4070 6482
632 464 723 530 191

1758 463 2135 525 (ΞᾸΠΧΕΒΙΙ
2177 460 2675 521 DESSERTATIO
2714 460 2760 517 Ι.

3784 460 3871 526 192

618 571 831 631 svnndo
858 571 1290 643 permitteretur.
1325 570 1405 624 Ad
1444 570 1497 624 id
1527 582 1873 626 sacramento
1905 572 2205 641 imperator
2235 589 2273 643 Α
2307 567 2401 635 qui
2428 566 2540 621 Deo
2571 568 2803 636 placeat,
2833 577 2890 622 et
2927 574 3242 622 sanctarum
3274 577 3512 638 quatuor
3558 570 3866 640 synodorum

616 678 676 715 se
706 663 1063 734 obligaverat,
1099 661 1453 730 stetissetque
1496 662 1789 731 prou‘risso,
1822 677 1919 730 spe
1949 659 2201 731 potiundi

615 755 752 822 voti,
786 755 891 809 nisi
941 753 1268 808 Theodorus
1304 752 1619 824 Cappadox,
1654 752 1861 807 humile
1897 751 2031 807 illud
2065 749 2203 805 aulae

615 846 974 916 mancipium,
1001 844 1318 917 frangendae
1346 845 1469 900 fidei
1505 853 1699 899 auctor
1725 843 1941 900 fuisset.

684 936 749 992 ll.
794 937 987 991 Aiebat
1022 937 1134 1002 ille,
1175 951 1300 991 eum
1342 936 1638 1009 abjecisset
1671 937 1754 991 sui
1788 934 2081 991 sacerdotii
2112 950 2200 989 re-

610 1030 937 1095 ver-entiam,
971 1028 1258 1100 indignum
1302 1044 1514 1084 summa
1562 1037 1853 1099 potestate,
1889 1036 2038 1099 gesta
2077 1043 2107 1081 a
2140 1042 2199 1081 se

611 1120 930 1177 rescindere
961 1120 1030 1176 ad
1063 1120 1293 1175 alterius
1319 1119 1609 1174 arbitrium
1644 1137 1657 1173 :
1684 1136 1790 1173 non
1818 1134 1940 1174 esse
1964 1118 2199 1188 impera-

609 1210 768 1273 toris,
807 1210 958 1281 leges
1004 1210 1276 1281 accipere,
1314 1210 1407 1265 sed
1450 1209 1582 1265 dare
1617 1227 1630 1263 :
1669 1209 2073 1265 intolerandum
2115 1211 2197 1264 vi-

610 1301 752 1366 deri,
786 1302 1090 1367 hominem,
1120 1304 1211 1373 qui
1243 1303 1493 1374 captivus
1524 1301 1616 1366 sit,
1646 1310 1701 1358 et
1734 1303 1943 1358 servire
1973 1303 2193 1367 debeat,

609 1392 885 1449 dominari
911 1396 1050 1451 velle
1075 1395 1129 1449 in
1159 1396 1295 1450 urbe
1322 1395 1467 1465 regia
1496 1414 1508 1449 :
1536 1411 1849 1466 supremam
1873 1404 1997 1465 post
2022 1395 2193 1451 Deum

607 1488 952 1557 majestatcm
998 1503 1107 1541 non
1157 1486 1360 1542 debere
1407 1487 1662 1551 aliorum,
1698 1487 1952 1557 quamvis
1990 1487 2195 1557 episco-

610 1590 830 1645 porum,
860 1576 1015 1647 sequi
1044 1577 1272 1647 judicia,
1335 1577 1431 1632 sed
1473 1588 1705 1632 cunctos
1739 1579 2005 1648 cujusque
2044 1577 2193 1632 modi

609 1664 676 1719 ad
706 1666 1029 1736 obsequium
1062 1683 1284 1738 cogere;
1320 1667 1553 1721 Romani
1584 1668 1859 1737 pontificis
1890 1670 2192 1724 auctorita-

611 1764 717 1810 tem
743 1758 1145 1828 suspiciendam
1166 1760 1406 1829 populis,
1445 1758 1544 1814 scd
1566 1759 1633 1813 ab
1660 1759 1754 1813 illo
1774 1758 1982 1829 despici
2006 1774 2187 1830 posse,

607 1849 764 1918 cujus
796 1850 1110 1906 sanctiolies
1147 1851 1347 1907 divinae
1386 1852 1582 1906 merito
1621 1852 1883 1907 dicuntur
1905 1862 1962 1908 et
1988 1868 2187 1918 sacrm;

2306 657 2725 712 definitionibus
2753 667 3065 729 congruat:
3102 659 3384 735 quoniam,
3418 660 3617 730 inquit,
3658 662 3724 717 ad
3762 680 3876 731 aug-

2304 759 2550 803 mentum
2586 749 2738 819 pacis
2759 759 2816 803 ct
2836 750 3188 804 concordiam
3220 752 3592 807 Ecclesi’aruni
3630 755 3867 823 pertinet.

2304 851 2364 895 ut
2386 842 2535 896 omni
2571 842 2640 896 de
2667 842 2852 897 medio
2893 842 3237 897 dissensione
3270 843 3506 909 sublata,
3535 861 3656 915 quae
3690 862 3720 900 a
3743 863 3869 917 pra:-

2301 933 2464 987 dietis
2483 943 2725 1003 quatuor
2746 935 2952 989 sanctis
2974 934 3227 990 conciliis
3252 934 3482 990 deﬁnita
3513 947 3660 1011 sunt,
3690 938 3867 995 incon-

2300 1037 2461 1077 cussa
2487 1035 2802 1088 serventur,
2849 1034 3163 1079 sanctarum
3205 1024 3544 1095 synodorum
3580 1031 3870 1087 reverentia

2302 1112 2358 1168 in
2384 1114 2646 1170 omnibus
2665 1114 2959 1171 custodita.
2996 1134 3014 1167 ι
3212 1184 3217 1188 _

2370 1205 2461 1262 Vl.
2492 1204 2746 1276 Accepta:
2786 1214 2916 1261 sunt
2945 1206 3203 1279 Eutychii
3232 1208 3433 1264 litterae
3481 1208 3601 1280 ipso
3642 1210 3868 1282 Ερίριη-

2298 1293 2517 1347 niorum
2551 1292 2641 1347 die
2679 1311 2692 1347 :
2725 1302 2896 1365 utque
2921 1304 3083 1350 erant
3109 1297 3420 1352 reverentia
3446 1306 3504 1353 et
3532 1298 3731 1368 pietate
3767 1303 3869 1373 ple-

2296 1400 2401 1447 nae,
2430 1386 2676 1440 animum
2704 1386 2886 1457 Vigilii
2924 1386 3217 1443 infractum
3246 1390 3423 1454 malis,
3456 1399 3510 1445 et
3547 1393 3872 1450 tumultuan-

2298 1478 2369 1533 tis
2392 1478 2650 1535 Ecclesia
2686 1491 3006 1551 pertaesum,
3040 1481 3094 1536 in
3120 1491 3307 1553 partes
3339 1484 3665 1551 clementiae,
3698 1490 3781 1543 vel
3808 1504 3869 1545 eo

2296 1566 2553 1632 maxime,
2586 1568 2941 1635 inflexerunt,
2969 1571 3118 1640 quod
3137 1587 3490 1627 communem
3519 1575 3764 1630 omnium
3783 1593 3870 1648 pa-

2297 1658 2662 1715 triarcharum
2695 1660 2859 1717 fidem
2880 1663 3269 1728 continerent,
3314 1665 3508 1735 illique
3553 1666 3671 1722 suis
3697 1668 3867 1724 itemi-

2295 1747 2461 1804 nibus
2505 1749 2835 1822 subscriptis
2864 1761 3051 1808 sancte
3070 1754 3322 1824 jurareut
3355 1771 3414 1810 se
3443 1764 3683 1827 quatuor
3713 1773 3867 1831 syno-

2250 1878 2262 1891 .
2293 1839 2393 1895 dos
2437 1843 2589 1897 omni
2619 1859 2687 1898 ex
2726 1851 2885 1915 parte
2924 1846 3205 1915 amplecti,
3238 1863 3343 1903 nec
3367 1848 3510 1904 velle
3540 1849 3693 1905 aliud
3716 1850 3870 1922 quid-

605 1947 824 2008 paratos
869 1954 989 1994 esse
1039 1938 1400 1995 Orientalium
1448 1942 1663 1996 animos
1686 1942 1755 1996 ad
1810 1941 2178 2003 serviendum,

2294 1933 2442 1999 piam
2488 1933 2720 1990 omnino
2765 1942 2977 1991 tentare
3026 1952 3194 2007 quam
3234 1939 3386 2009 quod
3431 1940 3582 1996 salva
3634 1941 3868 2013 ipsarum

604 2031 770 2085 modo
798 2032 1086 2087 videantur
1116 2034 1234 2104 cogi
1264 2048 1279 2087 :
1309 2033 1539 2104 cogendi
1570 2034 1794 2089 modum
1822 2033 2187 2104 aptissimum,

604 2124 648 2178 si
698 2124 1079 2189 restituantur,
1111 2140 1233 2195 qua:
1273 2125 1507 2180 rescindi
1549 2126 1683 2180 velit
1723 2125 2001 2196 pontifex,
2041 2136 2096 2181 et
2134 2127 2189 2181 in

603 2216 848 2272 Ecclesia
882 2227 1282 2288 proponantur,
1311 2218 1366 2273 in
1401 2235 1567 2289 quam
1607 2219 1903 2274 convenire
1944 2220 2186 2290 episcopi

602 2310 1023 2380 compellantur,
1068 2320 1130 2366 ut
1175 2327 1275 2382 pro
1324 2313 1657 2383 imperatore
1699 2327 1893 2383 preces
1942 2328 2188 2368 commu-

603 2400 748 2454 niter
793 2399 1053 2467 fundant;
1110 2418 1305 2459 omnes
1347 2419 1695 2469 assensuros,
1735 2413 1937 2475 praeter
1981 2420 2185 2475 paucos

600 2493 694 2564 qui
739 2495 925 2565 sperni
966 2496 1119 2551 nullo
1163 2496 1364 2551 damno
1409 2505 1615 2566 queant
1657 2514 1668 2549 :
1707 2512 1990 2551 assensum
2040 2499 2184 2568 ejus-

596 2585 746 2639 modi
786 2586 1033 2640 futurum
1074 2588 1294 2642 arrham
1329 2588 1623 2658 praistandi
1654 2604 1682 2642 a
1711 2589 2039 2658 patriarchis
2067 2606 2185 2644 om-

596 2676 761 2731 nibus
785 2677 1055 2748 obscquii,
1082 2687 1137 2733 et
1161 2681 1316 2750 quasi
1356 2681 1763 2751 prtejudicatam
1796 2683 1986 2753 synodi
2012 2685 2182 2737 totius

595 2770 925 2824 Sententiam
962 2789 974 2824 :
1009 2788 1118 2825 non
1158 2772 1356 2826 decere
1400 2772 1683 2826 dominum
1707 2773 1884 2838 orbis,
1916 2774 2181 2830 adhibitis

594 2862 946 2916 cautionibus
991 2871 1284 2932 prtestare,
1329 2863 1475 2933 quod
1513 2865 1759 2935 jussione
1805 2866 1979 2935 possit
2015 2883 2028 2918 :
2068 2883 2176 2922 non

592 2949 736 3007 hanc
770 2952 936 3007 fuisse
975 2953 1114 3007 diva:
1152 2954 1453 3009 Tlieodorre
1495 2962 1755 3019 mentem,
1792 2970 1914 3009 cum
1946 2956 2175 3021 diceret,

589 3040 999 3111 imperatoriam
1026 3044 1363 3114 majestatem
1388 3043 1501 3098 sola
1522 3042 1705 3097 divina
1730 3043 1999 3098 minorem
2021 3059 2173 3099 esse:

590 3134 989 3203 parentandum
1032 3134 1288 3205 Augustae
1325 3134 1601 3200 manibus,
1626 3149 1738 3204 quo
1776 3136 2011 3191 maxime
2052 3153 2177 3192 ave-

589 3224 703 3288 bat,
739 3225 1091 3280 inimicorum
1127 3225 1505 3297 depressione.

658 3317 747 3371 111.
778 3317 874 3372 llis
902 3318 1068 3373 aulici
1094 3318 1337 3389 episcopi
1364 3318 1666 3374 mendaciis
1690 3318 1965 3374 abductus
1993 3334 2021 3373 a
2049 3335 2176 3389 pro-

587 3407 770 3479 posito
790 3407 1155 3477 Justinianus,
1180 3418 1366 3480 spreto
1392 3418 1757 3475 sacramento,
1781 3410 1913 3465 fecit
1934 3419 2176 3480 potesta—

588 3507 697 3553 tem
728 3499 1059 3555 restituendi
1084 3500 1139 3555 in
1167 3500 1466 3571 integrum,
1487 3502 1632 3572 quod
1659 3501 1823 3571 paulo
1848 3510 1977 3555 ante
2008 3502 2176 3556 resci-

584 3590 762 3645 derat.
799 3591 1056 3647 Edictum
1098 3593 1287 3665 igitur,
1321 3609 1433 3664 quo
1472 3594 1709 3663 quisque
1738 3593 2038 3663 jubebatur
2071 3594 2173 3648 tria

586 3682 825 3754 capitula
856 3684 1139 3750 damnare,
1172 3686 1517 3756 proponitur,
1548 3694 1605 3740 et
1634 3684 1856 3756 quidem
1892 3685 1949 3739 in
1980 3685 2171 3740 Eccle-

585 3774 688 3840 sia,
719 3792 830 3846 quo
863 3777 1174 3848 religiosius
1206 3778 1510 3834 videretur.

655 3867 743 3923 IV.
780 3867 1027 3923 Pontifex
1061 3878 1170 3924 tam
1195 3867 1552 3938 perfidiosum
1581 3868 1796 3923 facinus
1830 3878 2168 3933 exsecratus,

584 3958 841 4030 prohibet
877 3960 1100 4025 acriter,
1139 3975 1208 4015 ne
1256 3961 1383 4031 quis
1420 3968 1612 4031 pareat
1649 3978 1662 4014 :
1700 3960 1795 4031 qui
1838 3960 1992 4026 faxit,
2023 3971 2173 4017 vetat

582 4050 691 4107 frui
740 4053 1127 4107 communione
1168 4052 1317 4109 sedis
1363 4052 1697 4123 apostolicae,
1741 4062 1798 4109 et
1837 4053 1923 4108 sui
1958 4053 2172 4109 ordinis

580 4143 781 4215 gradu;
822 4144 1182 4201 denuntiatur
1221 4145 1543 4215 prohibitio,
1579 4154 1642 4201 ut
1679 4154 1920 4217 oportet,
1951 4146 2167 4216 episco—

580 4236 666 4307 pis
694 4253 707 4290 :
738 4237 883 4291 trahi
931 4246 1109 4292 tamen
1141 4252 1200 4292 se
1229 4237 1512 4304 patiuntur
1539 4254 1569 4293 a
1594 4239 1888 4294 Theodoro
1919 4239 1974 4293 in
2007 4239 2171 4294 obse-

581 4329 794 4398 quium,
819 4344 929 4399 quo
951 4329 1144 4399 polluti
1165 4329 1232 4385 ad
1252 4345 1407 4385 sacra
1427 4345 1552 4384 mox
1572 4331 1834 4402 mysteria
1856 4346 1980 4386 cum
2005 4330 2163 4402 24],

580 4421 841 4477 facinoris
876 4432 1102 4478 auctore
1132 4421 1423 4478 accedunt.
1452 4421 1815 4479 Recrudescit
1846 4422 2052 4479 bellum
2078 4422 2170 4478 Vi-

579 4514 769 4586 gilium
794 4514 938 4569 inter
961 4524 1017 4569 et
1042 4514 1446 4581 Iustinianum;
1489 4514 1817 4570 Theodorus
1843 4529 1873 4570 a
1908 4514 2168 4585 pontifice

2293 2023 2602 2077 reverentia
2636 2023 2810 2080 fieret.

2362 2113 2633 2186 Eutychio
2665 2117 2835 2188 igitur
2856 2118 3105 2189 pontifex
3133 2121 3401 2191 postridie
3430 2122 3713 2191 rescribit,
3749 2124 3871 2182 ﬁde-

2289 2223 2397 2276 que
2433 2207 2609 2277 ipsius
2638 2209 2881 2277 laudata,
2918 2212 3137 2279 annuit,
3176 2221 3241 2268 ut
3270 2212 3340 2269 de
3383 2214 3566 2272 tribus
3593 2216 3868 2288 capitulis,

2288 2315 2354 2353 ex
2379 2300 2584 2369 quibus
2609 2303 2843 2372 quaestio
2863 2311 2993 2358 nata
3019 2312 3124 2368 est,
3155 2303 3301 2361 facto
3319 2306 3559 2377 regulari
3576 2317 3867 2374 conventu.

2286 2391 2546 2459 :equitate
2585 2401 2825 2459 servata,
2887 2396 3084 2451 mediis
3143 2397 3509 2454 sacrosanctis
3564 2399 3869 2472 Evangeliis

2286 2484 2507 2538 collatio
2527 2499 2654 2539 cum
2684 2485 2855 2542 unitis
2878 2486 3145 2542 fratribus
3176 2488 3468 2545 habeatur.
3506 2509 3524 2542 ι

2356 2576 2465 2630 \‘ll.
2504 2577 2634 2631 Post
2672 2577 2814 2633 hanc
2850 2580 3068 2633 veniam
3116 2579 3381 2636 indicitur
3420 2582 3491 2637 ab
3537 2582 3869 2656 imperatore

2283 2669 2528 2738 synodus
2575 2669 2644 2724 ad
2681 2679 2940 2741 quartum
2973 2672 3177 2728 abhinc
3206 2688 3473 2740 mensem,
3505 2677 3604 2746 qui
3647 2677 3822 2734 Maius
3850 2696 3865 2732 :

2284 2759 2569 2825 indicitur,
2608 2760 2855 2831 inquam,
2908 2764 3240 2818 celebranda
3269 2782 3327 2819 nt
3352 2766 3558 2832 Nonas,
3588 2784 3718 2839 qua
3738 2768 3868 2825 feria

2281 2849 2544 2913 secunda,
2575 2862 2696 2921 post
2732 2854 2961 2908 alteram
2986 2871 3016 2909 a
3039 2856 3136 2926 νέᾳ
3159 2860 3395 2929 κυριακῇ
3425 2859 3778 2916 Dominicam
3805 2861 3865 2915 “.

2281 2942 2468 3012 Neque
2498 2944 2646 2998 enim
2693 2945 2849 3014 prius
2893 2946 3096 3001 habere
3131 2947 3328 3003 licuit:
3365 2965 3491 3003 nam
3526 2951 3717 3019 primo
3748 2961 3869 3007 ante

2273 3035 2503 3105 jejunia,
2530 3053 2766 3106 quorum
2797 3039 3016 3093 initium
3063 3040 3258 3095 incidit
3290 3057 3438 3097 anno
3467 3044 3575 3098 555
3618 3044 3680 3101 in
3727 3045 3867 3101 diem

2277 3126 2533 3195 quintum
2577 3128 2787 3190 Martii,
2824 3129 3016 3184 Patres
3063 3132 3249 3186 vocari
3301 3135 3722 3207 convenireque
3763 3151 3869 3192 non

2280 3223 2569 3283 poterant;
2607 3217 2807 3273 deinde
2856 3219 3197 3288 jejuniorum
3244 3232 3493 3293 tempore
3528 3241 3659 3283 mos
3690 3227 3869 3282 eccle-

2278 3306 2536 3362 siasticus
2565 3308 2784 3364 vetabat
2815 3310 3083 3365 celebrari
3108 3312 3368 3382 synodos,
3400 3317 3870 3384 quemadmodum

2277 3407 2334 3453 et
2362 3399 2517 3456 festis
2560 3401 2952 3465 Paschalibus,
2987 3418 3226 3473 quorum
3267 3405 3593 3463 Dominicus
3640 3407 3872 3478 contigit

2275 3488 2366 3544 die
2387 3488 2458 3543 ΞΟ
2482 3490 2709 3561 Aprilis,
2741 3500 2908 3562 atque
2937 3493 3012 3547 ita
3033 3493 3129 3547 νέα
3149 3496 3411 3567 κυριακῇ.
3434 3513 3545 3566 qua
3578 3498 3726 3555 festa
3754 3514 3874 3570 per-

2275 3590 2550 3651 aguntur,
2582 3583 2673 3639 die
2707 3583 2778 3637 27
2821 3584 3069 3654 ejusdem
3105 3587 3344 3651 mensis;
3380 3588 3633 3658 denique
3677 3606 3873 3645 conce-

2274 3670 2441 3726 dendi
2474 3674 2692 3728 fuerant
2746 3674 3002 3730 Patribus
3035 3677 3157 3731 dies
3195 3676 3484 3731 minimum
3531 3689 3759 3749 septem
3809 3678 3875 3737 ad

2273 3762 2739 3827 conveniendum,
2771 3762 3076 3834 synodique
3096 3764 3167 3819 de
3203 3780 3357 3821 more
3387 3765 3715 3823 faciendum
3743 3769 3873 3823 feria

2271 3854 2516 3909 secunda
2554 3854 2796 3908 initium.
2840 3854 3201 3911 Sttfliciebant
3226 3873 3396 3926 porro
3433 3860 3605 3928 pauci
3645 3860 3732 3917 illi
3760 3859 3879 3916 dies

2272 3947 2673 4017 congregandis
2722 3948 3025 4003 Patribus:
3063 3964 3189 4004 nam
3239 3958 3297 4005 et
3358 3950 3604 4006 maxima
3643 3968 3779 4021 pars
3824 3951 3876 4005 in

2273 4038 2409 4094 urbe
2445 4049 2584 4103 erat,
2618 4049 2676 4094 et
2704 4039 2838 4095 fides
2869 4039 3221 4111 praesentium
3262 4042 3589 4112 imperatori
3623 4044 3872 4116 obligata

2270 4129 2394 4193 fuit,
2419 4140 2475 4185 et
2503 4131 2863 4195 advenarum,
2895 4133 2942 4187 si
2971 4134 3159 4203 plures
3184 4134 3348 4205 longe
3381 4133 3754 4200 accederent,
3796 4133 3878 4190 af-

2272 4221 2437 4278 fectio
2467 4222 2648 4276 timeri
2678 4222 2878 4292 potuit.

2342 4311 2503 4387 242
2532 4311 2662 4367 Vili.
2690 4312 2985 4367 lnehoatur
3005 4328 3138 4383 ergo
3153 4312 3449 4368 concilium
3476 4313 3573 4369 die
3602 4332 3637 4369 ν
3665 4316 3879 4379 Maii",

2270 4402 2507 4458 habetur
2535 4402 2751 4473 integro
2774 4402 2889 4458 fere
2922 4419 3110 4460 mense
3143 4423 3155 4458 ε
3189 4411 3316 4460 octo
3344 4404 3760 4462 collationibus
3787 4406 3881 4462 ab-

2268 4493 2503 4549 solvitur
2531 4494 2601 4550 ad
2635 4494 2783 4550 diem
2827 4512 2863 4550 u
2896 4496 3089 4552 Junii:
3121 4496 3445 4552 collationes
3482 4506 3609 4554 tres
3656 4501 3880 4570 priores

580 4582 605 4628 ἶ
636 4607 963 4662 nominatim
1016 4607 1084 4662 de
1135 4603 1308 4677 gradu
1359 4606 1637 4679 dejicitur,
1688 4606 1873 4662 caeteri
1908 4582 2165 4676 episcopi
2199 4605 2242 4662 D
2271 4584 2472 4679 Ρξιξιίηξ
2504 4582 3221 4679 ίῗθξθ¹¹ί¹ίεξμί¹ξ¹1ῗξ³¹¹³ξίξῗίε
3251 4584 3684 4679 θᾲμεγηράυιη.
3710 4588 3880 4661 Et"?

581 4697 987 4754 interdicuntur
1011 4700 1206 4764 sacris,
1232 4699 1409 4754 donec
1433 4700 1809 4764 consentiant;
1836 4714 1960 4753 cum
1988 4698 2168 4769 capite

578 4790 837 4847 Ecclesia:
862 4792 1107 4847 animose
1135 4799 1408 4862 pugnatur
1430 4790 1561 4845 hinc
1588 4799 1643 4845 et
1672 4791 1820 4855 inde,
1850 4790 1945 4845 sed
1978 4805 2006 4844 a
2031 4806 2170 4862 pon-

583 4882 743 4937 tificis
778 4890 956 4953 parte,
990 4882 1143 4937 velut
1175 4898 1203 4935 a
1243 4880 1576 4952 martyribus
1609 4882 1769 4946 solet,
1814 4880 1884 4937 ab
1914 4880 2020 4935 alia
2050 4889 2170 4935 tan-

575 4989 740 5044 quam
774 4990 803 5028 a
834 4973 1308 5043 persecutoribus.

651 5064 712 5117 ν.
738 5062 961 5117 Interim
1006 5062 1230 5116 Mcnnas
1265 5062 1520 5126 moritur,
1565 5062 1813 5118 succedit
1856 5064 2162 5137 Eutychins

577 5153 664 5205 \ir
708 5160 952 5213 sanctus,
984 5150 1077 5221 qui
1104 5166 1229 5205 mox
1259 5150 1324 5205 ad
1370 5150 1683 5221 pontificem
1725 5168 1836 5207 suae
1883 5153 2008 5209 fidei
2044 5155 2160 5210 for—

578 5254 721 5293 mam
766 5238 833 5293 de
873 5254 1026 5294 more
1084 5239 1249 5293 mittit
1273 5238 1748 5303 ,communionem
1784 5240 2112 5312 deprecatus
2144 5262 2157 5299 ε

578 5327 835 5398 efﬂagitat
858 5328 1019 5382 simul
1058 5344 1155 5398 per
1187 5327 1441 5399 Vigilium
1484 5337 1809 5398 potestatem
1852 5320 1971 5385 ﬁeri
2014 5332 2160 5386 cele-

580 5414 805 5469 braudzc
845 5415 1060 5486 synodi,
1095 5434 1113 5466 ‹
1155 5415 1210 5470 in
1239 5432 1368 5485 qua,
1407 5422 1470 5469 ut
1498 5416 1592 5479 ait,
1621 5417 1950 5486 przesidente
1977 5418 2164 5490 ponti-

583 5501 704 5565 fice,
735 5503 838 5557 sub
875 5503 1274 5573 tranquillitate
1300 5511 1356 5559 et
1376 5504 1822 5570 mansuetudine,
1862 5506 2165 5576 propositis

581 5590 789 5645 sanctis
842 5589 1171 5660 Evangeliis,
1218 5591 1497 5645 communi
1532 5600 1786 5658 tractatu,
1827 5594 2069 5664 capitula
2095 5593 2162 5648 ad

581 5697 808 5737 examen
836 5691 1134 5737 vocentur:
1160 5693 1213 5738 et
1239 5685 1524 5756 quaestioni
1558 5685 1871 5756 imponatur
1902 5686 1991 5741 ille
2017 5686 2162 5751 finis,

2269 4672 2382 4728 cbii
2407 4673 2474 4729 ad
2512 4674 2790 4745 Vigilium,
2817 4676 2999 4747 Vigilii
3032 4677 3102 4732 ad
3121 4676 3451 4748 Eutycbium
3474 4677 3734 4747 litteris;
3758 4695 3883 4752 par-

2266 4766 2366 4822 tim
2395 4766 2450 4822 in
2475 4768 2647 4823 variis
2667 4767 2735 4823 ad
2767 4784 3045 4823 summum
3088 4768 3405 4839 pontificem
3451 4770 3878 4843 legationibus,

2265 4859 2473 4931 quibus
2542 4868 2833 4930 rogaretur
2894 4877 3129 4930 praeesse
3198 4862 3485 4929 concilio;
3547 4866 3779 4934 partim
3830 4865 3887 4920 in

2264 4953 2532 5007 vocantlis
2564 4951 2764 5007 Africa:
2788 4961 2845 5006 et
2880 4952 3085 5021 lliyrici
3129 4954 3430 5024 episcopis,
3484 4956 3592 5025 qui
3640 4956 3709 5012 in
3737 4956 3884 5013 urbe

2264 5054 2458 5107 erant;
2506 5044 2703 5113 partim
2735 5044 2973 5114 denique
3002 5045 3058 5099 in
3103 5046 3230 5102 fidei
3256 5046 3646 5125 professione,
3700 5058 3766 5107 et
3804 5066 3893 5109 re-

2267 5154 2390 5196 rum
2421 5138 2756 5211 agendarum
2784 5140 3182 5210 propositione.

2338 5232 2432 5288 1X.
2486 5230 2663 5288 Causa
2713 5230 2990 5289 Theodori
3068 5234 3442 5305 Mopsuesteni
3495 5238 3890 5297 collationem

2260 5331 2512 5393 quartam
2559 5321 2739 5377 tenuit
2768 5322 2859 5378 die
2898 5323 2964 5378 12
2996 5324 3143 5389 Maii,
3172 5334 3228 5379 et
3252 5327 3499 5397 quintam
3536 5328 3645 5386 die
3687 5346 3892 5388 conse-

2260 5421 2483 5483 quente.
2511 5410 2787 5467 Producta
2818 5426 2948 5468 sunt
2976 5428 3047 5469 ex
3086 5415 3258 5470 variis
3291 5415 3471 5481 libris,
3498 5431 3646 5487 qua:
3686 5421 3894 5476 Nesto—

2262 5505 2349 5560 rio
2376 5503 2659 5559 faverent:
2686 5504 2852 5561 allata
2886 5516 3161 5563 momenta
3190 5522 3390 5573 causae,
3422 5508 3689 5568 diversis
3714 5514 3888 5570 etiam

2261 5610 2329 5649 ex
2350 5595 2507 5661 locis,
2542 5603 2657 5650 tum
2691 5595 2877 5668 Cyrilli
2928 5608 2995 5653 et
3022 5599 3222 5665 Procli,
3269 5611 3436 5671 atque
3465 5602 3661 5658 etiam
3702 5605 3896 5662 Theo-

2264 5684 2461 5749 doreti,
2494 5692 2551 5740 et
2575 5684 2844 5753 aliorum,
2890 5695 3004 5741 tum
3046 5686 3291 5744 historiae
3329 5688 3756 5751 ecclesiastica
3783 5693 3895 5751 fie-

1973 5816 2280 5875 διξωιῖιλιη
2326 5818 2413 5875 NO
2432 5817 2444 5869 l

652 5901 697 5933 ’⁸
727 5910 815 5964 Sat
835 5927 889 5965 ra
914 5911 978 5965 ad
1018 5910 1304 5982 synodum.
1376 5912 1417 5941 9’
1457 5903 1575 5965 \id.
1613 5913 1744 5965 Acta
1775 5910 1965 5982 synodi
2005 5926 2055 5962 ν.
