4070 6516
301 403 414 461 [.03

1475 393 1526 452 ll
1538 389 1838 452 ISTORIA
1868 386 2384 450 "I‘HEODORETL

3479 398 3580 465 194

287 509 474 578 sydiii
533 505 850 578 presbyteri
878 546 894 568 .
927 513 984 558 et
1035 504 1207 559 libelli
1265 503 1334 558 ab
1381 503 1655 557 Armeniis
1701 499 1896 554 Proclo
1927 504 1970 555 Α
1999 507 2174 566 putet,
2203 499 2302 556 has
2329 517 2458 554 vero
2488 513 2544 554 ut
2569 501 2784 557 divinas
2807 503 2909 558 soli
2931 503 3077 572 Deo;
3107 507 3398 566 anathema
3431 515 3522 568 sit.
3551 535 3572 568 ι

287 599 506 666 oblati;
537 601 760 654 relects
799 599 1012 668 pariter
1047 596 1344 652 Theodosii
1392 597 1540 666 leges
1570 593 1712 658 duae,
1743 591 1897 646 velut

289 691 658 746 Theodorum
711 691 1051 756 attinerent;
1112 703 1442 759 responsum
1493 687 1603 752 iis,
1647 685 1764 740 sive
1795 682 1892 754 qui

289 784 562 854 epistolas
591 783 908 853 proferrent
950 782 1004 836 in
1047 781 1266 835 laudem
1313 778 1612 842 Theodori,
1651 777 1768 832 sive
1797 775 1894 846 qui

285 875 578 930 neminem
627 875 688 928 in
733 889 866 944 pace
917 873 1240 928 defunctum
1291 872 1540 927 damnari
1581 885 1742 940 posse
1772 884 1896 924 con-

291 967 594 1022 tenderent
623 985 638 1020 :
673 966 950 1022 recensita
1003 965 1228 1020 tandem
1259 965 1454 1036 synodi
1495 964 1895 1034 Mopsuestenze

293 1067 482 1124 gesta;
537 1055 786 1126 denique
833 1056 1240 1110 conclamatum
1283 1072 1313 1110 a
1360 1054 1570 1126 synodo
1623 1053 1895 1108 adversus

289 1149 776 1218 Mopsuestenum.
1581 1207 1594 1216 ι

355 1239 428 1294 Χ.
459 1240 676 1296 Eadem
709 1239 1006 1296 collatione
1057 1239 1270 1309 quinta.
1325 1253 1448 1309 qua:
1489 1239 1769 1294 celebrata
1811 1238 1894 1292 di-

275 1331 436 1388 citur
460 1348 518 1386 In
553 1331 687 1387 ldus
719 1331 914 1394 Maias,
939 1339 1124 1386 actum
1151 1330 1326 1386 estde
1359 1329 1726 1385 Theodoreto.
1763 1330 1891 1386 Jus-

281 1420 360 1476 sit
409 1420 662 1493 synodus
705 1422 932 1476 recitari
964 1435 1064 1482 ea,
1108 1439 1127 1472 ε
1175 1435 1297 1490 quae
1344 1421 1575 1475 collecta
1623 1430 1782 1474 erant
1823 1435 1892 1474 ex

281 1511 632 1566 Theodoreti
675 1509 1008 1580 conscriptis
1037 1519 1227 1566 contra
1271 1519 1480 1566 rectam
1511 1509 1674 1566 fidem
1719 1527 1888 1581 expo-

285 1602 446 1668 sitis,
469 1612 526 1657 et
550 1611 738 1656 contra
767 1611 973 1658 sancta:
999 1603 1278 1676 memoriae
1313 1600 1576 1672 Cyrillum
1604 1613 1660 1656 et
1683 1603 1892 1658 duode—

293 1695 410 1748 cim
447 1695 564 1764 ejus
582 1695 786 1764 capita,
821 1709 1040 1750 necnon
1081 1709 1180 1763 pro
1206 1693 1498 1748 Theodoro
1531 1702 1586 1748 et
1613 1694 1887 1758 Nestorio,

291 1794 351 1840 et
379 1801 574 1840 eorum
605 1785 988 1854 blasphemiis.
1027 1805 1045 1836 ι
1081 1785 1222 1840 Sunt
1251 1793 1436 1838 autem
1493 1785 1742 1848 recitata,
1771 1801 1892 1855 qua:

2001 587 2245 658 Denique
2283 591 2386 644 ista
2433 591 2790 646 duodecimi:
2835 613 2852 644 ί
2903 593 3000 648 Dei
3063 596 3300 652 Verbum
3353 617 3576 670 passum

1999 695 2184 744 carne,
2217 691 2273 736 et
2297 682 2619 737 crucifixum
2643 700 2764 739 esse
2789 701 2978 750 carne,
2997 695 3052 740 et
3077 699 3310 742 mortem
3329 703 3578 760 gustasse

1997 789 2188 840 carne,
2215 775 2420 830 factum
2456 779 2622 832 etiam
2657 779 3079 848 primogenitum
3105 795 3170 833 ex
3208 783 3461 846 mortuis,
3485 801 3574 840 se-

1997 867 2238 922 cundum
2257 868 2404 938 quod
2435 868 2546 922 vita
2571 877 2675 934 est,
2705 871 3045 936 etvivificus,
3081 882 3142 926 ut
3167 873 3334 928 Deus.
3371 895 3390 928 ι

2066 959 2197 1024 Qua:
2217 975 2348 1013 vero
2373 959 2778 1030 objiciebantur
2807 961 3178 1021 Theodoreto.
3217 981 3285 1020 eo
3317 967 3442 1035 plus
3473 966 3576 1020 hac

1994 1049 2454 1116 bebantinvidiaa,
2487 1067 2596 1120 quo
2639 1052 2746 1106 illis
2793 1053 3134 1122 temporibus
3167 1067 3220 1114 et
3259 1058 3573 1112 exsecrabi-

1993 1139 2101 1194 lins
2132 1151 2252 1196 erat
2281 1141 2520 1196 Nestorii
2555 1157 2775 1204 nomen,
2807 1153 2862 1198 et
2889 1143 3078 1215 Cyrilli
3111 1148 3286 1215 major
3335 1149 3576 1202 auctori—

1996 1240 2078 1286 tas
2097 1233 2240 1300 apud
2265 1242 2450 1302 partes
2475 1233 2770 1288 Ecclesiam
2796 1233 3164 1290 distrahentes
3189 1254 3202 1289 :
3227 1237 3318 1290 ille
3340 1239 3484 1292 enim
3503 1239 3574 1294 ab

1993 1325 2252 1380 omnibus
2271 1326 2635 1380 communiter
2652 1327 2956 1382 habebatur
2989 1328 3138 1382 velut
3159 1328 3360 1384 Christi
3377 1331 3572 1395 hostis,

1993 1425 2048 1472 et
2099 1419 2248 1473 orbis
2293 1421 2460 1474 totius
2491 1421 2691 1489 pestis:
2724 1423 2826 1476 iste
2875 1421 3162 1476 colebatur
3197 1432 3454 1492 tanquam
3486 1424 3573 1478 vir

1992 1507 2208 1562 eximia:
2239 1509 2460 1577 pietatis
2481 1551 2496 1574 ,
2545 1509 2804 1566 Ecclesiae
2837 1511 3116 1581 magister,
3157 1520 3214 1566 et
3247 1523 3396 1566 certa
3425 1523 3572 1568 recte

1993 1598 2266 1652 sentiendi
2299 1600 2505 1670 regula.

2058 1687 2172 1743 Hoc
2197 1705 2358 1758 porro
2389 1691 2441 1744 in
2461 1691 2582 1746 loco
2605 1692 2790 1746 mirari
2809 1691 3079 1763 quispiam
3105 1695 3298 1763 possit,
3325 1702 3381 1750 et
3396 1695 3576 1752 Theo-

1991 1779 2170 1836 doreti
2201 1783 2586 1850 voluntariam,
2624 1786 2669 1840 si
2720 1785 2800 1840 fas
2840 1786 2912 1840 ita
2943 1787 3116 1856 loqui,
3153 1789 3489 1852 caecitatem,
3517 1799 3574 1844 et

289 1877 682 1933 Theodoretus
710 1887 904 1934 contra
946 1889 1196 1933 sanctum
1225 1878 1490 1948 Cyrillum
1513 1917 1526 1942 ,
1564 1888 1620 1932 et
1653 1878 1708 1932 in
1757 1893 1890 1932 ana-
1921 1871 1965 1925 B
1995 1872 2252 1938 hominis,
2281 1875 2372 1942 qui
2404 1891 2470 1928 ex
2514 1876 2733 1945 scriptis
2771 1876 3104 1930 Theodoreti
3141 1878 3416 1948 decerpsit
3451 1895 3574 1949 quae

287 1967 670 2022 thematismis
693 1969 1076 2037 reprehendit,
1109 1967 1242 2021 etin
1275 1967 1704 2023 allocutionibus
1730 1967 1888 2032 dixit,

279 2067 344 2112 et
375 2059 610 2128 scripsit
632 2059 692 2113 in
717 2059 948 2114 litteris.

351 2149 454 2209 XI.
505 2150 736 2221 Obiecta
798 2160 932 2206 sunt
979 2158 1182 2221 praeter
1235 2149 1611 2206 defensionem
1663 2150 1890 2206 Diodori

279 2241 602 2306 Tarsensis,
645 2251 702 2298 et
747 2243 1028 2298 Theodori
1065 2241 1463 2312 Mopsuesteni,
1490 2242 1889 2313 Ephesinaeque

278 2333 480 2405 synodi
504 2335 1007 2403 oppugnationem,
1036 2333 1140 2387 tria
1177 2333 1294 2388 haec
1339 2347 1470 2387 sane
1517 2335 1882 2404 gravissima:

277 2425 432 2495 quod
485 2424 758 2496 Cyrillum
829 2426 1230 2481 contumeliose
1282 2426 1686 2496 appellaverit;
1737 2427 1886 2496 quod

277 2519 535 2591 ejusdem
565 2519 882 2574 doctrinam
905 2521 1058 2574 velut
1101 2519 1347 2588 impiam,
1382 2527 1438 2574 et
1477 2521 1692 2576 traditae
1719 2538 1750 2574 a
1785 2522 1886 2576 Pa-

279 2608 468 2662 tribus
499 2607 628 2662 fidei
661 2619 1001 2678 pugnantem
1033 2609 1376 2676 traduxerit;
1409 2611 1576 2679 quod,
1615 2627 1740 2664 cum
1779 2611 1886 2682 Cy-

275 2699 410 2752 riilo
457 2697 897 2764 eontradiceret,
935 2713 1092 2752 reum
1119 2715 1178 2753 se
1205 2700 1588 2756 consensionis
1617 2717 1744 2756 cum
1776 2703 1886 2757 Ne-

275 2789 456 2844 storio
487 2789 827 2860 prodiderit.

353 2881 604 2935 Primum
649 2897 722 2936 ex
748 2898 818 2936 eo
847 2881 1268 2949 conficiebatur,
1299 2885 1447 2955 quod
1471 2901 1502 2940 a
1529 2886 1882 2944 Theodoreto

291 2972 518 3043 Cyrillus
551 2974 742 3029 dictus
762 2975 902 3029 sit"
933 2994 952 3026 ε
987 2976 1174 3041 miser,
1209 2992 1470 3046 nequam,
1520 2977 1746 3048 impius,
1796 2981 1884 3034 in-

285 3063 464 3126 vidus,
495 3064 820 3128 haereticus,
847 3065 1230 3132 antichristus,
1249 3069 1266 3086 ⁶
1291 3068 1887 3136 Theomachus,Theo—

277 3154 558 3224 pascbita,
591 3155 800 3210 Asterii
837 3157 1014 3210 ariani
1038 3158 1364 3228 discipulus,
1399 3161 1722 3229 Apollinarii
1749 3179 1878 3232 pro-

269 3243 380 3310 les,
407 3247 588 3316 pestis
614 3247 898 3312 Ecclesiae,
942 3257 1135 3304 auctor
1167 3253 1504 3307 tumultuum
1529 3254 1682 3309 orbis
1709 3263 1880 3310 terra-

269 3353 428 3395 rum.
459 3359 478 3391 ι

353 3433 623 3488 Alterum
661 3433 792 3488 inde
836 3433 1190 3489 manifestum
1219 3437 1534 3505 videbatur,
1567 3441 1715 3510 quod
1773 3442 1882 3515 Cy-

269 3525 394 3580 riili
427 3525 750 3580 doctrinam
808 3528 1116 3582 nominarit
1159 3529 1204 3560 "
1245 3547 1262 3580 ι
1303 3531 1689 3588 hmreticorum
1737 3536 1884 3590 ziza-

267 3616 504 3672 niorum
546 3619 818 3688 germina,
857 3619 1182 3689 Apollinarii
1239 3624 1630 3693 prepaginem,
1678 3627 1882 3684 Asterii

265 3707 662 3778 disciplinam,
693 3709 1094 3780 blasphemiam
1129 3712 1244 3767 Arii
1279 3723 1336 3769 et
1379 3715 1658 3784 Eunomii,
1684 3720 1883 3775 Valen-

265 3802 406 3868 tini,
431 3803 671 3858 Manetis
691 3813 748 3858 et
776 3805 1072 3860 Marcionis
1099 3807 1394 3860 insaniam.
1432 3827 1450 3857 ι

343 3895 703 3950 Postremum
734 3911 802 3950 ex
845 3911 914 3950 eo
955 3899 1243 3952 constabat
1283 3899 1456 3968 quod,
1489 3916 1614 3955 cum
1649 3901 1881 3958 haeresis

267 3986 528 4042 Nestorii
565 3987 654 4041 his
677 3999 918 4057 quatuor
943 3990 1180 4043 maxime
1227 3991 1520 4045 sententiis
1562 3993 1880 4048 continere-

269 4089 414 4133 tur:
445 4078 610 4132 beata
641 4079 806 4149 Virgo
831 4095 946 4132 non
978 4080 1149 4133 Deum
1177 4082 1388 4151 genuit,
1418 4083 1514 4136 sed
1539 4085 1824 4140 hominem
1849 4103 1879 4140 a

267 4170 394 4225 Deo
417 4169 654 4235 factum;
683 4179 898 4225 naturae
921 4171 978 4224 in
997 4169 1218 4225 Christo
1239 4173 1360 4228 duae
1381 4175 1500 4228 sola
1522 4175 1681 4245 2&3
1698 4176 1880 4245 σχέσει

267 4265 738 4334 coniunguntur;
765 4265 909 4318 alius
934 4271 1053 4327 est,
1093 4264 1182 4319 cui
1221 4265 1462 4320 humiles
1502 4281 1688 4330 voces,
1737 4269 1880 4322 alius

268 4357 370 4410 cui
395 4355 983 4422 divinae-tribuuntur;
1010 4355 1156 4412 Deus
1181 4373 1289 4412 non
1312 4365 1396 4412 est
1421 4373 1614 4428 passus
1639 4376 1652 4411 :
1685 4374 1876 4414 earum

267 4446 536 4502 omnium
577 4447 980 4501 sententiarum
1016 4447 1400 4502 Thcodoretus
1425 4447 1792 4518 professorem
1819 4465 1876 4504 se

1994 1964 2388 2034 objicerentur,
2427 1965 2856 2036 ineogitantiam.
2891 1967 3176 2033 Quomodo
3200 1970 3346 2022 enim
3389 1970 3571 2026 Theo-

1991 2057 2238 2120 doretns,
2265 2073 2372 2127 qua
2397 2067 2518 2112 erat
2558 2059 2935 2128 intelligentiae
2981 2061 3065 2124 vi,
3099 2063 3410 2131 perspicere
3459 2080 3570 2118 non

1991 2146 2192 2214 potuit,
2219 2161 2342 2214 quae
2361 2156 2509 2202 esset
2533 2148 2792 2204 Ecclesia:
2827 2148 2984 2216 ﬁdes,
3011 2167 3287 2221 quamque
3332 2169 3574 2210 consona

1991 2237 2116 2292 fidei
2145 2237 2328 2308 Cyrilii
2365 2240 2674 2305 sententia,
2721 2241 3004 2296 dissonum
3053 2243 3292 2297 Nestorii
3335 2245 3575 2314 dogma?

1989 2329 2276 2396 Quomodo
2301 2331 2508 2400 pariter
2559 2341 2852 2401 excerptor
2899 2349 2964 2390 ea
2990 2335 3222 2403 protulit
3263 2351 3330 2390 ex
3373 2336 3575 2390 litteris

1989 2421 2328 2476 Theodoreti
2361 2421 2429 2476 ad
2479 2424 2833 2489 monasteria,
2871 2426 3029 2494 queis
3079 2442 3177 2494 per
3223 2441 3468 2480 errorem
3509 2443 3574 2481 ea

1989 2509 2314 2564 tribuuntur
2371 2509 2604 2582 Cyrillo,
2665 2512 2868 2582 quibus
2929 2514 3312 2568 contradicere
3367 2515 3576 2570 nullius

1987 2609 2108 2656 erat
2151 2603 2355 2672 negotii
2383 2603 2405 2655 ?
2437 2603 2576 2656 adeo
2615 2611 2744 2659 sunt
2790 2604 3011 2659 infanda
3045 2605 3207 2660 simul
3241 2615 3296 2662 et
3322 2625 3350 2662 a
3381 2607 3572 2678 Cyrilli

1987 2701 2170 2746 mente
2195 2693 2396 2748 aliena.
2893 2699 2896 2702 ’

2060 2797 2175 2851 ΧΠ.
2206 2798 2532 2867 Priusquam
2557 2799 2855 2854 haberetur
2885 2810 3036 2854 sexta
3059 2801 3300 2864 collatio,
3331 2817 3438 2871 qua
3464 2803 3572 2860 lba:

1985 2903 2152 2942 causa
2198 2888 2416 2958 cognita
2453 2899 2556 2954 est,
2606 2889 2838 2958 Vigilius
2875 2905 3000 2944 cum
3049 2891 3258 2961 synodo
3303 2893 3571 2950 interesse

1985 2978 2275 3042 noluisset,
2307 2979 2620 3033 Justiniano
2661 2979 2810 3034 misit
2845 2979 3222 3046 Constitutum,
3257 2999 3366 3052 quo
3397 2984 3573 3040 inter-

1991 3079 2220 3141 rogatus
2251 3071 2320 3126 de
2355 3071 2534 3126 tribus
2557 3072 2814 3142 capitulis
2852 3088 3174 3142 responsum
3199 3075 3371 3130 dedit.

2060 3161 2498 3232 interrogaverat
2541 3163 2844 3232 imperator
2877 3163 3191 3232 pontificem
3213 3206 3227 3229 ,
3277 3167 3409 3235 quid
3443 3183 3568 3222 scn-

1989 3253 2120 3308 tiret
2161 3252 2230 3306 de
2279 3252 2676 3322 quaestionibus
2731 3254 3032 3322 propositis
3080 3272 3092 3308 :
3139 3255 3574 3326 interrogaverat

1983 3355 2118 3394 vero
2147 3355 2286 3408 pene
2323 3341 2552 3394 tortoris
2604 3341 2660 3396 in
2699 3342 2924 3396 modum
2959 3360 2971 3396 :
3005 3359 3130 3398 nam
3179 3361 3304 3400 cum
3333 3347 3573 3402 misisset

1984 3430 2194 3486 homini
2248 3431 2466 3488 infirma
2517 3434 2834 3489 valetudine
2883 3435 3083 3490 afﬂicto
3134 3437 3341 3506 grande
3388 3437 3572 3507 potius

1981 3523 2240 3578 volumen
2273 3539 2436 3595 quam
2461 3526 2980 3590 commonitorium,
3017 3543 3128 3582 non
3167 3529 3463 3598 ampliores
3501 3531 3570 3584 ad

1984 3616 2434 3684 respondendum
2459 3617 2732 3682 inducias,
2762 3635 2926 3688 quam
2957 3620 3152 3690 viginti
3180 3621 3393 3676 dierum
3431 3638 3567 3676 con--

1983 3709 2170 3762 cessit.
2217 3709 2526 3778 Respondit
2571 3721 2753 3766 tamen
2789 3711 3042 3782 Vigilius,
3083 3729 3192 3782 qua
3223 3713 3436 3768 ratione
3475 3715 3572 3769 de-

1983 3799 2144 3854 cebat
2169 3801 2315 3856 sedis
2338 3803 2652 3872 apostolicze
2693 3806 2980 3873 praesulem
3015 3823 3027 3857 :
3053 3806 3348 3875 siquidem,
3377 3817 3568 3863 coacta

1981 3891 2196 3948 scilicet
2223 3894 2522 3964 auditaque
2557 3910 2784 3949 suorum
2806 3897 3047 3967 synodo,
3079 3899 3424 3967 prmscripsit
3449 3899 3568 3968 pri-

1982 3999 2132 4038 mum
2169 3984 2318 4055 leges
2363 3987 2682 4056 inquirendi
2717 3987 2786 4042 de
2829 3989 3007 4043 tribus
3035 3989 3314 4058 capitulis.
3357 3991 3566 4046 Deinde

1982 4075 2036 4129 id
2079 4075 2224 4144 quod
2251 4085 2586 4144 praepostere
2615 4091 2678 4130 ac
2715 4091 2976 4145 perverse
3017 4077 3086 4131 de
3138 4075 3243 4130 fide
3272 4091 3300 4128 a
3337 4077 3568 4146 singulis

1981 4166 2193 4231 tribus,
2234 4182 2470 4236 quorum
2517 4181 2682 4220 causa
2730 4166 3014 4236 agebatur,
3046 4165 3142 4220 sed
3199 4183 3230 4219 a
3275 4166 3566 4222 Theodoro

1979 4258 2286 4328 praesertim
2313 4265 2370 4312 et
2393 4257 2740 4312 Theodoreto
2765 4256 2930 4328 244
2967 4257 3234 4326 scriptum
3261 4256 3562 4320 ferebatur,

1981 4351 2164 4403 inusta
2191 4363 2440 4404 censura).
2489 4355 2620 4402 nota
2665 4346 3026 4417 “proscripsit,
3077 4347 3332 4416 personis
3381 4355 3563 4402 tamen

1981 4440 2220 4496 intactis.
2253 4441 2438 4494 Edixit
2464 4440 2703 4510 denique
2731 4439 2988 4510 graviter,
3019 4439 3408 4494 interminatus
3431 4440 3561 4494 abs-

265 4539 586 4610 przestitit,
623 4554 750 4594 cum
793 4539 1060 4611 Cyrillum
1117 4541 1350 4611 singulis
1405 4541 1876 4597 contradicentem
1909 4549 1954 4604 ι)
1987 4532 2310 4596 tentionem,
2363 4548 2433 4586 ne
2477 4531 2604 4600 quis
2645 4531 3006 4586 ecclesiastici
3049 4530 3261 4586 ordinis
3304 4533 3466 4586 aliter
3494 4533 3563 4588 de

265 4631 508 4702 arguit,
567 4631 1109 4700 contradicentisque
1159 4631 1464 4686 sententias
1521 4633 1876 4701 reprehendit

255 4723 436 4776 .velut
457 4721 624 4775 falsas
647 4729 812 4792 atque
827 4722 994 4776 etiam
1023 4721 1330 4778 haereticus.
1348 4723 1728 4793 Reprehendit
1741 4741 1872 4782 vero

273 4818 400 4869 haec
457 4812 906 4868 anathematismi
943 4813 1108 4882 primi
1162 4815 1333 4870 verba
1371 4833 1386 4868 :
1427 4834 1446 4867 ι
1487 4815 1650 4887 Virgo
1685 4827 1873 4872 sancta

268 4905 478 4976 genuit
508 4904 808 4959 carnaliter
827 4904 1070 4959 Verbum
1087 4905 1336 4960 divinum
1363 4921 1582 4960 carnem
1609 4907 1832 4962 factum.
1847 4927 1864 4958 ι

267 4998 386 5052 ista
431 4997 666 5052 secundi
701 5015 714 5050 :
759 5016 778 5048 ε
811 4995 980 5052 Carni
1011 4997 1318 5052 secundum
1351 4999 1715 5054 substantiam
1753 5000 1876 5054 uni-

279 5095 398 5142 tum
447 5097 536 5142 est
581 5087 828 5142 Verbum
878 5087 1152 5143 divinum.
1192 5107 1210 5140 ι
1245 5088 1374 5144 llaec
1429 5091 1593 5144 etiam
1645 5091 1873 5160 quarti:

287 5198 306 5230 ι
343 5178 404 5235 Si
432 5178 564 5248 quis
591 5179 842 5249 personis
867 5178 1082 5234 duabus
1109 5179 1224 5234 sive
1257 5179 1632 5234 subsistentiis
1661 5179 1878 5250 diSper-

275 5271 380 5326 tiat
429 5285 622 5334 voces,
655 5285 782 5340 qua:
807 5275 938 5323 sunt
984 5269 1040 5323 in
1067 5269 1399 5340 Evangeliis‘,
1443 5270 1530 5324 vel
1564 5269 1880 5340 apostolicis

271 5359 612 5433 Scripturis,
655 5375 890 5431 qumque
919 5361 1060 5416 vela
1086 5361 1292 5416 sanctis
1317 5361 1386 5416 de
1421 5360 1644 5416 Christo
1679 5361 1877 5416 dicun-

273 5465 391 5520 tur,
431 5454 520 5510 vel
567 5453 638 5509 ab
683 5453 806 5524 ipso
837 5452 906 5508 de
924 5453 1130 5524 seipse,
1174 5461 1230 5508 et
1282 5453 1382 5506 has
1411 5452 1636 5522 quidem
1683 5461 1745 5506 ut
1780 5453 1880 5506 ho-

271 5547 438 5614 mini,
465 5545 568 5619 qui
597 5553 803 5617 praetcr
831 5542 1073 5600 Verbum
1119 5544 1348 5598 seorsim
1381 5544 1736 5613 intelligatur,
1779 5545 1876 5599 de-

1981 4642 2040 4680 re
2067 4633 2200 4688 tota,
2225 4641 2387 4694 quam
2420 4624 2556 4694 ipse,
2587 4632 2869 4678 statueret.

2047 4717 2188 4770 Xlll.
2217 4715 2372 4782 Quod
2415 4715 2482 4768 ad
2516 4715 2922 4768 Theodoretum
2960 4715 3282 4770 nominatim
3327 4723 3558 4784 spectat,

1981 4809 2266 4879 respondit
2297 4807 2540 4877 pontifex
2587 4806 2870 4860 innoxium
2911 4807 3062 4860 illum
3086 4805 3300 4862 censeri
3333 4806 3560 4872 debere,

1977 4902 2180 4972 quippe
2210 4915 2376 4970 quem
2414 4907 2603 4953 sancta
2649 4898 2890 4970 synodus
2925 4898 3244 4967 recepisset,
3295 4913 3560 4968 suamque

1979 5003 2104 5064 post
2125 4995 2400 5065 ejuratum
2422 4990 2738 5046 Nestorium
2766 5005 2892 5046 cum
2923 4990 3038 5044 suis
3071 4989 3344 5061 dogmatis
3372 4989 3560 5044 sedem

1979 5087 2182 5141 habere
2237 5084 2536 5148 voluisset;
2589 5097 2692 5138 nec
2731 5082 2788 5138 in
2833 5098 2900 5137 eo
2933 5082 3236 5151 quidquam
3285 5082 3559 5152 synodum

1955 5167 2358 5247 'imprudenter
2381 5175 2598 5239 fecisse,
2631 5173 2900 5242 siquidem
2941 5173 3150 5228 imitata
3199 5173 3268 5226 sit
3296 5172 3558 5241 Cyrillum

1976 5265 2092 5335 qui,
2115 5264 2246 5318 dum
2279 5280 2383 5334 pax
2410 5263 2664 5324 iniretur,
2687 5261 2918 5332 injurias
2947 5261 3050 5315 sibi
3081 5261 3558 5329 contumeliasque

1977 5358 2156 5413 illatas
2190 5355 2540 5410 Theodoreto
2571 5354 2644 5408 ita
2673 5351 3026 5413 condonavit,
3051 5359 3134 5412 ut,
3165 5365 3288 5420 qua:
3309 5351 3559 5420 scripsis-

1976 5458 2078 5512 set,
2113 5465 2223 5503 non
2243 5447 2464 5517 petierit
2502 5441 2730 5498 aboleri.
2763 5441 2878 5495 iloc
2907 5455 3172 5510 responso
3205 5439 3450 5510 pontifex
3484 5440 3558 5492 fe-

1976 5541 2052 5596 cit
2076 5541 2211 5595 satis
2241 5537 2521 5608 prioribus
2557 5531 2772 5589 duobus
2807 5530 3158 5586 Theodoreto
3198 5529 3446 5601 objectis.
3487 5533 3560 5588 De

1674 5697 1988 5754 SCiiULZIl
2029 5695 2254 5752 NOTtE.

331 5851 376 5879 “
413 5848 468 5902 in
515 5853 686 5917 epzst.
727 5842 796 5896 ad
847 5839 1196 5895 monasteria.
1275 5837 1316 5870 κθ
1352 5836 1482 5889 ibid.
