4070 6500
544 400 647 466 195

1673 391 2047 454 GARNERII
2090 390 2587 450 DISSERTATIO
2630 391 2679 450 Ι.

3708 388 3814 452 196

543 526 726 580 ιρι-ιιο,
751 525 860 579 quo
891 511 1203 564 continetur
1244 504 1535 559 consensio
1564 520 1690 558 cum
1736 506 2014 566 Nestorio,
2059 501 2114 556 id
2145 509 2189 563 Α
2217 503 2418 566 clesiae,
2454 502 2546 572 qui
2596 501 2863 554 unitatem
2913 498 3220 553 secundum
3258 497 3676 553 subsistentiam
3708 499 3814 554 Dei

541 601 674 670 egit,
709 597 856 668 quod
880 597 1160 652 doctorem
1184 592 1442 648 Ecclesia:
1466 592 1698 649 decebat
1728 612 1739 648 :
1773 594 2122 648 anathemate

541 689 776 760 perculit
824 689 879 741 in
923 701 1123 757 genere
1179 684 1449 754 quidquid
1500 685 1729 738 haberet
1785 683 2123 738 Nestoriante

543 779 766 833 haeresis
817 782 902 832 vel
955 775 1228 845 speciem;
1262 784 1376 828 tum
1412 775 1466 827 in
1506 774 1848 844 particulari,
1891 773 2121 828 anathe-

542 871 811 925 matismis
835 869 1084 939 quinque
1123 874 1384 936 excerpta
1413 865 1642 920 totidem
1684 880 1751 919 ex
1787 863 2123 919 Theodoreti

537 961 695 1014 libris
730 959 1032 1014 damnavit.

611 1053 664 1106 1.
701 1071 718 1103 ‹
755 1051 812 1106 Si
845 1051 970 1120 quis
995 1056 1210 1104 servata
1237 1046 1764 1102 inconvertibilitate
1796 1056 2007 1102 natura:
2035 1044 2122 1100 di-

538 1144 702 1206 vinae,
733 1158 843 1197 non
876 1141 1172 1196 conﬁtetur
1198 1141 1435 1194 Verbum
1469 1153 1692 1193 carnem
1723 1139 1948 1204 factum,
1974 1147 2030 1193 et
2053 1153 2122 1192 ex

538 1235 655 1305 ipsa
690 1233 1049 1302 conceptione
1078 1231 1146 1285 de
1171 1241 1327 1286 utero
1351 1230 1592 1300 Virginis
1625 1230 1879 1284 humanae
1910 1237 2122 1284 natura:

536 1325 642 1380 sibi
673 1323 977 1378 secundum
1023 1321 1434 1376 subsistentiam
1485 1320 1670 1374 unisse
1703 1319 1994 1389 principia,
2023 1319 2122 1374 sed

539 1423 797 1483 tanquam
846 1428 970 1466 cum
1011 1413 1307 1466 exsistente
1353 1410 1465 1478 jam
1516 1409 1738 1463 homine
1784 1404 1952 1463 fuerit
1978 1407 2124 1463 Deus

541 1503 803 1567 Verbum,
840 1511 896 1556 ul
922 1517 1020 1572 per
1056 1502 1160 1554 hoc
1181 1515 1291 1554 non
1326 1507 1516 1554 sancta
1549 1499 1716 1568 Virgo
1743 1515 1874 1553 vere
1904 1498 2001 1553 Dei
2027 1512 2122 1569 ge-

539 1595 708 1650 nitrix
749 1610 870 1648 esse
916 1592 1196 1656 credatur,
1229 1591 1326 1645 scd
1377 1589 1551 1645 verbo
1581 1597 1742 1644 tenus
1790 1589 2119 1659 appelletur,

538 1684 828 1739 anathema
858 1684 948 1736 sit.
986 1701 1003 1732 ι

608 1780 624 1796 ⁸
655 1777 710 1830 2.
741 1795 758 1826 ι
809 1773 867 1828 Si
899 1775 1024 1844 quis
1047 1770 1350 1827 secundum
1393 1769 1808 1826 subsistentiam
1852 1769 2120 1824 unitatem

538 1875 861 1922 naturarum
897 1867 953 1920 in
977 1865 1198 1921 Christo
1221 1864 1420 1918 factam
1455 1862 1718 1933 denegat,
1743 1861 1842 1917 sed
1871 1877 2122 1917 seorsum

537 1960 822 2015 exsistenti
845 1959 1056 2013 homini
1096 1967 1357 2027 tanquam
1395 1956 1490 2010 uni
1519 1957 1793 2026 justorum
1816 1954 2123 2010 inhabitare

538 2053 708 2106 Deum
745 2051 1005 2114 Verbum,
1053 2058 1109 2104 et
1149 2064 1261 2103 non
1309 2048 1385 2102 ita
1419 2049 1752 2102 conﬁteatur
1797 2054 2123 2101 naturarum

535 2141 838 2197 secundum
870 2139 1282 2196 subsistentiam
1314 2141 1604 2203 unitatem,
1626 2147 1690 2192 ut
1712 2138 1858 2192 Deus
1880 2136 2124 2193 Verbum

537 2249 662 2288 cum
691 2243 972 2303 assumpta
1014 2247 1200 2297 carne,
1227 2247 1334 2285 una
1369 2230 1758 2301 permanserit,
1780 2236 2128 2300 permaneat-

536 2341 644 2397 que
670 2325 1028 2381 subsistentia
1057 2326 1171 2379 sive
1198 2339 1458 2394 persona,
1496 2323 1793 2377 anathema
1825 2321 1916 2376 sit.
1959 2340 1978 2373 ι

608 2418 661 2470 ’5.
713 2435 730 2468 ε
771 2414 828 2471 Si
863 2414 989 2484 quis
1035 2429 1197 2468 voces
1250 2413 1598 2484 evangelicas
1619 2419 1676 2466 et
1697 2411 2033 2481 apostolicas
2067 2409 2124 2464 in

540 2524 651 2563 uno
675 2507 896 2562 Christo
922 2508 995 2560 ita
1029 2505 1248 2570 dividit,
1273 2514 1333 2558 ut
1365 2505 1532 2559 etiam
1557 2512 1878 2558 naturarum
1913 2503 1968 2556 in
2006 2501 2125 2572 ipso

540 2601 824 2656 unitarum
848 2597 1175 2652 divisionem
1215 2596 1550 2659 introducat,
1577 2594 1869 2648 anathema
1903 2593 1994 2648 sit.
2031 2611 2050 2644 ι

610 2693 663 2746 4.
702 2710 719 2742 ι
759 2689 816 2745 Si
850 2689 976 2760 quis
998 2703 1167 2743 unum
1204 2688 1390 2742 Jesum
1425 2685 1740 2748 Christum,
1777 2699 1971 2739 verum
2004 2683 2122 2748 Dei,

536 2795 595 2839 et
625 2783 884 2838 eumdem
912 2783 1091 2852 ipsum
1121 2795 1315 2835 verum
1357 2778 1601 2833 hominis
1649 2777 1872 2842 Filium,
1904 2776 2124 2832 futuro-

539 2892 660 2931 rum
695 2875 1061 2946 ignorantiam
1088 2915 1102 2938 ,
1158 2882 1254 2926 aut
1279 2871 1388 2926 diei
1425 2870 1604 2924 ultimi
1635 2868 1832 2940 judicii
1866 2869 2126 2924 habuisse

537 2971 694 3034 dicit,
737 2977 795 3023 et
835 2975 984 3024 tanta
1031 2966 1175 3021 scire
1220 2965 1468 3036 potuisse
1496 3004 1509 3028 ,
1543 2971 1750 3033 quanta
1805 2961 1856 3016 ei
1909 2961 2122 3025 deitas,

536 3060 694 3132 quasi
711 3059 870 3115 alteri
887 3058 1107 3115 cuidam
1133 3057 1473 3121 inhabitans,
1507 3054 1808 3120 revelabat,
1836 3054 2128 3109 anathema

545 3151 637 3206 sit.
667 3169 684 3202 ι

609 3240 662 3295 5.
705 3259 722 3290 ι
743 3239 799 3293 Si
824 3237 950 3307 quis
977 3235 1112 3291 illud
1142 3235 1415 3306 Apos‘toli,
1436 3234 1582 3304 quod
1613 3242 1698 3290 est
1720 3235 1776 3289 in
1795 3231 2037 3303 Epistola
2053 3230 2122 3286 ad

537 3331 819 3395 Hebraeos,
869 3329 1098 3394 dictum,
1149 3327 1288 3398 quod
1338 3327 1697 3398 experimento
1735 3323 1974 3395 cognovit
2009 3323 2126 3376 obe-

537 3420 816 3484 dientiam,
841 3425 1029 3472 etcum
1051 3417 1286 3470 clamore
1306 3416 1429 3486 {orti
1458 3424 1506 3469 et
1534 3415 1782 3485 lacrymis
1800 3429 1975 3485 preces
2002 3429 2127 3482 sup-

538 3509 951 3583 plicationesque
985 3504 1172 3561 obtulit
1209 3505 1279 3559 ad
1332 3505 1504 3560 Deum
1528 3545 1544 3571 ,
1585 3505 1677 3575 qui
1729 3502 1938 3556 salvum
1971 3500 2127 3556 illum

539 3609 712 3674 posset
765 3599 939 3670 facere
982 3615 1016 3652 a
1064 3605 1232 3652 morte
1278 3605 1345 3662 γ,
1400 3605 1660 3666 tanquam
1724 3593 1876 3648 nudo
1921 3593 2127 3649 deitate

538 3692 762 3748 Christo
807 3691 1102 3761 deputans,
1136 3689 1229 3759 qui
1269 3689 1553 3744 laboribus
1587 3685 1812 3740 virtutis
1849 3684 2130 3755 perfectus

539 3781 633 3846 sit,
680 3790 742 3835 ut
772 3796 841 3835 ex
867 3779 971 3836 hoc
996 3779 1135 3834 duos
1163 3778 1522 3834 introducere
1553 3777 1825 3841 Christos,
1868 3777 1952 3830 vel
1989 3775 2131 3830 duos

541 3870 691 3926 ﬁlios
739 3871 1015 3934 videatur,
1059 3880 1116 3925 et
1160 3887 1273 3925 non
1321 3885 1492 3925 unum
1534 3869 1900 3938 eumdemque
1953 3867 2133 3923 credit

547 3962 835 4018 Christum
870 3963 968 4018 Dei
996 3970 1054 4018 et
1103 3946 1344 4018 hominis
1385 3961 1607 4025 Filium,
1637 3976 1704 4015 ex
1729 3960 1946 4016 duabus
1973 3968 2030 4016 et
2073 3959 2131 4014 in

555 4055 774 4112 duabus
799 4057 1012 4112 naturis
1038 4054 1508 4126 inseparabilibus
1542 4053 1906 4125 indivisisque
1953 4051 2131 4109 conﬁ-

543 4147 769 4203 tendum
795 4155 956 4219 atque
976 4148 1340 4212 adorandum,
1363 4147 1653 4202 anathema
1677 4147 1800 4203 sit.»

616 4241 778 4315 245
809 4242 1114 4298 Collatione
1142 4253 1420 4312 postrema
1439 4242 1649 4306 Patres,
1685 4251 1809 4313 post
1829 4240 2132 4312 expositam

547 4343 828 4405 gestorum
893 4335 1120 4399 seriem,
1180 4344 1482 4389 sanxerunt
1528 4349 1776 4389 canones
1825 4332 2131 4398 tredecim,

548 4439 785 4495 quorum
813 4425 1064 4481 decimus
1103 4426 1301 4480 tertius
1326 4426 1593 4480 adversus
1619 4424 2030 4480 Theodoretum
2058 4425 2135 4480 ita

549 4515 900 4586 conscriptus
941 4525 1048 4583 est,
1089 4527 1150 4572 ut
1197 4531 1418 4572 omnem
1460 4517 1636 4587 ipsius
1691 4531 1912 4572 causam
1955 4517 2136 4572 conti-

548 4616 699 4664 neat.
1171 4615 1178 4626 ³

625 4717 646 4750 ι
692 4698 750 4753 Si
795 4699 941 4769 quis,
976 4701 1265 4772 inquiunt,
1295 4698 1549 4755 defendit
1597 4699 1770 4770 impia
1795 4699 2134 4754 Theodoreti

549 4790 878 4861 conscripta,
916 4808 1038 4862 quae
1065 4802 1257 4849 contra
1286 4800 1491 4848 rectam
1515 4791 1698 4855 ﬁdem,
1717 4801 1774 4846 et
1801 4799 1996 4846 contra
2023 4793 2136 4861 pri-

552 4895 698 4934 mam
731 4881 1066 4955 Ephesinam
1089 4891 1335 4938 sanctam
1365 4882 1658 4953 synodum,
1679 4891 1734 4937 et
1765 4892 2014 4938 sanctum
2033 4883 2136 4956 Cy-

554 4973 739 5028 rillum
765 4983 822 5028 et
848 4975 1140 5031 duodecim
1177 4976 1298 5045 ejus
1325 4974 1586 5044 capitula,
1620 4977 1896 5045 exposuit,
1931 4985 1988 5032 et
2018 4994 2132 5033 om-

553 5064 666 5128 nia,
688 5081 809 5135 quaa
830 5066 1158 5136 «inscripsit
1187 5082 1286 5135 pro
1317 5065 1611 5121 Theodoro
1639 5074 1697 5120 et
1743 5067 1996 5123 Nestorio
2030 5069 2136 5124 im-

555 5152 682 5221 piis,
707 5161 764 5208 et
791 5169 891 5224 pro
913 5155 1055 5219 aliis,
1094 5155 1190 5224 qui
1231 5156 1424 5211 eadem
1451 5156 1730 5227 praedictis
1761 5157 2054 5215 Theodoro
2080 5171 2138 5217 et

555 5245 810 5300 Nestorio
828 5256 1156 5316 sapuerunt,
1182 5247 1485 5304 defendens
1517 5264 1614 5304 eos
1642 5257 1700 5304 et
1726 5265 1919 5305 eorum
1941 5251 2138 5322 impie-

559 5344 749 5404 tatem,
781 5347 836 5392 et
866 5346 1098 5408 propter
1129 5339 1237 5396 hoc
1281 5339 1479 5412 impios
1507 5357 1710 5398 vocans
1738 5342 1994 5400 doctores
2026 5345 2136 5400 Ec-

635 5507 666 5547 ?
697 5496 864 5552 Hebr.
896 5513 949 5562 v,
984 5499 1036 5554 7.

2226 592 2389 647 Verbi
2415 591 2480 645 ad
2503 606 2726 646 carnem
2765 588 3124 653 conﬁtentur,
3149 598 3208 643 et
3232 603 3344 642 non
3375 589 3817 644 anathematizat

2222 703 2286 742 ea
2320 697 2376 742 et
2414 702 2530 750 eos,
2572 687 2666 757 qui
2716 685 2919 739 similia
2949 684 3038 738 his
3077 692 3383 753 sapuerunt
3411 683 3497 737 vel
3537 683 3766 753 sapiunt
3797 700 3813 737 :

2224 777 2450 845 insuper
2475 784 2658 831 autem
2679 784 2734 830 et
2759 789 2973 838 omnes,
3001 773 3097 843 qui
3122 772 3466 842 scripserunt
3503 783 3688 826 contra
3715 788 3818 828 re-

2223 876 2366 922 ctam
2391 866 2554 922 ﬁdem
2585 876 2643 922 et
2675 873 2925 921 sanctum
2944 864 3233 936 Cyrillum,
3261 874 3319 918 et
3363 861 3655 917 duodecim
3687 863 3820 933 ejus

2223 961 2486 1031 capitula,
2514 969 2571 1015 et
2592 975 2768 1030 usque
2793 958 2864 1013 ad
2884 966 3119 1012 mortem
3159 956 3216 1010 in
3240 955 3334 1010 tali
3371 955 3653 1026 impietate
3677 969 3819 1025 per-

2222 1060 2566 1117 manserunt,
2597 1052 2720 1106 talis
2741 1051 3032 1105 anathema
3056 1049 3146 1103 sit.
3173 1067 3191 1100 ι

2293 1144 2432 1200 XIV.
2460 1143 2638 1214 Opera
2669 1143 2780 1198 duo
2818 1151 3021 1213 praeter
3042 1141 3306 1211 epistolas
3335 1149 3394 1196 et
3443 1139 3823 1194 allocutiones

2225 1245 2543 1308 tanguntur,
2577 1235 2946 1303 πενταλόγιον,
2977 1242 3032 1289 et
3083 1233 3667 1287 anathematismorum
3703 1230 3822 1303 Cy-

2223 1329 2333 1383 rilli
2387 1327 2766 1398 reprehensio.
2803 1326 2863 1380 In
2916 1327 3234 1380 illo‘contra
3288 1333 3495 1380 rectam
3545 1323 3706 1379 ﬁdem
3755 1334 3822 1379 et

2221 1420 2554 1491 Ephesinam
2612 1419 2883 1490 synodum
2932 1417 3264 1472 Theodorus
3304 1425 3362 1470 et
3408 1416 3679 1471 Diodorus
3706 1415 3819 1470 dc-

2223 1513 2546 1568 fenduntur.
2575 1512 2635 1566 In
2669 1512 2772 1565 hac
2807 1511 3163 1581 impugnatur
3181 1509 3442 1582 Cyrillus.
3482 1509 3540 1563 ln
3575 1519 3818 1578 utroque

2222 1602 2462 1659 Nestorii
2502 1611 2688 1672 partes
2732 1602 3020 1673 iuvantur;
3052 1611 3352 1672 utrumque
3387 1616 3513 1656 cum
3558 1600 3820 1670 epistolis

2223 1701 2280 1750 et
2305 1693 2734 1750 allocutionibus
2768 1693 3117 1748 anathemate
3166 1692 3399 1757 feritur;
3448 1691 3545 1746 sed
3570 1705 3818 1762 persona

2224 1787 2557 1842 Theodoreti
2577 1787 2808 1850 intacta,
2843 1787 3045 1856 quippe
3065 1801 3228 1856 quem
3253 1801 3282 1838 a
3303 1782 3592 1838 latrocinio
3616 1783 3815 1852 Ephe-

2225 1877 2346 1930 sino
2373 1876 2706 1946 depositum,
2737 1891 2767 1929 a
2789 1875 2972 1930 Leone
3003 1875 3197 1946 Magno
3231 1875 3572 1936 restitutum,
3599 1888 3628 1927 a
3646 1872 3817 1927 Chal-

2223 1967 2523 2024 cedonensi
2546 1967 2784 2022 concilio
2817 1973 3122 2036 receptum,
3159 1965 3229 2019 ab
3250 1964 3498 2019 Ecclesia
3535 1964 3813 2019 orthodo-

2224 2074 2354 2113 xum
2393 2058 2749 2128 appellatum,
2776 2057 2925 2113 sedis
2962 2056 3277 2128 apostolicae
3315 2055 3639 2120 auctoritas,
3673 2070 3814 2111 san-

2235 2154 2399 2208 ctitas
2439 2153 2690 2206 maximae
2727 2150 2956 2222 synodi,
2997 2159 3160 2204 rectae
3198 2147 3325 2204 ﬁdei
3363 2149 3672 2211 confessio,
3701 2147 3816 2203 Ne-

2225 2243 2382 2300 storii
2417 2242 2719 2306 damnatio,
2749 2241 2971 2311 vitaque
3003 2246 3192 2295 sancto
3221 2240 3329 2293 ﬁne
3367 2239 3582 2305 clausa,
3612 2239 3813 2294 tueba-

2226 2345 2338 2391 tur.

2823 2444 3051 2502 CAPUT
3081 2444 3200 2500 XX.

2225 2541 2267 2598 1.
2303 2541 2454 2613 Quis!
2477 2549 2591 2613 post
2632 2539 2876 2613 quintam
2908 2539 3167 2613 synodum
3198 2536 3450 2613 Ecclesia;
3498 2551 3703 2613 sensus.
3725 2533 3814 2613 _ll.

2295 2605 2378 2669 Ᾰη
2413 2605 2862 2682 νὶρἱἱιιεέενὶρεο
2883 2605 3140 2682 synodum
3164 2608 3492 2682 probaverit.
3514 2606 3603 2682 lll.
3641 2605 3817 2682 et

2297 2675 2510 2754 quando
2540 2675 2814 2752 defunctus
2845 2675 2936 2754 sit;
2973 2675 3334 2754 lV.__Pe£agius
3361 2677 3390 2732 Ι
3417 2677 3645 2732 schisma
3670 2675 3817 2746 Illy-

2297 2746 2529 2806 ricorum
2565 2746 2790 2806 conatur
2822 2749 3026 2803 tollere.
3067 2749 3126 2803 V.
3149 2746 3426 2803 Conantur
3462 2755 3512 2800 et
3550 2754 3653 2800 tres
3684 2763 3819 2799 con-

2289 2830 2562 2894 sequentes
2590 2819 2882 2894 pontiﬁges.
2912 2819 2998 2873 Vl.
3034 2819 3164 2894 lieni
3197 2835 3392 2894 magna
3421 2833 3484 2870 ea:
3513 2825 3662 2894 parte
3692 2833 3818 2894 per-

2297 2886 2400 2963 egit
2445 2886 3017 2964 Gregorius'Magnus.
3063 2887 3174 2944 VII.
3212 2886 3467 2958 Epilogus
3513 2886 3670 2941 totius
3731 2889 3820 2940 hi-

2297 2965 2502 3018 storias.

2300 3056 2344 3110 1.
2373 3056 2454 3110 lta
2497 3070 2557 3110 se
2597 3053 2792 3108 habuit
2826 3049 3162 3107 Theodoreti
3206 3065 3371 3106 causa
3413 3049 3468 3104 in
3502 3048 3695 3119 quinta
3728 3065 3820 3120 sy-

2234 3148 2405 3214 nodo,
2437 3147 2525 3202 cui
2555 3163 2683 3201 mox
2713 3145 2914 3201 Oriens
2953 3158 3206 3214 magnam
3254 3152 3468 3214 partem
3511 3141 3818 3205 consensit,

2233 3240 2494 3296 dissensit
2519 3238 2810 3303 Occidens,
2839 3237 3018 3292 donec
3046 3235 3194 3291 sedis
3218 3234 3533 3305 apostolicae
3544 3231 3822 3304 judicium

2226 3330 2489 3389 innotuit.

2298 3424 2364 3478 ll.
2407 3423 2548 3479 Sunt
2578 3421 2674 3492 qui
2704 3417 2965 3492 Vigilium
2995 3427 3316 3475 constanter
3331 3417 3601 3473 restitisse
3620 3416 3819 3482 velint,

2229 3515 2466 3585 ideoque
2498 3514 2738 3585 ejectum
2781 3515 2839 3568 in
2873 3512 3150 3578 exsilium,
3183 3511 3331 3566 unde
3356 3511 3606 3566 Narsetis
3641 3511 3825 3580 preci-

2228 3606 2334 3662 bus
2366 3616 2656 3662 revocatus
2689 3606 2794 3671 sit,
2859 3605 3202 3675 Romamque
3255 3602 3438 3659 redire
3492 3603 3820 3673 permissus,

2229 3698 2362 3754 dum
2408 3697 2638 3763 rediret,
2681 3698 2736 3752 in
2768 3697 2958 3752 Sicilia
2997 3697 3110 3751 fato
3149 3694 3510 3752 concesserit.
3539 3694 3681 3749 Sunt
3719 3693 3821 3766 qui

2231 3797 2480 3846 asserant
2535 3789 2770 3844 fractum
2813 3788 3008 3854 malis,
3061 3786 3460 3855 turbarumque
3519 3791 3824 3856 pertaesum

2232 3890 2388 3939 sexto
2414 3889 2538 3952 post
2575 3879 2843 3952 synodum
2868 3894 3078 3944 mense,
3111 3875 3467 3934 Constitutum
3504 3889 3822 3937 revocasse,

2230 3979 2291 4027 et
2331 3969 2528 4043 synodi
2569 3968 2948 4024 deﬁnitionem
2983 3967 3267 4038 probasse.
3292 3966 3375 4022 Illi
3405 3974 3638 4020 utuntur
3673 3965 3826 4019 Ana-

2233 4064 2388 4122 stasii
2434 4061 2874 4128 Bibliothecarii,
2903 4061 3253 4132 Victorisque
3283 4059 3631 4115 Tunonensis
3660 4058 3825 4114 testi-

2234 4156 2455 4223 monio;
2482 4154 2570 4210 isti
2611 4153 2899 4224 proferunt
2934 4153 3223 4223 epistolam
3256 4151 3273 4182 ¹
3300 4165 3478 4220 nuper
3513 4158 3822 4219 repertam,

2234 4265 2357 4320 quae
2383 4264 2413 4304 a
2446 4248 2644 4320 Vigilio
2682 4247 2809 4302 data
2842 4245 3046 4316 legitur
3083 4244 3152 4300 ad
3182 4243 3517 4314 Eutycbium
3547 4243 3702 4297 urbis
3733 4257 3826 4297 re-

2235 4341 2338 4412 giae
2387 4340 2730 4410 episcopum.
2786 4337 2951 4409 246
2988 4336 3160 4391 Aiunt
3200 4335 3278 4389 illi
3332 4335 3547 4389 nullum
3599 4344 3824 4389 exstare

2238 4439 2544 4486 retractatae
2577 4445 2608 4484 a
2629 4429 2830 4500 Vigilio
2859 4427 3148 4484 sententiae
3174 4427 3490 4497 vestigium,
3531 4426 3725 4480 saltem
3768 4425 3826 4479 in

2166 4523 2616 4584 Dmonumentis
2669 4523 2954 4577 veteribus
2999 4521 3361 4586 indubitatis;
3406 4521 3534 4584 isti,
3585 4520 3825 4590 epistola

2240 4627 2364 4682 quae
2392 4611 2537 4667 dicta
2563 4621 2649 4668 est
2677 4612 2827 4679 freti,
2857 4612 3127 4668 afﬁrmant
3146 4613 3344 4668 fecisse
3372 4611 3653 4683 Vigilium,
3677 4611 3826 4682 quod

2243 4702 2535 4772 prudentia
2566 4704 2823 4775 iuberet;
2859 4703 3034 4759 affusa
3082 4703 3346 4758 nimirum
3403 4702 3634 4758 salutari
3669 4703 3827 4766 luce,

2241 4808 2367 4849 cum
2399 4793 2613 4850 videret
2647 4793 2931 4850 Orientem
2965 4794 3019 4848 in
3052 4793 3243 4865 synodi
3272 4791 3652 4848 deﬁnitionem
3695 4806 3832 4846 con-

2241 4887 2470 4951 sentire,
2509 4885 2863 4957 futuramque
2909 4887 3254 4952 scissionem,
3284 4887 3331 4941 si
3365 4884 3636 4941 Occidens
3687 4885 3830 4938 resi-

2242 4985 2438 5044 steret,
2466 4979 2727 5034 maluisse
2763 4978 2844 5033 uti
2888 4978 3146 5049 prudenti
3178 4977 3626 5048 dispensatione,
3676 4976 3829 5047 rigo-

2243 5086 2470 5140 remque
2496 5086 2770 5126 canonum
2785 5070 3088 5136 inﬂectere,
3101 5085 3265 5141 quam
3283 5069 3544 5125 Ecclesia:
3561 5069 3832 5124 unitatem

2241 5161 2517 5217 scindere.

2317 5253 2375 5309 In
2405 5253 2511 5310 hac
2535 5255 2861 5326 Opinionurn
2879 5255 2950 5311 de
2973 5255 3174 5328 Vigilio
3199 5271 3380 5327 pugna
3406 5270 3518 5309 non
3542 5251 3702 5308 facile
3723 5260 3831 5318 est,

2246 5352 2308 5400 ut
2349 5345 2572 5417 quidem
2599 5347 2764 5418 vulgo
2791 5347 3035 5412 videtur,
3072 5348 3192 5403 veri
3234 5356 3453 5420 partem
3493 5353 3648 5401 certo
3677 5358 3832 5398 asso-

1932 5635 2246 5693 SCHULZII
2286 5636 2518 5694 ΝΟΤᾸΞ.

631 5749 649 5779 ¹
678 5749 849 5828 Epist.
873 5751 1079 5828 “Exstat
1115 5755 1171 5809 in
1208 5756 1357 5828 Actis
1385 5757 2076 5828 synodiCoustantiuopol.
2113 5774 2142 5813 a

564 5820 730 5890 peml.
764 5821 829 5876 ad
865 5821 1026 5878 Cone.
1075 5826 1284 5880 sacerd.
1323 5837 1376 5883 et
1414 5820 1648 5898 imperii,
1686 5845 1739 5898 p.
1777 5830 1881 5884 9‘27
1911 5820 2063 5899 seqq.

2146 5756 2255 5830 pud
2296 5758 2488 5825 llard.,
2526 5768 2566 5814 t.
2593 5758 2684 5824 lll,
2713 5774 2768 5829 p.
2797 5759 2902 5815 2l5
2929 5773 3106 5829 seqq.,
3136 5768 3190 5818 et
3215 5757 3452 5844 Pande
3481 5758 3683 5824 Narra,
3724 5767 3756 5820 Α
3775 5778 3832 5832 p—
