4070 6458
224 361 329 429 197

1411 352 1508 413 DE
1546 350 1805 411 LIBRIS
1843 349 2357 410 THEODORETI.

3417 347 3514 412 1'38

222 475 364 541 qui:
401 483 535 522 nam
585 476 644 520 et
693 463 844 536 quod
897 460 1104 518 dicitur
1161 459 1419 517 exsilium
1482 457 1782 514 decennale
1811 499 1826 520 ,
1862 465 1904 520 Α
1933 467 2106 520 motu,
2149 458 2244 526 qui
2290 455 2356 509 ad
2396 456 2532 510 alias
2573 456 2802 526 Europa:
2853 455 3170 526 provincias
3213 456 3304 510 vix
3349 461 3528 526 perti-

224 564 464 619 omnino
508 557 959 614 commentitium
1000 563 1124 619 est,
1179 563 1236 608 et
1266 552 1500 623 epistola
1553 551 1620 605 ad
1663 551 1834 620 Euty-

227 655 416 710 chium
446 649 859 722 suppositionis
891 652 908 669 ⁶
941 647 1256 717 suspicione
1280 660 1390 698 non
1410 649 1583 698 caret.
1613 642 1835 697 Utrum-

229 763 336 820 que
375 743 876 801 observationibus
897 741 967 795 ad
999 757 1031 794 v
1062 739 1333 811 synodum
1350 734 1595 790 Liberali
1620 734 1837 787 brevia-

230 839 314 894 rio
340 835 668 905 subjunt‘tis
683 833 1127 888 demonstratum
1149 836 1234 882 est
1255 830 1298 878 ¹.

298 929 391 985 111.
428 929 493 982 ld
531 937 720 982 tamen
762 922 1039 978 afﬁrmare
1077 919 1459 974 indubitanter
1492 916 1647 978 licet,
1681 916 1832 986 Vigi-

232 1021 388 1085 lium,
429 1036 564 1075 cum
603 1019 839 1074 Romam
869 1013 1112 1077 rediret,
1140 1011 1336 1066 calculi
1370 1009 1684 1064 confectum
1732 1006 1834 1060 do-

234 1115 450 1170 loribus
485 1113 548 1166 in
577 1109 773 1166 Sicilia
829 1104 1039 1178 obiisse
1076 1119 1222 1158 anno
1242 1102 1366 1164 555,
1409 1114 1618 1168 suaque
1659 1105 1836 1151 morte

234 1205 421 1280 sedem
457 1201 829 1272 apostolicam
849 1196 1092 1268 Pelagio,
1117 1209 1241 1260 suo,
1281 1193 1410 1246 dum
1451 1191 1684 1254 viveret,
1717 1189 1837 1245 dia-

232 1313 396 1362 cono,
425 1294 748 1363 reliquisse.

301 1387 396 1442 Ν.
434 1383 696 1455 Pelagius
714 1395 849 1435 vero
885 1378 1114 1435 scissam
1145 1375 1200 1430 in
1224 1383 1430 1445 partes,
1466 1381 1694 1442 propter
1732 1369 1837 1424 tria

1936 558 2135 602 nuerat
2154 547 2481 618 :Gregorius
2496 547 2562 600 ad
2580 545 2827 617 Illyricos
2848 546 3144 615 lberosquc
3164 545 3406 615 scripsit,
3428 551 3524 600 sul

1937 638 2004 694 ad
2038 639 2284 710 Illyricos
2301 638 2482 692 adhuc
2497 637 2766 692 diaconus
2787 648 2842 692 et
2875 637 3079 707 Pelagii
3112 637 3158 691 11
3182 637 3426 700 nomine,
3455 635 3526 690 ad

1940 730 2127 784 Iberos
2145 729 2391 799 pontifex
2427 728 2642 792 factus;
2689 727 2930 796 scripsit,
2972 727 3221 795 inquam,
3262 723 3527 794 epistolas

1935 821 2205 874 librorum
2238 818 2651 888 instar,quibus
2675 827 2730 871 et
2752 818 3022 888 synodum
3053 817 3301 886 quintam
3328 813 3523 870 defen-

1937 908 2039 973 dit,
2075 917 2133 962 et
2166 908 2271 962 tria
2315 907 2518 976 capita,
2547 907 2712 960 salvis
2738 906 3072 960 Theodoreti
3116 913 3171 959 et
3201 905 3310 958 lbae
3336 917 3528 973 perso-

1937 1000 2044 1056 nis.
2087 997 2388 1062 damnavit,
2426 1005 2484 1050 et
2511 996 2663 1066 pacis
2713 995 2966 1051 ineunda:
3003 995 3228 1049 modum
3272 993 3527 1063 praescri—

1938 1089 2066 1160 psit.

2009 1181 2097 1234 Ἥ.
2129 1180 2291 1234 Juvat
2325 1195 2392 1234 ex
2416 1177 2648 1248 epistola
2675 1177 2862 1247 priore
2892 1177 3001 1230 huc
3031 1176 3348 1239 transferre,
3374 1174 3521 1245 quod

1938 1273 2107 1328 habet
2134 1271 2202 1327 de
2227 1271 2580 1326 Theodoreto
2609 1288 2621 1322 :
2649 1278 3024 1338 opportunum
3061 1268 3208 1320 enim
3251 1276 3337 1321 est
3377 1267 3528 1334 loco,

1941 1365 1998 1418 in
2023 1379 2134 1433 quo
2150 1377 2365 1426 sumus,
2394 1375 2501 1416 nec
2524 1360 2747 1415 aliunde
2795 1360 2994 1414 melius
3027 1358 3174 1412 ﬁniri
3217 1367 3400 1427 potest
3434 1357 3526 1410 hi-

1939 1458 2130 1521 storia,
2156 1471 2321 1526 quam
2341 1454 2683 1524 scripsimus.
2712 1472 2728 1504 ‹
2759 1452 2893 1518 Quis
2916 1467 3024 1505 non
3049 1491 3063 1515 ,
3100 1450 3313 1520 inquit,
3342 1449 3530 1504 videat

1940 1557 2145 1618 quanta
2188 1545 2501 1601 temeritate
2541 1543 2765 1614 plenum
2811 1542 2902 1609 sit,
2940 1541 3278 1595 Theodoreti
3325 1539 3530 1610 scripta

224 1479 516 1550 capitula,
575 1472 900 1530 Occidentis
948 1468 1250 1524 Ecclesiam
1303 1479 1566 1520 revocare
1605 1474 1838 1517 conatus

229 1570 304 1627 ad
328 1567 714 1630 concordiam,
757 1578 954 1634 parum
986 1559 1281 1616 admodum
1315 1555 1569 1626 profecit.
1597 1554 1713 1608 lmo
1737 1568 1838 1607 nec

241 1667 650 1729 consequentes
705 1631 804 1709 alii
869 1652 982 1707 duo
1050 1649 1342 1720 pontiﬁces
1397 1645 1730 1700 Benedictus
1783 1650 1839 1696 et
1941 1633 2644 1708 superbiendodel‘endere,
2665 1648 2787 1702 quae
2811 1631 3065 1686 eumdem
3085 1631 3265 1700 ipsum
3285 1638 3531 1696 constat,

240 1721 504 1814 Joannes,
535 1750 715 1803 donec
745 1743 997 1815 Pelagius
1010 1740 1288 1796 secundus
1320 1745 1532 1792 tantum
1553 1734 1834 1805 negotium
1941 1740 2090 1785 recta
2123 1735 2247 1800 post
2273 1725 2606 1798 proﬁtendo,
2649 1724 2972 1779 damnasse?
3003 1724 3142 1777 Dum
3166 1737 3298 1776 vero
3324 1721 3446 1792 ejus
3474 1729 3530 1774 et

237 1813 786 1907 felicitersuscepit,
835 1813 984 1903 quod
1043 1843 1334 1886 successor
1373 1824 1673 1896 Gregorius
1717 1823 1834 1878 Ma~
1869 1818 1912 1872 Β
1941 1836 2232 1892 personam
2267 1819 2590 1888 recipimus,
2611 1825 2668 1871 et
2701 1831 2786 1879 ea,
2824 1831 2947 1886 qua:
2976 1813 3186 1868 dudum
3227 1813 3526 1874 latuerant,

233 1950 379 2005 guns
407 1932 564 1988 omni
601 1930 720 1985 fere
739 1944 807 1982 ex
824 1933 980 1997 parte
1003 1921 1262 1978 absolvit.
1941 1927 2108 1984 prava
2143 1910 2347 1980 scripta
2381 1909 2765 1978 reprobamus,
2806 1905 2863 1959 in
2895 1904 3050 1958 nullo
3089 1917 3120 1956 a
3158 1909 3361 1956 sanctae
3398 1915 3530 1971 syn-

306 2027 373 2080 V.
415 2025 558 2079 Nam
599 2036 726 2077 cum
763 2019 864 2074 soli
905 2018 1078 2072 ferme
1126 2010 1325 2084 Illyrici
1355 2008 1692 2080 Hispanique
1714 2020 1842 2075 per-
1942 2004 2035 2060 odi
2064 2002 2281 2057 actione
2303 2000 2590 2056 deviamus
2615 2017 2627 2052 :
2659 1996 2787 2067 quia
2814 1996 2927 2051 sola
2957 1996 3077 2066 ejus
3097 1993 3358 2048 haeretica
3387 1991 3529 2046 scri-

229 2119 498 2174 tinaciter
574 2115 689 2168 huc
757 2125 933 2180 usque
989 2081 1351 2168 restitissent,
1396 2102 1514 2157 Afri
1564 2097 1840 2170 siquidem
1944 2101 2036 2164 pta
2081 2098 2429 2163 respuentes,
2457 2097 2513 2143 et
2567 2102 2695 2142 cum
2726 2083 2940 2158 synodo
2987 2084 3170 2138 adhuc
3210 2081 3524 2137 Nestorium

228 2211 395 2268 facile
422 2213 826 2264 concesserant
853 2203 909 2257 in
942 2211 1126 2272 partes
1155 2197 1373 2270 synodi,
1405 2195 1627 2249 vivente
1661 2190 1844 2246 adhuc
1942 2183 2312 2254 insequimur,
2343 2189 2545 2236 etcum
2579 2177 2788 2251 synodo
2821 2174 3234 2231 Theodoretum
3263 2171 3525 2242 proﬁten-

229 2302 459 2373 V’igilio,
537 2307 596 2353 et
646 2295 822 2352 Gallia
865 2308 980 2348 non
1021 2292 1256 2346 multum
1325 2300 1593 2342 concussa
1662 2282 1847 2337 fuerat
1949 2287 2059 2333 tem
2096 2286 2247 2330 recta
2275 2287 2629 2328 veneramur.
2669 2289 2687 2321 ι

235 2458 3506 2518 ______________________________.._____—————

1293 2641 2259 2764 DlSSERTATIO
2353 2639 2502 2753 ll.

1044 2881 1143 2943 DE
1181 2877 1442 2940 LIBRIS
1475 2867 1966 2934 THEODORETI
2006 2863 2374 2927 CYRENSIS
2407 2861 2766 2922 EPISCOPI.

1871 3156 1915 3218 ς
1947 3149 2166 3214 habeat,
2199 3149 2313 3205 sive
2334 3146 2514 3218 quoad
2538 3145 2756 3217 dogma,
2784 3143 2901 3199 sive
2933 3141 3114 3213 quoad
3149 3141 3312 3196 aliam
3338 3157 3534 3212 quam-

1948 3244 2088 3298 libet
2150 3240 2477 3297 doctrinam.

2031 3334 2256 3400 V.Quaa
2301 3346 2470 3402 porro
2527 3338 2824 3386 censentur
2873 3341 3062 3397 Opera,
3113 3333 3244 3380 sunt
3292 3325 3544 3395 quinque-

1949 3424 2175 3480 omnino
2197 3437 2461 3493 generum
2493 3438 2505 3473 :
2536 3419 2756 3489 scripsit
2793 3417 2943 3473 enim
2981 3414 3362 3470 Theodoretus
3382 3429 3540 3468 com-

1949 3515 2252 3572 mentarios
2273 3515 2328 3567 in
2359 3513 2529 3569 Vetus
2545 3513 2978 3573 Testamentum,
3007 3517 3063 3563 et
3091 3508 3148 3562 in
3174 3521 3368 3562 omnes
3384 3508 3537 3574 Apo-

1958 3607 2086 3664 stoli
2114 3603 2707 3676 Epistolas,rhistorias
2727 3603 2883 3666 duas,
2916 3599 3344 3655 ecclesiasticam
3365 3605 3420 3652 et
3453 3613 3540 3652 re-

1950 3699 2199 3770 ligiosam
2211 3738 2224 3760 ,
2239 3697 2516 3762 homilias,
2531 3702 2796 3750 tractatus
2812 3692 3170 3764 dogmaticos,
3183 3699 3239 3745 et
3256 3689 3536 3760 epistolas.

2023 3791 2112 3846 Vl.
2155 3790 2482 3859 Priusquam
2540 3787 2750 3858 singula
2799 3792 3223 3856 pertractentur,
3284 3780 3533 3852 praemit-

1953 3882 2121 3938 tenda
2164 3882 2423 3936 videntur
2467 3881 2577 3935 duo
2613 3898 2626 3933 :
2687 3879 2922 3934 alterum
2963 3875 3032 3931 de
3083 3885 3367 3945 tempore,
3428 3889 3538 3942 quo

1955 3972 2338 4029 Theodoretus
2361 3972 2519 4037 vixit;
2551 3971 2786 4024 alterum
2814 3968 2944 4038 quid
2977 3966 3044 4020 de
3072 3966 3335 4035 operibus
3356 3965 3532 4018 Theo-

1955 4063 2136 4120 doreti
2183 4070 2402 4118 veteres
2452 4061 2718 4130 scriptum
2756 4057 3101 4126 reliquerint.
3136 4053 3350 4110 Valebit
3401 4053 3539 4107 illud

1956 4155 2024 4210 ad
2061 4153 2383 4209 statuendas
2417 4150 2657 4221 epochas
2703 4157 3033 4217 temporum.
3070 4144 3271 4214 quibus
3295 4142 3408 4197 vita
3449 4141 3538 4196 di-

1957 4246 2274 4317 stinguitur,
2317 4251 2376 4299 et
2416 4242 2793 4313 unusquisque
2840 4238 2982 4294 liber
3013 4236 3312 4293 editus.est
3348 4252 3362 4287 :
3392 4235 3538 4290 istud

753 3167 916 3242 247
954 3161 1342 3221 PREFATIO.

302 3311 349 3366 1.
384 3309 570 3365 Nemo
619 3305 771 3360 inter
819 3303 1064 3366 Graecos,
1108 3297 1502 3370 Chrysostomo
1539 3303 1594 3348 et
1643 3290 1847 3364 Cyrillo

231 3402 527 3473 exceptis,
584 3399 749 3470 plura
807 3394 1101 3466 scripsisse
1145 3389 1461 3447 censendus
1528 3394 1614 3442 est
1683 3399 1848 3456 quam

236 3494 667 3556 Theodoretus,
735 3490 783 3545 si
816 3488 1090 3560 judicium
1117 3485 1327 3540 feratur
1352 3498 1420 3536 ex
1453 3479 1716 3550 operibus
1750 3490 1850 3530 ve-

238 3598 458 3651 terum,
492 3598 622 3656 qua:
657 3582 723 3637 ad
751 3597 852 3637 nos
888 3587 1284 3651 pervenerunt.
1312 3575 1589 3630 Feruntur
1626 3569 1850 3641 quidem

236 3677 508 3735 nonnulli
536 3676 703 3747 plura
733 3673 913 3727 tribus
957 3671 1046 3725 his
1087 3669 1350 3732 edidisse,
1400 3665 1496 3721 sed
1529 3671 1592 3718 ut
1617 3660 1852 3717 mendax

229 3772 392 3826 tama
442 3783 565 3822 non
620 3764 814 3828 fuerit,
857 3761 1008 3834 quod
1046 3771 1229 3817 tamen
1285 3755 1554 3827 suspicari
1607 3760 1713 3818 est,
1741 3760 1851 3806 tam

233 3864 593 3924 immensos,
647 3857 744 3928 qui
790 3857 1113 3927 jactantur,
1179 3849 1403 3905 codices
1447 3847 1587 3903 edax
1636 3854 1854 3914 tempus

232 3953 570 4023 absumpsit
601 3969 614 4003 :
651 3950 743 4004 vix
776 3947 924 4003 enim
960 3944 1262 4015 quidquam
1294 3939 1661 4010 πολυγράφων
1700 3937 1849 4008 ejus-

231 4045 402 4101 modi
433 4043 732 4098 hominum
763 4045 1039 4109 superest,
1069 4042 1272 4106 prtetcr
1302 4031 1646 4088 memoriam.

319 4159 389 4213 11.
427 4152 773 4211 Theodoreti
814 4164 982 4220 opera
1033 4150 1438 4202 recensuerunt
1473 4149 1692 4195 veteres
1718 4151 1855 4207 qua-

233 4261 401 4315 tuor,
453 4245 848 4302 Theodoretus
887 4243 1045 4311 ipse,
1093 4236 1439 4299 Gennadius,
1501 4232 1750 4295 Photius,
1799 4236 1856 4284 et

233 4342 611 4412 NicephOrus
664 4336 929 4394 Callistus
966 4352 980 4386 :
1023 4337 1423 4388 recensuerunt
1461 4328 1626 4381 etiam
1657 4337 1853 4377 recen-
1957 4339 2026 4394 ad
2066 4336 2375 4393 faciendam
2428 4333 2680 4390 dicendis
2729 4331 2926 4396 ﬁdem;
2975 4337 3273 4399 utrumque
3320 4327 3386 4382 ad
3417 4327 3539 4397 Opi,

237 4439 429 4492 tiores
462 4431 662 4502 aliqui,
691 4427 1071 4489 Hebedtlesu,
1099 4414 1852 4483 Centuriatores,Baronius,
1956 4431 2155 4485 ηίοηεε
2199 4427 2464 4499 quasdam
2518 4425 2822 4496 populares
2867 4419 3253 4478 convellendas
3293 4435 3306 4473 ε
3359 4417 3541 4488 magni

232 4527 652 4588 Bellarminus,
687 4520 1042 4583 Possevinus,
1078 4517 1266 4572 Sixtus
1301 4513 1584 4577 Senensis,
1619 4517 1674 4564 et
1719 4507 1844 4573 alii;

1959 4522 2110 4576 enim
2135 4519 2402 4574 momenti
2428 4526 2532 4582 est,
2560 4515 2733 4586 probe
2772 4514 2912 4569 scire
2932 4553 2946 4578 ,
2997 4510 3242 4583 quandiu
3283 4508 3544 4580 Cyrensis

235 4622 346 4677 sed
373 4621 467 4674 his
485 4615 747 4672 omnibus
763 4611 970 4668 eminet
987 4609 1226 4666 13001105
1247 4603 1594 4668 δίτῐηοηάυεν
1612 4601 1706 4672 (1ιιί
1729 4615 1851 4670 qua?
1959 4613 2157 4667 illusus
2186 4609 2356 4665 fuerit
2399 4609 2534 4664 falsa
2567 4607 2686 4662 veri
2728 4605 2934 4676 specie,
2989 4611 3045 4658 et
3085 4617 3206 4672 qua:
3234 4643 3247 4665 ,
3290 4599 3540 4670 quandiu

234 4713 446 4768 Graece
478 4710 712 4778 reperit,
737 4713 976 4775 quatuor
1009 4701 1173 4755 tomis
1193 4697 1376 4752 omnia
1393 4695 1713 4764 complexus
1744 4699 1848 4746 est.
1959 4702 2155 4757 illusus
2184 4707 2288 4765 εει,
2312 4696 2701 4769 composuerit.

320 4821 420 4876 111.
450 4818 694 4886 Quintus
717 4830 866 4870 nunc
889 4821 1070 4867 tomus
1093 4808 1318 4863 additur
1341 4801 1848 4865 velutAuctarinm,
2308 4799 2310 4802 ’
2366 4813 2533 4886 248
2568 4809 2796 4867 CAPUT
2837 4807 3124 4865 ρῃηιωι,

237 4929 367 4987 quo
397 4910 768 4967 εοηῑίηεηιῐπ
810 4905 968 4976 Plura
1024 4901 1110 4955 Vel
1142 4899 1387 4953 nondum
1420 4891 1852 4987 edi‘a’_"el_5_“°
1960 4905 2076 4974 Quo
2107 4922 2248 4961 anno
2301 4904 2647 4959 Theodoretus
2687 4901 3055 4987 .episcopatum
3093 4896 3294 4961 inierit,
3345 4904 3395 4948 et
3438 4911 3542 4966 quo

244 4971 524 5064 restituta
562 4998 777 5054 auctori
802 4971 828 5050 ε.
843 4996 1124 5050 adduntur
1153 4991 1318 5046 etiam
1355 4987 1424 5042 ad
1453 4985 1698 5056 singulos
1735 4982 1856 5038 Sir-
1966 4971 1996 4974 Ὗ
2600 4971 2904 5025 ordinante.

244 5097 451 5155 mondi
486 5104 668 5149 tomos
701 5099 757 5145 et
800 5089 869 5144 ad
919 5084 1239 5141 Auctarium
1296 5081 1477 5150 ipsum
1513 5073 1852 5132 observatio-

249 5208 380 5256 nes,
416 5203 548 5259 quae
587 5182 822 5239 materia
855 5179 987 5234 huic
1009 5173 1386 5232 dissertationi
1410 5169 1678 5238 subjecta.

313 5299 410 5354 1V.
439 5297 506 5351 In
553 5288 1038 5349 observationibus
1071 5283 1440 5356 respondetur
1469 5279 1539 5335 ad
1590 5277 1853 5349 quaestio-

249 5408 358 5450 nes
383 5399 636 5461 quatuor
682 5385 750 5441 de
795 5395 1132 5453 unoquoque
1175 5390 1392 5447 opere:
1446 5389 1516 5428 an
1558 5371 1630 5426 sit
1665 5368 1863 5442 genui-
1960 5365 2340 5436 cujuscunque
2364 5367 2549 5413 notae:
2578 5354 2838 5428 quoniam
2890 5347 3074 5404 omnia
3119 5361 3241 5416 quae
3272 5345 3544 5414 aliquate—

2232 5454 2244 5461 .
2372 5460 2377 5461 ,
2458 5449 2472 5461 ι
2513 5459 2521 5461 -
2705 5460 2710 5461 ,
2839 5460 2850 5461 γ
2901 5439 3283 5461 ΠἿΙ,Α-..1--Αι--..
3316 5435 3402 5461 -.ΑΙ
3441 5450 3508 5461 ..Α

255 5435 421 5550 ιιυωῖ
442 5479 674 5553 quando
697 5435 1067 5543 editum,qua
1098 5471 1167 5527 de
1196 5435 1383 5533 dausa,
1402 5463 1538 5534 quid
1556 5435 1862 5518 notandum
1960 5435 2067 5513 nus
2104 5454 2386 5526 pertinent
2407 5449 2476 5505 ad
2510 5459 2724 5516 tempus
2753 5460 2861 5513 quo
2901 5439 3286 5495 Theodoretus
3316 5435 3404 5490 vel
3441 5450 3541 5490 na-

2027 5088 2178 5143 lnter
2203 5082 2556 5157 quaerendam
2597 5082 2888 5152 epocham,
2908 5095 3029 5150 qua:
3055 5080 3235 5133 valeat
3262 5075 3328 5131 ad
3353 5089 3543 5144 quam-

1954 5181 2095 5236 libet
2129 5177 2468 5233 Theodoreti
2503 5175 2631 5229 vitte
2665 5182 2872 5244 partem
2897 5186 3000 5226 suo
3029 5167 3264 5239 tempori
3313 5168 3541 5233 alligen-

1956 5271 2102 5335 dam,
2160 5269 2514 5340 episc0patus
2557 5263 2784 5319 memini
2834 5262 3056 5331 potius,
3095 5271 3260 5327 quam
3310 5253 3543 5309 alterius

1637 5598 1948 5656 SCl‘lULle
1991 5593 2214 5652 ΝΟΤιΕ.

330 5742 352 5771 ²
389 5739 628 5793 Omnem
662 5730 888 5803 quidem
918 5743 1141 5803 operam
1175 5724 1325 5781 dedit
1357 5721 1679 5803 Garnerius,
1720 5729 1779 5772 ut
1810 5717 2051 5797 epistola:
2076 5713 2226 5803 illius
2261 5708 2472 5803 voeeta'v
2495 5705 2814 5803 uevinceret,
2843 5700 2940 5758 sed
2964 5713 3064 5754 nec
3095 5696 3243 5751 illam
3284 5689 3542 5763 probare,

261 5827 364 5867 nee
391 5779 756 5880 Tigiliuntuab
799 5779 1193 5855 inconstantiae
1222 5779 1275 5850 et
1311 5806 1535 5848 summae
1569 5779 1806 5845 imitatus
1845 5779 2080 5842 crimine
2105 5784 2339 5838 liberare
2364 5779 2554 5832 valuit.
