4070 6442
593 333 697 402 199

1720 324 2095 389 GARNERII
2137 321 2632 386 DISSERTATIO
2671 326 2751 387 ΙΙ.

3746 328 3839 395 200

591 459 681 504 tus
704 456 810 511 est,
838 445 926 502 vel
948 444 1173 516 dignum
1202 441 1464 515 quiddam
1506 440 1889 496 observatione
1933 438 2066 509 egit,
2104 434 2171 489 ad
2203 438 2246 493 Α
2277 436 2416 490 stola
2443 436 2510 491 ad
2548 436 2910 493 Eutrechium
2936 436 3280 509 praefectum,
3305 436 3451 509 apud
3468 452 3636 509 quem
3656 439 3839 498 eodem

590 541 943 609 episc0patus
982 536 1104 591 initi
1129 550 1334 590 annum
1374 533 1709 597 referuntur,
1766 548 1835 587 ex
1861 544 2038 599 eoque
2076 543 2173 584 co-

595 630 821 703 gnito,si
854 644 963 683 non
997 627 1328 688 indubitata,
1354 626 1546 679 saltem
1579 622 1854 695 probabili
1880 620 2174 675 admodum

592 723 803 777 ratione
833 721 1086 775 concludi
1114 729 1368 791 possunt.
1420 716 1671 772 Proderit
1716 730 1845 770 vero
1885 712 2174 783 quaestioni

592 818 725 873 huic
771 817 923 886 quasi
972 813 1249 885 primarim
1293 812 1521 867 alteram
1571 810 1730 864 istam
1765 807 2099 877 adiungere,
2143 820 2172 858 a

591 921 703 975 quo
731 905 1021 959 ordinatus
1050 903 1120 957 sit
1155 918 1168 954 :
1207 900 1352 954 valet
1376 899 1524 953 enim
1548 906 1603 952 et
1640 897 1754 967 ipsa
1800 896 1867 950 ad
1905 895 2174 950 rationem

591 994 852 1065 temporis
883 993 1253 1049 statuendam.

658 1128 689 1200 ᾗ
724 1131 765 1186 1.
813 1128 928 1196 Quo
959 1144 1102 1183 anno
1128 1126 1478 1181 Theodoretus
1520 1125 1880 1196 episcopatum
1907 1121 2108 1175 inierit.

660 1261 702 1317 l.
730 1261 940 1327 Annus,
971 1274 1135 1330 quem
1178 1257 1528 1327 inquirimus,
1576 1270 1608 1310 a
1654 1254 1874 1310 nemine
1901 1261 2173 1314 veterum,

589 1371 662 1411 ne
709 1370 740 1409 a
793 1352 1143 1408 Theodoreto
1194 1346 1441 1418 quidem,
1487 1348 1711 1404 definite
1760 1346 2055 1417 proditur:
2108 1361 2177 1400 ex

592 1447 843 1518 epistolis
868 1455 1048 1500 tamen
1088 1442 1430 1513 deprehendi
1476 1448 1681 1511 potest,
1747 1440 1843 1494 sed
1877 1453 1985 1493 non
2014 1437 2121 1492 nisi
2146 1452 2178 1492 a

595 1540 834 1595 curiosis
869 1536 1303 1608 indagatoribus.
1340 1535 1471 1601 Qua:
1492 1535 1640 1589 enim
1666 1533 1844 1604 prima
1874 1532 2057 1587 fronte
2079 1545 2176 1586 oc-

596 1637 866 1689 currunt,
906 1626 1024 1682 hmo
1069 1624 1633 1695 quoniamattentius
1676 1623 2026 1678 considerata
2066 1636 2176 1675 non

595 1729 745 1784 sunt,
807 1719 1118 1774 fefellerunt
1176 1716 1476 1787 aliquando
1523 1718 1674 1787 ipsos
1715 1715 1884 1771 etiam
1925 1713 2175 1769 eruditos

593 1810 897 1868 doctissimi
926 1809 1218 1864 Annalium
1249 1810 1539 1880 scriptoris
1570 1809 1783 1864 oculos.

666 1898 731 1952 ll.
770 1896 1041 1951 Baronius
1066 1896 1478 1951 Theodoretum
1508 1896 1769 1966 opinatur
1818 1894 2045 1966 Cyrensi
2077 1894 2179 1948 Ec-

594 1990 773 2045 clesiae
822 1988 1140 2060 praefectum
1196 1988 1365 2043 fuisse
1432 2003 1576 2042 anno
1647 1989 1772 2042 425.
1847 1985 2177 2058 Opinionem

595 2081 792 2153 probat
822 2081 907 2136 his
927 2080 1173 2152 epistola;
1209 2081 1276 2134 ad
1298 2088 1550 2135 sanctum
1595 2078 1836 2134 Leonem
1863 2080 2005 2134 data:
2056 2094 2180 2133 ver-

595 2172 685 2228 bis
720 2190 733 2227 :
793 2192 810 2223 ι
845 2171 953 2227 Sex
994 2180 1052 2227 et
1096 2171 1291 2243 viginti
1348 2172 1508 2228 annis
1548 2172 1896 2227 commissam
1931 2172 2067 2226 mihi
2109 2170 2178 2227 ab

597 2265 984 2320 universorum
1026 2264 1140 2319 Deo
1193 2263 1535 2327 Ecclesiam,
1588 2278 1818 2334 precum
1866 2270 2177 2318 vestrarum

594 2358 802 2411 auxilio
834 2371 960 2411 cum
982 2355 1241 2421 rexerim,
1269 2366 1375 2411 etc.
1406 2356 1422 2387 ¹
1453 2373 1474 2409 ›
1499 2354 1729 2411 Constat
1756 2356 1899 2410 enim
1916 2355 2176 2425 scriptam

593 2465 717 2505 esse
732 2448 1020 2520 epistolam
1040 2447 1143 2503 sub
1167 2446 1328 2502 ﬁnem
1354 2447 1482 2503 anni
1500 2449 1624 2513 449,
1641 2464 1751 2518 quo
1767 2463 1909 2502 anno
1928 2447 2176 2501 habitum

595 2552 685 2598 est
739 2541 1064 2597 latrocinale
1101 2541 1397 2597 concilium
1442 2541 1780 2612 Ephesinum
1826 2541 1917 2597 die
1967 2540 2033 2596 i0
2069 2543 2179 2596 Au-

595 2635 763 2707 gusti,
796 2635 850 2689 in
871 2650 1049 2705 eoque
1079 2633 1463 2691 Theodoretus
1500 2650 1533 2690 a
1564 2634 1829 2690 Dioscoro
1870 2633 2172 2704 depositus.

596 2726 711 2782 "ac
734 2726 801 2781 de
835 2726 1036 2797 injuria
1063 2727 1319 2797 queritur
1351 2725 1497 2798 apud
1532 2741 1806 2782 summum
1840 2726 2175 2796 pontificem,

596 2819 748 2875 sedis
796 2819 1112 2889 apostolica:
1154 2819 1424 2891 judicium
1460 2820 1764 2890 appellans.
1806 2817 1964 2887 Quod
2009 2818 2055 2873 si
2110 2834 2179 2874 ex

596 2925 869 2965 annorum
907 2909 1010 2965 449
1040 2925 1254 2965 summa
1279 2910 1642 2966 detrahantur
1669 2910 1861 2982 viginti
1895 2926 2010 2973 sex,
2057 2925 2178 2965 om-

596 3002 731 3054 nino
754 3001 952 3071 reliqui
983 3009 1148 3056 erunt
1199 3001 1327 3067 525,
1366 3017 1477 3072 quo
1506 3010 1753 3071 tempore
1798 3000 2179 3057 Theodoretus

595 3094 891 3166 Cyrensetn
919 3094 1221 3149 Eeclesiam
1248 3094 1545 3165 regendam
1567 3093 1890 3165 susceperit.

664 3186 753 3241 ιιι.
777 3185 855 3240 ita
887 3183 999 3240 fere
1041 3184 1313 3239 Baronius
1353 3184 1682 3240 sententiam
1725 3184 2015 3240 confirmat
2058 3200 2180 3241 ver-

598 3278 687 3333 bis
735 3276 985 3348 epistolze
1034 3276 1264 3332 alterius
1299 3276 1496 3332 eodem
1543 3292 1689 3333 anno
1715 3277 1857 3333 data:
1886 3278 1929 3340 ',
1980 3277 2183 3346 quibus

599 3369 748 3440 apud
776 3367 1023 3424 Ililarum
1050 3367 1311 3424 Ecclesiae
1338 3367 1599 3423 Romana:
1651 3367 1948 3424 diaconum
1986 3366 2181 3423 eadem

601 3459 830 3530 querela
850 3458 1210 3529 deploratur:
1258 3476 1278 3510 ι
1301 3457 1431 3513 Post
1453 3473 1549 3515 sex
1578 3465 1636 3513 et
1673 3457 1869 3530 viginti
1899 3457 2184 3528 episcopa-

601 3563 696 3609 tus
727 3567 924 3618 annos,
956 3558 1065 3607 etc.
1099 3551 1140 3605 ³.
1184 3569 1203 3603 ι

672 3643 980 3713 Utrumque
1019 3641 1396 3698 testimonium
1448 3642 1669 3699 videtur
1706 3642 1761 3696 in
1795 3643 2033 3713 speciem
2070 3642 2184 3698 cla-

600 3750 763 3801 rum;
795 3741 998 3790 tantam
1048 3734 1413 3791 nihilominus
1481 3734 1786 3789 claritatem
1819 3733 2080 3790 obscurat
2106 3733 2185 3788 lo-

602 3841 705 3881 cus
734 3827 876 3881 alter
901 3826 1061 3896 longe
1094 3828 1301 3883 certior
1334 3844 1348 3880 :
1378 3825 1571 3882 scribit
1605 3825 1751 3880 enim
1803 3825 2184 3881 Theodoretus

602 3916 777 3972 Nomo
822 3916 1036 3971 consuli
1089 3916 1144 3970 in
1186 3916 1304 3972 haec
1348 3914 1519 3971 verba
1564 3913 1585 3944 ⁵
1620 3931 1633 3967 :
1689 3932 1708 3965 ι
1752 3913 1814 3969 In
1848 3913 2183 3969 monasterio

602 4015 844 4077 tempus,
872 4006 1020 4077 quod
1052 4006 1433 4078 episcOpatum
1457 4005 1758 4077 praecessit,
1800 4021 1926 4061 cum
1966 4006 2184 4078 exegis-

602 4112 748 4163 sem,
785 4096 990 4153 invitus
1044 4096 1338 4167 episcopus
1371 4096 1660 4151 ordinatus
1692 4112 1833 4151 sum.
1876 4096 2066 4152 Annos
2098 4096 2183 4151 vi-

601 4188 736 4260 ginti
763 4189 1008 4273 quinque
1034 4189 1110 4243 ita
1149 4189 1282 4251 vixi,
1318 4196 1379 4244 ut
1409 4205 1591 4260 neque
1620 4190 1675 4244 in
1699 4189 1792 4262 jus
1822 4197 2049 4245 vocatus
2080 4188 2183 4245 sim

601 4296 634 4335 a
668 4296 970 4351 quoquam,
998 4295 1179 4351 neque
1212 4280 1330 4351 ipse
1369 4296 1699 4352 quemquam
1735 4281 2022 4349 vocarim;
2056 4280 2183 4336 nul-

600 4372 691 4427 lus
722 4372 1262 4442 religiosissimorum
1294 4372 1643 4436 clericorum,
1665 4372 1763 4442 qui
1789 4372 1954 4444 249
1967 4388 2182 4428 mecum

602 4462 848 4527 fuerunt,
879 4471 958 4518 tot
982 4462 1144 4517 annis
1173 4462 1471 4518 tribunalia
1501 4461 1890 4533 frcquentavit.
1912 4482 1930 4515 ι
2150 4466 2154 4471 ’

676 4554 740 4609 γ.
767 4553 899 4610 lude
926 4554 1138 4626 liquido
1171 4564 1343 4626 patet,
1376 4555 1639 4611 vicesimo
1674 4556 1870 4626 quinto
1902 4556 2186 4627 episcopa-

602 4654 695 4701 tus
724 4661 870 4700 anno
903 4646 1311 4702 Theodoretum
1353 4647 1457 4703 ista
1511 4648 1756 4704 scribere
1811 4666 1824 4700 :
1876 4666 2004 4705 cum
2053 4665 2187 4719 ergo

603 4738 896 4801 scriberet,
922 4735 1096 4793 Nomo
1125 4740 1473 4796 consulatum
1507 4748 1756 4810 gerente,
1783 4748 1842 4795 et
1883 4748 2007 4811 post
2031 4756 2190 4796 acce-

573 4838 757 4912 ptum
785 4830 854 4885 ab
893 4830 1222 4901 imperatore
1253 4831 1571 4886 mandatum
1597 4846 1655 4887 sc
1685 4831 2005 4888 continendi
2045 4833 2188 4889 intra

603 4922 739 4976 lines
765 4920 1062 4992 Cyrcsticae
1095 4924 1369 4994 regionis;
1412 4939 1650 5001 cumque
1682 4923 1890 4979 Nomus
1929 4926 2187 4981 consula-

602 5021 718 5065 tum
750 5013 983 5081 gesserit
1012 5029 1160 5068 anno
1190 5015 1317 5079 445,
1346 5023 1409 5069 ut
1441 5031 1510 5069 ex
1560 5015 1737 5071 Fastis
1766 5024 2001 5083 constat,
2042 5018 2185 5074 hanc

578 5101 778 5183 ipsam
832 5104 1023 5173 procul
1066 5104 1237 5159 dubio
1267 5105 1653 5162 Theodoretus
1688 5107 1978 5178 epistolam
2032 5110 2187 5166 dedit

603 5207 751 5245 anno
779 5193 921 5259 MS;
950 5210 1061 5263 quo
1101 5210 1168 5249 ex
1216 5210 1487 5251 annorum
1527 5213 1760 5253 numero
1799 5198 1844 5254 si
1896 5200 2188 5256 demantur

602 5280 800 5365 viginti
854 5284 1123 5359 quinque,
1167 5283 1362 5354 reliqui
1413 5296 1580 5340 erunt
1619 5285 1743 5348 420,
1777 5302 1888 5357 quo
1937 5295 2186 5356 tempore

601 5373 891 5428 ordinatus
918 5374 989 5428 sit
1015 5374 1326 5445 episcopus.
2070 5364 2075 5369 i

674 5464 763 5517 Vl.
799 5463 1050 5518 Totidem
1094 5464 1444 5534 pontificatus
1483 5485 1663 5524 annos
1693 5482 1945 5526 numerat
1982 5473 2035 5527 in
2063 5470 2186 5538 epi-

2278 537 2528 600 tempore
2568 531 2792 587 easdem
2837 531 2907 587 de
2951 532 3211 587 mandato
3270 532 3528 602 querelas
3584 531 3839 601 deponit:

2285 639 2303 671 c
2340 622 2612 685 Pontifex,
2643 622 2738 692 qui
2764 623 3146 693 episcopatum
3177 621 3369 691 viginti
3414 621 3659 691 quinque
3696 623 3844 679 annis

2275 713 2465 783 gessit,
2491 721 2549 767 et
2599 713 2917 783 praecedens
2963 720 3181 782 tempus
3226 711 3280 765 in
3312 711 3649 766 monasterio
3677 710 3842 776 duxit,

2277 805 2371 874 qui
2408 820 2513 860 nec
2535 803 2715 859 forum
2752 804 3014 877 iudiciale
3057 802 3427 873 interpellavit
3462 818 3725 873 unquam,
3754 820 3846 860 nec

2277 894 2353 948 ab
2395 895 2509 948 ullo
2547 909 2790 963 unquam
2826 908 2956 948 reus
2997 901 3084 947 est
3116 901 3376 964 peractus
3447 893 3735 948 calumnia:
3779 897 3851 952 fa-

2278 995 2402 1042 ctus
2433 995 2519 1041 est
2544 986 2847 1041 ludibrium
2881 987 2922 1050 ',
2955 995 3064 1041 etc.
3104 1004 3123 1036 ι

2365 1079 2475 1133 V'll.
2505 1079 2775 1148 Equidem
2805 1078 2985 1132 sentio
3010 1077 3189 1146 excipi
3224 1075 3337 1131 duo
3360 1089 3520 1146 posse
3561 1093 3576 1128 :
3603 1074 3845 1140 alterum,

2277 1171 2492 1227 consuli
2532 1171 2755 1241 quidem
2802 1170 3120 1240 inscriptam
3162 1168 3333 1223 fuisse
3377 1168 3701 1239 epistolam,
3747 1184 3845 1224 non

2278 1271 2462 1318 tamen
2508 1262 2602 1333 qui
2669 1271 2800 1316 tunc
2847 1268 2995 1317 esset
3034 1275 3159 1314 cum
3204 1259 3565 1319 scriberetur.
3613 1256 3712 1313 sed
3765 1258 3846 1327 qui

2279 1362 2407 1410 ante
2432 1355 2554 1410 hac
2577 1354 2808 1419 fuisset;
2840 1353 3097 1415 alterum,
3135 1352 3405 1406 incertum
3447 1365 3589 1412 esse,
3624 1350 3748 1419 quis
3774 1350 3849 1404 lo-

2281 1460 2379 1500 cus
2403 1444 2475 1499 sit
2504 1444 2705 1507 verior,
2733 1459 2803 1497 an
2848 1441 2944 1512 qui
2986 1458 3017 1496 a
3064 1440 3301 1496 Baronio
3345 1438 3620 1495 adductus
3650 1447 3754 1497 est.
3787 1454 3849 1492 an

2280 1538 2375 1608 qui
2406 1536 2695 1607 Oppositus
2726 1553 2739 1588 :
2768 1534 2814 1589 si
2838 1535 2987 1588 enim
3025 1531 3325 1604 pugnantia
3359 1530 3744 1585 Theodoretus
3777 1529 3853 1584 di-

2280 1638 2389 1696 cat,
2411 1647 2477 1685 ex
2501 1630 2673 1700 ipsius
2696 1627 3028 1683 testimoniis
3052 1626 3189 1680 nihil
3211 1624 3438 1680 omnino
3455 1624 3592 1679 certi
3622 1622 3675 1677 iu
3697 1623 3851 1678 alter-

2283 1732 2464 1777 utram
2498 1729 2711 1792 partem
2738 1719 2933 1776 conﬁci
2970 1720 3169 1773 merito
3203 1725 3408 1787 potest.

2355 1816 2490 1870 Vlll.
2529 1815 2727 1869 Verum
2770 1828 2933 1868 nemo
2976 1812 3217 1883 primum
3252 1809 3386 1865 illud
3431 1807 3735 1879 exceperit,
3763 1808 3850 1877 qui

2282 1902 2941 1971 Theodoretumlegerit:
2980 1900 3121 1955 solet
3176 1898 3323 1953 enim
3356 1913 3474 1963 eos,
3500 1897 3704 1967 quibus
3741 1898 3849 1967 epi-

2280 1994 2450 2048 stolas
2500 1993 2774 2057 inscribit,
2815 2007 3068 2055 suorum,
3108 2006 3230 2061 qua:
3263 1998 3396 2045 tunc
3427 1997 3707 2060 gererent,
3737 2004 3850 2043 mu.-

2278 2099 2476 2139 nerum
2509 2083 2735 2137 nomine
2785 2082 3072 2154 insignire.
3124 2081 3217 2136 Sic
3264 2080 3516 2136 Anatolio
3567 2081 3851 2150 septimum

2278 2176 2496 2243 scribit,
2533 2191 2639 2231 nec
2680 2183 2862 2230 tamen
2900 2173 3070 2228 semel
3118 2172 3403 2228 consulem
3439 2172 3703 2242 appellat,
3740 2186 3853 2226 cum

2278 2278 2463 2324 tamen
2498 2268 2844 2323 consulatum
2873 2266 3133 2337 gessisset
3156 2280 3303 2319 anno
3324 2264 3449 2319 MO.
3502 2263 3592 2318 Sic
3635 2262 3852 2318 Floren-

2283 2361 2441 2422 tium.
2470 2359 2565 2431 qui
2604 2374 2751 2414 anno
2782 2358 2913 2423 429,
2958 2366 3014 2413 et
3059 2357 3406 2421 Senatorem,
3442 2356 3538 2425 qui
3577 2372 3725 2409 anno
3760 2354 3857 2408 456

2280 2452 2537 2507 consules
2568 2449 2808 2514 fuerant,
2851 2448 3109 2503 consules
3136 2462 3247 2501 non
3276 2455 3478 2511 vocat;
3516 2444 3612 2499 sed
3647 2453 3852 2499 utrum-

2280 2556 2389 2611 que
2428 2539 2697 2594 duntaxat
2737 2538 3033 2610 patricium
3083 2555 3096 2590 :
3161 2535 3431 2590 ambobus
3498 2545 3682 2589 tamen
3743 2542 3855 2605 post

2279 2643 2494 2704 gestum
2539 2632 2888 2688 consulatum
2923 2628 3224 2687 scribebat.
3273 2627 3413 2696 Quia
3465 2643 3598 2683 vero
3654 2625 3854 2681 Zenoni

2280 2738 2447 2796 atque
2480 2725 2692 2780 Avieno
2715 2725 2736 2756 ⁸
2765 2724 2918 2779 misit
2942 2725 3175 2788 litteras,
3210 2736 3322 2792 quo
3347 2736 3493 2775 anno
3519 2720 3854 2774 consulatum

2280 2824 2554 2882 tenerent,
2594 2815 2687 2870 ille
2726 2829 2874 2870 anno
2900 2814 3029 2880 448,
3069 2813 3174 2868 iste
3217 2826 3361 2866 anno
3401 2810 3527 2876 450,
3567 2817 3855 2878 utrumque

2281 2909 2565 2965 consulem
2605 2907 2875 2964 nominat.
2918 2906 3155 2962 Nomum
3198 2903 3364 2976 igitur
3391 2902 3677 2958 consulem
3706 2900 3854 2960 dixit.

2280 3001 2542 3072 quoniam
2569 3015 2658 3065 eo,
2675 3015 2788 3070 quo
2812 2999 3115 3063 scribebat,
3144 3011 3288 3051 anno
3307 2994 3493 3066 reipsa
3519 2993 3717 3048 consul
3742 2991 3854 3046 fuit.

2204 3114 2250 3175 ρ
2283 3094 2392 3150 Sed
2435 3108 2561 3150 cum
2608 3092 2677 3147 ad
2735 3090 3104 3148 recensendas
3134 3088 3394 3160 epistolas
3428 3086 3856 3157 pervenerimus,

2281 3185 2507 3242 Baronii
2556 3182 3034 3247 emendationem,
3077 3196 3181 3253 pro
3238 3178 3466 3235 consule
3519 3177 3859 3232 consularem

2284 3278 2536 3351 legentis,
2572 3277 2864 3333 evidenter
2893 3274 3231 3340 refellemus,
3261 3271 3678 3344 pugnantiaque
3713 3270 3860 3325 locu-

2285 3382 2377 3429 tus
2394 3371 2695 3429 cardinalis
2714 3368 3209 3427 demonstrabitur.

2348 3464 2441 3519 IX.
2476 3464 2597 3520 Iam
2633 3479 2769 3518 vero
2813 3462 3047 3518 alterum
3089 3459 3228 3515 dilui
3275 3458 3438 3514 facile
3486 3463 3712 3529 potest:
3745 3468 3864 3511 nam

2283 3555 2725 3627 quotiescunque
2769 3561 3016 3624 pugnant
3070 3550 3177 3606 loci
3224 3549 3337 3605 duo
3377 3548 3545 3604 unius
3582 3546 3863 3627 auctoris,

2284 3623 2594 3717 praesertim
2637 3623 2732 3699 ubi
2768 3623 2837 3699 de
2876 3642 3126 3697 numeris
3172 3642 3374 3712 agitur,
3423 3640 3481 3695 in
3512 3623 3724 3708 quib'us
3764 3635 3867 3692 fre-

2283 3752 2463 3809 quens
2490 3744 2580 3792 est
2605 3737 2816 3806 lapsus;
2848 3732 3176 3789 retinendus
3203 3732 3296 3787 ille
3326 3730 3556 3786 omnino
3580 3738 3668 3785 est
3698 3729 3868 3788 locus,

2285 3828 2380 3899 qui
2420 3834 2477 3883 et
2520 3826 2914 3884 consonantior
2964 3826 3038 3880 sit
3080 3824 3224 3889 aliis,
3273 3822 3456 3894 quoad
3501 3838 3770 3883 sensum.
3819 3829 3873 3876 et

2285 3920 2471 3975 minus
2500 3918 2702 3976 debeat
2732 3933 2856 3973 esse
2882 3925 3206 3987 suspectus,
3234 3924 3292 3971 et
3330 3930 3443 3969 non
3484 3915 3559 3969 ita
3592 3913 3760 3969 facile
3798 3912 3875 3965 vi-

2288 4012 2415 4066 tiari
2440 4011 2709 4082 potuerit.
2735 4009 2902 4079 Atqui
2933 4017 3181 4079 pugnant
3222 4009 3326 4063 loci
3366 4008 3478 4063 duo
3520 4023 3652 4063 mox
3682 4006 3868 4064 allati:

2286 4104 2382 4174 qui
2409 4118 2543 4158 vero
2569 4118 2640 4158 ex
2667 4101 2898 4172 epistola
2932 4100 2991 4155 8|
3049 4100 3352 4171 productus
3393 4108 3499 4164 est,
3536 4099 3712 4155 habet
3758 4100 3871 4154 h:ee

2289 4195 2395 4251 tria
2442 4210 2567 4265 qua:
2634 4193 2772 4258 dixi,
2814 4208 2928 4248 non
2968 4192 3136 4247 habet
3192 4192 3334 4246 alter
3388 4209 3402 4245 :
3440 4191 3532 4246 ille
3579 4192 3753 4263 igitur
3790 4188 3872 4245 isti

2286 4288 2671 4360 praeferendus
2696 4298 2803 4342 est.

2353 4378 2520 4449 250
2558 4377 2627 4432 X.
2666 4376 2824 4443 Quod
2868 4386 3051 4432 autem
3091 4376 3247 4432 locus
3275 4375 3524 4447 epistola:
3565 4374 3629 4430 81
3675 4374 3875 4430 habeat

2215 4451 2261 4505 Ῑ)
2291 4469 2410 4524 ιιωο
2443 4469 2571 4534 tria,
2597 4483 2666 4523 ex
2693 4484 2761 4524 eo
2784 4478 3022 4533 constat,
3063 4468 3211 4538 quod
3240 4469 3422 4538 primo
3451 4475 3725 4523 consonet
3762 4466 3877 4537 cpi-

2293 4563 2450 4619 stola:
2479 4561 2735 4618 secunda:
2752 4561 2823 4616 ad
2853 4562 3180 4617 Dioscorum
3200 4562 3242 4627 ⁷,
3272 4561 3326 4615 in
3353 4577 3460 4631 qua
3492 4560 3663 4615 refert
3696 4560 3876 4614 Theo-

2292 4653 2546 4717 doretus,
2592 4669 2651 4708 se
2691 4653 2950 4731 docuisse
2986 4651 3314 4714 Antiochiae,
3372 4651 3564 4722 utique
3606 4667 3739 4706 cum
3768 4653 3875 4721 jam

2293 4744 2482 4800 foret‘
2512 4743 2830 4815 episcopus,
2874 4759 2970 4799 sex
3011 4759 3187 4797 annos
3218 4741 3513 4797 continuos
3556 4742 3663 4798 sub
3696 4742 3877 4797 Theo-

2295 4836 2449 4903 doto,
2474 4836 2737 4892 tredecim
2774 4835 2877 4891 sub
2904 4835 3114 4891 Joanne
3136 4833 3407 4889 Theodoti
3435 4847 3762 4888 successore
3782 4873 3796 4897 ,
3829 4837 3884 4885 et

2291 4928 2510 4993 Domni,
2555 4927 2651 4998 qui
2693 4928 2959 4983 Joannem
2996 4926 3235 4996 excepit,
3269 4925 3566 4997 septimum
3610 4925 3727 4995 jam
3762 4937 3883 4977 esse

2293 5036 2521 5086 annum,
2561 5034 2689 5075 cum
2728 5018 3016 5073 scriberet.
3060 5017 3199 5072 Cum
3244 5032 3375 5088 ergo
3411 5015 3740 5072 Theodotus
3775 5013 3884 5068 vita

2291 5113 2596 5169 excesserit
2635 5127 2780 5167 anno
2822 5112 2950 5178 427,
2991 5118 3054 5166 ut
3093 5108 3262 5167 tradit
3289 5109 3678 5165 Theodoretus
3705 5108 3752 5172 ⁸,
3784 5122 3885 5160 nc-

2293 5217 2447 5258 cesse
2478 5211 2564 5256 est
2604 5209 2669 5257 ut
2705 5200 2903 5256 docere
2958 5200 3189 5271 cmperit
3236 5216 3382 5255 anno
3405 5199 3493 5254 vel
3526 5198 3631 5253 4:20
3671 5197 3784 5253 sub
3826 5196 3890 5250 fi-

2292 5310 2441 5358 nem,
2496 5293 2583 5348 vcl
2635 5292 2863 5346 ineunte
2913 5292 3037 5346 4⁸21.
3096 5290 3484 5361 Episcopatum
3535 5287 3712 5359 igitur
3760 5286 3884 5342 iniit

2291 5397 2438 5438 anno
2477 5381 2581 5436 420
2608 5390 2702 5436 aut
2734 5381 2830 5435 421
2880 5381 3122 5435 ineunte.

2310 5488 2318 5496 '
2362 5473 2433 5528 XI
2484 5473 2716 5537 Deinde,
2763 5472 2911 5543 quod
2959 5471 3103 5526 idem
3145 5469 3302 5525 locus
3332 5484 3443 5525 non
3468 5468 3651 5541 possit
3673 5468 3881 5525 merito

1978 5627 2289 5684 SCHUtlll
2328 5623 2560 5683 ΝΟΤΑἰ.

680 5698 695 5794 ξ
734 5708 969 5794 βρίειη]
990 5715 1093 5794 t3._
1119 5720 1166 5794 ᾗ
1195 5715 1365 5789 Epist.
1402 5721 1516 5773 116.
1578 5723 1616 5794 7³
1644 5722 1745 5794 Pro
1777 5722 2009 5776 Barnnio
2030 5723 2239 5794 militat
2272 5724 2434 5777 etiam
2473 5722 2626 5794 locus
2651 5737 2717 5776 ex
2741 5720 2902 5794 epist.
2940 5721 3056 5776 ll6.
3135 5722 3156 5753 ⁸
3180 5724 3351 5794 Epist.
3375 5723 3461 5779 Si.
3539 5725 3559 5756 ³
3581 5722 3766 5793 Epist.
3793 5719 3885 5779 80.

605 5782 628 5813 ‘
660 5781 871 5837 Avieno.
901 5786 1009 5841 Sed
1046 5789 1169 5867 vide
1200 5781 1350 5859 supr.
1389 5808 1442 5861 p.
1490 5793 1612 5855 19$,
1659 5793 1830 5846 schol.
1890 5794 1937 5845 l.

2020 5793 2036 5821 ⁷
2064 5792 2235 5863 Epist.
2266 5796 2352 5849 83.
2430 5794 2451 5825 ⁸
2472 5792 2610 5847 Hist.
2644 5793 2768 5847 εει-Ι.
2801 5793 2838 5846 l.
2867 5809 2921 5860 v,
2951 5808 3069 5862 cap.
3101 5793 3199 5848 ult.
