4070 6472
564 430 670 492 203

1676 435 2054 496 GAliNERIl
2093 437 2587 500 DISSERTATIO
2620 443 2701 501 ll.

3704 459 3798 523 2M

632 543 720 598 llI.
758 542 814 596 ln
870 556 1019 595 suam
1064 542 1378 612 opinionem
1422 544 1689 597 Baronius
1744 546 2015 600 abductus
2052 554 2137 598 est
2169 554 2208 607 Α
2241 550 2661 618 septuagenario
2688 551 2847 622 longe
2884 555 3075 625 major,
3106 554 3318 611 litteras
3348 574 3378 612 a
3425 558 3628 631 Cyrillo
3658 566 3800 625 datas

570 631 777 686 mutuis
824 632 987 685 Attici
1032 632 1098 685 ad
1145 631 1444 703 Cyrillum,
1477 641 1533 686 et
1561 632 1749 703 Cyrilli
1794 634 1861 688 ad
1892 636 2134 689 Atticum

564 721 787 787 litteris,
833 738 968 792 quas
1004 723 1351 792 Nicephorus
1394 723 1653 779 Callistus
1693 725 1861 780 refert
1901 744 1912 777 :
1957 726 2013 781 in
2044 726 2136 781 “iis

564 814 709 867 enim
730 813 951 867 videtur
978 814 1186 868 mentio
1220 815 1338 868 fieri
1367 816 1659 869 Alexandri
1686 817 1835 870 velut
1865 816 2133 883 defuncti,

561 918 614 959 et.
636 904 904 959 Theodoti
932 914 1190 975 tanquam
1207 906 1461 961 viventis.
1485 905 1622 961 Cum
1642 920 1771 977 ergo
1793 907 1892 962 has
1920 908 2136 963 litteras

562 995 827 1050 Baronius
858 996 1095 1066 scriptas
1115 1006 1272 1065 putet
1296 1013 1442 1052 anno
1470 999 1595 1063 412,
1629 1014 1739 1069 quo
1771 1014 1917 1053 anno
1939 1000 2133 1054 sedere

559 1086 727 1156 coepit
771 1086 1027 1159 Cyrillus,
1087 1104 1312 1143 necesse
1362 1097 1447 1143 est
1492 1097 1552 1143 ut
1593 1089 1939 1145 Theodotum
1986 1092 2134 1145 dicat

559 1190 684 1232 ante
725 1178 989 1249 Cyrillum
1027 1193 1137 1233 uno
1190 1181 1382 1234 saltem
1424 1196 1571 1235 anno
1607 1180 1839 1246 sedisse,
1869 1190 2032 1251 atque
2059 1184 2133 1236 ita

558 1268 831 1322 sexdecim
860 1283 1036 1322 annos
1074 1269 1429 1323 Antiochense
1460 1270 1720 1325 Ecclesiae
1740 1270 2046 1340 praefuisse,
2078 1282 2133 1326 ct

556 1358 792 1429 proinde
822 1367 936 1413 tres
958 1367 1171 1413 tantum
1195 1359 1588 1414 Alexandrum.

621 1450 710 1505 IV.
761 1450 819 1505 Si
862 1449 1270 1504 Theodoretum
1315 1450 1694 1521 Cyrillumque
1751 1449 2028 1513 audimus,
2071 1460 2130 1504 ut

554 1550 705 1595 certe
747 1556 844 1611 par
883 1550 989 1605 est,
1038 1540 1353 1596 refellemus
1378 1541 1556 1610 primo
1588 1540 1957 1611 Nicephorum
1979 1540 2126 1595 Con-

553 1629 1125 1700 stantinopolitanum,
1179 1636 1419 1699 quatuor
1467 1636 1682 1682 tantum
1737 1642 1910 1681 annos
1943 1627 2127 1681 Theo-

554 1720 685 1776 doto
711 1723 1016 1777 tradentem
1047 1738 1060 1774 :
1097 1720 1480 1775 Theodorctus
1511 1721 1658 1775 enim
1690 1734 1784 1774 sex
1819 1734 1994 1774 annos
2022 1720 2131 1773 sal-

552 1822 661 1867 tem
696 1813 980 1868 Theodoto
1004 1813 1266 1883 assignat,
1297 1825 1421 1865 eum
1472 1812 1575 1865 sub
1607 1826 1674 1866 eo
1715 1827 1811 1867 sex
1862 1825 1920 1864 se
1959 1826 2132 1866 annos

2238 651 2357 690 esse
2388 647 2606 706 oportet
2624 656 2769 694 anno
2785 642 3007 697 circiter
3027 644 3152 709 419,
3177 661 3286 715 quo
3310 656 3553 718 tempore
3582 651 3799 712 Aeacius

2237 731 2358 776 erat
2372 722 2487 778 fere
2507 729 2923 808 octogenarius;
2957 731 3035 785 sic
3056 733 3204 786 enim
3228 736 3499 792 aestimare
3519 754 3800 808 possumus

2238 814 2411 879 ipsius
2432 814 2618 869 vitam.

2307 903 2399 998 IX.
2427 905 2725 963 Ordinatus
2760 918 2845 964 est
2873 910 2942 967 ab
2970 911 3212 971 Eusebio
3248 916 3640 987 Samosatensi,
3678 940 3796 998 syn-

2237 995 2329 1049 odi
2390 998 2745 1055 Antioehenze
2782 1003 2983 1074 legato,
3014 1021 3159 1062 anno
3182 1009 3307 1075 578,
3348 1020 3443 1065 aut
3480 1016 3661 1083 potius
3681 995 3799 1082 379,

2237 1096 2527 1157 postquam
2556 1102 2612 1145 ct
2640 1106 2699 1147 se
2730 1099 3031 1152 monastica
3058 1099 3169 1154 vita
3217 1100 3310 1156 diu
3356 1107 3710 1172 exercuisset,
3748 1123 3800 1164 et

2237 1192 2352 1231 rem
2421 1180 2749 1236 catholicam
2809 1186 3073 1244 adversus
3128 1190 3360 1246 Arianos
3412 1197 3629 1266 egregie
3684 1214 3801 1254 cum

2236 1270 2545 1326 sanctitatis
2586 1273 2720 1328 viris
2750 1281 3136 1345 promovisset.
3213 1282 3345 1337 Erat
3376 1283 3545 1355 igitur
3572 1289 3804 1358 quadra-

2234 1359 2383 1429 ginta
2415 1363 2606 1418 saltem
2647 1381 2820 1421 annos
2849 1380 3029 1435 natus,
3064 1389 3186 1427 eum
3233 1375 3522 1432 ordinatus
3548 1388 3665 1446 est;
3705 1381 3803 1437 fuit

2234 1450 2383 1505 enim
2445 1454 2539 1508 diu
2574 1458 2881 1531 presbyter,
2937 1472 3231 1533 antequam
3273 1468 3565 1539 episcopus
3621 1488 3634 1524 :
3682 1489 3798 1543 quae

2232 1541 2380 1595 enim
2404 1544 2583 1599 minor
2631 1557 2762 1603 tetas
2820 1552 2987 1607 tantis
3035 1554 3201 1609 rebus
3253 1573 3352 1626 par
3400 1561 3579 1615 esset?
3628 1541 3803 1628 Quare

2233 1648 2380 1690 anno
2406 1638 2509 1692 419
2532 1639 2623 1694 vix
2646 1647 3001 1715 octogenario
3040 1648 3222 1703 minor
3271 1650 3396 1716 fuit,
3431 1661 3672 1725 tuncque
3698 1654 3800 1711 dici

2232 1729 2413 1798 potuit
2456 1732 2526 1786 ad
2556 1743 2859 1791 extremam
2914 1749 3253 1796 senectutem
3306 1746 3643 1814 pervenisse.
3675 1746 3804 1818 Opi-

2233 1834 2336 1872 nor
2352 1821 2521 1891 igitur
2549 1824 2763 1881 litteras
2785 1827 2974 1899 Cyrilli
3006 1846 3037 1885 a
3069 1832 3384 1903 Nicephoro
3428 1835 3656 1893 Callisto
3678 1856 3802 1910 pro-

551 1905 803 1961 docuisse
842 1905 1151 1960 Antiochiae
1188 1903 1391 1959 referat
1439 1904 1499 1958 in
1549 1903 1746 1958 litteris
1786 1902 1855 1957 ad
1896 1903 2125 1958 Diosco-
2161 1895 2201 1952 Β
2233 1909 2391 1978 latas,
2421 1915 2439 1933 '
2472 1916 2751 1985 pertinere
2782 1895 2850 1974 ad
2901 1938 3106 1977 annum
3152 1895 3373 1982 circiter
3407 1928 3531 1993 420,
3573 1895 3807 1986 mentio-

551 2013 693 2052 rum.

620 2088 684 2144 V.
719 2086 1053 2142 Befellemus
1097 2087 1298 2143 deinde
1339 2086 1656 2148 Baronium,
1690 2096 1910 2142 mutuas
1956 2085 2123 2141 Attici

546 2189 604 2235 et
622 2178 809 2251 Cyrilli
835 2177 1067 2243 litteras,
1099 2179 1155 2233 in
1173 2179 1375 2249 quibus
1399 2179 1459 2232 [it
1479 2178 1685 2233 mentio
1715 2178 1991 2234 Theodoti
2008 2178 2121 2248 jam

549 2272 813 2336 sedentis,
847 2271 1166 2341 opinantem
1207 2270 1362 2325 datas
1392 2284 1537 2324 anno
1569 2270 1694 2335 M2,
1737 2285 1848 2340 quo
1885 2269 2123 2340 Cyrillus

547 2365 835 2419 ordinatus
872 2372 958 2418 est
995 2379 1008 2415 :
1056 2362 1343 2417 ruinosum
1387 2362 1532 2416 enim
1580 2371 1665 2416 est
1698 2361 2121 2417 fundamentum

548 2469 659 2525 quo
686 2460 794 2508 tota
827 2453 1000 2522 ipsius
1040 2451 1108 2506 de
1134 2451 1291 2505 annis
1323 2449 1591 2504 Theodoti
1618 2451 1806 2519 opinio
1845 2449 2119 2504 innititur.

549 2544 682 2598 Nam
735 2543 1116 2598 Theodoretus
1150 2542 1312 2596 docet
1344 2539 1718 2596 Alexandrum
1763 2540 2123 2594 Antiochenaz

547 2635 809 2690 Ecclesiae
834 2634 1296 2703 aliquotempore,
1320 2647 1430 2702 quo
1463 2631 1699 2703 Cyrillus
1721 2630 2119 2695 Alexandrinae,

547 2726 830 2798 praefuisse
877 2744 890 2780 :
943 2744 962 2777 ‹
1020 2726 1100 2779 Eo
1152 2733 1399 2794 tempore
1425 2722 1783 2800 Alexandriae
1828 2721 2122 2790 episcopus

544 2818 781 2890 Cyrlllus
803 2816 1238 2886 erat,The0phili
1265 2816 1453 2870 fratris
1475 2814 1640 2879 filius,
1655 2813 1840 2885 patrui
1858 2814 1912 2866 in
1930 2812 2121 2867 cathe-

545 2907 643 2961 dra
674 2921 975 2962 successor.
1013 2905 1518 2976 Hierosolymitanze
1544 2918 1674 2958 vero
1702 2902 1961 2958 Ecclesiae
1980 2918 2118 2972 prae-

543 3011 663 3054 erat
685 3000 923 3055 Joannes
946 3000 1030 3053 vir
1060 2998 1371 3064 laudabilis,
1397 2997 1491 3067 qui
1524 2996 1728 3069 Cyrillo
1756 3008 2117 3052 successerat.

542 3092 917 3146 Antiochenos
936 3090 1197 3160 pascebat
1214 3089 1539 3151 Alexander,
1559 3090 1717 3159 cujus
1742 3089 1867 3142 vitae
1895 3088 2119 3140 institu-

543 3182 621 3236 tio
647 3182 987 3252 episcopatui
1013 3180 1352 3252 congruebat
1372 3181 1435 3233 ¹¹.
1452 3200 1469 3229 ι
1495 3179 1748 3234 Nondum
1785 3179 1952 3248 igitur
1973 3192 2118 3231 anno

2232 2016 2467 2074 nemque
2490 2005 2546 2059 in
2572 2006 2641 2062 iis
2668 2006 2787 2062 ﬁeri
2807 2009 3099 2077 Theodoti,
3121 2014 3233 2085 jam
3259 2030 3429 2070 unum
3451 2026 3546 2072 aut
3570 2019 3804 2075 alterum

2232 2105 2437 2146 annum
2468 2094 2525 2148 in
2551 2096 2868 2167 episcopatu
2907 2100 3135 2170 agentis.

2303 2181 2371 2236 X.
2402 2183 2693 2241 Stabilitur
2733 2188 2921 2245 isthzee
2950 2192 3136 2260 opinio
3195 2194 3519 2251 auctoritate
3549 2196 3809 2255 Theodo-

2232 2273 2355 2339 reti,
2386 2276 2662 2332 narrantis
2686 2279 2818 2348 quid
2840 2282 3003 2350 paulo
3024 2292 3148 2338 ante
3178 2295 3409 2341 mortem
3431 2291 3809 2346 sanctissimus

2232 2366 2537 2422 monachus
2584 2368 2731 2424 Zeno
2781 2374 2956 2441 egerit
3007 2390 3133 2429 cum
3177 2376 3487 2433 Alexandro
3550 2382 3810 2453 episeopo

2229 2449 2579 2520 Antiochiae;
2634 2455 2689 2510 id
2739 2459 2886 2512 enim
2935 2478 3043 2516 non
3094 2464 3530 2535 improbabilitcr
3580 2449 3809 2542 contigit

2230 2542 2416 2609 plures
2452 2554 2577 2614 post
2602 2562 2794 2616 annos,
2819 2567 2984 2620 quam
3012 2554 3284 2612 Zenonem
3318 2559 3703 2619 Theodoretus
3732 2564 3811 2619 in-

2230 2633 2388 2699 visit;
2418 2637 2754 2695 invisitvero
2781 2658 2926 2698 anno
2951 2644 3073 2700 408.

2302 2727 2392 2782 XI.
2442 2730 2674 2787 Accedit
2718 2735 2867 2790 aliud
2912 2738 3189 2808 opinionis
3250 2741 3675 2801 fundamentum
3749 2764 3814 2801 ex

2229 2818 2428 2875 litteris
2464 2822 2630 2878 Attici
2659 2824 2728 2879 ad
2778 2826 3064 2898 Cyrillum,
3116 2846 3183 2884 ex
3230 2833 3430 2901 quibus
3489 2835 3637 2891 idem
3681 2838 3815 2891 satis

2228 2917 2417 2977 aperte
2444 2913 2797 2973 concluditur
2848 2935 2861 2970 :
2908 2920 3076 2973 refert
3104 2920 3252 2974 enim
3307 2923 3522 2979 Atticus
3557 2941 3643 2992 se,
3686 2944 3811 2982 cum

2229 3001 2491 3069 populum
2525 3005 2681 3060 urbis
2726 3008 2888 3078 regite
2916 3012 3250 3066 commoveri
3292 3024 3566 3082 cerneret,
3602 3019 3812 3072 tumul-

2228 3098 2398 3160 tuque
2431 3094 2729 3165 elllagitare
2774 3107 2833 3152 ut
2864 3100 3034 3155 sacris
3058 3101 3331 3173 diptychis
3358 3120 3557 3161 nomen
3583 3107 3817 3163 Joannis

2227 3180 2645 3249 inscriberetur,
2684 3186 3072 3257 imperatorem
3105 3192 3329 3258 adiisse,
3357 3203 3417 3248 ut
3446 3208 3513 3248 ex
3539 3211 3612 3251 eo
3635 3196 3817 3253 resci-

543 3275 648 3329 412
680 3246 1000 3329 Theodotus
1050 3246 1172 3329 erat
1208 3272 1521 3342 episcopus,
1563 3271 1768 3341 alioqui
1819 3246 2194 3324 AlexanderC
2227 3283 2312 3329 ret
2365 3275 2499 3344 quid
2545 3276 2689 3334 facto
2732 3291 2881 3336 esset
2930 3298 3100 3352 opus;
3166 3294 3222 3339 et
3271 3286 3668 3356 imperatorem
3724 3306 3821 3345 re-

544 3383 653 3422 non
676 3374 819 3422 esset
857 3365 1182 3430 recensitus,
1217 3364 1314 3420 sed
1341 3363 1666 3419 Theodotus
1696 3380 1709 3417 :
1740 3378 1909 3433 quare
1944 3362 2124 3417 detra—

543 3459 760 3515 hendus
784 3468 870 3513 est
901 3473 1044 3512 unus
1072 3466 1167 3510 aut
1196 3456 1336 3510 alter
1371 3455 1568 3511 saltem
1609 3468 1789 3508 annus
1813 3468 1882 3507 ex
1905 3468 2121 3507 summa

541 3550 778 3615 Baronii,
805 3565 910 3620 qua
940 3548 1282 3603 detractione
1310 3546 1642 3601 discobaaret
1691 3545 1866 3615 ipsius
1894 3544 2116 3599 ratioci-

541 3644 714 3697 nium.

602 3737 691 3791 Vl.
732 3736 807 3790 Ex
832 3732 1027 3790 eodem
1060 3734 1183 3788 loco
1216 3730 1535 3796 conﬁcitur,
1576 3731 1784 3802 aliquot
1809 3732 1991 3789 adhuc
2019 3733 2118 3789 de-

540 3828 840 3886 trahendos
895 3845 907 3880 :
966 3842 1092 3880 nam
1138 3823 1458 3879 Theodotus
1495 3838 1605 3878 non
1656 3824 1861 3879 dicitur
1908 3825 2118 3880 sedisse

540 3920 733 3975 eodem
770 3928 1020 3987 tempore
1038 3914 1365 3978 Antiochiae,
1396 3928 1505 3983 quo
1537 3912 1778 3968 Joannes
1802 3912 2119 3985 Hierosoly-

540 4012 645 4067 mis
674 4029 687 4064 :
722 4010 916 4065 sedere
959 4008 1126 4079 igitur
1163 4006 1350 4076 coepit,
1382 4012 1441 4059 ut
1471 4021 1635 4075 quam
1665 4005 1941 4069 ocissime,
1972 4021 2117 4061 anno

540 4104 643 4157 416
660 4104 771 4170 jam
799 4100 1016 4155 affecto.
1051 4082 1505 4167 Quandoquidem
1546 4094 1788 4150 Joannes
1821 4094 2116 4152 defunctus

537 4204 621 4250 est
651 4193 844 4247 eodem
889 4190 1048 4261 253
1092 4189 1211 4259 ipso
1268 4204 1414 4244 anno
1442 4187 1547 4241 416
1576 4226 1590 4252 ,
1623 4185 1950 4242 detrahendi
1985 4195 2115 4242 sunt

538 4285 704 4356 igitur
739 4291 849 4336 tres
875 4281 1056 4335 adhuc
1079 4280 1230 4334 anni.

609 4376 716 4429 VII.
747 4374 950 4429 Verum
975 4372 1346 4428 detrahendos
1370 4370 1539 4425 etiam
1572 4368 1760 4437 plures
1801 4368 1998 4425 suadet
2026 4369 2111 4439 ip-

537 4476 711 4522 semet
741 4465 998 4537 Cyrillus,
1034 4464 1127 4535 qui
1160 4473 1312 4527 tunc,
1348 4476 1474 4515 cum
1505 4459 1777 4514 scriberet
1800 4460 2002 4525 Attico,
2042 4461 2109 4514 ad

2224 3366 2532 3434 spondisse,
2566 3389 2582 3420 ι
2620 3370 2758 3425 nihil
2805 3388 2927 3428 esse
2967 3376 3198 3444 periculi
3246 3388 3340 3433 aut
3369 3378 3736 3446 incommodi,
3772 3382 3819 3437 si

2224 3456 2470 3513 defuncti
2498 3460 2603 3515 viri
2626 3478 2851 3529 nomen,
2885 3467 3318 3535 tranquillitatis,
3350 3470 3499 3539 pacis
3524 3479 3583 3524 et
3617 3471 3821 3542 populi

2223 3548 2531 3604 concordia:
2560 3553 2756 3621 gratia,
2785 3554 2987 3609 tabulis
3018 3557 3436 3613 inscriberetur.
3472 3579 3490 3611 ›
3527 3561 3600 3616 At
3637 3561 3689 3617 si
3715 3563 3819 3616 da-

2224 3647 2496 3696 taeessent
2540 3642 2737 3699 litterae
2783 3662 2928 3701 anno
2968 3648 3147 3717 primo
3174 3646 3385 3721 Cyrilli,
3436 3651 3492 3705 id
3539 3661 3633 3710 est
3665 3668 3825 3709 anno

2220 3728 2345 3795 H2,
2404 3731 2684 3787 fatendum
2734 3745 2880 3790 esset
2910 3738 3087 3800 datas.
3130 3755 3254 3795 cum
3306 3742 3399 3796 vix
3441 3742 3819 3799 undecimum

2220 3836 2425 3875 annum
2473 3824 2745 3894 attigisset
2787 3826 3109 3898 imperator,
3148 3847 3255 3900 qua
3312 3839 3472 3888 aetate
3532 3849 3683 3903 puer
3713 3850 3826 3889 nec

2218 3910 2431 3964 consuli
2456 3911 2616 3977 solet,
2642 3928 2744 3968 nec
2768 3914 2834 3969 de
2855 3917 3020 3972 rebus
3051 3920 3217 3973 tantis
3241 3921 3593 3990 respondere.
3621 3925 3829 3979 Potuit

2218 4014 2349 4054 vero
2372 3999 2715 4057 Theodosius
2741 4012 2799 4059 et
2829 4008 3040 4061 consuli
3074 4016 3130 4063 et
3151 4010 3507 4079 respondere,
3542 4013 3729 4087 254
3770 4014 3824 4070 si

2216 4094 2545 4148 sententiam
2580 4104 2804 4166 rogatus
2825 4106 2910 4153 est
2932 4114 3078 4154 anno
3129 4100 3252 4168 420,
3279 4100 3481 4172 quippe
3523 4104 3629 4173 qui
3682 4114 3831 4162 tunc

2214 4191 2360 4237 esset
2387 4185 2764 4241 novemdecim
2794 4203 3081 4243 annorum.

2284 4273 2403 4329 XII.
2429 4274 2571 4340 Quin
2601 4276 2769 4331 etiam
2802 4277 3014 4334 Atticus
3043 4281 3113 4335 ita
3161 4292 3351 4339 narrat
3394 4282 3715 4342 Alexandri
3768 4289 3831 4343 in

2215 4364 2351 4419 urbe
2386 4367 2556 4445 regia,
2589 4368 2929 4424 etTheodoti
2971 4371 3026 4425 in
3048 4371 3392 4429 Antiochena
3415 4374 3680 4443 civitate,
3718 4396 3832 4450 pro

2210 4453 2420 4509 Joanne
2449 4454 2838 4527 Chrysostomo
2872 4459 2928 4514 in
2964 4462 3177 4517 tabulas
3210 4465 3622 4523 ecclesiasticas
3666 4471 3836 4525 inter

536 4566 834 4613 extremam
869 4563 1209 4611 senectutem
1254 4551 1572 4623 pervenisse
1605 4550 1797 4605 scribit
1848 4550 2108 4605 Acacium
2146 4574 2185 4625 υ
2214 4545 2505 4615 episc0pos
2539 4547 2849 4616 referendo,
2878 4567 2968 4607 res
3002 4564 3202 4623 gestas,
3230 4564 3290 4609 ut
3321 4556 3543 4628 longum
3579 4568 3836 4631 tempus

538 4650 882 4705 Berteenscm
905 4646 1245 4717 episcopum.
1281 4662 1297 4693 ‹
1324 4640 1546 4709 Accepi,
1572 4641 1669 4705 ait,
1699 4648 1756 4693 et
1774 4654 1876 4707 ego
1908 4656 1938 4693 a
1994 4639 2108 4694 Deo

535 4738 932 4804 amantissimo,
964 4736 1058 4808 qui
1081 4735 1148 4790 ad
1172 4743 1472 4790 extremam
1497 4739 1835 4785 senectutem
1861 4730 2114 4800 pervenit

536 4830 788 4893 feliciter,
817 4828 1039 4890 Acacio,
1070 4827 1303 4887 litteras,
1340 4824 1393 4877 in
1419 4823 1623 4892 quibus
1656 4829 1951 4879 asseverat.
1985 4822 2115 4876 reli-

534 4919 900 4987 giosissimum
932 4911 1579 4976 Alitioeltiaa,atitistiteni
1616 4909 1669 4962 vi
1693 4920 1943 4963 coactum
1989 4926 2110 4965 esse

533 5030 562 5066 ει
595 5009 948 5082 quibusdam,
982 5014 1043 5060 ut
1074 5004 1300 5059 Joannis
1324 5001 1644 5056 memoriam
1673 5000 1976 5056 celebraret
2005 5004 2097 5054 ¹².›

536 5098 696 5170 Atqui
741 5099 785 5154 si
827 5094 1107 5151 scribebat
1152 5107 1296 5147 anno
1325 5091 1449 5155 412,
1504 5091 1652 5145 nulla
1684 5091 1895 5147 ratione
1917 5092 2103 5150 dicere

535 5197 748 5259 poterat
769 5188 836 5242 ad
859 5193 1162 5240 extremam
1189 5189 1531 5239 senectutem
1578 5183 1895 5252 pervenisse
1949 5201 2101 5252 eum,

533 5281 624 5348 qui
664 5278 848 5333 adhuc
897 5274 1090 5346 viginti
1135 5290 1229 5329 sex
1267 5289 1442 5328 annos
1470 5272 1847 5344 episcopatum
1894 5276 2103 5331 tenuit:

531 5370 713 5424 tenuit
742 5380 874 5420 vero
906 5366 1158 5431 Aeacius,
1186 5374 1246 5419 ut
1272 5364 1367 5435 qui
1387 5364 1589 5420 obierit
1618 5380 1763 5421 anno
1785 5366 1908 5422 456.

606 5458 737 5513 VIII.
766 5455 903 5511 Cum
932 5472 1062 5526 ergo
1081 5465 1380 5511 extremam
1413 5462 1754 5511 senectutem
1786 5472 1953 5512 nemo
1977 5456 2106 5512 atti-

474 5554 483 5563 ‘
533 5548 677 5617 gisse
704 5546 811 5601 diei
836 5547 1025 5611 soleat,
1051 5547 1157 5603 nisi
1188 5546 1283 5617 qui
1305 5546 1378 5601 sit
1408 5547 1813 5617 octogenarius,
1843 5558 1939 5603 aut
1958 5556 2108 5604 certe

2213 4636 2357 4690 inter
2378 4639 2665 4709 utriusque
2676 4650 2797 4697 acta
2813 4642 3190 4702 intercessisse
3211 4649 3495 4704 ostendat:
3514 4658 3839 4720 quomodo

2212 4741 2343 4782 vero
2374 4729 2796 4798 intercessisset,
2838 4735 2884 4789 si
2908 4736 3216 4795 Alexander
3254 4756 3458 4809 paucos
3479 4758 3676 4800 annos
3701 4747 3839 4817 epi-

2212 4830 2498 4890 scopatum
2539 4825 2829 4890 tenuisset,
2872 4836 2929 4883 et
2962 4829 3279 4886 Theodotus
3319 4833 3431 4903 jam
3482 4843 3604 4889 tum
3664 4855 3841 4896 anno

2212 4912 2309 4966 411
2339 4915 2714 4982 successisset,
2753 4925 2810 4971 et
2842 4933 2907 4972 ea
2960 4921 3237 4991 gessisset,
3268 4939 3391 4993 quae
3441 4924 3681 4983 Atticus
3740 4946 3842 4985 re-

2213 5000 2353 5056 fert?

2283 5094 2422 5150 Xlll.
2468 5095 2767 5154 Occasione
2806 5115 2974 5170 porro
3017 5101 3325 5158 litteratum
3385 5104 3553 5161 Attici
3609 5110 3844 5167 obser-

2208 5186 2449 5241 vandum
2504 5197 2591 5243 est
2656 5188 2839 5244 Acacii
2916 5191 3195 5263 ingenium
3276 5196 3506 5266 tempori
3577 5205 3847 5260 servire

2207 5286 2569 5347 promptum:
2620 5279 2814 5335 videns
2854 5283 3000 5336 enim
3042 5284 3413 5342 Alexandrum
3459 5304 3635 5344 suum
3706 5297 3849 5364 pri-

2206 5376 2430 5431 matem,
2457 5384 2580 5422 cum
2610 5386 2906 5440 rapessens
2943 5375 3319 5445 episcopatum
3371 5394 3480 5434 sure
3527 5379 3681 5437 fidei
3728 5386 3853 5441 lit-

2207 5468 2352 5514 teras
2386 5460 2613 5515 Roman:
2658 5468 2725 5517 de
2773 5480 2924 5519 more
2972 5464 3256 5533 mitteret,
3311 5470 3496 5525 favere
3558 5471 3845 5541 Joanni,

2208 5549 2376 5619 idque
2404 5566 2618 5609 summo
2649 5556 2894 5623 pontiﬁci
2928 5556 3309 5624 testari,dedit
3344 5568 3401 5616 ct
3424 5560 3538 5632 ipse
3599 5566 3695 5622 ad
3738 5568 3851 5625 ln-

1885 5705 2206 5761 SCHULZII
2243 5707 2476 5765 ΝΟΤᾸΞ.

604 5839 645 5872 ⁸³
672 5839 789 5895 Vid.
833 5840 971 5898 Hist.
1011 5842 1139 5900 ccci.
1175 5842 1273 5901 lib.
1299 5858 1353 5910 v,
1386 5856 1505 5913 cap.
1541 5841 1628 5899 35.
1710 5843 1750 5874 ¹²
1776 5839 1897 5899 Vid.
1957 5839 2143 5914 Cyrilli
2185 5846 2346 5916 epist.
2389 5845 2454 5902 ad
2495 5844 2751 5901 Atticum.

4005 424 4011 473 .1

4004 538 4012 573 1
