  <div class='ocr_page' id='page_1' title='image "/cluster/home/n/w/nwhite01/storage/ocr_20150623/84:no.5/coo.31924054869858/110.png"; bbox 0 0 2035 3228; ppageno 0'>
   <div class='ocr_carea' id='block_1_1' title="bbox 145 208 958 251">
    <p class='ocr_par' dir='ltr' id='par_1_1' title="bbox 145 212 958 246">
     <span class='ocr_line' id='line_1_1' title="bbox 145 212 958 246; baseline -0.007 0"><span class='ocrx_word' id='word_1_1' title='bbox 145 213 205 246; x_wconf 71' lang='grc'><strong>21³5</strong></span> <span class='ocrx_word' id='word_1_2' title='bbox 737 212 786 241; x_wconf 89' lang='lat' dir='ltr'><strong>DE</strong></span> <span class='ocrx_word' id='word_1_3' title='bbox 807 212 933 242; x_wconf 72' lang='lat' dir='ltr'><strong>LIBRIS</strong></span> <span class='ocrx_word' id='word_1_4' title='bbox 948 212 958 240; x_wconf 80' lang='grc'><strong>⁷]</strong></span> 
     </span>
    </p>
   </div>
   <div class='ocr_carea' id='block_1_2' title="bbox 1006 208 1781 251">
    <p class='ocr_par' dir='ltr' id='par_1_2' title="bbox 1006 208 1781 251">
     <span class='ocr_line' id='line_1_2' title="bbox 1006 208 1781 251; baseline -0.003 -11"><span class='ocrx_word' id='word_1_5' title='bbox 1006 210 1201 240; x_wconf 81' lang='lat' dir='ltr'><strong>EODORETI.</strong></span> <span class='ocrx_word' id='word_1_6' title='bbox 1248 249 1250 251; x_wconf 90' lang='lat'><em>_</em></span> <span class='ocrx_word' id='word_1_7' title='bbox 1729 208 1781 239; x_wconf 75' lang='grc'><strong>206</strong></span> 
     </span>
    </p>
   </div>
   <div class='ocr_carea' id='block_1_3' title="bbox 147 263 1780 302">
    <p class='ocr_par' dir='ltr' id='par_1_3' title="bbox 147 263 1780 302">
     <span class='ocr_line' id='line_1_3' title="bbox 147 263 1780 302; baseline -0.005 -5"><span class='ocrx_word' id='word_1_8' title='bbox 147 267 315 298; x_wconf 72' lang='lat' dir='ltr'><strong>nocentium</strong></span> <span class='ocrx_word' id='word_1_9' title='bbox 329 274 428 302; x_wconf 77' lang='lat' dir='ltr'><strong>papam</strong></span> <span class='ocrx_word' id='word_1_10' title='bbox 441 266 549 294; x_wconf 80' lang='lat' dir='ltr'><strong>litteras</strong></span> <span class='ocrx_word' id='word_1_11' title='bbox 571 266 599 293; x_wconf 90' lang='lat' dir='ltr'><strong>in</strong></span> <span class='ocrx_word' id='word_1_12' title='bbox 621 267 747 293; x_wconf 83' lang='lat' dir='ltr'><strong>eamdem</strong></span> <span class='ocrx_word' id='word_1_13' title='bbox 761 266 944 298; x_wconf 86' lang='lat' dir='ltr'><strong>sententiam,</strong></span> <span class='ocrx_word' id='word_1_14' title='bbox 960 268 984 296; x_wconf 78' lang='grc' dir='ltr'>Α</span> <span class='ocrx_word' id='word_1_15' title='bbox 998 273 1040 292; x_wconf 90' lang='lat' dir='ltr'><strong>me</strong></span> <span class='ocrx_word' id='word_1_16' title='bbox 1053 273 1102 299; x_wconf 90' lang='lat' dir='ltr'><strong>per</strong></span> <span class='ocrx_word' id='word_1_17' title='bbox 1124 265 1245 291; x_wconf 82' lang='lat' dir='ltr'><strong>divinam</strong></span> <span class='ocrx_word' id='word_1_18' title='bbox 1263 263 1389 298; x_wconf 77' lang='lat' dir='ltr'><strong>gratiam,</strong></span> <span class='ocrx_word' id='word_1_19' title='bbox 1414 267 1470 290; x_wconf 87' lang='lat' dir='ltr'><strong>tum</strong></span> <span class='ocrx_word' id='word_1_20' title='bbox 1496 263 1646 298; x_wconf 85' lang='lat' dir='ltr'><strong>apostolica</strong></span> <span class='ocrx_word' id='word_1_21' title='bbox 1669 264 1780 297; x_wconf 73' lang='lat' dir='ltr'><strong>Scripta,</strong></span> 
     </span>
    </p>
   </div>
   <div class='ocr_carea' id='block_1_4' title="bbox 147 311 943 348">
    <p class='ocr_par' dir='ltr' id='par_1_4' title="bbox 147 311 943 348">
     <span class='ocr_line' id='line_1_4' title="bbox 147 311 943 348; baseline -0.005 -7"><span class='ocrx_word' id='word_1_22' title='bbox 147 319 315 348; x_wconf 72' lang='lat' dir='ltr'><strong>quanquam</strong></span> <span class='ocrx_word' id='word_1_23' title='bbox 327 319 393 347; x_wconf 76' lang='lat' dir='ltr'><strong>erga</strong></span> <span class='ocrx_word' id='word_1_24' title='bbox 412 311 574 338; x_wconf 79' lang='lat' dir='ltr'><strong>defunctum</strong></span> <span class='ocrx_word' id='word_1_25' title='bbox 597 311 689 338; x_wconf 86' lang='lat' dir='ltr'><strong>animo</strong></span> <span class='ocrx_word' id='word_1_26' title='bbox 715 311 820 337; x_wconf 83' lang='lat' dir='ltr'><strong>foveret</strong></span> <span class='ocrx_word' id='word_1_27' title='bbox 838 311 943 342; x_wconf 84' lang='lat' dir='ltr'><strong>odium,</strong></span> 
     </span>
    </p>
   </div>
   <div class='ocr_carea' id='block_1_5' title="bbox 149 356 636 394">
    <p class='ocr_par' dir='ltr' id='par_1_5' title="bbox 149 356 636 394">
     <span class='ocr_line' id='line_1_5' title="bbox 149 356 636 394; baseline -0.01 -7"><span class='ocrx_word' id='word_1_28' title='bbox 149 367 207 394; x_wconf 78' lang='lat' dir='ltr'><strong>quo</strong></span> <span class='ocrx_word' id='word_1_29' title='bbox 221 359 315 394; x_wconf 80' lang='lat' dir='ltr'><strong>palam</strong></span> <span class='ocrx_word' id='word_1_30' title='bbox 331 361 477 386; x_wconf 74' lang='lat' dir='ltr'><strong>exarserat</strong></span> <span class='ocrx_word' id='word_1_31' title='bbox 491 357 519 384; x_wconf 92' lang='lat' dir='ltr'><strong>in</strong></span> <span class='ocrx_word' id='word_1_32' title='bbox 531 356 636 383; x_wconf 86' lang='lat' dir='ltr'><strong>vivum.</strong></span> 
     </span>
    </p>
   </div>
   <div class='ocr_carea' id='block_1_6' title="bbox 459 421 625 450">
    <p class='ocr_par' dir='ltr' id='par_1_6' title="bbox 459 421 625 450">
     <span class='ocr_line' id='line_1_6' title="bbox 459 421 625 450; baseline -0.012 0"><span class='ocrx_word' id='word_1_33' title='bbox 459 422 572 450; x_wconf 78' lang='lat' dir='ltr'><strong>CAPUT</strong></span> <span class='ocrx_word' id='word_1_34' title='bbox 593 421 625 449; x_wconf 91' lang='lat' dir='ltr'><strong>ll.</strong></span> 
     </span>
    </p>
   </div>
   <div class='ocr_carea' id='block_1_7' title="bbox 151 466 946 506">
    <p class='ocr_par' dir='ltr' id='par_1_7' title="bbox 151 466 946 506">
     <span class='ocr_line' id='line_1_7' title="bbox 151 466 946 506; baseline -0.011 -6"><span class='ocrx_word' id='word_1_35' title='bbox 151 472 203 506; x_wconf 71' lang='lat' dir='ltr'><strong>Qui</strong></span> <span class='ocrx_word' id='word_1_36' title='bbox 221 474 343 499; x_wconf 70' lang='lat' dir='ltr'><strong>veterum</strong></span> <span class='ocrx_word' id='word_1_37' title='bbox 376 469 538 506; x_wconf 69' lang='lat' dir='ltr'><strong>scriptorum</strong></span> <span class='ocrx_word' id='word_1_38' title='bbox 578 468 756 494; x_wconf 80' lang='lat' dir='ltr'><strong>reccnsttert&#39;nt</strong></span> <span class='ocrx_word' id='word_1_39' title='bbox 793 466 946 493; x_wconf 73' lang='lat' dir='ltr'><strong>Theodoreti</strong></span> 
     </span>
    </p>
   </div>
   <div class='ocr_carea' id='block_1_8' title="bbox 510 510 599 538">
    <p class='ocr_par' dir='ltr' id='par_1_8' title="bbox 510 510 599 538">
     <span class='ocr_line' id='line_1_8' title="bbox 510 510 599 538; baseline -0.011 -8"><span class='ocrx_word' id='word_1_40' title='bbox 510 510 599 538; x_wconf 76' lang='lat' dir='ltr'><strong>opera.</strong></span> 
     </span>
    </p>
   </div>
   <div class='ocr_carea' id='block_1_9' title="bbox 185 560 945 596">
    <p class='ocr_par' dir='ltr' id='par_1_9' title="bbox 185 560 945 596">
     <span class='ocr_line' id='line_1_9' title="bbox 185 560 945 596; baseline -0.009 -6"><span class='ocrx_word' id='word_1_41' title='bbox 185 561 305 590; x_wconf 68' lang='lat' dir='ltr'><strong>Veteres</strong></span> <span class='ocrx_word' id='word_1_42' title='bbox 318 561 392 593; x_wconf 85' lang='lat' dir='ltr'><strong>dico,</strong></span> <span class='ocrx_word' id='word_1_43' title='bbox 414 560 539 596; x_wconf 87' lang='lat' dir='ltr'><strong>quiante</strong></span> <span class='ocrx_word' id='word_1_44' title='bbox 562 563 687 586; x_wconf 85' lang='lat' dir='ltr'><strong>nostrum</strong></span> <span class='ocrx_word' id='word_1_45' title='bbox 720 561 884 593; x_wconf 77' lang='lat' dir='ltr'><strong>patrumque</strong></span> <span class='ocrx_word' id='word_1_46' title='bbox 898 565 945 584; x_wconf 67' lang='lat' dir='ltr'><strong>sce-</strong></span> 
     </span>
    </p>
   </div>
   <div class='ocr_carea' id='block_1_10' title="bbox 149 602 946 643">
    <p class='ocr_par' dir='ltr' id='par_1_10' title="bbox 149 602 946 643">
     <span class='ocr_line' id='line_1_10' title="bbox 149 602 946 643; baseline -0.011 -6"><span class='ocrx_word' id='word_1_47' title='bbox 149 605 246 637; x_wconf 75' lang='lat' dir='ltr'><strong>culum</strong></span> <span class='ocrx_word' id='word_1_48' title='bbox 256 607 431 643; x_wconf 78' lang='lat' dir='ltr'><strong>scripserunt</strong></span> <span class='ocrx_word' id='word_1_49' title='bbox 444 604 632 640; x_wconf 81' lang='lat' dir='ltr'><strong>:scripserunt</strong></span> <span class='ocrx_word' id='word_1_50' title='bbox 641 604 661 619; x_wconf 80' lang='grc'><strong>¹³</strong></span> <span class='ocrx_word' id='word_1_51' title='bbox 670 612 745 635; x_wconf 84' lang='lat' dir='ltr'><strong>vero,</strong></span> <span class='ocrx_word' id='word_1_52' title='bbox 754 603 826 638; x_wconf 88' lang='lat' dir='ltr'><strong>quod</strong></span> <span class='ocrx_word' id='word_1_53' title='bbox 835 602 946 638; x_wconf 83' lang='lat' dir='ltr'><strong>quidem</strong></span> 
     </span>
    </p>
   </div>
   <div class='ocr_carea' id='block_1_11' title="bbox 150 648 948 690">
    <p class='ocr_par' dir='ltr' id='par_1_11' title="bbox 150 648 948 690">
     <span class='ocr_line' id='line_1_11' title="bbox 150 648 948 690; baseline -0.01 -7"><span class='ocrx_word' id='word_1_54' title='bbox 150 655 250 687; x_wconf 69' lang='lat' dir='ltr'><strong>sciam.</strong></span> <span class='ocrx_word' id='word_1_55' title='bbox 265 654 316 682; x_wconf 81' lang='lat' dir='ltr'><strong>soli</strong></span> <span class='ocrx_word' id='word_1_56' title='bbox 329 653 463 690; x_wconf 81' lang='lat' dir='ltr'><strong>quinque,</strong></span> <span class='ocrx_word' id='word_1_57' title='bbox 477 651 668 679; x_wconf 86' lang='lat' dir='ltr'><strong>’l&#39;heodoretus</strong></span> <span class='ocrx_word' id='word_1_58' title='bbox 679 650 737 684; x_wconf 84' lang='lat' dir='ltr'><strong>ipse</strong></span> <span class='ocrx_word' id='word_1_59' title='bbox 751 669 759 681; x_wconf 87' lang='lat'><strong>,</strong></span> <span class='ocrx_word' id='word_1_60' title='bbox 790 648 948 676; x_wconf 88' lang='lat' dir='ltr'><strong>Gennadius</strong></span> 
     </span>
    </p>
   </div>
   <div class='ocr_carea' id='block_1_12' title="bbox 149 694 948 736">
    <p class='ocr_par' dir='ltr' id='par_1_12' title="bbox 149 694 948 736">
     <span class='ocr_line' id='line_1_12' title="bbox 149 694 948 736; baseline -0.01 -8"><span class='ocrx_word' id='word_1_61' title='bbox 149 700 251 736; x_wconf 75' lang='lat' dir='ltr'><strong>qnin</strong></span> <span class='ocrx_word' id='word_1_62' title='bbox 266 698 379 731; x_wconf 69' lang='lat' dir='ltr'><strong>mulo,</strong></span> <span class='ocrx_word' id='word_1_63' title='bbox 405 697 522 725; x_wconf 89' lang='lat' dir='ltr'><strong>Photius</strong></span> <span class='ocrx_word' id='word_1_64' title='bbox 538 703 621 728; x_wconf 90' lang='lat' dir='ltr'><strong>nono,</strong></span> <span class='ocrx_word' id='word_1_65' title='bbox 638 695 808 729; x_wconf 84' lang='lat' dir='ltr'><strong>Nieephorus</strong></span> <span class='ocrx_word' id='word_1_66' title='bbox 820 694 948 721; x_wconf 71' lang='lat' dir='ltr'><strong>Callistus</strong></span> 
     </span>
    </p>
   </div>
   <div class='ocr_carea' id='block_1_13' title="bbox 150 738 816 789">
    <p class='ocr_par' dir='ltr' id='par_1_13' title="bbox 150 738 816 789">
     <span class='ocr_line' id='line_1_13' title="bbox 150 738 816 789; baseline -0.012 -17"><span class='ocrx_word' id='word_1_67' title='bbox 150 738 391 789; x_wconf 57' lang='lat' dir='ltr'><strong>deeimqquarto,</strong></span> <span class='ocrx_word' id='word_1_68' title='bbox 405 740 579 769; x_wconf 84' lang='lat' dir='ltr'><strong>Hebed—Jesu</strong></span> <span class='ocrx_word' id='word_1_69' title='bbox 590 739 699 767; x_wconf 86' lang='lat' dir='ltr'><strong>decimo</strong></span> <span class='ocrx_word' id='word_1_70' title='bbox 709 738 816 773; x_wconf 90' lang='lat' dir='ltr'><strong>quinto.</strong></span> 
     </span>
    </p>
   </div>
   <div class='ocr_carea' id='block_1_14' title="bbox 234 796 692 833">
    <p class='ocr_par' dir='ltr' id='par_1_14' title="bbox 234 796 692 833">
     <span class='ocr_line' id='line_1_14' title="bbox 234 796 692 833; baseline -0.013 -6"><span class='ocrx_word' id='word_1_71' title='bbox 234 820 240 830; x_wconf 90' lang='lat'><strong>.</strong></span> <span class='ocrx_word' id='word_1_72' title='bbox 248 816 276 829; x_wconf 52' lang='grc' dir='ltr'><strong>..κ</strong></span> <span class='ocrx_word' id='word_1_73' title='bbox 441 797 456 833; x_wconf 82' lang='lat'><strong>§</strong></span> <span class='ocrx_word' id='word_1_74' title='bbox 469 797 489 825; x_wconf 90' lang='lat' dir='ltr'><strong>l.</strong></span> <span class='ocrx_word' id='word_1_75' title='bbox 507 796 692 823; x_wconf 75' lang='lat' dir='ltr'><strong>Tlteodoretus.</strong></span> 
     </span>
    </p>
   </div>
   <div class='ocr_carea' id='block_1_15' title="bbox 194 849 949 883">
    <p class='ocr_par' dir='ltr' id='par_1_15' title="bbox 194 849 949 883">
     <span class='ocr_line' id='line_1_15' title="bbox 194 849 949 883; baseline -0.009 -2"><span class='ocrx_word' id='word_1_76' title='bbox 194 853 221 881; x_wconf 64' lang='lat' dir='ltr'><strong>I‘J</strong></span> <span class='ocrx_word' id='word_1_77' title='bbox 228 852 329 882; x_wconf 61' lang='lat' dir='ltr'><strong>Mt</strong></span> <span class='ocrx_word' id='word_1_78' title='bbox 341 851 535 879; x_wconf 85' lang='lat' dir='ltr'><strong>Theodoretus</strong></span> <span class='ocrx_word' id='word_1_79' title='bbox 556 857 668 877; x_wconf 89' lang='lat' dir='ltr'><strong>suorum</strong></span> <span class='ocrx_word' id='word_1_80' title='bbox 683 849 818 876; x_wconf 87' lang='lat' dir='ltr'><strong>librorum</strong></span> <span class='ocrx_word' id='word_1_81' title='bbox 831 853 949 883; x_wconf 91' lang='lat' dir='ltr'><strong>quatuor</strong></span> 
     </span>
    </p>
   </div>
   <div class='ocr_carea' id='block_1_16' title="bbox 159 893 948 931">
    <p class='ocr_par' dir='ltr' id='par_1_16' title="bbox 159 893 948 931">
     <span class='ocr_line' id='line_1_16' title="bbox 159 893 948 931; baseline -0.011 -3"><span class='ocrx_word' id='word_1_82' title='bbox 159 897 447 931; x_wconf 51' lang='lat' dir='ltr'><strong>“mendosum,</strong></span> <span class='ocrx_word' id='word_1_83' title='bbox 462 895 544 922; x_wconf 82' lang='lat' dir='ltr'><strong>modo</strong></span> <span class='ocrx_word' id='word_1_84' title='bbox 558 894 731 928; x_wconf 78' lang='lat' dir='ltr'><strong>ampliorem,</strong></span> <span class='ocrx_word' id='word_1_85' title='bbox 746 893 827 920; x_wconf 88' lang='lat' dir='ltr'><strong>modo</strong></span> <span class='ocrx_word' id='word_1_86' title='bbox 839 893 948 920; x_wconf 86' lang='lat' dir='ltr'><strong>brevio-</strong></span> 
     </span>
    </p>
   </div>
   <div class='ocr_carea' id='block_1_17' title="bbox 996 309 1782 346">
    <p class='ocr_par' dir='ltr' id='par_1_17' title="bbox 996 309 1782 346">
     <span class='ocr_line' id='line_1_17' title="bbox 996 309 1782 346; baseline -0.004 -8"><span class='ocrx_word' id='word_1_87' title='bbox 996 316 1053 338; x_wconf 88' lang='lat' dir='ltr'><strong>tum</strong></span> <span class='ocrx_word' id='word_1_88' title='bbox 1079 311 1241 346; x_wconf 87' lang='lat' dir='ltr'><strong>prophetica</strong></span> <span class='ocrx_word' id='word_1_89' title='bbox 1258 310 1369 337; x_wconf 83' lang='lat' dir='ltr'><strong>oracula</strong></span> <span class='ocrx_word' id='word_1_90' title='bbox 1393 319 1399 336; x_wconf 88' lang='lat'>:</span> <span class='ocrx_word' id='word_1_91' title='bbox 1424 314 1452 336; x_wconf 90' lang='lat' dir='ltr'><strong>et</strong></span> <span class='ocrx_word' id='word_1_92' title='bbox 1478 309 1557 337; x_wconf 80' lang='lat' dir='ltr'><strong>facile</strong></span> <span class='ocrx_word' id='word_1_93' title='bbox 1575 313 1618 336; x_wconf 83' lang='lat' dir='ltr'><strong>est</strong></span> <span class='ocrx_word' id='word_1_94' title='bbox 1630 317 1662 336; x_wconf 73' lang='lat' dir='ltr'><strong>ex</strong></span> <span class='ocrx_word' id='word_1_95' title='bbox 1676 309 1719 336; x_wconf 89' lang='lat' dir='ltr'><strong>his</strong></span> <span class='ocrx_word' id='word_1_96' title='bbox 1738 317 1782 336; x_wconf 88' lang='lat' dir='ltr'><strong>co-</strong></span> 
     </span>
    </p>
   </div>
   <div class='ocr_carea' id='block_1_18' title="bbox 995 354 1782 391">
    <p class='ocr_par' dir='ltr' id='par_1_18' title="bbox 995 354 1782 391">
     <span class='ocr_line' id='line_1_18' title="bbox 995 354 1782 391; baseline -0.004 -8"><span class='ocrx_word' id='word_1_97' title='bbox 995 364 1125 391; x_wconf 81' lang='lat' dir='ltr'><strong>gnoscere</strong></span> <span class='ocrx_word' id='word_1_98' title='bbox 1148 365 1181 383; x_wconf 86' lang='lat' dir='ltr'><strong>an</strong></span> <span class='ocrx_word' id='word_1_99' title='bbox 1193 356 1318 383; x_wconf 85' lang='lat' dir='ltr'><strong>stabilem</strong></span> <span class='ocrx_word' id='word_1_100' title='bbox 1333 355 1394 383; x_wconf 83' lang='lat' dir='ltr'><strong>ﬁdei</strong></span> <span class='ocrx_word' id='word_1_101' title='bbox 1407 356 1528 390; x_wconf 80' lang='lat' dir='ltr'><strong>regulam</strong></span> <span class='ocrx_word' id='word_1_102' title='bbox 1542 355 1686 386; x_wconf 90' lang='lat' dir='ltr'><strong>servarim,</strong></span> <span class='ocrx_word' id='word_1_103' title='bbox 1699 362 1732 381; x_wconf 85' lang='lat' dir='ltr'><strong>an</strong></span> <span class='ocrx_word' id='word_1_104' title='bbox 1748 354 1782 380; x_wconf 87' lang='lat' dir='ltr'><strong>ab</strong></span> 
     </span>
    </p>
   </div>
   <div class='ocr_carea' id='block_1_19' title="bbox 995 401 1449 436">
    <p class='ocr_par' dir='ltr' id='par_1_19' title="bbox 995 401 1449 436">
     <span class='ocr_line' id='line_1_19' title="bbox 995 401 1449 436; baseline -0.004 -8"><span class='ocrx_word' id='word_1_105' title='bbox 995 403 1054 436; x_wconf 79' lang='lat' dir='ltr'><strong>ejus</strong></span> <span class='ocrx_word' id='word_1_106' title='bbox 1071 401 1234 428; x_wconf 83' lang='lat' dir='ltr'><strong>rectitudine</strong></span> <span class='ocrx_word' id='word_1_107' title='bbox 1251 401 1419 427; x_wconf 83' lang='lat' dir='ltr'><strong>deﬂexerim.</strong></span> <span class='ocrx_word' id='word_1_108' title='bbox 1442 410 1449 426; x_wconf 68' lang='grc' dir='ltr'>ι</span> 
     </span>
    </p>
   </div>
   <div class='ocr_carea' id='block_1_20' title="bbox 1031 445 1784 482">
    <p class='ocr_par' dir='ltr' id='par_1_20' title="bbox 1031 445 1784 482">
     <span class='ocr_line' id='line_1_20' title="bbox 1031 445 1784 482; baseline -0.004 -8"><span class='ocrx_word' id='word_1_109' title='bbox 1031 448 1074 474; x_wconf 83' lang='lat' dir='ltr'><strong>IV.</strong></span> <span class='ocrx_word' id='word_1_110' title='bbox 1088 447 1175 482; x_wconf 91' lang='lat' dir='ltr'><strong>Epist.</strong></span> <span class='ocrx_word' id='word_1_111' title='bbox 1195 447 1255 478; x_wconf 85' lang='grc'><strong>116,</strong></span> <span class='ocrx_word' id='word_1_112' title='bbox 1268 447 1301 473; x_wconf 90' lang='lat' dir='ltr'><strong>ad</strong></span> <span class='ocrx_word' id='word_1_113' title='bbox 1315 447 1450 473; x_wconf 66' lang='lat' dir='ltr'><strong>[ie-natum</strong></span> <span class='ocrx_word' id='word_1_114' title='bbox 1470 446 1661 481; x_wconf 72' lang='lat' dir='ltr'><strong>presbyterum</strong></span> <span class='ocrx_word' id='word_1_115' title='bbox 1675 454 1681 472; x_wconf 90' lang='lat'><strong>:</strong></span> <span class='ocrx_word' id='word_1_116' title='bbox 1702 454 1710 470; x_wconf 74' lang='grc' dir='ltr'>ι</span> <span class='ocrx_word' id='word_1_117' title='bbox 1727 445 1784 472; x_wconf 83' lang='lat' dir='ltr'><strong>Ro-</strong></span> 
     </span>
    </p>
   </div>
   <div class='ocr_carea' id='block_1_21' title="bbox 996 490 1783 528">
    <p class='ocr_par' dir='ltr' id='par_1_21' title="bbox 996 490 1783 528">
     <span class='ocr_line' id='line_1_21' title="bbox 996 490 1783 528; baseline -0.005 -8"><span class='ocrx_word' id='word_1_118' title='bbox 996 501 1092 528; x_wconf 80' lang='lat' dir='ltr'><strong>gamus</strong></span> <span class='ocrx_word' id='word_1_119' title='bbox 1112 498 1141 520; x_wconf 90' lang='lat' dir='ltr'><strong>ut</strong></span> <span class='ocrx_word' id='word_1_120' title='bbox 1154 492 1289 527; x_wconf 85' lang='lat' dir='ltr'><strong>judicium</strong></span> <span class='ocrx_word' id='word_1_121' title='bbox 1305 500 1337 519; x_wconf 79' lang='lat' dir='ltr'><strong>ex</strong></span> <span class='ocrx_word' id='word_1_122' title='bbox 1352 492 1460 528; x_wconf 76' lang='lat' dir='ltr'><strong>scriptis</strong></span> <span class='ocrx_word' id='word_1_123' title='bbox 1480 492 1671 518; x_wconf 79' lang='lat' dir='ltr'><strong>constituatur.</strong></span> <span class='ocrx_word' id='word_1_124' title='bbox 1686 490 1783 517; x_wconf 87' lang='lat' dir='ltr'><strong>Libros</strong></span> 
     </span>
    </p>
   </div>
   <div class='ocr_carea' id='block_1_22' title="bbox 996 527 1781 572">
    <p class='ocr_par' dir='ltr' id='par_1_22' title="bbox 996 527 1781 572">
     <span class='ocr_line' id='line_1_22' title="bbox 996 527 1781 572; baseline -0.004 -7"><span class='ocrx_word' id='word_1_125' title='bbox 996 538 1069 565; x_wconf 91' lang='lat' dir='ltr'><strong>enim</strong></span> <span class='ocrx_word' id='word_1_126' title='bbox 1087 538 1183 572; x_wconf 82' lang='lat' dir='ltr'><strong>scripsi</strong></span> <span class='ocrx_word' id='word_1_127' title='bbox 1205 536 1322 571; x_wconf 83' lang='lat' dir='ltr'><strong>amplius</strong></span> <span class='ocrx_word' id='word_1_128' title='bbox 1352 527 1462 570; x_wconf 68' lang='lat' dir='ltr'><strong>triginta</strong></span> <span class='ocrx_word' id='word_1_129' title='bbox 1480 536 1612 563; x_wconf 76' lang='lat' dir='ltr'><strong>adversus</strong></span> <span class='ocrx_word' id='word_1_130' title='bbox 1638 535 1734 563; x_wconf 78' lang='lat' dir='ltr'><strong>Arium</strong></span> <span class='ocrx_word' id='word_1_131' title='bbox 1757 540 1781 561; x_wconf 90' lang='lat' dir='ltr'><strong>el</strong></span> 
     </span>
    </p>
   </div>
   <div class='ocr_carea' id='block_1_23' title="bbox 998 580 1784 614">
    <p class='ocr_par' dir='ltr' id='par_1_23' title="bbox 998 580 1784 614">
     <span class='ocr_line' id='line_1_23' title="bbox 998 580 1784 614; baseline -0.004 -5"><span class='ocrx_word' id='word_1_132' title='bbox 998 583 1173 614; x_wconf 86' lang='lat' dir='ltr'><strong>Eunomium,</strong></span> <span class='ocrx_word' id='word_1_133' title='bbox 1188 582 1320 609; x_wconf 79' lang='lat' dir='ltr'><strong>adversus</strong></span> <span class='ocrx_word' id='word_1_134' title='bbox 1337 581 1514 612; x_wconf 83' lang='lat' dir='ltr'><strong>Marciouem,</strong></span> <span class='ocrx_word' id='word_1_135' title='bbox 1539 581 1671 607; x_wconf 85' lang='lat' dir='ltr'><strong>adversus</strong></span> <span class='ocrx_word' id='word_1_136' title='bbox 1695 580 1784 606; x_wconf 84' lang='lat' dir='ltr'><strong>Mace-</strong></span> 
     </span>
    </p>
   </div>
   <div class='ocr_carea' id='block_1_24' title="bbox 997 626 1785 662">
    <p class='ocr_par' dir='ltr' id='par_1_24' title="bbox 997 626 1785 662">
     <span class='ocr_line' id='line_1_24' title="bbox 997 626 1785 662; baseline -0.004 -7"><span class='ocrx_word' id='word_1_137' title='bbox 997 629 1121 659; x_wconf 78' lang='lat' dir='ltr'><strong>donium.</strong></span> <span class='ocrx_word' id='word_1_138' title='bbox 1133 628 1265 654; x_wconf 77' lang='lat' dir='ltr'><strong>adversus</strong></span> <span class='ocrx_word' id='word_1_139' title='bbox 1276 627 1400 662; x_wconf 77' lang='lat' dir='ltr'><strong>gentiles,</strong></span> <span class='ocrx_word' id='word_1_140' title='bbox 1415 627 1547 653; x_wconf 75' lang='lat' dir='ltr'><strong>adversus</strong></span> <span class='ocrx_word' id='word_1_141' title='bbox 1565 626 1674 653; x_wconf 68' lang='lat' dir='ltr'><strong>Iudaeos</strong></span> <span class='ocrx_word' id='word_1_142' title='bbox 1683 634 1690 657; x_wconf 86' lang='lat'>;</span> <span class='ocrx_word' id='word_1_143' title='bbox 1700 626 1785 652; x_wconf 85' lang='lat' dir='ltr'><strong>inter-</strong></span> 
     </span>
    </p>
   </div>
   <div class='ocr_carea' id='block_1_25' title="bbox 998 671 1786 709">
    <p class='ocr_par' dir='ltr' id='par_1_25' title="bbox 998 671 1786 709">
     <span class='ocr_line' id='line_1_25' title="bbox 998 671 1786 709; baseline -0.003 -9"><span class='ocrx_word' id='word_1_144' title='bbox 998 679 1121 709; x_wconf 86' lang='lat' dir='ltr'><strong>pretatus</strong></span> <span class='ocrx_word' id='word_1_145' title='bbox 1135 682 1196 701; x_wconf 86' lang='lat' dir='ltr'><strong>sunt</strong></span> <span class='ocrx_word' id='word_1_146' title='bbox 1220 681 1329 708; x_wconf 86' lang='lat' dir='ltr'><strong>quoque</strong></span> <span class='ocrx_word' id='word_1_147' title='bbox 1347 673 1467 700; x_wconf 82' lang='lat' dir='ltr'><strong>divinam</strong></span> <span class='ocrx_word' id='word_1_148' title='bbox 1489 672 1680 707; x_wconf 87' lang='lat' dir='ltr'><strong>Scripturam:</strong></span> <span class='ocrx_word' id='word_1_149' title='bbox 1701 676 1729 698; x_wconf 89' lang='lat' dir='ltr'><strong>et</strong></span> <span class='ocrx_word' id='word_1_150' title='bbox 1748 671 1786 698; x_wconf 77' lang='lat' dir='ltr'><strong>fa-</strong></span> 
     </span>
    </p>
   </div>
   <div class='ocr_carea' id='block_1_26' title="bbox 998 719 1787 754">
    <p class='ocr_par' dir='ltr' id='par_1_26' title="bbox 998 719 1787 754">
     <span class='ocr_line' id='line_1_26' title="bbox 998 719 1787 754; baseline -0.008 -6"><span class='ocrx_word' id='word_1_151' title='bbox 998 721 1051 748; x_wconf 87' lang='lat' dir='ltr'><strong>cile</strong></span> <span class='ocrx_word' id='word_1_152' title='bbox 1062 725 1115 752; x_wconf 87' lang='lat' dir='ltr'><strong>est,</strong></span> <span class='ocrx_word' id='word_1_153' title='bbox 1128 721 1150 747; x_wconf 88' lang='lat' dir='ltr'><strong>si</strong></span> <span class='ocrx_word' id='word_1_154' title='bbox 1163 720 1225 754; x_wconf 90' lang='lat' dir='ltr'><strong>quis</strong></span> <span class='ocrx_word' id='word_1_155' title='bbox 1242 720 1317 751; x_wconf 88' lang='lat' dir='ltr'><strong>velit,</strong></span> <span class='ocrx_word' id='word_1_156' title='bbox 1330 719 1539 754; x_wconf 79' lang='lat' dir='ltr'><strong>deprehendere</strong></span> <span class='ocrx_word' id='word_1_157' title='bbox 1551 726 1594 745; x_wconf 89' lang='lat' dir='ltr'><strong>me</strong></span> <span class='ocrx_word' id='word_1_158' title='bbox 1618 725 1667 752; x_wconf 89' lang='lat' dir='ltr'><strong>per</strong></span> <span class='ocrx_word' id='word_1_159' title='bbox 1678 721 1787 751; x_wconf 85' lang='lat' dir='ltr'><strong>aposto-</strong></span> 
     </span>
    </p>
   </div>
   <div class='ocr_carea' id='block_1_27' title="bbox 998 762 1783 800">
    <p class='ocr_par' dir='ltr' id='par_1_27' title="bbox 998 762 1783 800">
     <span class='ocr_line' id='line_1_27' title="bbox 998 762 1783 800; baseline -0.009 -7"><span class='ocrx_word' id='word_1_160' title='bbox 998 767 1051 793; x_wconf 90' lang='lat' dir='ltr'><strong>lica</strong></span> <span class='ocrx_word' id='word_1_161' title='bbox 1066 765 1179 800; x_wconf 78' lang='lat' dir='ltr'><strong>vestigia</strong></span> <span class='ocrx_word' id='word_1_162' title='bbox 1193 765 1347 797; x_wconf 83' lang='lat' dir='ltr'><strong>incessisse,</strong></span> <span class='ocrx_word' id='word_1_163' title='bbox 1369 772 1454 792; x_wconf 90' lang='lat' dir='ltr'><strong>unum</strong></span> <span class='ocrx_word' id='word_1_164' title='bbox 1468 763 1643 799; x_wconf 80' lang='lat' dir='ltr'><strong>praedicando</strong></span> <span class='ocrx_word' id='word_1_165' title='bbox 1658 762 1783 792; x_wconf 65' lang='lat' dir='ltr'><strong>Filium,»</strong></span> 
     </span>
    </p>
   </div>
   <div class='ocr_carea' id='block_1_28' title="bbox 999 816 1053 838">
    <p class='ocr_par' dir='ltr' id='par_1_28' title="bbox 999 816 1053 838">
     <span class='ocr_line' id='line_1_28' title="bbox 999 816 1053 838; baseline -0.019 0"><span class='ocrx_word' id='word_1_166' title='bbox 999 816 1053 838; x_wconf 89' lang='lat' dir='ltr'><strong>etc.</strong></span> 
     </span>
    </p>
   </div>
   <div class='ocr_carea' id='block_1_29' title="bbox 1036 852 1787 891">
    <p class='ocr_par' dir='ltr' id='par_1_29' title="bbox 1036 852 1787 891">
     <span class='ocr_line' id='line_1_29' title="bbox 1036 852 1787 891; baseline -0.007 -7"><span class='ocrx_word' id='word_1_167' title='bbox 1036 857 1067 883; x_wconf 85' lang='lat' dir='ltr'><strong>V.</strong></span> <span class='ocrx_word' id='word_1_168' title='bbox 1082 857 1204 891; x_wconf 84' lang='lat' dir='ltr'><strong>Epistola</strong></span> <span class='ocrx_word' id='word_1_169' title='bbox 1216 855 1276 887; x_wconf 71' lang='grc'><strong>115,</strong></span> <span class='ocrx_word' id='word_1_170' title='bbox 1293 855 1326 882; x_wconf 85' lang='lat' dir='ltr'><strong>ad</strong></span> <span class='ocrx_word' id='word_1_171' title='bbox 1342 855 1493 882; x_wconf 85' lang='lat' dir='ltr'><strong>monachos</strong></span> <span class='ocrx_word' id='word_1_172' title='bbox 1503 852 1787 888; x_wconf 86' lang='lat' dir='ltr'><strong>Constantinopolita-</strong></span> 
     </span>
    </p>
   </div>
   <div class='ocr_carea' id='block_1_30' title="bbox 1000 899 1790 935">
    <p class='ocr_par' dir='ltr' id='par_1_30' title="bbox 1000 899 1790 935">
     <span class='ocr_line' id='line_1_30' title="bbox 1000 899 1790 935; baseline -0.006 -6"><span class='ocrx_word' id='word_1_173' title='bbox 1000 910 1070 929; x_wconf 84' lang='lat' dir='ltr'><strong>nos:</strong></span> <span class='ocrx_word' id='word_1_174' title='bbox 1086 912 1094 927; x_wconf 80' lang='grc' dir='ltr'>ι</span> <span class='ocrx_word' id='word_1_175' title='bbox 1109 902 1208 933; x_wconf 68' lang='lat' dir='ltr'><strong>Multae,</strong></span> <span class='ocrx_word' id='word_1_176' title='bbox 1234 901 1334 935; x_wconf 84' lang='lat' dir='ltr'><strong>inquit,</strong></span> <span class='ocrx_word' id='word_1_177' title='bbox 1363 901 1519 927; x_wconf 84' lang='lat' dir='ltr'><strong>auditorum</strong></span> <span class='ocrx_word' id='word_1_178' title='bbox 1541 899 1678 935; x_wconf 85' lang='lat' dir='ltr'><strong>myriades</strong></span> <span class='ocrx_word' id='word_1_179' title='bbox 1706 903 1790 925; x_wconf 82' lang='lat' dir='ltr'><strong>testes</strong></span> 
     </span>
    </p>
   </div>
   <div class='ocr_carea' id='block_1_31' title="bbox 155 938 1789 981">
    <p class='ocr_par' dir='ltr' id='par_1_31' title="bbox 155 938 1789 981">
     <span class='ocr_line' id='line_1_31' title="bbox 155 938 1789 981; baseline -0.006 -2"><span class='ocrx_word' id='word_1_180' title='bbox 155 942 308 973; x_wconf 40' lang='lat' dir='ltr'><strong>Ven-iw</strong></span> <span class='ocrx_word' id='word_1_181' title='bbox 327 942 367 970; x_wconf 72' lang='lat' dir='ltr'><strong>mi</strong></span> <span class='ocrx_word' id='word_1_182' title='bbox 383 946 449 970; x_wconf 62' lang='lat' dir='ltr'><strong>sum</strong></span> <span class='ocrx_word' id='word_1_183' title='bbox 460 941 541 981; x_wconf 64' lang='grc' dir='ltr'><strong>ενῖδε-</strong></span> <span class='ocrx_word' id='word_1_184' title='bbox 555 939 599 970; x_wconf 60' lang='lat'><strong>82&#39;</strong></span> <span class='ocrx_word' id='word_1_185' title='bbox 614 939 648 966; x_wconf 74' lang='lat' dir='ltr'><strong>ad</strong></span> <span class='ocrx_word' id='word_1_186' title='bbox 671 938 822 966; x_wconf 56' lang='lat' dir='ltr'><strong>Emebium</strong></span> <span class='ocrx_word' id='word_1_187' title='bbox 833 938 952 974; x_wconf 65' lang='grc' dir='ltr'><strong>ΑηθΥΓῖι-</strong></span> <span class='ocrx_word' id='word_1_188' title='bbox 968 945 988 971; x_wconf 82' lang='grc' dir='ltr'>Β</span> <span class='ocrx_word' id='word_1_189' title='bbox 1003 952 1077 979; x_wconf 87' lang='lat' dir='ltr'><strong>sunt,</strong></span> <span class='ocrx_word' id='word_1_190' title='bbox 1088 955 1130 973; x_wconf 91' lang='lat' dir='ltr'><strong>me</strong></span> <span class='ocrx_word' id='word_1_191' title='bbox 1143 946 1368 981; x_wconf 78' lang='lat' dir='ltr'><strong>Evangelicorum</strong></span> <span class='ocrx_word' id='word_1_192' title='bbox 1380 946 1537 980; x_wconf 79' lang='lat' dir='ltr'><strong>dogmatum</strong></span> <span class='ocrx_word' id='word_1_193' title='bbox 1547 945 1691 972; x_wconf 78' lang='lat' dir='ltr'><strong>veritatem</strong></span> <span class='ocrx_word' id='word_1_194' title='bbox 1703 944 1789 971; x_wconf 87' lang='lat' dir='ltr'><strong>tradi-</strong></span> 
     </span>
    </p>
   </div>
   <div class='ocr_carea' id='block_1_32' title="bbox 152 985 949 1024">
    <p class='ocr_par' dir='ltr' id='par_1_32' title="bbox 152 985 949 1024">
     <span class='ocr_line' id='line_1_32' title="bbox 152 985 949 1024; baseline -0.008 -7"><span class='ocrx_word' id='word_1_195' title='bbox 152 988 415 1024; x_wconf 69' lang='lat' dir='ltr'><strong>mcpiswpum;</strong></span> <span class='ocrx_word' id='word_1_196' title='bbox 432 988 515 1022; x_wconf 82' lang='lat' dir='ltr'><strong>epist.</strong></span> <span class='ocrx_word' id='word_1_197' title='bbox 528 987 590 1019; x_wconf 79' lang='grc'><strong>115,</strong></span> <span class='ocrx_word' id='word_1_198' title='bbox 607 986 640 1014; x_wconf 85' lang='lat' dir='ltr'><strong>ad</strong></span> <span class='ocrx_word' id='word_1_199' title='bbox 652 989 777 1013; x_wconf 83' lang='lat' dir='ltr'><strong>sanctum</strong></span> <span class='ocrx_word' id='word_1_200' title='bbox 801 985 922 1012; x_wconf 89' lang='lat' dir='ltr'><strong>Leonem</strong></span> <span class='ocrx_word' id='word_1_201' title='bbox 942 993 949 1017; x_wconf 89' lang='lat'><strong>;</strong></span> 
     </span>
    </p>
   </div>
   <div class='ocr_carea' id='block_1_33' title="bbox 151 1029 951 1067">
    <p class='ocr_par' dir='ltr' id='par_1_33' title="bbox 151 1029 951 1067">
     <span class='ocr_line' id='line_1_33' title="bbox 151 1029 951 1067; baseline -0.003 -8"><span class='ocrx_word' id='word_1_202' title='bbox 151 1030 318 1067; x_wconf 53' lang='lat' dir='ltr'><strong>cpiunt“.</strong></span> <span class='ocrx_word' id='word_1_203' title='bbox 328 1030 363 1059; x_wconf 74' lang='lat' dir='ltr'><strong>ad</strong></span> <span class='ocrx_word' id='word_1_204' title='bbox 379 1031 516 1059; x_wconf 81' lang='lat' dir='ltr'><strong>Renatum</strong></span> <span class='ocrx_word' id='word_1_205' title='bbox 533 1032 734 1066; x_wconf 81' lang='lat' dir='ltr'><strong>presbyterum,</strong></span> <span class='ocrx_word' id='word_1_206' title='bbox 748 1033 776 1055; x_wconf 91' lang='lat' dir='ltr'><strong>et</strong></span> <span class='ocrx_word' id='word_1_207' title='bbox 792 1029 872 1064; x_wconf 86' lang='lat' dir='ltr'><strong>epist.</strong></span> <span class='ocrx_word' id='word_1_208' title='bbox 890 1029 951 1061; x_wconf 74' lang='grc'><strong>145,</strong></span> 
     </span>
    </p>
   </div>
   <div class='ocr_carea' id='block_1_34' title="bbox 151 1075 702 1113">
    <p class='ocr_par' dir='ltr' id='par_1_34' title="bbox 151 1075 702 1113">
     <span class='ocr_line' id='line_1_34' title="bbox 151 1075 702 1113; baseline -0.005 -8"><span class='ocrx_word' id='word_1_209' title='bbox 151 1077 191 1105; x_wconf 64' lang='grc' dir='ltr'><strong>αἱ</strong></span> <span class='ocrx_word' id='word_1_210' title='bbox 205 1076 362 1113; x_wconf 66' lang='lat' dir='ltr'><strong>monachos</strong></span> <span class='ocrx_word' id='word_1_211' title='bbox 372 1075 702 1110; x_wconf 85' lang='lat' dir='ltr'><strong>Constantinopolitanos.</strong></span> 
     </span>
    </p>
   </div>
   <div class='ocr_carea' id='block_1_35' title="bbox 188 1121 953 1158">
    <p class='ocr_par' dir='ltr' id='par_1_35' title="bbox 188 1121 953 1158">
     <span class='ocr_line' id='line_1_35' title="bbox 188 1121 953 1158; baseline -0.005 -7"><span class='ocrx_word' id='word_1_212' title='bbox 188 1122 226 1151; x_wconf 76' lang='lat' dir='ltr'><strong>ll.</strong></span> <span class='ocrx_word' id='word_1_213' title='bbox 237 1122 273 1151; x_wconf 82' lang='lat' dir='ltr'><strong>ln</strong></span> <span class='ocrx_word' id='word_1_214' title='bbox 283 1121 403 1158; x_wconf 75' lang='lat' dir='ltr'><strong>epistola</strong></span> <span class='ocrx_word' id='word_1_215' title='bbox 419 1121 453 1149; x_wconf 84' lang='lat' dir='ltr'><strong>ad</strong></span> <span class='ocrx_word' id='word_1_216' title='bbox 465 1122 626 1154; x_wconf 83' lang='lat' dir='ltr'><strong>Eusebium,</strong></span> <span class='ocrx_word' id='word_1_217' title='bbox 639 1127 701 1156; x_wconf 82' lang='lat' dir='ltr'><strong>post</strong></span> <span class='ocrx_word' id='word_1_218' title='bbox 712 1123 862 1158; x_wconf 78' lang='lat' dir='ltr'><strong>expositam</strong></span> <span class='ocrx_word' id='word_1_219' title='bbox 876 1128 953 1149; x_wconf 85' lang='lat' dir='ltr'><strong>suam</strong></span> 
     </span>
    </p>
   </div>
   <div class='ocr_carea' id='block_1_36' title="bbox 153 1166 954 1201">
    <p class='ocr_par' dir='ltr' id='par_1_36' title="bbox 153 1166 954 1201">
     <span class='ocr_line' id='line_1_36' title="bbox 153 1166 954 1201; baseline -0.005 -3"><span class='ocrx_word' id='word_1_220' title='bbox 153 1166 413 1198; x_wconf 49' lang='lat' dir='ltr'><strong>deincarnatione</strong></span> <span class='ocrx_word' id='word_1_221' title='bbox 441 1167 544 1199; x_wconf 84' lang='lat' dir='ltr'><strong>ﬁdem,</strong></span> <span class='ocrx_word' id='word_1_222' title='bbox 569 1168 628 1195; x_wconf 68' lang='lat' dir='ltr'><strong>haec</strong></span> <span class='ocrx_word' id='word_1_223' title='bbox 653 1168 757 1195; x_wconf 88' lang='lat' dir='ltr'><strong>habet:</strong></span> <span class='ocrx_word' id='word_1_224' title='bbox 788 1178 797 1193; x_wconf 87' lang='grc'><strong><em>‹</em></strong></span> <span class='ocrx_word' id='word_1_225' title='bbox 827 1169 865 1195; x_wconf 87' lang='lat' dir='ltr'><strong>Ne</strong></span> <span class='ocrx_word' id='word_1_226' title='bbox 893 1167 954 1201; x_wconf 83' lang='lat' dir='ltr'><strong>quis</strong></span> 
     </span>
    </p>
   </div>
   <div class='ocr_carea' id='block_1_37' title="bbox 152 1214 952 1248">
    <p class='ocr_par' dir='ltr' id='par_1_37' title="bbox 152 1214 952 1248">
     <span class='ocr_line' id='line_1_37' title="bbox 152 1214 952 1248; baseline -0.004 -4"><span class='ocrx_word' id='word_1_227' title='bbox 152 1215 299 1244; x_wconf 53' lang='lat' dir='ltr'><strong>nisi.“</strong></span> <span class='ocrx_word' id='word_1_228' title='bbox 322 1218 398 1242; x_wconf 84' lang='lat' dir='ltr'><strong>metu</strong></span> <span class='ocrx_word' id='word_1_229' title='bbox 423 1214 583 1248; x_wconf 79' lang='lat' dir='ltr'><strong>perculsum</strong></span> <span class='ocrx_word' id='word_1_230' title='bbox 607 1221 650 1240; x_wconf 90' lang='lat' dir='ltr'><strong>me</strong></span> <span class='ocrx_word' id='word_1_231' title='bbox 679 1214 731 1241; x_wconf 84' lang='lat' dir='ltr'><strong>ista</strong></span> <span class='ocrx_word' id='word_1_232' title='bbox 751 1222 825 1241; x_wconf 89' lang='lat' dir='ltr'><strong>nunc</strong></span> <span class='ocrx_word' id='word_1_233' title='bbox 849 1214 952 1245; x_wconf 83' lang='lat' dir='ltr'><strong>dicere,</strong></span> 
     </span>
    </p>
   </div>
   <div class='ocr_carea' id='block_1_38' title="bbox 151 1258 955 1296">
    <p class='ocr_par' dir='ltr' id='par_1_38' title="bbox 151 1258 955 1296">
     <span class='ocr_line' id='line_1_38' title="bbox 151 1258 955 1296; baseline -0.006 -7"><span class='ocrx_word' id='word_1_234' title='bbox 151 1261 299 1296; x_wconf 54' lang='lat' dir='ltr'><strong>inﬁgam!</strong></span> <span class='ocrx_word' id='word_1_235' title='bbox 306 1262 362 1291; x_wconf 76' lang='lat' dir='ltr'><strong>est,</strong></span> <span class='ocrx_word' id='word_1_236' title='bbox 375 1259 422 1286; x_wconf 89' lang='lat' dir='ltr'><strong>cui</strong></span> <span class='ocrx_word' id='word_1_237' title='bbox 437 1259 547 1286; x_wconf 86' lang='lat' dir='ltr'><strong>animus</strong></span> <span class='ocrx_word' id='word_1_238' title='bbox 557 1258 651 1287; x_wconf 80' lang='lat' dir='ltr'><strong>fuerit.</strong></span> <span class='ocrx_word' id='word_1_239' title='bbox 670 1259 782 1294; x_wconf 87' lang='lat' dir='ltr'><strong>antiqua</strong></span> <span class='ocrx_word' id='word_1_240' title='bbox 794 1266 877 1293; x_wconf 84' lang='lat' dir='ltr'><strong>opera</strong></span> <span class='ocrx_word' id='word_1_241' title='bbox 895 1265 955 1285; x_wconf 85' lang='lat' dir='ltr'><strong>mea</strong></span> 
     </span>
    </p>
   </div>
   <div class='ocr_carea' id='block_1_39' title="bbox 152 1301 954 1339">
    <p class='ocr_par' dir='ltr' id='par_1_39' title="bbox 152 1301 954 1339">
     <span class='ocr_line' id='line_1_39' title="bbox 152 1301 954 1339; baseline -0.006 -4"><span class='ocrx_word' id='word_1_242' title='bbox 152 1301 376 1338; x_wconf 63' lang='grc' dir='ltr'><strong>ιωῐνετθνιωη</strong></span> <span class='ocrx_word' id='word_1_243' title='bbox 391 1311 434 1336; x_wconf 83' lang='lat' dir='ltr'><strong>ea,</strong></span> <span class='ocrx_word' id='word_1_244' title='bbox 451 1312 513 1339; x_wconf 72' lang='lat' dir='ltr'><strong>quae</strong></span> <span class='ocrx_word' id='word_1_245' title='bbox 534 1309 597 1331; x_wconf 87' lang='lat' dir='ltr'><strong>ante</strong></span> <span class='ocrx_word' id='word_1_246' title='bbox 619 1304 753 1339; x_wconf 84' lang='lat' dir='ltr'><strong>synodum</strong></span> <span class='ocrx_word' id='word_1_247' title='bbox 778 1303 954 1338; x_wconf 87' lang='lat' dir='ltr'><strong>Ephesinam,</strong></span> 
     </span>
    </p>
   </div>
   <div class='ocr_carea' id='block_1_40' title="bbox 153 1349 956 1386">
    <p class='ocr_par' dir='ltr' id='par_1_40' title="bbox 153 1349 956 1386">
     <span class='ocr_line' id='line_1_40' title="bbox 153 1349 956 1386; baseline -0.007 -6"><span class='ocrx_word' id='word_1_248' title='bbox 153 1356 217 1380; x_wconf 72' lang='lat' dir='ltr'><strong>tum</strong></span> <span class='ocrx_word' id='word_1_249' title='bbox 231 1358 296 1386; x_wconf 64' lang='lat' dir='ltr'><strong>quae</strong></span> <span class='ocrx_word' id='word_1_250' title='bbox 305 1354 372 1386; x_wconf 84' lang='lat' dir='ltr'><strong>post</strong></span> <span class='ocrx_word' id='word_1_251' title='bbox 392 1349 466 1377; x_wconf 85' lang='lat' dir='ltr'><strong>illam</strong></span> <span class='ocrx_word' id='word_1_252' title='bbox 495 1357 606 1377; x_wconf 87' lang='lat' dir='ltr'><strong>rursum</strong></span> <span class='ocrx_word' id='word_1_253' title='bbox 631 1354 694 1376; x_wconf 81' lang='lat' dir='ltr'><strong>ante</strong></span> <span class='ocrx_word' id='word_1_254' title='bbox 709 1349 854 1375; x_wconf 81' lang='lat' dir='ltr'><strong>duodecim</strong></span> <span class='ocrx_word' id='word_1_255' title='bbox 870 1356 956 1374; x_wconf 88' lang='lat' dir='ltr'><strong>annos</strong></span> 
     </span>
    </p>
   </div>
   <div class='ocr_carea' id='block_1_41' title="bbox 155 1393 957 1432">
    <p class='ocr_par' dir='ltr' id='par_1_41' title="bbox 155 1393 957 1432">
     <span class='ocr_line' id='line_1_41' title="bbox 155 1393 957 1432; baseline -0.009 -6"><span class='ocrx_word' id='word_1_256' title='bbox 155 1396 269 1432; x_wconf 70' lang='lat' dir='ltr'><strong>salpd.</strong></span> <span class='ocrx_word' id='word_1_257' title='bbox 284 1394 355 1429; x_wconf 67' lang='lat' dir='ltr'><strong>Qua</strong></span> <span class='ocrx_word' id='word_1_258' title='bbox 365 1395 442 1423; x_wconf 68' lang='lat' dir='ltr'><strong>enim</strong></span> <span class='ocrx_word' id='word_1_259' title='bbox 457 1395 507 1421; x_wconf 88' lang='lat' dir='ltr'><strong>Dei</strong></span> <span class='ocrx_word' id='word_1_260' title='bbox 521 1394 607 1429; x_wconf 81' lang='lat' dir='ltr'><strong>gratia</strong></span> <span class='ocrx_word' id='word_1_261' title='bbox 619 1399 671 1425; x_wconf 87' lang='lat' dir='ltr'><strong>est,</strong></span> <span class='ocrx_word' id='word_1_262' title='bbox 682 1398 709 1421; x_wconf 89' lang='lat' dir='ltr'><strong>et</strong></span> <span class='ocrx_word' id='word_1_263' title='bbox 726 1393 876 1428; x_wconf 82' lang='lat' dir='ltr'><strong>Prophetas</strong></span> <span class='ocrx_word' id='word_1_264' title='bbox 899 1400 957 1420; x_wconf 91' lang='lat' dir='ltr'><strong>0m-</strong></span> 
     </span>
    </p>
   </div>
   <div class='ocr_carea' id='block_1_42' title="bbox 159 1439 957 1475">
    <p class='ocr_par' dir='ltr' id='par_1_42' title="bbox 159 1439 957 1475">
     <span class='ocr_line' id='line_1_42' title="bbox 159 1439 957 1475; baseline -0.008 -4"><span class='ocrx_word' id='word_1_265' title='bbox 159 1441 434 1473; x_wconf 49' lang='lat' dir='ltr'><strong>ﬁrﬁlnmeutariis</strong></span> <span class='ocrx_word' id='word_1_266' title='bbox 444 1440 569 1475; x_wconf 72' lang='lat' dir='ltr'><strong>exposui,</strong></span> <span class='ocrx_word' id='word_1_267' title='bbox 581 1445 609 1467; x_wconf 92' lang='lat' dir='ltr'><strong>et</strong></span> <span class='ocrx_word' id='word_1_268' title='bbox 623 1439 784 1467; x_wconf 86' lang='lat' dir='ltr'><strong>Psalterium</strong></span> <span class='ocrx_word' id='word_1_269' title='bbox 797 1445 824 1466; x_wconf 88' lang='lat' dir='ltr'><strong>et</strong></span> <span class='ocrx_word' id='word_1_270' title='bbox 839 1440 957 1473; x_wconf 85' lang='lat' dir='ltr'><strong>Aposto-</strong></span> 
     </span>
    </p>
   </div>
   <div class='ocr_carea' id='block_1_43' title="bbox 162 1484 957 1520">
    <p class='ocr_par' dir='ltr' id='par_1_43' title="bbox 162 1484 957 1520">
     <span class='ocr_line' id='line_1_43' title="bbox 162 1484 957 1520; baseline -0.009 -4"><span class='ocrx_word' id='word_1_271' title='bbox 162 1487 291 1520; x_wconf 46' lang='grc' dir='ltr'><strong>κῆνοι</strong></span> <span class='ocrx_word' id='word_1_272' title='bbox 323 1486 461 1514; x_wconf 82' lang='lat' dir='ltr'><strong>adversus</strong></span> <span class='ocrx_word' id='word_1_273' title='bbox 492 1486 610 1512; x_wconf 81' lang='lat' dir='ltr'><strong>Arianos</strong></span> <span class='ocrx_word' id='word_1_274' title='bbox 644 1493 676 1511; x_wconf 85' lang='lat' dir='ltr'><strong>ac</strong></span> <span class='ocrx_word' id='word_1_275' title='bbox 697 1484 914 1515; x_wconf 83' lang='lat' dir='ltr'><strong>Macedonianos,</strong></span> <span class='ocrx_word' id='word_1_276' title='bbox 930 1487 957 1510; x_wconf 86' lang='lat' dir='ltr'><strong>et</strong></span> 
     </span>
    </p>
   </div>
   <div class='ocr_carea' id='block_1_44' title="bbox 162 1528 956 1567">
    <p class='ocr_par' dir='ltr' id='par_1_44' title="bbox 162 1528 956 1567">
     <span class='ocr_line' id='line_1_44' title="bbox 162 1528 956 1567; baseline -0.01 -6"><span class='ocrx_word' id='word_1_277' title='bbox 162 1533 258 1561; x_wconf 63' lang='lat' dir='ltr'><strong>xm</strong></span> <span class='ocrx_word' id='word_1_278' title='bbox 266 1530 442 1567; x_wconf 61' lang='lat' dir='ltr'><strong>Apollinaris</strong></span> <span class='ocrx_word' id='word_1_279' title='bbox 449 1530 612 1565; x_wconf 69' lang='lat' dir='ltr'><strong>praestigias,</strong></span> <span class='ocrx_word' id='word_1_280' title='bbox 627 1530 787 1564; x_wconf 86' lang='lat' dir='ltr'><strong>rabiemque</strong></span> <span class='ocrx_word' id='word_1_281' title='bbox 801 1528 956 1559; x_wconf 80' lang='lat' dir='ltr'><strong>Marcionis,</strong></span> 
     </span>
    </p>
   </div>
   <div class='ocr_carea' id='block_1_45' title="bbox 158 1574 959 1610">
    <p class='ocr_par' dir='ltr' id='par_1_45' title="bbox 158 1574 959 1610">
     <span class='ocr_line' id='line_1_45' title="bbox 158 1574 959 1610; baseline -0.006 -5"><span class='ocrx_word' id='word_1_282' title='bbox 158 1576 249 1606; x_wconf 55' lang='lat' dir='ltr'><strong>ﬁmo</strong></span> <span class='ocrx_word' id='word_1_283' title='bbox 262 1575 332 1604; x_wconf 82' lang='lat' dir='ltr'><strong>olim</strong></span> <span class='ocrx_word' id='word_1_284' title='bbox 355 1575 517 1610; x_wconf 86' lang='lat' dir='ltr'><strong>composui;</strong></span> <span class='ocrx_word' id='word_1_285' title='bbox 537 1578 565 1602; x_wconf 89' lang='lat' dir='ltr'><strong>et</strong></span> <span class='ocrx_word' id='word_1_286' title='bbox 586 1575 613 1602; x_wconf 92' lang='lat' dir='ltr'><strong>in</strong></span> <span class='ocrx_word' id='word_1_287' title='bbox 629 1575 744 1610; x_wconf 78' lang='lat' dir='ltr'><strong>singulis</strong></span> <span class='ocrx_word' id='word_1_288' title='bbox 772 1574 848 1602; x_wconf 90' lang='lat' dir='ltr'><strong>libris</strong></span> <span class='ocrx_word' id='word_1_289' title='bbox 871 1574 959 1601; x_wconf 86' lang='lat' dir='ltr'><strong>eccle-</strong></span> 
     </span>
    </p>
   </div>
   <div class='ocr_carea' id='block_1_46' title="bbox 1003 989 1790 1027">
    <p class='ocr_par' dir='ltr' id='par_1_46' title="bbox 1003 989 1790 1027">
     <span class='ocr_line' id='line_1_46' title="bbox 1003 989 1790 1027; baseline -0.006 -8"><span class='ocrx_word' id='word_1_290' title='bbox 1003 993 1092 1025; x_wconf 83' lang='lat' dir='ltr'><strong>disse;</strong></span> <span class='ocrx_word' id='word_1_291' title='bbox 1107 997 1205 1027; x_wconf 65' lang='lat' dir='ltr'><strong>praesto</strong></span> <span class='ocrx_word' id='word_1_292' title='bbox 1218 995 1282 1018; x_wconf 80' lang='lat' dir='ltr'><strong>sunt</strong></span> <span class='ocrx_word' id='word_1_293' title='bbox 1292 995 1319 1019; x_wconf 84' lang='lat' dir='ltr'><strong>et</strong></span> <span class='ocrx_word' id='word_1_294' title='bbox 1329 990 1483 1025; x_wconf 84' lang='lat' dir='ltr'><strong>conscripta</strong></span> <span class='ocrx_word' id='word_1_295' title='bbox 1494 998 1587 1024; x_wconf 82' lang='lat' dir='ltr'><strong>opera,</strong></span> <span class='ocrx_word' id='word_1_296' title='bbox 1604 994 1633 1016; x_wconf 90' lang='lat' dir='ltr'><strong>ut</strong></span> <span class='ocrx_word' id='word_1_297' title='bbox 1647 989 1790 1024; x_wconf 81' lang='lat' dir='ltr'><strong>explorent</strong></span> 
     </span>
    </p>
   </div>
   <div class='ocr_carea' id='block_1_47' title="bbox 1003 1035 1790 1073">
    <p class='ocr_par' dir='ltr' id='par_1_47' title="bbox 1003 1035 1790 1073">
     <span class='ocr_line' id='line_1_47' title="bbox 1003 1035 1790 1073; baseline -0.005 -8"><span class='ocrx_word' id='word_1_298' title='bbox 1003 1039 1050 1073; x_wconf 91' lang='lat' dir='ltr'><strong>qui</strong></span> <span class='ocrx_word' id='word_1_299' title='bbox 1072 1039 1156 1065; x_wconf 85' lang='lat' dir='ltr'><strong>velint</strong></span> <span class='ocrx_word' id='word_1_300' title='bbox 1172 1039 1181 1064; x_wconf 93' lang='lat'><strong>:&#39;</strong></span> <span class='ocrx_word' id='word_1_301' title='bbox 1199 1046 1253 1064; x_wconf 88' lang='lat' dir='ltr'><strong>non</strong></span> <span class='ocrx_word' id='word_1_302' title='bbox 1277 1038 1350 1064; x_wconf 86' lang='lat' dir='ltr'><strong>enim</strong></span> <span class='ocrx_word' id='word_1_303' title='bbox 1375 1045 1425 1071; x_wconf 86' lang='lat' dir='ltr'><strong>pro</strong></span> <span class='ocrx_word' id='word_1_304' title='bbox 1443 1036 1506 1063; x_wconf 84' lang='lat' dir='ltr'><strong>ﬁliis</strong></span> <span class='ocrx_word' id='word_1_305' title='bbox 1528 1036 1648 1067; x_wconf 88' lang='lat' dir='ltr'><strong>duobus,</strong></span> <span class='ocrx_word' id='word_1_306' title='bbox 1667 1035 1714 1062; x_wconf 83' lang='lat' dir='ltr'><strong>sed</strong></span> <span class='ocrx_word' id='word_1_307' title='bbox 1741 1043 1790 1069; x_wconf 87' lang='lat' dir='ltr'><strong>pro</strong></span> 
     </span>
    </p>
   </div>
   <div class='ocr_carea' id='block_1_48' title="bbox 1004 1083 1791 1120">
    <p class='ocr_par' dir='ltr' id='par_1_48' title="bbox 1004 1083 1791 1120">
     <span class='ocr_line' id='line_1_48' title="bbox 1004 1083 1791 1120; baseline -0.006 -8"><span class='ocrx_word' id='word_1_308' title='bbox 1004 1085 1146 1120; x_wconf 75' lang='lat' dir='ltr'><strong>uuigenito</strong></span> <span class='ocrx_word' id='word_1_309' title='bbox 1171 1085 1220 1111; x_wconf 89' lang='lat' dir='ltr'><strong>Dei</strong></span> <span class='ocrx_word' id='word_1_310' title='bbox 1234 1084 1312 1115; x_wconf 83' lang='lat' dir='ltr'><strong>Filio,</strong></span> <span class='ocrx_word' id='word_1_311' title='bbox 1329 1088 1357 1111; x_wconf 90' lang='lat' dir='ltr'><strong>et</strong></span> <span class='ocrx_word' id='word_1_312' title='bbox 1378 1089 1472 1111; x_wconf 85' lang='lat' dir='ltr'><strong>contra</strong></span> <span class='ocrx_word' id='word_1_313' title='bbox 1498 1083 1616 1113; x_wconf 65' lang='grc' dir='ltr'><strong>ῦτιθςοε,</strong></span> <span class='ocrx_word' id='word_1_314' title='bbox 1643 1087 1670 1109; x_wconf 87' lang='lat' dir='ltr'><strong>et</strong></span> <span class='ocrx_word' id='word_1_315' title='bbox 1695 1086 1791 1108; x_wconf 87' lang='lat' dir='ltr'><strong>contra</strong></span> 
     </span>
    </p>
   </div>
   <div class='ocr_carea' id='block_1_49' title="bbox 1003 1127 1790 1163">
    <p class='ocr_par' dir='ltr' id='par_1_49' title="bbox 1003 1127 1790 1163">
     <span class='ocr_line' id='line_1_49' title="bbox 1003 1127 1790 1163; baseline -0.008 -5"><span class='ocrx_word' id='word_1_316' title='bbox 1003 1131 1122 1162; x_wconf 64' lang='lat' dir='ltr'><strong>Judzeos,</strong></span> <span class='ocrx_word' id='word_1_317' title='bbox 1134 1134 1161 1157; x_wconf 84' lang='lat' dir='ltr'><strong>et</strong></span> <span class='ocrx_word' id='word_1_318' title='bbox 1172 1134 1268 1157; x_wconf 88' lang='lat' dir='ltr'><strong>contra</strong></span> <span class='ocrx_word' id='word_1_319' title='bbox 1281 1129 1338 1156; x_wconf 76' lang='lat' dir='ltr'><strong>Arii</strong></span> <span class='ocrx_word' id='word_1_320' title='bbox 1354 1134 1436 1163; x_wconf 87' lang='lat' dir='ltr'><strong>atque</strong></span> <span class='ocrx_word' id='word_1_321' title='bbox 1453 1128 1581 1155; x_wconf 85' lang='lat' dir='ltr'><strong>Eunomii</strong></span> <span class='ocrx_word' id='word_1_322' title='bbox 1604 1127 1700 1154; x_wconf 83' lang='lat' dir='ltr'><strong>morbo</strong></span> <span class='ocrx_word' id='word_1_323' title='bbox 1712 1127 1790 1153; x_wconf 80' lang='lat' dir='ltr'><strong>labo-</strong></span> 
     </span>
    </p>
   </div>
   <div class='ocr_carea' id='block_1_50' title="bbox 1004 1172 1791 1208">
    <p class='ocr_par' dir='ltr' id='par_1_50' title="bbox 1004 1172 1791 1208">
     <span class='ocr_line' id='line_1_50' title="bbox 1004 1172 1791 1208; baseline -0.006 -6"><span class='ocrx_word' id='word_1_324' title='bbox 1004 1181 1106 1208; x_wconf 86' lang='lat' dir='ltr'><strong>rantes,</strong></span> <span class='ocrx_word' id='word_1_325' title='bbox 1134 1180 1162 1202; x_wconf 84' lang='lat' dir='ltr'><strong>et</strong></span> <span class='ocrx_word' id='word_1_326' title='bbox 1198 1178 1294 1202; x_wconf 87' lang='lat' dir='ltr'><strong>contra</strong></span> <span class='ocrx_word' id='word_1_327' title='bbox 1316 1182 1363 1201; x_wconf 87' lang='lat' dir='ltr'><strong>eos</strong></span> <span class='ocrx_word' id='word_1_328' title='bbox 1384 1174 1429 1208; x_wconf 89' lang='lat' dir='ltr'><strong>qui</strong></span> <span class='ocrx_word' id='word_1_329' title='bbox 1455 1173 1616 1207; x_wconf 80' lang='lat' dir='ltr'><strong>Apollinarii</strong></span> <span class='ocrx_word' id='word_1_330' title='bbox 1643 1172 1791 1198; x_wconf 78' lang='lat' dir='ltr'><strong>amentiam</strong></span> 
     </span>
    </p>
   </div>
   <div class='ocr_carea' id='block_1_51' title="bbox 1004 1216 1790 1254">
    <p class='ocr_par' dir='ltr' id='par_1_51' title="bbox 1004 1216 1790 1254">
     <span class='ocr_line' id='line_1_51' title="bbox 1004 1216 1790 1254; baseline -0.006 -7"><span class='ocrx_word' id='word_1_331' title='bbox 1004 1225 1156 1252; x_wconf 84' lang='lat' dir='ltr'><strong>sectantur,</strong></span> <span class='ocrx_word' id='word_1_332' title='bbox 1180 1220 1223 1247; x_wconf 80' lang='lat' dir='ltr'><strong>vel</strong></span> <span class='ocrx_word' id='word_1_333' title='bbox 1248 1219 1294 1254; x_wconf 85' lang='lat' dir='ltr'><strong>qui</strong></span> <span class='ocrx_word' id='word_1_334' title='bbox 1321 1218 1468 1246; x_wconf 85' lang='lat' dir='ltr'><strong>Marcionis</strong></span> <span class='ocrx_word' id='word_1_335' title='bbox 1489 1219 1551 1245; x_wconf 86' lang='lat' dir='ltr'><strong>tabe</strong></span> <span class='ocrx_word' id='word_1_336' title='bbox 1578 1216 1698 1251; x_wconf 89' lang='lat' dir='ltr'><strong>correpti</strong></span> <span class='ocrx_word' id='word_1_337' title='bbox 1716 1221 1790 1247; x_wconf 88' lang='lat' dir='ltr'><strong>sunt,</strong></span> 
     </span>
    </p>
   </div>
   <div class='ocr_carea' id='block_1_52' title="bbox 1004 1263 1794 1300">
    <p class='ocr_par' dir='ltr' id='par_1_52' title="bbox 1004 1263 1794 1300">
     <span class='ocr_line' id='line_1_52' title="bbox 1004 1263 1794 1300; baseline -0.006 -7"><span class='ocrx_word' id='word_1_338' title='bbox 1004 1271 1111 1294; x_wconf 85' lang='lat' dir='ltr'><strong>certare</strong></span> <span class='ocrx_word' id='word_1_339' title='bbox 1123 1273 1265 1300; x_wconf 82' lang='lat' dir='ltr'><strong>nunquam</strong></span> <span class='ocrx_word' id='word_1_340' title='bbox 1290 1265 1457 1292; x_wconf 84' lang='lat' dir='ltr'><strong>destitimus.</strong></span> <span class='ocrx_word' id='word_1_341' title='bbox 1481 1263 1583 1291; x_wconf 66' lang='lat' dir='ltr'><strong>Graecis</strong></span> <span class='ocrx_word' id='word_1_342' title='bbox 1606 1263 1717 1297; x_wconf 85' lang='lat' dir='ltr'><strong>quidem</strong></span> <span class='ocrx_word' id='word_1_343' title='bbox 1732 1270 1794 1297; x_wconf 80' lang='lat' dir='ltr'><strong>per-</strong></span> 
     </span>
    </p>
   </div>
   <div class='ocr_carea' id='block_1_53' title="bbox 1005 1309 1792 1345">
    <p class='ocr_par' dir='ltr' id='par_1_53' title="bbox 1005 1309 1792 1345">
     <span class='ocr_line' id='line_1_53' title="bbox 1005 1309 1792 1345; baseline -0.005 -7"><span class='ocrx_word' id='word_1_344' title='bbox 1005 1312 1152 1338; x_wconf 83' lang='lat' dir='ltr'><strong>suadentes</strong></span> <span class='ocrx_word' id='word_1_345' title='bbox 1172 1311 1260 1345; x_wconf 88' lang='lat' dir='ltr'><strong>ipsum</strong></span> <span class='ocrx_word' id='word_1_346' title='bbox 1281 1318 1341 1337; x_wconf 86' lang='lat' dir='ltr'><strong>esse</strong></span> <span class='ocrx_word' id='word_1_347' title='bbox 1356 1310 1477 1337; x_wconf 89' lang='lat' dir='ltr'><strong>omnium</strong></span> <span class='ocrx_word' id='word_1_348' title='bbox 1498 1317 1590 1336; x_wconf 90' lang='lat' dir='ltr'><strong>rerum</strong></span> <span class='ocrx_word' id='word_1_349' title='bbox 1605 1309 1792 1338; x_wconf 84' lang='lat' dir='ltr'><strong>Conditorem.</strong></span> 
     </span>
    </p>
   </div>
   <div class='ocr_carea' id='block_1_54' title="bbox 1006 1354 1793 1390">
    <p class='ocr_par' dir='ltr' id='par_1_54' title="bbox 1006 1354 1793 1390">
     <span class='ocr_line' id='line_1_54' title="bbox 1006 1354 1793 1390; baseline -0.004 -7"><span class='ocrx_word' id='word_1_350' title='bbox 1006 1356 1166 1390; x_wconf 71' lang='lat' dir='ltr'><strong>sempiterni</strong></span> <span class='ocrx_word' id='word_1_351' title='bbox 1182 1357 1229 1383; x_wconf 86' lang='lat' dir='ltr'><strong>Dei</strong></span> <span class='ocrx_word' id='word_1_352' title='bbox 1250 1356 1347 1383; x_wconf 84' lang='lat' dir='ltr'><strong>Filium</strong></span> <span class='ocrx_word' id='word_1_353' title='bbox 1371 1360 1537 1382; x_wconf 79' lang='lat' dir='ltr'><strong>coaeternum</strong></span> <span class='ocrx_word' id='word_1_354' title='bbox 1552 1364 1558 1381; x_wconf 92' lang='lat'>:</span> <span class='ocrx_word' id='word_1_355' title='bbox 1574 1354 1678 1382; x_wconf 82' lang='lat' dir='ltr'><strong>Judaeis</strong></span> <span class='ocrx_word' id='word_1_356' title='bbox 1690 1358 1793 1384; x_wconf 79' lang='lat' dir='ltr'><strong>autem,</strong></span> 
     </span>
    </p>
   </div>
   <div class='ocr_carea' id='block_1_55' title="bbox 1008 1400 1794 1436">
    <p class='ocr_par' dir='ltr' id='par_1_55' title="bbox 1008 1400 1794 1436">
     <span class='ocr_line' id='line_1_55' title="bbox 1008 1400 1794 1436; baseline -0.003 -7"><span class='ocrx_word' id='word_1_357' title='bbox 1008 1402 1041 1429; x_wconf 87' lang='lat' dir='ltr'><strong>de</strong></span> <span class='ocrx_word' id='word_1_358' title='bbox 1075 1402 1121 1429; x_wconf 80' lang='lat' dir='ltr'><strong>illo</strong></span> <span class='ocrx_word' id='word_1_359' title='bbox 1145 1410 1206 1429; x_wconf 84' lang='lat' dir='ltr'><strong>esse</strong></span> <span class='ocrx_word' id='word_1_360' title='bbox 1235 1402 1308 1429; x_wconf 85' lang='lat' dir='ltr'><strong>edita</strong></span> <span class='ocrx_word' id='word_1_361' title='bbox 1338 1402 1465 1428; x_wconf 79' lang='lat' dir='ltr'><strong>vaticinia</strong></span> <span class='ocrx_word' id='word_1_362' title='bbox 1489 1401 1685 1436; x_wconf 87' lang='lat' dir='ltr'><strong>prophetarum</strong></span> <span class='ocrx_word' id='word_1_363' title='bbox 1705 1409 1712 1427; x_wconf 87' lang='lat'><strong>:</strong></span> <span class='ocrx_word' id='word_1_364' title='bbox 1736 1400 1794 1427; x_wconf 79' lang='lat' dir='ltr'><strong>Arii</strong></span> 
     </span>
    </p>
   </div>
   <div class='ocr_carea' id='block_1_56' title="bbox 1007 1445 1796 1481">
    <p class='ocr_par' dir='ltr' id='par_1_56' title="bbox 1007 1445 1796 1481">
     <span class='ocr_line' id='line_1_56' title="bbox 1007 1445 1796 1481; baseline -0.003 -8"><span class='ocrx_word' id='word_1_365' title='bbox 1007 1447 1190 1481; x_wconf 86' lang='lat' dir='ltr'><strong>Eunomiique</strong></span> <span class='ocrx_word' id='word_1_366' title='bbox 1210 1446 1376 1477; x_wconf 64' lang='lat' dir='ltr'><strong>haeredibus,</strong></span> <span class='ocrx_word' id='word_1_367' title='bbox 1401 1446 1524 1480; x_wconf 83' lang='lat' dir='ltr'><strong>ejusdem</strong></span> <span class='ocrx_word' id='word_1_368' title='bbox 1551 1453 1611 1472; x_wconf 85' lang='lat' dir='ltr'><strong>esse</strong></span> <span class='ocrx_word' id='word_1_369' title='bbox 1633 1453 1695 1472; x_wconf 89' lang='lat' dir='ltr'><strong>cum</strong></span> <span class='ocrx_word' id='word_1_370' title='bbox 1715 1445 1796 1472; x_wconf 85' lang='lat' dir='ltr'><strong>Patre</strong></span> 
     </span>
    </p>
   </div>
   <div class='ocr_carea' id='block_1_57' title="bbox 1008 1491 1798 1526">
    <p class='ocr_par' dir='ltr' id='par_1_57' title="bbox 1008 1491 1798 1526">
     <span class='ocr_line' id='line_1_57' title="bbox 1008 1491 1798 1526; baseline -0.004 -7"><span class='ocrx_word' id='word_1_371' title='bbox 1008 1492 1178 1523; x_wconf 76' lang='lat' dir='ltr'><strong>substantiae,</strong></span> <span class='ocrx_word' id='word_1_372' title='bbox 1193 1492 1372 1526; x_wconf 82' lang='lat' dir='ltr'><strong>ejusdemque</strong></span> <span class='ocrx_word' id='word_1_373' title='bbox 1384 1491 1498 1518; x_wconf 82' lang='lat' dir='ltr'><strong>honoris</strong></span> <span class='ocrx_word' id='word_1_374' title='bbox 1517 1496 1545 1518; x_wconf 89' lang='lat' dir='ltr'><strong>et</strong></span> <span class='ocrx_word' id='word_1_375' title='bbox 1557 1491 1686 1525; x_wconf 64' lang='lat' dir='ltr'><strong>potentiae</strong></span> <span class='ocrx_word' id='word_1_376' title='bbox 1704 1499 1710 1517; x_wconf 94' lang='lat'><strong>:</strong></span> <span class='ocrx_word' id='word_1_377' title='bbox 1728 1491 1798 1517; x_wconf 68' lang='lat' dir='ltr'><strong>hlar-</strong></span> 
     </span>
    </p>
   </div>
   <div class='ocr_carea' id='block_1_58' title="bbox 1009 1535 1796 1568">
    <p class='ocr_par' dir='ltr' id='par_1_58' title="bbox 1009 1535 1796 1568">
     <span class='ocr_line' id='line_1_58' title="bbox 1009 1535 1796 1568; baseline -0.003 -5"><span class='ocrx_word' id='word_1_378' title='bbox 1009 1537 1096 1564; x_wconf 86' lang='lat' dir='ltr'><strong>cionis</strong></span> <span class='ocrx_word' id='word_1_379' title='bbox 1122 1537 1214 1563; x_wconf 81' lang='lat' dir='ltr'><strong>furore</strong></span> <span class='ocrx_word' id='word_1_380' title='bbox 1235 1536 1448 1568; x_wconf 88' lang='lat' dir='ltr'><strong>insanientibus,</strong></span> <span class='ocrx_word' id='word_1_381' title='bbox 1474 1543 1529 1562; x_wconf 92' lang='lat' dir='ltr'><strong>non</strong></span> <span class='ocrx_word' id='word_1_382' title='bbox 1555 1535 1657 1562; x_wconf 91' lang='lat' dir='ltr'><strong>bonum</strong></span> <span class='ocrx_word' id='word_1_383' title='bbox 1691 1539 1796 1562; x_wconf 86' lang='lat' dir='ltr'><strong>tantum</strong></span> 
     </span>
    </p>
   </div>
   <div class='ocr_carea' id='block_1_59' title="bbox 1009 1581 1796 1616">
    <p class='ocr_par' dir='ltr' id='par_1_59' title="bbox 1009 1581 1796 1616">
     <span class='ocr_line' id='line_1_59' title="bbox 1009 1581 1796 1616; baseline -0.003 -7"><span class='ocrx_word' id='word_1_384' title='bbox 1009 1591 1079 1614; x_wconf 82' lang='lat' dir='ltr'><strong>esse,</strong></span> <span class='ocrx_word' id='word_1_385' title='bbox 1094 1590 1189 1608; x_wconf 74' lang='lat' dir='ltr'><strong>verum</strong></span> <span class='ocrx_word' id='word_1_386' title='bbox 1206 1582 1288 1609; x_wconf 83' lang='lat' dir='ltr'><strong>etiam</strong></span> <span class='ocrx_word' id='word_1_387' title='bbox 1302 1582 1420 1616; x_wconf 81' lang='lat' dir='ltr'><strong>justum,</strong></span> <span class='ocrx_word' id='word_1_388' title='bbox 1438 1589 1490 1608; x_wconf 89' lang='lat' dir='ltr'><strong>non</strong></span> <span class='ocrx_word' id='word_1_389' title='bbox 1513 1581 1677 1612; x_wconf 85' lang='lat' dir='ltr'><strong>alienorum,</strong></span> <span class='ocrx_word' id='word_1_390' title='bbox 1700 1585 1730 1607; x_wconf 91' lang='lat' dir='ltr'><strong>ut</strong></span> <span class='ocrx_word' id='word_1_391' title='bbox 1745 1581 1796 1616; x_wconf 86' lang='lat' dir='ltr'><strong>ipsi</strong></span> 
     </span>
    </p>
   </div>
   <div class='ocr_carea' id='block_1_60' title="bbox 158 1620 1796 1662">
    <p class='ocr_par' dir='ltr' id='par_1_60' title="bbox 158 1620 1796 1662">
     <span class='ocr_line' id='line_1_60' title="bbox 158 1620 1796 1662; baseline -0.002 -5"><span class='ocrx_word' id='word_1_392' title='bbox 158 1621 309 1651; x_wconf 63' lang='lat' dir='ltr'><strong>mm</strong></span> <span class='ocrx_word' id='word_1_393' title='bbox 317 1621 418 1657; x_wconf 64' lang='grc' dir='ltr'><strong>ἁοειηθ</strong></span> <span class='ocrx_word' id='word_1_394' title='bbox 433 1628 484 1656; x_wconf 62' lang='lat' dir='ltr'><strong>Per</strong></span> <span class='ocrx_word' id='word_1_395' title='bbox 495 1621 545 1647; x_wconf 66' lang='lat' dir='ltr'><strong>Dei</strong></span> <span class='ocrx_word' id='word_1_396' title='bbox 564 1621 678 1655; x_wconf 55' lang='lat' dir='ltr'><strong>gratiam</strong></span> <span class='ocrx_word' id='word_1_397' title='bbox 703 1621 803 1647; x_wconf 69' lang='grc' dir='ltr'><strong>θιυεθῐ-</strong></span> <span class='ocrx_word' id='word_1_398' title='bbox 828 1620 956 1655; x_wconf 56' lang='lat' dir='ltr'><strong>Mysum“</strong></span> <span class='ocrx_word' id='word_1_399' title='bbox 971 1620 992 1649; x_wconf 59' lang='grc' dir='ltr'><strong>(δ</strong></span> <span class='ocrx_word' id='word_1_400' title='bbox 1010 1629 1176 1659; x_wconf 78' lang='lat' dir='ltr'><strong>fabulantur,</strong></span> <span class='ocrx_word' id='word_1_401' title='bbox 1188 1628 1235 1655; x_wconf 78' lang='lat' dir='ltr'><strong>sed</strong></span> <span class='ocrx_word' id='word_1_402' title='bbox 1252 1635 1365 1655; x_wconf 84' lang='lat' dir='ltr'><strong>suorum</strong></span> <span class='ocrx_word' id='word_1_403' title='bbox 1381 1627 1467 1662; x_wconf 82' lang='lat' dir='ltr'><strong>ipsius</strong></span> <span class='ocrx_word' id='word_1_404' title='bbox 1484 1635 1597 1661; x_wconf 86' lang='lat' dir='ltr'><strong>operum</strong></span> <span class='ocrx_word' id='word_1_405' title='bbox 1611 1627 1774 1654; x_wconf 79' lang='lat' dir='ltr'><strong>salvatorem</strong></span> <span class='ocrx_word' id='word_1_406' title='bbox 1790 1636 1796 1654; x_wconf 90' lang='lat'><strong>:</strong></span> 
     </span>
    </p>
   </div>
   <div class='ocr_carea' id='block_1_61' title="bbox 157 1664 958 1704">
    <p class='ocr_par' dir='ltr' id='par_1_61' title="bbox 157 1664 958 1704">
     <span class='ocr_line' id='line_1_61' title="bbox 157 1664 958 1704; baseline -0.009 -8"><span class='ocrx_word' id='word_1_407' title='bbox 157 1669 298 1704; x_wconf 60' lang='lat' dir='ltr'><strong>prstare:</strong></span> <span class='ocrx_word' id='word_1_408' title='bbox 308 1666 430 1701; x_wconf 81' lang='lat' dir='ltr'><strong>scriptus</strong></span> <span class='ocrx_word' id='word_1_409' title='bbox 438 1673 459 1701; x_wconf 40' lang='lat' dir='ltr'><strong>.a</strong></span> <span class='ocrx_word' id='word_1_410' title='bbox 471 1665 551 1693; x_wconf 87' lang='lat' dir='ltr'><strong>nobis</strong></span> <span class='ocrx_word' id='word_1_411' title='bbox 565 1668 606 1692; x_wconf 89' lang='lat' dir='ltr'><strong>est</strong></span> <span class='ocrx_word' id='word_1_412' title='bbox 618 1664 699 1695; x_wconf 81' lang='lat' dir='ltr'><strong>liber,</strong></span> <span class='ocrx_word' id='word_1_413' title='bbox 712 1669 739 1691; x_wconf 91' lang='lat' dir='ltr'><strong>et</strong></span> <span class='ocrx_word' id='word_1_414' title='bbox 760 1664 805 1691; x_wconf 83' lang='lat' dir='ltr'><strong>alii</strong></span> <span class='ocrx_word' id='word_1_415' title='bbox 818 1664 851 1690; x_wconf 88' lang='lat' dir='ltr'><strong>de</strong></span> <span class='ocrx_word' id='word_1_416' title='bbox 862 1664 958 1690; x_wconf 86' lang='lat' dir='ltr'><strong>Provi-</strong></span> 
     </span>
    </p>
   </div>
   <div class='ocr_carea' id='block_1_62' title="bbox 158 1709 959 1747">
    <p class='ocr_par' dir='ltr' id='par_1_62' title="bbox 158 1709 959 1747">
     <span class='ocr_line' id='line_1_62' title="bbox 158 1709 959 1747; baseline -0.007 -6"><span class='ocrx_word' id='word_1_417' title='bbox 158 1711 269 1745; x_wconf 69' lang='lat' dir='ltr'><strong>deuia;</strong></span> <span class='ocrx_word' id='word_1_418' title='bbox 282 1716 312 1740; x_wconf 70' lang='grc' dir='ltr'><strong>οι</strong></span> <span class='ocrx_word' id='word_1_419' title='bbox 325 1711 361 1739; x_wconf 81' lang='lat' dir='ltr'><strong>ad</strong></span> <span class='ocrx_word' id='word_1_420' title='bbox 377 1711 497 1747; x_wconf 74' lang='lat' dir='ltr'><strong>quaesita</strong></span> <span class='ocrx_word' id='word_1_421' title='bbox 509 1711 648 1746; x_wconf 68' lang='lat' dir='ltr'><strong>Magorum</strong></span> <span class='ocrx_word' id='word_1_422' title='bbox 665 1710 745 1742; x_wconf 87' lang='lat' dir='ltr'><strong>alius,</strong></span> <span class='ocrx_word' id='word_1_423' title='bbox 760 1713 787 1736; x_wconf 89' lang='lat' dir='ltr'><strong>et</strong></span> <span class='ocrx_word' id='word_1_424' title='bbox 799 1709 867 1736; x_wconf 74' lang='lat' dir='ltr'><strong>Vitae</strong></span> <span class='ocrx_word' id='word_1_425' title='bbox 880 1717 959 1735; x_wconf 80' lang='lat' dir='ltr'><strong>sanc-</strong></span> 
     </span>
    </p>
   </div>
   <div class='ocr_carea' id='block_1_63' title="bbox 158 1754 959 1792">
    <p class='ocr_par' dir='ltr' id='par_1_63' title="bbox 158 1754 959 1792">
     <span class='ocr_line' id='line_1_63' title="bbox 158 1754 959 1792; baseline -0.009 -5"><span class='ocrx_word' id='word_1_426' title='bbox 158 1760 268 1791; x_wconf 69' lang='lat' dir='ltr'><strong>mm.</strong></span> <span class='ocrx_word' id='word_1_427' title='bbox 281 1761 311 1785; x_wconf 78' lang='lat' dir='ltr'><strong>et</strong></span> <span class='ocrx_word' id='word_1_428' title='bbox 320 1761 423 1792; x_wconf 57' lang='lat' dir='ltr'><strong>praeter</strong></span> <span class='ocrx_word' id='word_1_429' title='bbox 446 1756 498 1783; x_wconf 89' lang='lat' dir='ltr'><strong>hos</strong></span> <span class='ocrx_word' id='word_1_430' title='bbox 519 1756 565 1783; x_wconf 87' lang='lat' dir='ltr'><strong>alii</strong></span> <span class='ocrx_word' id='word_1_431' title='bbox 593 1755 760 1790; x_wconf 86' lang='lat' dir='ltr'><strong>complures,</strong></span> <span class='ocrx_word' id='word_1_432' title='bbox 780 1762 814 1781; x_wconf 90' lang='lat' dir='ltr'><strong>ne</strong></span> <span class='ocrx_word' id='word_1_433' title='bbox 837 1754 959 1789; x_wconf 76' lang='lat' dir='ltr'><strong>singulos</strong></span> 
     </span>
    </p>
   </div>
   <div class='ocr_carea' id='block_1_64' title="bbox 157 1800 960 1840">
    <p class='ocr_par' dir='ltr' id='par_1_64' title="bbox 157 1800 960 1840">
     <span class='ocr_line' id='line_1_64' title="bbox 157 1800 960 1840; baseline -0.007 -8"><span class='ocrx_word' id='word_1_434' title='bbox 157 1809 359 1840; x_wconf 69' lang='lat' dir='ltr'><strong>percenseam.</strong></span> <span class='ocrx_word' id='word_1_435' title='bbox 385 1802 443 1829; x_wconf 80' lang='lat' dir='ltr'><strong>llos</strong></span> <span class='ocrx_word' id='word_1_436' title='bbox 465 1805 556 1829; x_wconf 81' lang='lat' dir='ltr'><strong>autem</strong></span> <span class='ocrx_word' id='word_1_437' title='bbox 584 1801 755 1832; x_wconf 85' lang='lat' dir='ltr'><strong>enumeravi,</strong></span> <span class='ocrx_word' id='word_1_438' title='bbox 785 1809 840 1828; x_wconf 89' lang='lat' dir='ltr'><strong>non</strong></span> <span class='ocrx_word' id='word_1_439' title='bbox 868 1800 960 1835; x_wconf 73' lang='lat' dir='ltr'><strong>gloriae</strong></span> 
     </span>
    </p>
   </div>
   <div class='ocr_carea' id='block_1_65' title="bbox 159 1847 961 1881">
    <p class='ocr_par' dir='ltr' id='par_1_65' title="bbox 159 1847 961 1881">
     <span class='ocr_line' id='line_1_65' title="bbox 159 1847 961 1881; baseline -0.006 -4"><span class='ocrx_word' id='word_1_440' title='bbox 159 1848 389 1880; x_wconf 74' lang='lat' dir='ltr'><strong>mdio&#39;ductus,</strong></span> <span class='ocrx_word' id='word_1_441' title='bbox 412 1847 462 1875; x_wconf 83' lang='lat' dir='ltr'><strong>sed</strong></span> <span class='ocrx_word' id='word_1_442' title='bbox 479 1851 655 1874; x_wconf 81' lang='lat' dir='ltr'><strong>accusatores</strong></span> <span class='ocrx_word' id='word_1_443' title='bbox 668 1854 832 1881; x_wconf 86' lang='lat' dir='ltr'><strong>provocans,</strong></span> <span class='ocrx_word' id='word_1_444' title='bbox 857 1850 885 1873; x_wconf 89' lang='lat' dir='ltr'><strong>et</strong></span> <span class='ocrx_word' id='word_1_445' title='bbox 913 1854 961 1873; x_wconf 86' lang='lat' dir='ltr'><strong>eos</strong></span> 
     </span>
    </p>
   </div>
   <div class='ocr_carea' id='block_1_66' title="bbox 159 1891 962 1930">
    <p class='ocr_par' dir='ltr' id='par_1_66' title="bbox 159 1891 962 1930">
     <span class='ocr_line' id='line_1_66' title="bbox 159 1891 962 1930; baseline -0.005 -9"><span class='ocrx_word' id='word_1_446' title='bbox 159 1893 359 1930; x_wconf 26' lang='lat' dir='ltr'><strong>quirjutlicare</strong></span> <span class='ocrx_word' id='word_1_447' title='bbox 374 1893 526 1923; x_wconf 76' lang='lat' dir='ltr'><strong>voluerint,</strong></span> <span class='ocrx_word' id='word_1_448' title='bbox 539 1895 570 1919; x_wconf 88' lang='lat' dir='ltr'><strong>ut</strong></span> <span class='ocrx_word' id='word_1_449' title='bbox 580 1899 694 1926; x_wconf 91' lang='lat' dir='ltr'><strong>operum</strong></span> <span class='ocrx_word' id='word_1_450' title='bbox 707 1895 864 1918; x_wconf 88' lang='lat' dir='ltr'><strong>nostrorum</strong></span> <span class='ocrx_word' id='word_1_451' title='bbox 876 1891 962 1926; x_wconf 88' lang='lat' dir='ltr'><strong>quod-</strong></span> 
     </span>
    </p>
   </div>
   <div class='ocr_carea' id='block_1_67' title="bbox 162 1937 962 1975">
    <p class='ocr_par' dir='ltr' id='par_1_67' title="bbox 162 1937 962 1975">
     <span class='ocr_line' id='line_1_67' title="bbox 162 1937 962 1975; baseline -0.006 -7"><span class='ocrx_word' id='word_1_452' title='bbox 162 1946 280 1975; x_wconf 70' lang='lat' dir='ltr'><strong>anque</strong></span> <span class='ocrx_word' id='word_1_453' title='bbox 293 1938 376 1974; x_wconf 61' lang='lat'><strong>255</strong></span> <span class='ocrx_word' id='word_1_454' title='bbox 393 1938 543 1970; x_wconf 84' lang='lat' dir='ltr'><strong>voluerint,</strong></span> <span class='ocrx_word' id='word_1_455' title='bbox 556 1938 732 1970; x_wconf 82' lang='lat' dir='ltr'><strong>examinem;</strong></span> <span class='ocrx_word' id='word_1_456' title='bbox 761 1945 811 1964; x_wconf 87' lang='lat' dir='ltr'><strong>nec</strong></span> <span class='ocrx_word' id='word_1_457' title='bbox 824 1937 897 1964; x_wconf 86' lang='lat' dir='ltr'><strong>enim</strong></span> <span class='ocrx_word' id='word_1_458' title='bbox 919 1945 962 1963; x_wconf 86' lang='lat' dir='ltr'><strong>re-</strong></span> 
     </span>
    </p>
   </div>
   <div class='ocr_carea' id='block_1_68' title="bbox 164 1983 961 2022">
    <p class='ocr_par' dir='ltr' id='par_1_68' title="bbox 164 1983 961 2022">
     <span class='ocr_line' id='line_1_68' title="bbox 164 1983 961 2022; baseline -0.006 -8"><span class='ocrx_word' id='word_1_459' title='bbox 164 1986 352 2022; x_wconf 66' lang='lat' dir='ltr'><strong>perientmos</strong></span> <span class='ocrx_word' id='word_1_460' title='bbox 366 1985 441 2012; x_wconf 89' lang='lat' dir='ltr'><strong>aliud</strong></span> <span class='ocrx_word' id='word_1_461' title='bbox 460 1993 511 2020; x_wconf 90' lang='lat' dir='ltr'><strong>per</strong></span> <span class='ocrx_word' id='word_1_462' title='bbox 532 1985 579 2011; x_wconf 86' lang='lat' dir='ltr'><strong>Dei</strong></span> <span class='ocrx_word' id='word_1_463' title='bbox 600 1984 715 2019; x_wconf 76' lang='lat' dir='ltr'><strong>gratiam</strong></span> <span class='ocrx_word' id='word_1_464' title='bbox 739 1983 843 2010; x_wconf 83' lang='lat' dir='ltr'><strong>sentire</strong></span> <span class='ocrx_word' id='word_1_465' title='bbox 856 2003 863 2015; x_wconf 75' lang='lat'><strong>,</strong></span> <span class='ocrx_word' id='word_1_466' title='bbox 880 1991 961 2018; x_wconf 85' lang='lat' dir='ltr'><strong>quam</strong></span> 
     </span>
    </p>
   </div>
   <div class='ocr_carea' id='block_1_69' title="bbox 164 2029 713 2067">
    <p class='ocr_par' dir='ltr' id='par_1_69' title="bbox 164 2029 713 2067">
     <span class='ocr_line' id='line_1_69' title="bbox 164 2029 713 2067; baseline -0.009 -8"><span class='ocrx_word' id='word_1_467' title='bbox 164 2030 243 2067; x_wconf 74' lang='lat' dir='ltr'><strong>quod</strong></span> <span class='ocrx_word' id='word_1_468' title='bbox 253 2038 271 2058; x_wconf 81' lang='lat' dir='ltr'><strong>a</strong></span> <span class='ocrx_word' id='word_1_469' title='bbox 281 2030 426 2066; x_wconf 84' lang='lat' dir='ltr'><strong>Scriptura</strong></span> <span class='ocrx_word' id='word_1_470' title='bbox 436 2037 514 2057; x_wconf 83' lang='lat' dir='ltr'><strong>sacra</strong></span> <span class='ocrx_word' id='word_1_471' title='bbox 532 2029 689 2057; x_wconf 84' lang='lat' dir='ltr'><strong>didicimus.</strong></span> <span class='ocrx_word' id='word_1_472' title='bbox 705 2038 713 2053; x_wconf 84' lang='lat' dir='ltr'><strong>I</strong></span> 
     </span>
    </p>
   </div>
   <div class='ocr_carea' id='block_1_70' title="bbox 201 2073 964 2111">
    <p class='ocr_par' dir='ltr' id='par_1_70' title="bbox 201 2073 964 2111">
     <span class='ocr_line' id='line_1_70' title="bbox 201 2073 964 2111; baseline -0.007 -8"><span class='ocrx_word' id='word_1_473' title='bbox 201 2076 250 2104; x_wconf 76' lang='lat' dir='ltr'><strong>III.</strong></span> <span class='ocrx_word' id='word_1_474' title='bbox 264 2076 390 2111; x_wconf 85' lang='lat' dir='ltr'><strong>Epistola</strong></span> <span class='ocrx_word' id='word_1_475' title='bbox 402 2076 464 2107; x_wconf 73' lang='lat' dir='ltr'><strong>H5,</strong></span> <span class='ocrx_word' id='word_1_476' title='bbox 478 2075 512 2102; x_wconf 88' lang='lat' dir='ltr'><strong>ad</strong></span> <span class='ocrx_word' id='word_1_477' title='bbox 523 2079 648 2102; x_wconf 87' lang='lat' dir='ltr'><strong>sanctum</strong></span> <span class='ocrx_word' id='word_1_478' title='bbox 667 2074 786 2101; x_wconf 87' lang='lat' dir='ltr'><strong>Leonem</strong></span> <span class='ocrx_word' id='word_1_479' title='bbox 801 2082 807 2099; x_wconf 89' lang='lat'><strong>:</strong></span> <span class='ocrx_word' id='word_1_480' title='bbox 827 2083 835 2098; x_wconf 92' lang='grc'><strong>‹</strong></span> <span class='ocrx_word' id='word_1_481' title='bbox 848 2073 964 2107; x_wconf 76' lang='lat' dir='ltr'><strong>Aposto—</strong></span> 
     </span>
    </p>
   </div>
   <div class='ocr_carea' id='block_1_71' title="bbox 165 2119 964 2156">
    <p class='ocr_par' dir='ltr' id='par_1_71' title="bbox 165 2119 964 2156">
     <span class='ocr_line' id='line_1_71' title="bbox 165 2119 964 2156; baseline -0.01 -5"><span class='ocrx_word' id='word_1_482' title='bbox 165 2123 229 2151; x_wconf 67' lang='lat' dir='ltr'><strong>lieat</strong></span> <span class='ocrx_word' id='word_1_483' title='bbox 239 2126 340 2150; x_wconf 69' lang='lat' dir='ltr'><strong>vestrae</strong></span> <span class='ocrx_word' id='word_1_484' title='bbox 352 2121 427 2149; x_wconf 88' lang='lat' dir='ltr'><strong>sedis</strong></span> <span class='ocrx_word' id='word_1_485' title='bbox 441 2125 570 2156; x_wconf 80' lang='lat' dir='ltr'><strong>exspecto</strong></span> <span class='ocrx_word' id='word_1_486' title='bbox 589 2119 764 2151; x_wconf 88' lang='lat' dir='ltr'><strong>sententiam,</strong></span> <span class='ocrx_word' id='word_1_487' title='bbox 780 2123 807 2145; x_wconf 84' lang='lat' dir='ltr'><strong>et</strong></span> <span class='ocrx_word' id='word_1_488' title='bbox 818 2126 866 2145; x_wconf 86' lang='lat' dir='ltr'><strong>oro</strong></span> <span class='ocrx_word' id='word_1_489' title='bbox 883 2122 964 2151; x_wconf 83' lang='lat' dir='ltr'><strong>atque</strong></span> 
     </span>
    </p>
   </div>
   <div class='ocr_carea' id='block_1_72' title="bbox 167 2163 966 2197">
    <p class='ocr_par' dir='ltr' id='par_1_72' title="bbox 167 2163 966 2197">
     <span class='ocr_line' id='line_1_72' title="bbox 167 2163 966 2197; baseline -0.009 -2"><span class='ocrx_word' id='word_1_490' title='bbox 167 2167 296 2195; x_wconf 78' lang='lat' dir='ltr'><strong>obtestor</strong></span> <span class='ocrx_word' id='word_1_491' title='bbox 308 2166 486 2194; x_wconf 82' lang='lat' dir='ltr'><strong>sanctitatem</strong></span> <span class='ocrx_word' id='word_1_492' title='bbox 513 2171 601 2197; x_wconf 87' lang='lat' dir='ltr'><strong>tuam,</strong></span> <span class='ocrx_word' id='word_1_493' title='bbox 628 2164 737 2191; x_wconf 87' lang='lat' dir='ltr'><strong>utmihi</strong></span> <span class='ocrx_word' id='word_1_494' title='bbox 761 2169 865 2190; x_wconf 86' lang='lat' dir='ltr'><strong>rectum</strong></span> <span class='ocrx_word' id='word_1_495' title='bbox 882 2163 966 2197; x_wconf 86' lang='lat' dir='ltr'><strong>acju—</strong></span> 
     </span>
    </p>
   </div>
   <div class='ocr_carea' id='block_1_73' title="bbox 168 2209 966 2244">
    <p class='ocr_par' dir='ltr' id='par_1_73' title="bbox 168 2209 966 2244">
     <span class='ocr_line' id='line_1_73' title="bbox 168 2209 966 2244; baseline -0.009 -3"><span class='ocrx_word' id='word_1_496' title='bbox 168 2217 245 2241; x_wconf 73' lang='lat' dir='ltr'><strong>uuln</strong></span> <span class='ocrx_word' id='word_1_497' title='bbox 274 2211 397 2239; x_wconf 86' lang='lat' dir='ltr'><strong>tribunal</strong></span> <span class='ocrx_word' id='word_1_498' title='bbox 413 2215 537 2238; x_wconf 87' lang='lat' dir='ltr'><strong>vestrum</strong></span> <span class='ocrx_word' id='word_1_499' title='bbox 560 2209 700 2238; x_wconf 87' lang='lat' dir='ltr'><strong>invocanti</strong></span> <span class='ocrx_word' id='word_1_500' title='bbox 721 2217 801 2244; x_wconf 89' lang='lat' dir='ltr'><strong>opem</strong></span> <span class='ocrx_word' id='word_1_501' title='bbox 825 2209 904 2240; x_wconf 82' lang='lat' dir='ltr'><strong>ferat,</strong></span> <span class='ocrx_word' id='word_1_502' title='bbox 920 2209 966 2243; x_wconf 90' lang='lat' dir='ltr'><strong>ju-</strong></span> 
     </span>
    </p>
   </div>
   <div class='ocr_carea' id='block_1_74' title="bbox 167 2255 965 2293">
    <p class='ocr_par' dir='ltr' id='par_1_74' title="bbox 167 2255 965 2293">
     <span class='ocr_line' id='line_1_74' title="bbox 167 2255 965 2293; baseline -0.006 -8"><span class='ocrx_word' id='word_1_503' title='bbox 167 2257 291 2293; x_wconf 80' lang='lat' dir='ltr'><strong>beatque</strong></span> <span class='ocrx_word' id='word_1_504' title='bbox 319 2256 354 2284; x_wconf 86' lang='lat' dir='ltr'><strong>ad</strong></span> <span class='ocrx_word' id='word_1_505' title='bbox 368 2263 417 2284; x_wconf 77' lang='lat' dir='ltr'><strong>vos</strong></span> <span class='ocrx_word' id='word_1_506' title='bbox 440 2257 545 2289; x_wconf 84' lang='lat' dir='ltr'><strong>venire,</strong></span> <span class='ocrx_word' id='word_1_507' title='bbox 560 2261 588 2283; x_wconf 83' lang='lat' dir='ltr'><strong>et</strong></span> <span class='ocrx_word' id='word_1_508' title='bbox 609 2255 762 2283; x_wconf 89' lang='lat' dir='ltr'><strong>doctrinam</strong></span> <span class='ocrx_word' id='word_1_509' title='bbox 786 2263 874 2282; x_wconf 88' lang='lat' dir='ltr'><strong>meam</strong></span> <span class='ocrx_word' id='word_1_510' title='bbox 898 2262 965 2288; x_wconf 86' lang='lat' dir='ltr'><strong>apo—</strong></span> 
     </span>
    </p>
   </div>
   <div class='ocr_carea' id='block_1_75' title="bbox 1010 1672 1801 1709">
    <p class='ocr_par' dir='ltr' id='par_1_75' title="bbox 1010 1672 1801 1709">
     <span class='ocr_line' id='line_1_75' title="bbox 1010 1672 1801 1709; baseline -0.003 -8"><span class='ocrx_word' id='word_1_511' title='bbox 1010 1680 1092 1709; x_wconf 88' lang='lat' dir='ltr'><strong>atquc.</strong></span> <span class='ocrx_word' id='word_1_512' title='bbox 1113 1679 1142 1701; x_wconf 89' lang='lat' dir='ltr'><strong>ut</strong></span> <span class='ocrx_word' id='word_1_513' title='bbox 1163 1674 1247 1701; x_wconf 84' lang='lat' dir='ltr'><strong>semel</strong></span> <span class='ocrx_word' id='word_1_514' title='bbox 1283 1673 1383 1705; x_wconf 85' lang='lat' dir='ltr'><strong>dicam,</strong></span> <span class='ocrx_word' id='word_1_515' title='bbox 1415 1673 1545 1699; x_wconf 85' lang='lat' dir='ltr'><strong>adversus</strong></span> <span class='ocrx_word' id='word_1_516' title='bbox 1566 1672 1717 1707; x_wconf 87' lang='lat' dir='ltr'><strong>quamlibet</strong></span> <span class='ocrx_word' id='word_1_517' title='bbox 1744 1673 1801 1699; x_wconf 81' lang='lat' dir='ltr'><strong>h:e-</strong></span> 
     </span>
    </p>
   </div>
   <div class='ocr_carea' id='block_1_76' title="bbox 1011 1718 1801 1751">
    <p class='ocr_par' dir='ltr' id='par_1_76' title="bbox 1011 1718 1801 1751">
     <span class='ocr_line' id='line_1_76' title="bbox 1011 1718 1801 1751; baseline -0.001 -6"><span class='ocrx_word' id='word_1_518' title='bbox 1011 1720 1082 1746; x_wconf 81' lang='lat' dir='ltr'><strong>resin</strong></span> <span class='ocrx_word' id='word_1_519' title='bbox 1095 1719 1267 1751; x_wconf 80' lang='lat' dir='ltr'><strong>dimicantes,</strong></span> <span class='ocrx_word' id='word_1_520' title='bbox 1291 1726 1375 1745; x_wconf 89' lang='lat' dir='ltr'><strong>unum</strong></span> <span class='ocrx_word' id='word_1_521' title='bbox 1399 1718 1497 1745; x_wconf 84' lang='lat' dir='ltr'><strong>Filium</strong></span> <span class='ocrx_word' id='word_1_522' title='bbox 1521 1718 1690 1745; x_wconf 84' lang='lat' dir='ltr'><strong>adorandum</strong></span> <span class='ocrx_word' id='word_1_523' title='bbox 1705 1725 1801 1745; x_wconf 88' lang='lat' dir='ltr'><strong>mone-</strong></span> 
     </span>
    </p>
   </div>
   <div class='ocr_carea' id='block_1_77' title="bbox 1011 1773 1108 1791">
    <p class='ocr_par' dir='ltr' id='par_1_77' title="bbox 1011 1773 1108 1791">
     <span class='ocr_line' id='line_1_77' title="bbox 1011 1773 1108 1791; baseline -0.021 0"><span class='ocrx_word' id='word_1_524' title='bbox 1011 1773 1080 1791; x_wconf 76' lang='grc' dir='ltr'>[ιιιις.</span> <span class='ocrx_word' id='word_1_525' title='bbox 1100 1775 1108 1789; x_wconf 74' lang='lat' dir='ltr'><strong>t</strong></span> 
     </span>
    </p>
   </div>
   <div class='ocr_carea' id='block_1_78' title="bbox 1296 1828 1514 1847">
    <p class='ocr_par' dir='ltr' id='par_1_78' title="bbox 1296 1828 1514 1847">
     <span class='ocr_line' id='line_1_78' title="bbox 1296 1828 1514 1847; baseline -0.005 0"><span class='ocrx_word' id='word_1_526' title='bbox 1296 1828 1514 1847; x_wconf 71' lang='lat' dir='ltr'><strong>OBSERVATIONES.</strong></span> 
     </span>
    </p>
   </div>
   <div class='ocr_carea' id='block_1_79' title="bbox 1048 1885 1803 1922">
    <p class='ocr_par' dir='ltr' id='par_1_79' title="bbox 1048 1885 1803 1922">
     <span class='ocr_line' id='line_1_79' title="bbox 1048 1885 1803 1922; baseline -0.003 -8"><span class='ocrx_word' id='word_1_527' title='bbox 1048 1887 1069 1914; x_wconf 92' lang='grc'><strong>1.</strong></span> <span class='ocrx_word' id='word_1_528' title='bbox 1083 1887 1121 1914; x_wconf 79' lang='lat' dir='ltr'><strong>Ex</strong></span> <span class='ocrx_word' id='word_1_529' title='bbox 1135 1890 1253 1922; x_wconf 88' lang='lat' dir='ltr'><strong>quatuor</strong></span> <span class='ocrx_word' id='word_1_530' title='bbox 1271 1887 1410 1921; x_wconf 85' lang='lat' dir='ltr'><strong>epistolis,</strong></span> <span class='ocrx_word' id='word_1_531' title='bbox 1425 1887 1511 1921; x_wconf 88' lang='lat' dir='ltr'><strong>prima</strong></span> <span class='ocrx_word' id='word_1_532' title='bbox 1531 1894 1603 1913; x_wconf 87' lang='lat' dir='ltr'><strong>anno</strong></span> <span class='ocrx_word' id='word_1_533' title='bbox 1621 1885 1673 1912; x_wconf 70' lang='grc'><strong>445</strong></span> <span class='ocrx_word' id='word_1_534' title='bbox 1700 1885 1803 1920; x_wconf 78' lang='lat' dir='ltr'><strong>scripta</strong></span> 
     </span>
    </p>
   </div>
   <div class='ocr_carea' id='block_1_80' title="bbox 1012 1932 1803 1968">
    <p class='ocr_par' dir='ltr' id='par_1_80' title="bbox 1012 1932 1803 1968">
     <span class='ocr_line' id='line_1_80' title="bbox 1012 1932 1803 1968; baseline -0.003 -8"><span class='ocrx_word' id='word_1_535' title='bbox 1012 1934 1187 1968; x_wconf 75' lang='lat' dir='ltr'><strong>est,rcliqu:e</strong></span> <span class='ocrx_word' id='word_1_536' title='bbox 1207 1941 1279 1959; x_wconf 89' lang='lat' dir='ltr'><strong>anno</strong></span> <span class='ocrx_word' id='word_1_537' title='bbox 1300 1933 1351 1959; x_wconf 68' lang='lat' dir='ltr'><strong>M9</strong></span> <span class='ocrx_word' id='word_1_538' title='bbox 1381 1932 1546 1959; x_wconf 84' lang='lat' dir='ltr'><strong>desinente:</strong></span> <span class='ocrx_word' id='word_1_539' title='bbox 1577 1939 1661 1966; x_wconf 85' lang='lat' dir='ltr'><strong>quare</strong></span> <span class='ocrx_word' id='word_1_540' title='bbox 1690 1940 1750 1966; x_wconf 70' lang='lat' dir='ltr'><strong>qua:</strong></span> <span class='ocrx_word' id='word_1_541' title='bbox 1776 1933 1803 1958; x_wconf 86' lang='lat' dir='ltr'><strong>in</strong></span> 
     </span>
    </p>
   </div>
   <div class='ocr_carea' id='block_1_81' title="bbox 1014 1976 1742 2014">
    <p class='ocr_par' dir='ltr' id='par_1_81' title="bbox 1014 1976 1742 2014">
     <span class='ocr_line' id='line_1_81' title="bbox 1014 1976 1742 2014; baseline -0.004 -9"><span class='ocrx_word' id='word_1_542' title='bbox 1014 1979 1101 2014; x_wconf 88' lang='lat' dir='ltr'><strong>prima</strong></span> <span class='ocrx_word' id='word_1_543' title='bbox 1120 1982 1310 2008; x_wconf 83' lang='lat' dir='ltr'><strong>recensentur,</strong></span> <span class='ocrx_word' id='word_1_544' title='bbox 1325 1981 1388 2004; x_wconf 87' lang='lat' dir='ltr'><strong>ante</strong></span> <span class='ocrx_word' id='word_1_545' title='bbox 1401 1985 1504 2004; x_wconf 91' lang='lat' dir='ltr'><strong>annum</strong></span> <span class='ocrx_word' id='word_1_546' title='bbox 1517 1976 1569 2003; x_wconf 71' lang='lat'><strong>446</strong></span> <span class='ocrx_word' id='word_1_547' title='bbox 1580 1976 1654 2003; x_wconf 86' lang='lat' dir='ltr'><strong>edita</strong></span> <span class='ocrx_word' id='word_1_548' title='bbox 1669 1980 1742 2002; x_wconf 90' lang='lat' dir='ltr'><strong>sunt.</strong></span> 
     </span>
    </p>
   </div>
   <div class='ocr_carea' id='block_1_82' title="bbox 1050 2020 1804 2057">
    <p class='ocr_par' dir='ltr' id='par_1_82' title="bbox 1050 2020 1804 2057">
     <span class='ocr_line' id='line_1_82' title="bbox 1050 2020 1804 2057; baseline -0.005 -7"><span class='ocrx_word' id='word_1_549' title='bbox 1050 2024 1082 2051; x_wconf 90' lang='lat' dir='ltr'><strong>ll.</strong></span> <span class='ocrx_word' id='word_1_550' title='bbox 1096 2024 1175 2050; x_wconf 85' lang='lat' dir='ltr'><strong>Nulla</strong></span> <span class='ocrx_word' id='word_1_551' title='bbox 1189 2023 1217 2049; x_wconf 86' lang='lat' dir='ltr'><strong>lit</strong></span> <span class='ocrx_word' id='word_1_552' title='bbox 1237 2023 1344 2057; x_wconf 87' lang='lat' dir='ltr'><strong>uspiam</strong></span> <span class='ocrx_word' id='word_1_553' title='bbox 1369 2022 1474 2048; x_wconf 90' lang='lat' dir='ltr'><strong>mentio</strong></span> <span class='ocrx_word' id='word_1_554' title='bbox 1494 2020 1720 2055; x_wconf 86' lang='lat' dir='ltr'><strong>reprehensionis</strong></span> <span class='ocrx_word' id='word_1_555' title='bbox 1733 2021 1804 2047; x_wconf 90' lang='lat' dir='ltr'><strong>duo-</strong></span> 
     </span>
    </p>
   </div>
   <div class='ocr_carea' id='block_1_83' title="bbox 1014 2066 1806 2104">
    <p class='ocr_par' dir='ltr' id='par_1_83' title="bbox 1014 2066 1806 2104">
     <span class='ocr_line' id='line_1_83' title="bbox 1014 2066 1806 2104; baseline -0.005 -8"><span class='ocrx_word' id='word_1_556' title='bbox 1014 2070 1102 2097; x_wconf 88' lang='lat' dir='ltr'><strong>decim</strong></span> <span class='ocrx_word' id='word_1_557' title='bbox 1116 2069 1242 2103; x_wconf 83' lang='lat' dir='ltr'><strong>Capitum</strong></span> <span class='ocrx_word' id='word_1_558' title='bbox 1254 2068 1365 2104; x_wconf 85' lang='lat' dir='ltr'><strong>Cyrilli;</strong></span> <span class='ocrx_word' id='word_1_559' title='bbox 1385 2068 1459 2094; x_wconf 87' lang='lat' dir='ltr'><strong>nulla</strong></span> <span class='ocrx_word' id='word_1_560' title='bbox 1483 2066 1650 2094; x_wconf 82' lang='lat' dir='ltr'><strong>delensionis</strong></span> <span class='ocrx_word' id='word_1_561' title='bbox 1676 2074 1726 2100; x_wconf 88' lang='lat' dir='ltr'><strong>pro</strong></span> <span class='ocrx_word' id='word_1_562' title='bbox 1743 2066 1806 2092; x_wconf 80' lang='lat' dir='ltr'><strong>Dio—</strong></span> 
     </span>
    </p>
   </div>
   <div class='ocr_carea' id='block_1_84' title="bbox 1015 2112 1806 2146">
    <p class='ocr_par' dir='ltr' id='par_1_84' title="bbox 1015 2112 1806 2146">
     <span class='ocr_line' id='line_1_84' title="bbox 1015 2112 1806 2146; baseline -0.005 -5"><span class='ocrx_word' id='word_1_563' title='bbox 1015 2115 1084 2142; x_wconf 88' lang='lat' dir='ltr'><strong>doro</strong></span> <span class='ocrx_word' id='word_1_564' title='bbox 1108 2114 1237 2140; x_wconf 84' lang='lat' dir='ltr'><strong>Tarsensi</strong></span> <span class='ocrx_word' id='word_1_565' title='bbox 1268 2119 1296 2140; x_wconf 89' lang='lat' dir='ltr'><strong>et</strong></span> <span class='ocrx_word' id='word_1_566' title='bbox 1321 2113 1467 2140; x_wconf 87' lang='lat' dir='ltr'><strong>Theodoro</strong></span> <span class='ocrx_word' id='word_1_567' title='bbox 1491 2112 1700 2146; x_wconf 80' lang='lat' dir='ltr'><strong>Mopsuesteno;</strong></span> <span class='ocrx_word' id='word_1_568' title='bbox 1731 2112 1806 2138; x_wconf 87' lang='lat' dir='ltr'><strong>nulla</strong></span> 
     </span>
    </p>
   </div>
   <div class='ocr_carea' id='block_1_85' title="bbox 1015 2157 1805 2194">
    <p class='ocr_par' dir='ltr' id='par_1_85' title="bbox 1015 2157 1805 2194">
     <span class='ocr_line' id='line_1_85' title="bbox 1015 2157 1805 2194; baseline -0.005 -7"><span class='ocrx_word' id='word_1_569' title='bbox 1015 2161 1097 2187; x_wconf 88' lang='lat' dir='ltr'><strong>etiam</strong></span> <span class='ocrx_word' id='word_1_570' title='bbox 1109 2160 1252 2190; x_wconf 63' lang='lat' dir='ltr'><strong>Eranistaa,</strong></span> <span class='ocrx_word' id='word_1_571' title='bbox 1263 2159 1418 2194; x_wconf 79' lang='lat' dir='ltr'><strong>2561icet</strong></span> <span class='ocrx_word' id='word_1_572' title='bbox 1437 2159 1495 2185; x_wconf 63' lang='lat' dir='ltr'><strong>hsce</strong></span> <span class='ocrx_word' id='word_1_573' title='bbox 1511 2161 1574 2184; x_wconf 86' lang='lat' dir='ltr'><strong>ante</strong></span> <span class='ocrx_word' id='word_1_574' title='bbox 1597 2165 1697 2183; x_wconf 85' lang='lat' dir='ltr'><strong>annum</strong></span> <span class='ocrx_word' id='word_1_575' title='bbox 1708 2157 1759 2184; x_wconf 71' lang='grc'><strong>4115</strong></span> <span class='ocrx_word' id='word_1_576' title='bbox 1775 2159 1805 2188; x_wconf 68' lang='grc'><strong>⁵³,</strong></span> 
     </span>
    </p>
   </div>
   <div class='ocr_carea' id='block_1_86' title="bbox 1017 2204 1807 2239">
    <p class='ocr_par' dir='ltr' id='par_1_86' title="bbox 1017 2204 1807 2239">
     <span class='ocr_line' id='line_1_86' title="bbox 1017 2204 1807 2239; baseline -0.004 -7"><span class='ocrx_word' id='word_1_577' title='bbox 1017 2210 1148 2232; x_wconf 83' lang='lat' dir='ltr'><strong>autcertc</strong></span> <span class='ocrx_word' id='word_1_578' title='bbox 1168 2206 1229 2237; x_wconf 72' lang='lat' dir='ltr'><strong>M9,</strong></span> <span class='ocrx_word' id='word_1_579' title='bbox 1254 2205 1406 2239; x_wconf 84' lang='lat' dir='ltr'><strong>composita</strong></span> <span class='ocrx_word' id='word_1_580' title='bbox 1433 2204 1498 2231; x_wconf 90' lang='lat' dir='ltr'><strong>sint.</strong></span> <span class='ocrx_word' id='word_1_581' title='bbox 1528 2204 1629 2231; x_wconf 83' lang='lat' dir='ltr'><strong>Verum</strong></span> <span class='ocrx_word' id='word_1_582' title='bbox 1650 2211 1705 2229; x_wconf 86' lang='lat' dir='ltr'><strong>non</strong></span> <span class='ocrx_word' id='word_1_583' title='bbox 1728 2208 1807 2230; x_wconf 82' lang='lat' dir='ltr'><strong>erant</strong></span> 
     </span>
    </p>
   </div>
   <div class='ocr_carea' id='block_1_87' title="bbox 1017 2249 1808 2284">
    <p class='ocr_par' dir='ltr' id='par_1_87' title="bbox 1017 2249 1808 2284">
     <span class='ocr_line' id='line_1_87' title="bbox 1017 2249 1808 2284; baseline -0.003 -6"><span class='ocrx_word' id='word_1_584' title='bbox 1017 2252 1202 2278; x_wconf 86' lang='lat' dir='ltr'><strong>conducibilia</strong></span> <span class='ocrx_word' id='word_1_585' title='bbox 1220 2251 1252 2277; x_wconf 85' lang='lat' dir='ltr'><strong>ad</strong></span> <span class='ocrx_word' id='word_1_586' title='bbox 1264 2250 1452 2278; x_wconf 79' lang='lat' dir='ltr'><strong>defensionem</strong></span> <span class='ocrx_word' id='word_1_587' title='bbox 1466 2249 1645 2281; x_wconf 83' lang='lat' dir='ltr'><strong>Theodoreti,</strong></span> <span class='ocrx_word' id='word_1_588' title='bbox 1660 2250 1707 2276; x_wconf 86' lang='lat' dir='ltr'><strong>sed</strong></span> <span class='ocrx_word' id='word_1_589' title='bbox 1722 2251 1808 2284; x_wconf 81' lang='lat' dir='ltr'><strong>magis</strong></span> 
     </span>
    </p>
   </div>
   <div class='ocr_carea' id='block_1_88' title="bbox 168 2289 1278 2338">
    <p class='ocr_par' dir='ltr' id='par_1_88' title="bbox 168 2289 1278 2338">
     <span class='ocr_line' id='line_1_88' title="bbox 168 2289 1278 2338; baseline -0.008 -7"><span class='ocrx_word' id='word_1_590' title='bbox 168 2303 278 2331; x_wconf 65' lang='lat' dir='ltr'><strong>Italicis</strong></span> <span class='ocrx_word' id='word_1_591' title='bbox 292 2302 418 2338; x_wconf 74' lang='lat' dir='ltr'><strong>vestigiis</strong></span> <span class='ocrx_word' id='word_1_592' title='bbox 435 2302 614 2329; x_wconf 68' lang='lat' dir='ltr'><strong>inhaerentem</strong></span> <span class='ocrx_word' id='word_1_593' title='bbox 635 2301 791 2328; x_wconf 83' lang='lat' dir='ltr'><strong>ostendere.</strong></span> <span class='ocrx_word' id='word_1_594' title='bbox 807 2300 877 2327; x_wconf 83' lang='lat' dir='ltr'><strong>Sunt</strong></span> <span class='ocrx_word' id='word_1_595' title='bbox 892 2300 965 2327; x_wconf 85' lang='lat' dir='ltr'><strong>enim</strong></span> <span class='ocrx_word' id='word_1_596' title='bbox 983 2289 1002 2315; x_wconf 76' lang='grc' dir='ltr'>υ</span> <span class='ocrx_word' id='word_1_597' title='bbox 1019 2297 1052 2324; x_wconf 85' lang='lat' dir='ltr'><strong>ad</strong></span> <span class='ocrx_word' id='word_1_598' title='bbox 1064 2297 1278 2324; x_wconf 85' lang='lat' dir='ltr'><strong>accusationem.</strong></span> 
     </span>
    </p>
   </div>
   <div class='ocr_carea' id='block_1_89' title="bbox 170 2346 966 2384">
    <p class='ocr_par' dir='ltr' id='par_1_89' title="bbox 170 2346 966 2384">
     <span class='ocr_line' id='line_1_89' title="bbox 170 2346 966 2384; baseline -0.006 -8"><span class='ocrx_word' id='word_1_599' title='bbox 170 2348 250 2380; x_wconf 83' lang='lat' dir='ltr'><strong>mihi,</strong></span> <span class='ocrx_word' id='word_1_600' title='bbox 265 2355 328 2384; x_wconf 59' lang='lat' dir='ltr'><strong>qua:</strong></span> <span class='ocrx_word' id='word_1_601' title='bbox 348 2347 450 2383; x_wconf 85' lang='lat' dir='ltr'><strong>partim</strong></span> <span class='ocrx_word' id='word_1_602' title='bbox 465 2351 528 2375; x_wconf 83' lang='lat' dir='ltr'><strong>ante</strong></span> <span class='ocrx_word' id='word_1_603' title='bbox 543 2355 631 2374; x_wconf 86' lang='lat' dir='ltr'><strong>annos</strong></span> <span class='ocrx_word' id='word_1_604' title='bbox 652 2346 759 2381; x_wconf 72' lang='lat' dir='ltr'><strong>viginti,</strong></span> <span class='ocrx_word' id='word_1_605' title='bbox 777 2346 877 2380; x_wconf 84' lang='lat' dir='ltr'><strong>partim</strong></span> <span class='ocrx_word' id='word_1_606' title='bbox 903 2350 966 2372; x_wconf 78' lang='lat' dir='ltr'><strong>ante,</strong></span> 
     </span>
    </p>
   </div>
   <div class='ocr_carea' id='block_1_90' title="bbox 171 2390 966 2428">
    <p class='ocr_par' dir='ltr' id='par_1_90' title="bbox 171 2390 966 2428">
     <span class='ocr_line' id='line_1_90' title="bbox 171 2390 966 2428; baseline -0.008 -7"><span class='ocrx_word' id='word_1_607' title='bbox 171 2393 341 2424; x_wconf 82' lang='lat' dir='ltr'><strong>octodecim,</strong></span> <span class='ocrx_word' id='word_1_608' title='bbox 353 2392 455 2428; x_wconf 82' lang='lat' dir='ltr'><strong>partim</strong></span> <span class='ocrx_word' id='word_1_609' title='bbox 489 2395 552 2419; x_wconf 86' lang='lat' dir='ltr'><strong>ante</strong></span> <span class='ocrx_word' id='word_1_610' title='bbox 570 2391 740 2426; x_wconf 87' lang='lat' dir='ltr'><strong>quindecim,</strong></span> <span class='ocrx_word' id='word_1_611' title='bbox 758 2390 857 2425; x_wconf 86' lang='lat' dir='ltr'><strong>partim</strong></span> <span class='ocrx_word' id='word_1_612' title='bbox 883 2394 946 2416; x_wconf 86' lang='lat' dir='ltr'><strong>ante</strong></span> <span class='ocrx_word' id='word_1_613' title='bbox 959 2390 966 2399; x_wconf 80' lang='lat'><strong>&#39;</strong></span> 
     </span>
    </p>
   </div>
   <div class='ocr_carea' id='block_1_91' title="bbox 172 2435 967 2474">
    <p class='ocr_par' dir='ltr' id='par_1_91' title="bbox 172 2435 967 2474">
     <span class='ocr_line' id='line_1_91' title="bbox 172 2435 967 2474; baseline -0.008 -7"><span class='ocrx_word' id='word_1_614' title='bbox 172 2438 322 2467; x_wconf 81' lang='lat' dir='ltr'><strong>duodecim</strong></span> <span class='ocrx_word' id='word_1_615' title='bbox 345 2439 455 2474; x_wconf 86' lang='lat' dir='ltr'><strong>scripsi,</strong></span> <span class='ocrx_word' id='word_1_616' title='bbox 474 2437 599 2473; x_wconf 60' lang='lat' dir='ltr'><strong>quaedam</strong></span> <span class='ocrx_word' id='word_1_617' title='bbox 619 2442 714 2464; x_wconf 87' lang='lat' dir='ltr'><strong>contra</strong></span> <span class='ocrx_word' id='word_1_618' title='bbox 732 2436 849 2463; x_wconf 85' lang='lat' dir='ltr'><strong>Arianos</strong></span> <span class='ocrx_word' id='word_1_619' title='bbox 865 2439 893 2462; x_wconf 89' lang='lat' dir='ltr'><strong>et</strong></span> <span class='ocrx_word' id='word_1_620' title='bbox 910 2435 967 2461; x_wconf 84' lang='lat' dir='ltr'><strong>Eu-</strong></span> 
     </span>
    </p>
   </div>
   <div class='ocr_carea' id='block_1_92' title="bbox 172 2480 967 2519">
    <p class='ocr_par' dir='ltr' id='par_1_92' title="bbox 172 2480 967 2519">
     <span class='ocr_line' id='line_1_92' title="bbox 172 2480 967 2519; baseline -0.01 -5"><span class='ocrx_word' id='word_1_621' title='bbox 172 2485 330 2517; x_wconf 77' lang='lat' dir='ltr'><strong>nomianos,</strong></span> <span class='ocrx_word' id='word_1_622' title='bbox 360 2483 487 2519; x_wconf 65' lang='lat' dir='ltr'><strong>quaedam</strong></span> <span class='ocrx_word' id='word_1_623' title='bbox 518 2487 613 2510; x_wconf 84' lang='lat' dir='ltr'><strong>contra</strong></span> <span class='ocrx_word' id='word_1_624' title='bbox 637 2482 747 2510; x_wconf 50' lang='lat' dir='ltr'><strong>Iudaeos</strong></span> <span class='ocrx_word' id='word_1_625' title='bbox 780 2487 809 2508; x_wconf 83' lang='lat' dir='ltr'><strong>et</strong></span> <span class='ocrx_word' id='word_1_626' title='bbox 840 2480 967 2516; x_wconf 75' lang='lat' dir='ltr'><strong>gentiles.</strong></span> 
     </span>
    </p>
   </div>
   <div class='ocr_carea' id='block_1_93' title="bbox 173 2526 969 2566">
    <p class='ocr_par' dir='ltr' id='par_1_93' title="bbox 173 2526 969 2566">
     <span class='ocr_line' id='line_1_93' title="bbox 173 2526 969 2566; baseline -0.009 -7"><span class='ocrx_word' id='word_1_627' title='bbox 173 2531 300 2566; x_wconf 67' lang='lat' dir='ltr'><strong>quadam</strong></span> <span class='ocrx_word' id='word_1_628' title='bbox 311 2534 409 2559; x_wconf 87' lang='lat' dir='ltr'><strong>contra</strong></span> <span class='ocrx_word' id='word_1_629' title='bbox 427 2537 521 2564; x_wconf 76' lang='lat' dir='ltr'><strong>magos</strong></span> <span class='ocrx_word' id='word_1_630' title='bbox 541 2529 588 2564; x_wconf 91' lang='lat' dir='ltr'><strong>qui</strong></span> <span class='ocrx_word' id='word_1_631' title='bbox 599 2533 665 2556; x_wconf 85' lang='lat' dir='ltr'><strong>sunt</strong></span> <span class='ocrx_word' id='word_1_632' title='bbox 676 2528 703 2555; x_wconf 88' lang='lat' dir='ltr'><strong>in</strong></span> <span class='ocrx_word' id='word_1_633' title='bbox 716 2527 838 2555; x_wconf 84' lang='lat' dir='ltr'><strong>Perside.</strong></span> <span class='ocrx_word' id='word_1_634' title='bbox 861 2526 919 2553; x_wconf 83' lang='lat' dir='ltr'><strong>Alia</strong></span> <span class='ocrx_word' id='word_1_635' title='bbox 935 2526 969 2553; x_wconf 92' lang='lat' dir='ltr'><strong>de</strong></span> 
     </span>
    </p>
   </div>
   <div class='ocr_carea' id='block_1_94' title="bbox 174 2571 968 2606">
    <p class='ocr_par' dir='ltr' id='par_1_94' title="bbox 174 2571 968 2606">
     <span class='ocr_line' id='line_1_94' title="bbox 174 2571 968 2606; baseline -0.006 -2"><span class='ocrx_word' id='word_1_636' title='bbox 174 2575 324 2604; x_wconf 78' lang='lat' dir='ltr'><strong>universali</strong></span> <span class='ocrx_word' id='word_1_637' title='bbox 343 2574 531 2606; x_wconf 80' lang='lat' dir='ltr'><strong>Providentia,</strong></span> <span class='ocrx_word' id='word_1_638' title='bbox 550 2574 603 2601; x_wconf 86' lang='lat' dir='ltr'><strong>alia</strong></span> <span class='ocrx_word' id='word_1_639' title='bbox 629 2580 724 2601; x_wconf 83' lang='lat' dir='ltr'><strong>rursus</strong></span> <span class='ocrx_word' id='word_1_640' title='bbox 745 2572 779 2599; x_wconf 90' lang='lat' dir='ltr'><strong>de</strong></span> <span class='ocrx_word' id='word_1_641' title='bbox 803 2571 949 2606; x_wconf 79' lang='lat' dir='ltr'><strong>Theologia</strong></span> <span class='ocrx_word' id='word_1_642' title='bbox 962 2592 968 2602; x_wconf 83' lang='grc'>,</span> 
     </span>
    </p>
   </div>
   <div class='ocr_carea' id='block_1_95' title="bbox 174 2617 972 2657">
    <p class='ocr_par' dir='ltr' id='par_1_95' title="bbox 174 2617 972 2657">
     <span class='ocr_line' id='line_1_95' title="bbox 174 2617 972 2657; baseline -0.009 -7"><span class='ocrx_word' id='word_1_643' title='bbox 174 2621 264 2657; x_wconf 81' lang='lat' dir='ltr'><strong>deque</strong></span> <span class='ocrx_word' id='word_1_644' title='bbox 284 2620 382 2649; x_wconf 81' lang='lat' dir='ltr'><strong>divina</strong></span> <span class='ocrx_word' id='word_1_645' title='bbox 401 2620 606 2648; x_wconf 80' lang='lat' dir='ltr'><strong>incarnatione.</strong></span> <span class='ocrx_word' id='word_1_646' title='bbox 622 2618 751 2654; x_wconf 82' lang='lat' dir='ltr'><strong>Exposita</strong></span> <span class='ocrx_word' id='word_1_647' title='bbox 768 2622 833 2644; x_wconf 89' lang='lat' dir='ltr'><strong>sunt</strong></span> <span class='ocrx_word' id='word_1_648' title='bbox 852 2617 935 2644; x_wconf 88' lang='lat' dir='ltr'><strong>etiam</strong></span> <span class='ocrx_word' id='word_1_649' title='bbox 956 2625 972 2644; x_wconf 89' lang='lat' dir='ltr'><strong>a</strong></span> 
     </span>
    </p>
   </div>
   <div class='ocr_carea' id='block_1_96' title="bbox 1056 2341 1808 2376">
    <p class='ocr_par' dir='ltr' id='par_1_96' title="bbox 1056 2341 1808 2376">
     <span class='ocr_line' id='line_1_96' title="bbox 1056 2341 1808 2376; baseline -0.003 -7"><span class='ocrx_word' id='word_1_650' title='bbox 1056 2343 1101 2370; x_wconf 90' lang='lat' dir='ltr'><strong>lll.</strong></span> <span class='ocrx_word' id='word_1_651' title='bbox 1117 2342 1196 2369; x_wconf 86' lang='lat' dir='ltr'><strong>Nulla</strong></span> <span class='ocrx_word' id='word_1_652' title='bbox 1206 2341 1309 2376; x_wconf 85' lang='lat' dir='ltr'><strong>pariter</strong></span> <span class='ocrx_word' id='word_1_653' title='bbox 1322 2342 1426 2369; x_wconf 86' lang='lat' dir='ltr'><strong>mentio</strong></span> <span class='ocrx_word' id='word_1_654' title='bbox 1439 2341 1468 2368; x_wconf 83' lang='lat' dir='ltr'><strong>lit</strong></span> <span class='ocrx_word' id='word_1_655' title='bbox 1481 2341 1672 2369; x_wconf 86' lang='lat' dir='ltr'><strong>commentarii</strong></span> <span class='ocrx_word' id='word_1_656' title='bbox 1693 2341 1719 2367; x_wconf 92' lang='lat' dir='ltr'><strong>in</strong></span> <span class='ocrx_word' id='word_1_657' title='bbox 1735 2341 1808 2367; x_wconf 87' lang='lat' dir='ltr'><strong>Can-</strong></span> 
     </span>
    </p>
   </div>
   <div class='ocr_carea' id='block_1_97' title="bbox 1022 2386 1811 2421">
    <p class='ocr_par' dir='ltr' id='par_1_97' title="bbox 1022 2386 1811 2421">
     <span class='ocr_line' id='line_1_97' title="bbox 1022 2386 1811 2421; baseline -0.004 -6"><span class='ocrx_word' id='word_1_658' title='bbox 1022 2389 1106 2416; x_wconf 89' lang='lat' dir='ltr'><strong>ticum</strong></span> <span class='ocrx_word' id='word_1_659' title='bbox 1121 2388 1291 2414; x_wconf 86' lang='lat' dir='ltr'><strong>canticorum</strong></span> <span class='ocrx_word' id='word_1_660' title='bbox 1301 2387 1334 2419; x_wconf 86' lang='grc'><strong>¹⁵,</strong></span> <span class='ocrx_word' id='word_1_661' title='bbox 1348 2387 1412 2413; x_wconf 86' lang='lat' dir='ltr'><strong>licet</strong></span> <span class='ocrx_word' id='word_1_662' title='bbox 1423 2387 1520 2421; x_wconf 90' lang='lat' dir='ltr'><strong>primis</strong></span> <span class='ocrx_word' id='word_1_663' title='bbox 1538 2386 1717 2421; x_wconf 84' lang='lat' dir='ltr'><strong>temporibus,</strong></span> <span class='ocrx_word' id='word_1_664' title='bbox 1735 2390 1811 2412; x_wconf 84' lang='lat' dir='ltr'><strong>certe</strong></span> 
     </span>
    </p>
   </div>
   <div class='ocr_carea' id='block_1_98' title="bbox 1022 2431 1810 2466">
    <p class='ocr_par' dir='ltr' id='par_1_98' title="bbox 1022 2431 1810 2466">
     <span class='ocr_line' id='line_1_98' title="bbox 1022 2431 1810 2466; baseline -0.003 -6"><span class='ocrx_word' id='word_1_665' title='bbox 1022 2438 1086 2460; x_wconf 87' lang='lat' dir='ltr'><strong>ante</strong></span> <span class='ocrx_word' id='word_1_666' title='bbox 1100 2433 1274 2464; x_wconf 80' lang='lat' dir='ltr'><strong>Psalterium,</strong></span> <span class='ocrx_word' id='word_1_667' title='bbox 1296 2433 1413 2466; x_wconf 78' lang='lat' dir='ltr'><strong>evulgati</strong></span> <span class='ocrx_word' id='word_1_668' title='bbox 1427 2441 1433 2458; x_wconf 91' lang='lat'>:</span> <span class='ocrx_word' id='word_1_669' title='bbox 1448 2440 1530 2459; x_wconf 85' lang='lat' dir='ltr'><strong>causa</strong></span> <span class='ocrx_word' id='word_1_670' title='bbox 1547 2433 1573 2459; x_wconf 93' lang='lat' dir='ltr'><strong>in</strong></span> <span class='ocrx_word' id='word_1_671' title='bbox 1590 2433 1709 2459; x_wconf 84' lang='lat' dir='ltr'><strong>obscuro</strong></span> <span class='ocrx_word' id='word_1_672' title='bbox 1724 2431 1789 2458; x_wconf 85' lang='lat' dir='ltr'><strong>latet</strong></span> <span class='ocrx_word' id='word_1_673' title='bbox 1804 2451 1810 2463; x_wconf 86' lang='lat'><strong>,</strong></span> 
     </span>
    </p>
   </div>
   <div class='ocr_carea' id='block_1_99' title="bbox 1024 2478 1376 2514">
    <p class='ocr_par' dir='ltr' id='par_1_99' title="bbox 1024 2478 1376 2514">
     <span class='ocr_line' id='line_1_99' title="bbox 1024 2478 1376 2514; baseline -0.003 -8"><span class='ocrx_word' id='word_1_674' title='bbox 1024 2478 1235 2514; x_wconf 78' lang='lat' dir='ltr'><strong>iuvestigabitur</strong></span> <span class='ocrx_word' id='word_1_675' title='bbox 1244 2482 1294 2505; x_wconf 69' lang='lat' dir='ltr'><strong>sub</strong></span> <span class='ocrx_word' id='word_1_676' title='bbox 1305 2478 1376 2505; x_wconf 88' lang='lat' dir='ltr'><strong>loco.</strong></span> 
     </span>
    </p>
   </div>
   <div class='ocr_carea' id='block_1_100' title="bbox 1059 2522 1813 2552">
    <p class='ocr_par' dir='ltr' id='par_1_100' title="bbox 1059 2522 1813 2552">
     <span class='ocr_line' id='line_1_100' title="bbox 1059 2522 1813 2552; baseline -0.005 0"><span class='ocrx_word' id='word_1_677' title='bbox 1059 2526 1103 2552; x_wconf 83' lang='lat' dir='ltr'><strong>IV.</strong></span> <span class='ocrx_word' id='word_1_678' title='bbox 1136 2525 1216 2552; x_wconf 88' lang='lat' dir='ltr'><strong>Nulla</strong></span> <span class='ocrx_word' id='word_1_679' title='bbox 1244 2525 1275 2551; x_wconf 81' lang='lat' dir='ltr'><strong>fit</strong></span> <span class='ocrx_word' id='word_1_680' title='bbox 1297 2525 1424 2552; x_wconf 86' lang='lat' dir='ltr'><strong>similiter</strong></span> <span class='ocrx_word' id='word_1_681' title='bbox 1452 2524 1586 2552; x_wconf 87' lang='lat' dir='ltr'><strong>memoria</strong></span> <span class='ocrx_word' id='word_1_682' title='bbox 1610 2523 1743 2551; x_wconf 83' lang='lat' dir='ltr'><strong>orationis</strong></span> <span class='ocrx_word' id='word_1_683' title='bbox 1780 2522 1813 2548; x_wconf 80' lang='lat' dir='ltr'><strong>de</strong></span> 
     </span>
    </p>
   </div>
   <div class='ocr_carea' id='block_1_101' title="bbox 1023 2569 1814 2603">
    <p class='ocr_par' dir='ltr' id='par_1_101' title="bbox 1023 2569 1814 2603">
     <span class='ocr_line' id='line_1_101' title="bbox 1023 2569 1814 2603; baseline -0.006 -5"><span class='ocrx_word' id='word_1_684' title='bbox 1023 2571 1164 2599; x_wconf 81' lang='lat' dir='ltr'><strong>Charitate</strong></span> <span class='ocrx_word' id='word_1_685' title='bbox 1176 2571 1208 2603; x_wconf 84' lang='grc'><strong>¹⁶,</strong></span> <span class='ocrx_word' id='word_1_686' title='bbox 1228 2571 1488 2598; x_wconf 88' lang='lat' dir='ltr'><strong>commentariorum</strong></span> <span class='ocrx_word' id='word_1_687' title='bbox 1515 2571 1543 2597; x_wconf 88' lang='lat' dir='ltr'><strong>in</strong></span> <span class='ocrx_word' id='word_1_688' title='bbox 1557 2569 1766 2598; x_wconf 82' lang='lat' dir='ltr'><strong>Octateuehum,</strong></span> <span class='ocrx_word' id='word_1_689' title='bbox 1786 2572 1814 2593; x_wconf 75' lang='lat' dir='ltr'><strong>et</strong></span> 
     </span>
    </p>
   </div>
   <div class='ocr_carea' id='block_1_102' title="bbox 1024 2611 1816 2651">
    <p class='ocr_par' dir='ltr' id='par_1_102' title="bbox 1024 2611 1816 2651">
     <span class='ocr_line' id='line_1_102' title="bbox 1024 2611 1816 2651; baseline -0.005 -8"><span class='ocrx_word' id='word_1_690' title='bbox 1024 2616 1112 2644; x_wconf 88' lang='lat' dir='ltr'><strong>libros</strong></span> <span class='ocrx_word' id='word_1_691' title='bbox 1123 2617 1227 2651; x_wconf 75' lang='lat' dir='ltr'><strong>Regum</strong></span> <span class='ocrx_word' id='word_1_692' title='bbox 1241 2616 1273 2649; x_wconf 88' lang='grc'><strong>¹⁷,</strong></span> <span class='ocrx_word' id='word_1_693' title='bbox 1293 2616 1421 2644; x_wconf 66' lang='lat' dir='ltr'><strong>Historia</strong></span> <span class='ocrx_word' id='word_1_694' title='bbox 1452 2614 1656 2643; x_wconf 64' lang='lat' dir='ltr'><strong>ecclesiasticae.</strong></span> <span class='ocrx_word' id='word_1_695' title='bbox 1677 2616 1706 2640; x_wconf 88' lang='lat' dir='ltr'><strong>et</strong></span> <span class='ocrx_word' id='word_1_696' title='bbox 1723 2611 1816 2646; x_wconf 82' lang='lat' dir='ltr'><strong>operis</strong></span> 
     </span>
    </p>
   </div>
   <div class='ocr_carea' id='block_1_103' title="bbox 847 2694 1143 2723">
    <p class='ocr_par' dir='ltr' id='par_1_103' title="bbox 847 2694 1143 2723">
     <span class='ocr_line' id='line_1_103' title="bbox 847 2694 1143 2723; baseline 0 -1"><span class='ocrx_word' id='word_1_697' title='bbox 847 2694 1005 2723; x_wconf 71' lang='lat' dir='ltr'><strong>SliliULle</strong></span> <span class='ocrx_word' id='word_1_698' title='bbox 1026 2694 1143 2722; x_wconf 69' lang='lat' dir='ltr'><strong>NOTAL&#39;.</strong></span> 
     </span>
    </p>
   </div>
   <div class='ocr_carea' id='block_1_104' title="bbox 212 2765 1391 2806">
    <p class='ocr_par' dir='ltr' id='par_1_104' title="bbox 212 2765 1391 2806">
     <span class='ocr_line' id='line_1_104' title="bbox 212 2765 1391 2806; baseline -0.006 -10"><span class='ocrx_word' id='word_1_699' title='bbox 212 2770 236 2786; x_wconf 88' lang='grc'><strong>¹³</strong></span> <span class='ocrx_word' id='word_1_700' title='bbox 256 2769 415 2803; x_wconf 67' lang='lat' dir='ltr'><strong>Legendum</strong></span> <span class='ocrx_word' id='word_1_701' title='bbox 432 2776 492 2797; x_wconf 76' lang='lat' dir='ltr'><strong>esse</strong></span> <span class='ocrx_word' id='word_1_702' title='bbox 505 2768 613 2806; x_wconf 68' lang='lat' dir='ltr'><strong>videtur</strong></span> <span class='ocrx_word' id='word_1_703' title='bbox 627 2776 645 2806; x_wconf 17' lang='lat' dir='ltr'><strong>Vg</strong></span> <span class='ocrx_word' id='word_1_704' title='bbox 656 2766 756 2806; x_wconf 41' lang='lat' dir='ltr'><strong>Qui-tle</strong></span> <span class='ocrx_word' id='word_1_705' title='bbox 771 2766 878 2806; x_wconf 61' lang='lat' dir='ltr'><strong>[Vestrol</strong></span> <span class='ocrx_word' id='word_1_706' title='bbox 972 2765 1087 2806; x_wconf 37' lang='lat' dir='ltr'><strong>Patrum.</strong></span> <span class='ocrx_word' id='word_1_707' title='bbox 1097 2773 1212 2806; x_wconf 41' lang='grc' dir='ltr'><strong>δωείειιο..</strong></span> <span class='ocrx_word' id='word_1_708' title='bbox 1222 2765 1391 2806; x_wconf 46' lang='lat' dir='ltr'><strong>scripserunt:</strong></span> 
     </span>
    </p>
   </div>
   <div class='ocr_carea' id='block_1_105' title="bbox 178 2804 574 2838">
    <p class='ocr_par' dir='ltr' id='par_1_105' title="bbox 178 2804 574 2838">
     <span class='ocr_line' id='line_1_105' title="bbox 178 2804 574 2838; baseline -0.005 -6"><span class='ocrx_word' id='word_1_709' title='bbox 178 2805 304 2832; x_wconf 70' lang='lat' dir='ltr'><strong>Eranista</strong></span> <span class='ocrx_word' id='word_1_710' title='bbox 334 2812 429 2838; x_wconf 76' lang='lat' dir='ltr'><strong>supra.</strong></span> <span class='ocrx_word' id='word_1_711' title='bbox 457 2811 484 2838; x_wconf 88' lang='lat' dir='ltr'><strong>p.</strong></span> <span class='ocrx_word' id='word_1_712' title='bbox 512 2804 574 2831; x_wconf 70' lang='lat'><strong>206.</strong></span> 
     </span>
    </p>
   </div>
   <div class='ocr_carea' id='block_1_106' title="bbox 180 2837 720 2875">
    <p class='ocr_par' dir='ltr' id='par_1_106' title="bbox 180 2837 720 2875">
     <span class='ocr_line' id='line_1_106' title="bbox 180 2837 720 2875; baseline -0.007 -7"><span class='ocrx_word' id='word_1_713' title='bbox 180 2837 376 2875; x_wconf 72' lang='lat' dir='ltr'><strong>testimonium</strong></span> <span class='ocrx_word' id='word_1_714' title='bbox 391 2837 472 2868; x_wconf 53' lang='lat' dir='ltr'><strong>infra}</strong></span> <span class='ocrx_word' id='word_1_715' title='bbox 484 2838 503 2875; x_wconf 58' lang='grc' dir='ltr'><strong><em>ᾖ</em></strong></span> <span class='ocrx_word' id='word_1_716' title='bbox 524 2840 555 2875; x_wconf 57' lang='grc' dir='ltr'><strong>ᾖ,</strong></span> <span class='ocrx_word' id='word_1_717' title='bbox 571 2838 613 2875; x_wconf 78' lang='lat' dir='ltr'><strong>ab</strong></span> <span class='ocrx_word' id='word_1_718' title='bbox 632 2837 720 2875; x_wconf 67' lang='lat' dir='ltr'><strong>initio.</strong></span> 
     </span>
    </p>
   </div>
   <div class='ocr_carea' id='block_1_107' title="bbox 767 2835 1253 2864">
    <p class='ocr_par' dir='ltr' id='par_1_107' title="bbox 767 2835 1253 2864">
     <span class='ocr_line' id='line_1_107' title="bbox 767 2835 1253 2864; baseline -0.006 -1"><span class='ocrx_word' id='word_1_719' title='bbox 767 2837 787 2852; x_wconf 78' lang='grc'><strong>¹⁸</strong></span> <span class='ocrx_word' id='word_1_720' title='bbox 803 2835 878 2864; x_wconf 67' lang='grc' dir='ltr'><strong>Ονέαι.</strong></span> <span class='ocrx_word' id='word_1_721' title='bbox 900 2836 931 2862; x_wconf 84' lang='lat' dir='ltr'><strong>de</strong></span> <span class='ocrx_word' id='word_1_722' title='bbox 948 2837 1020 2863; x_wconf 84' lang='lat' dir='ltr'><strong>char.</strong></span> <span class='ocrx_word' id='word_1_723' title='bbox 1042 2835 1104 2862; x_wconf 68' lang='lat' dir='ltr'><strong>llzec</strong></span> <span class='ocrx_word' id='word_1_724' title='bbox 1115 2842 1180 2862; x_wconf 83' lang='lat' dir='ltr'><strong>vero</strong></span> <span class='ocrx_word' id='word_1_725' title='bbox 1192 2841 1253 2861; x_wconf 90' lang='lat' dir='ltr'><strong>cum</strong></span> 
     </span>
    </p>
   </div>
   <div class='ocr_carea' id='block_1_108' title="bbox 180 2870 1182 2910">
    <p class='ocr_par' dir='ltr' id='par_1_108' title="bbox 180 2870 1182 2910">
     <span class='ocr_line' id='line_1_108' title="bbox 180 2870 1182 2910; baseline -0.006 -8"><span class='ocrx_word' id='word_1_726' title='bbox 180 2875 258 2903; x_wconf 76' lang='lat' dir='ltr'><strong>locus</strong></span> <span class='ocrx_word' id='word_1_727' title='bbox 270 2883 304 2904; x_wconf 72' lang='lat' dir='ltr'><strong>ex</strong></span> <span class='ocrx_word' id='word_1_728' title='bbox 320 2874 437 2910; x_wconf 74' lang='lat' dir='ltr'><strong>epistula</strong></span> <span class='ocrx_word' id='word_1_729' title='bbox 457 2870 502 2901; x_wconf 40' lang='lat' dir='ltr'><strong>adv</strong></span> <span class='ocrx_word' id='word_1_730' title='bbox 515 2874 664 2910; x_wconf 63' lang='lat' dir='ltr'><strong>Eirsebium</strong></span> <span class='ocrx_word' id='word_1_731' title='bbox 682 2873 780 2910; x_wconf 70' lang='lat' dir='ltr'><strong>allatus</strong></span> <span class='ocrx_word' id='word_1_732' title='bbox 797 2872 850 2898; x_wconf 85' lang='lat' dir='ltr'><strong>huc</strong></span> <span class='ocrx_word' id='word_1_733' title='bbox 867 2872 949 2910; x_wconf 74' lang='lat' dir='ltr'><strong>etiam</strong></span> <span class='ocrx_word' id='word_1_734' title='bbox 973 2870 1068 2898; x_wconf 82' lang='lat' dir='ltr'><strong>referri</strong></span> <span class='ocrx_word' id='word_1_735' title='bbox 1082 2873 1182 2904; x_wconf 87' lang='lat' dir='ltr'><strong>potest.</strong></span> 
     </span>
    </p>
   </div>
   <div class='ocr_carea' id='block_1_109' title="bbox 1431 2758 1816 2793">
    <p class='ocr_par' dir='ltr' id='par_1_109' title="bbox 1431 2758 1816 2793">
     <span class='ocr_line' id='line_1_109' title="bbox 1431 2758 1816 2793; baseline -0.013 -3"><span class='ocrx_word' id='word_1_736' title='bbox 1431 2762 1452 2778; x_wconf 77' lang='lat'>&quot;</span> <span class='ocrx_word' id='word_1_737' title='bbox 1470 2762 1540 2789; x_wconf 69' lang='lat' dir='ltr'><strong>Licet</strong></span> <span class='ocrx_word' id='word_1_738' title='bbox 1556 2762 1620 2793; x_wconf 69' lang='lat' dir='ltr'><strong>hrrr,</strong></span> <span class='ocrx_word' id='word_1_739' title='bbox 1633 2765 1686 2788; x_wconf 75' lang='lat' dir='ltr'><strong>etc.</strong></span> <span class='ocrx_word' id='word_1_740' title='bbox 1703 2758 1762 2786; x_wconf 81' lang='lat' dir='ltr'><strong>V&#39;id.</strong></span> <span class='ocrx_word' id='word_1_741' title='bbox 1782 2758 1816 2785; x_wconf 83' lang='lat' dir='ltr'><strong>de</strong></span> 
     </span>
    </p>
   </div>
   <div class='ocr_carea' id='block_1_110' title="bbox 625 2794 1814 2835">
    <p class='ocr_par' dir='ltr' id='par_1_110' title="bbox 625 2794 1814 2835">
     <span class='ocr_line' id='line_1_110' title="bbox 625 2794 1814 2835; baseline -0.008 -5"><span class='ocrx_word' id='word_1_742' title='bbox 625 2794 754 2833; x_wconf 60' lang='lat' dir='ltr'><strong>&quot;Nulla.</strong></span> <span class='ocrx_word' id='word_1_743' title='bbox 781 2806 834 2829; x_wconf 87' lang='lat' dir='ltr'><strong>etc.</strong></span> <span class='ocrx_word' id='word_1_744' title='bbox 863 2794 971 2828; x_wconf 74' lang='lat' dir='ltr'><strong>Scilicet</strong></span> <span class='ocrx_word' id='word_1_745' title='bbox 994 2801 1021 2828; x_wconf 92' lang='lat' dir='ltr'><strong>in</strong></span> <span class='ocrx_word' id='word_1_746' title='bbox 1045 2800 1169 2835; x_wconf 82' lang='lat' dir='ltr'><strong>epistolis</strong></span> <span class='ocrx_word' id='word_1_747' title='bbox 1188 2794 1287 2827; x_wconf 79' lang='lat' dir='ltr'><strong>citatis.</strong></span> <span class='ocrx_word' id='word_1_748' title='bbox 1301 2799 1394 2835; x_wconf 47' lang='lat' dir='ltr'><strong>Exstat</strong></span> <span class='ocrx_word' id='word_1_749' title='bbox 1420 2801 1518 2835; x_wconf 59' lang='lat' dir='ltr'><strong>autem</strong></span> <span class='ocrx_word' id='word_1_750' title='bbox 1537 2797 1623 2835; x_wconf 78' lang='lat' dir='ltr'><strong>ipsius</strong></span> <span class='ocrx_word' id='word_1_751' title='bbox 1650 2794 1814 2835; x_wconf 57' lang='lat' dir='ltr'><strong>Theodoreti</strong></span> 
     </span>
    </p>
   </div>
   <div class='ocr_carea' id='block_1_111' title="bbox 1292 2829 1815 2866">
    <p class='ocr_par' dir='ltr' id='par_1_111' title="bbox 1292 2829 1815 2866">
     <span class='ocr_line' id='line_1_111' title="bbox 1292 2829 1815 2866; baseline -0.01 -6"><span class='ocrx_word' id='word_1_752' title='bbox 1292 2833 1409 2860; x_wconf 82' lang='lat' dir='ltr'><strong>ertincat</strong></span> <span class='ocrx_word' id='word_1_753' title='bbox 1428 2832 1460 2858; x_wconf 86' lang='lat' dir='ltr'><strong>ad</strong></span> <span class='ocrx_word' id='word_1_754' title='bbox 1485 2829 1639 2866; x_wconf 63' lang='lat' dir='ltr'><strong>Historiam</strong></span> <span class='ocrx_word' id='word_1_755' title='bbox 1655 2829 1815 2866; x_wconf 70' lang='lat' dir='ltr'><strong>religiosam.</strong></span> 
     </span>
    </p>
   </div>
   <div class='ocr_carea' id='block_1_112' title="bbox 1231 2864 1818 2901">
    <p class='ocr_par' dir='ltr' id='par_1_112' title="bbox 1231 2864 1818 2901">
     <span class='ocr_line' id='line_1_112' title="bbox 1231 2864 1818 2901; baseline -0.012 -6"><span class='ocrx_word' id='word_1_756' title='bbox 1231 2869 1253 2884; x_wconf 88' lang='grc'><strong>¹⁷</strong></span> <span class='ocrx_word' id='word_1_757' title='bbox 1267 2864 1415 2895; x_wconf 82' lang='lat' dir='ltr'><strong>Comment.</strong></span> <span class='ocrx_word' id='word_1_758' title='bbox 1431 2881 1464 2887; x_wconf 89' lang='lat'><strong>—</strong></span> <span class='ocrx_word' id='word_1_759' title='bbox 1476 2866 1584 2901; x_wconf 78' lang='lat' dir='ltr'><strong>Regum.</strong></span> <span class='ocrx_word' id='word_1_760' title='bbox 1601 2865 1641 2892; x_wconf 78' lang='lat' dir='ltr'><strong>Ad</strong></span> <span class='ocrx_word' id='word_1_761' title='bbox 1662 2864 1712 2892; x_wconf 70' lang='lat' dir='ltr'><strong>hos</strong></span> <span class='ocrx_word' id='word_1_762' title='bbox 1736 2864 1818 2891; x_wconf 79' lang='lat' dir='ltr'><strong>etiam</strong></span> 
     </span>
    </p>
   </div>
   <div class='ocr_carea' id='block_1_113' title="bbox 181 2903 1509 2944">
    <p class='ocr_par' dir='ltr' id='par_1_113' title="bbox 181 2903 1509 2944">
     <span class='ocr_line' id='line_1_113' title="bbox 181 2903 1509 2944; baseline -0.006 -8"><span class='ocrx_word' id='word_1_763' title='bbox 181 2909 265 2938; x_wconf 74' lang='lat' dir='ltr'><strong>libros</strong></span> <span class='ocrx_word' id='word_1_764' title='bbox 279 2903 410 2944; x_wconf 72' lang='lat' dir='ltr'><strong>respexit,</strong></span> <span class='ocrx_word' id='word_1_765' title='bbox 422 2917 484 2937; x_wconf 84' lang='lat' dir='ltr'><strong>cum</strong></span> <span class='ocrx_word' id='word_1_766' title='bbox 499 2909 533 2937; x_wconf 89' lang='lat' dir='ltr'><strong>ad</strong></span> <span class='ocrx_word' id='word_1_767' title='bbox 549 2909 683 2937; x_wconf 82' lang='lat' dir='ltr'><strong>Renatum</strong></span> <span class='ocrx_word' id='word_1_768' title='bbox 701 2907 841 2939; x_wconf 80' lang='lat' dir='ltr'><strong>scriberet,</strong></span> <span class='ocrx_word' id='word_1_769' title='bbox 859 2915 886 2933; x_wconf 79' lang='lat' dir='ltr'><strong>se</strong></span> <span class='ocrx_word' id='word_1_770' title='bbox 904 2903 1110 2941; x_wconf 79' lang='lat' dir='ltr'><strong>interpretatum</strong></span> <span class='ocrx_word' id='word_1_771' title='bbox 1131 2911 1190 2931; x_wconf 79' lang='lat' dir='ltr'><strong>esse</strong></span> <span class='ocrx_word' id='word_1_772' title='bbox 1207 2903 1376 2938; x_wconf 71' lang='lat' dir='ltr'><strong>Scriptorum</strong></span> <span class='ocrx_word' id='word_1_773' title='bbox 1395 2909 1509 2930; x_wconf 80' lang='lat' dir='ltr'><strong>sacram.</strong></span> 
     </span>
    </p>
   </div>
   <div class='ocr_carea' id='block_1_114' title="bbox 119 3190 222 3209">
    <p class='ocr_par' dir='ltr' id='par_1_114' title="bbox 119 3190 222 3209">
     <span class='ocr_line' id='line_1_114' title="bbox 119 3190 222 3209; baseline 0 -3"><span class='ocrx_word' id='word_1_774' title='bbox 119 3190 222 3209; x_wconf 34' lang='lat'><strong>._-$~</strong></span> 
     </span>
    </p>
   </div>
   <div class='ocr_carea' id='block_1_115' title="bbox 88 3207 249 3228">
    <p class='ocr_par' dir='ltr' id='par_1_115' title="bbox 88 3207 249 3228">
     <span class='ocr_line' id='line_1_115' title="bbox 88 3207 249 3228; baseline -0.012 -3"><span class='ocrx_word' id='word_1_775' title='bbox 88 3207 228 3228; x_wconf 51' lang='grc' dir='ltr'><strong>λιιι-δηλῖηρμ</strong></span> <span class='ocrx_word' id='word_1_776' title='bbox 248 3224 249 3228; x_wconf 33' lang='grc' dir='ltr'><strong>η</strong></span> 
     </span>
    </p>
   </div>
  </div>
