4070 6450
1669 403 2047 467 GARNERII
2087 407 2582 473 DlSSERTATIO
2620 412 2703 475 II.

545 508 930 564 Haereticarum
954 508 1263 575 fabularum.
1295 506 1357 569 “,
1378 519 1502 559 cum
1534 516 1718 563 tamen
1739 510 1792 563 in
1830 511 1917 565 bis
1948 514 2119 567 conti-
2153 525 2192 573 Α
2222 514 2542 573 tricesimus
2569 522 2839 589 septimus
2867 536 2962 581 aut
2987 536 3215 584 octavus
3239 529 3309 585 ab
3350 532 3505 589 obitu
3540 535 3792 597 Theodo-

542 605 775 653 neantur
795 599 965 652 multa
992 606 1194 651 rectam
1216 596 1379 651 ﬁdem
1403 600 1647 654 auctoris
1665 599 2116 671 demonstrantia,

540 684 634 738 sed
668 685 912 738 nondum
935 693 1095 738 erant
1127 684 1355 756 scripta.

608 775 672 830 V.
702 774 1036 828 Memoratur
1060 774 1115 829 in
1143 776 1257 829 sola
1281 776 1350 831 ad
1371 777 1675 833 Eusebium
1722 781 1956 851 epistula
1985 784 2115 840 Phi-

536 866 836 931 lotbeus",
862 868 917 922 id
951 877 1055 934 est,
1086 868 1329 925 Historia
1361 880 1704 939 sanctorum,
1747 884 1912 945 atque
1946 878 2114 933 etiam

535 958 796 1028 Mystieus
821 959 997 1014 liber:
1028 960 1084 1015 in
1102 962 1216 1016 sola
1253 961 1322 1016 ad
1349 972 1602 1018 sanctum
1628 964 1865 1022 Leonem
1885 967 2028 1025 liber
2045 968 2114 1024 dc

535 1048 850 1120 Theologia,
880 1061 936 1106 et
957 1051 1101 1106 liber
1128 1052 1196 1107 de
1220 1054 1622 1111 lncarnatione.

606 1137 691 1191 Vl.
730 1138 790 1191 ln
838 1140 1073 1208 epistola
1094 1141 1161 1195 ad
1214 1142 1512 1197 Eusebium
1557 1144 1881 1201 dividuntur
1920 1162 2108 1218 opera,

531 1242 655 1296 qua:
683 1239 1005 1293 censentur,
1052 1231 1109 1283 in
1158 1232 1298 1288 duas
1338 1244 1523 1304 partes
1566 1254 1581 1290 :
1636 1237 1742 1292 alia
1789 1239 1937 1292 enim
1983 1251 2110 1295 ante

529 1317 797 1387 synodum
851 1318 1225 1387 Ephesinam,
1283 1320 1338 1376 id
1381 1330 1467 1377 est
1518 1334 1645 1380 ante
1705 1340 1911 1380 annum
1959 1328 2103 1393 451,

528 1404 733 1474 scripta
761 1405 1058 1473 dicuntur;
1083 1409 1189 1463 dia
1218 1418 1343 1479 post
1372 1412 1665 1482 synodum.
1691 1413 1762 1469 At
1796 1415 1850 1469 in
1874 1417 2107 1485 epistola

528 1494 595 1551 ad
656 1506 907 1552 sanctum
973 1499 1215 1556 Leonem
1271 1502 1591 1560 distributio
1639 1505 1695 1559 ﬁt
1758 1517 1994 1577 quatuor
2043 1510 2102 1564 in

526 1596 755 1655 partes:
792 1589 1038 1656 quaedam
1092 1590 1239 1644 enim
1296 1593 1500 1662 scripta
1532 1607 1829 1650 narrantur
1855 1608 1983 1652 ante
2022 1597 2111 1652 vi-'

524 1678 662 1749 ginti
714 1695 910 1745 annos,
980 1681 1035 1735 id
1074 1676 1180 1747 est,
1243 1693 1371 1738 ante
1430 1701 1631 1741 annum
1674 1688 1812 1751 ὀξὶς),
1848 1690 2100 1759 quaedam

524 1779 651 1824 ante
682 1770 1010 1835 octodecim,
1044 1772 1096 1825 id
1141 1780 1243 1832 est,
1272 1783 1398 1829 ante
1432 1791 1635 1830 annum
1686 1778 1812 1843 451,
1846 1780 2098 1848 ᾳυωᾶιιιιι

2220 605 2323 659 reti
2357 624 2372 659 :
2402 621 2470 661 eo
2514 617 2759 680 tempore
2803 630 2975 684 pauca
3004 618 3320 686 admodum,
3349 639 3522 695 eaque
3554 644 3661 684 non
3688 647 3789 701 pu-

2220 690 2456 778 rissima,
2488 695 2823 755 Theodoreti
2856 716 3021 772 opera
3043 713 3172 759 nota
3205 716 3361 763 erant
3399 690 3455 764 it}
3475 690 3786 778 Occidente.

2217 777 2463 849 alioquin
2516 799 2628 838 non
2676 786 2967 844 latuissent
3023 799 3135 846 tam
3184 795 3467 851 curiosum
3527 800 3787 860 librorum

2220 863 2615 936 indagatorem.
2672 872 2731 925 ld
2766 872 2916 941 fecit,
2964 878 3183 947 Opinor,
3222 880 3422 952 lingua:
3451 885 3653 944 Graeca:
3698 906 3788 945 nc-

2214 950 2425 1047 glectus
2453 956 2597 1024 apud
2622 956 2866 1026 Latinos,
2902 964 2995 1032 qui
3038 978 3280 1035 quantus
3307 950 3493 1035 fuerit,
3536 976 3787 1047 colligere

2213 1037 2344 1094 licet
2369 1054 2436 1096 cx
2457 1042 2679 1108 litteris,
2711 1055 2826 1100 tum
2853 1052 3027 1105 sancti
3050 1051 3331 1111 Ctelestini
3358 1058 3424 1112 ad
3454 1037 3782 1129 Nestorium,

2214 1130 2563 1226 turn-Pelagii
2607 1134 2693 1226 ll,
2725 1136 2790 1190 ad
2819 1140 3107 1212 episcopos
3144 1143 3336 1213 Istriaa,
3365 1149 3597 1222 aliisque
3637 1157 3775 1226 ejus-

2212 1217 2358 1271 modi
2397 1220 2747 1280 testimoniis.

2279 1304 2344 1359 ll.
2377 1304 2600 1377 Legisse
2637 1311 2859 1368 videtur
2890 1314 3076 1373 Graece
3126 1335 3293 1391 opera
3327 1338 3450 1393 quae
3481 1340 3780 1397 memorat;

2208 1391 2452 1464 alioquin
2485 1400 2829 1467 pervenisset
2857 1405 2924 1459 ad
2940 1422 3051 1463 nos
3088 1418 3246 1464 vetus
3283 1391 3395 1477 illa,
3434 1416 3478 1469 si
3502 1431 3624 1485 quae
3652 1391 3782 1473 fuis;

2206 1490 2291 1534 set
2319 1482 2473 1546 olim.
2496 1486 2679 1540 versio
2706 1505 2719 1541 :
2747 1503 3119 1559 pervenerunt
3140 1498 3287 1552 enim
3328 1501 3448 1555 alia:
3477 1482 3592 1559 tum
3622 1507 3781 1577 vulgo

2206 1576 2367 1634 notae,
2397 1579 2457 1625 ut
2485 1589 2607 1642 quae
2631 1578 3066 1648 vertitRuﬁnus,
3106 1598 3338 1656 quaeque
3376 1576 3777 1664 Hieronymus;

2205 1661 2323 1708 tum
2357 1673 2477 1726 qua:
2520 1660 2842 1730 ignotiores,
2876 1668 3181 1737 cujusmodi
3235 1675 3414 1732 versio
3444 1660 3778 1738 scholioruni

2202 1743 2390 1815 Cyrilli
2416 1764 2446 1800 a
2471 1748 2640 1803 Mario
2665 1750 2986 1823 Mercatore;
3022 1758 3376 1819 homiliarum
3405 1767 3779 1841 Chrysostomi

531 1868 656 1913 ante
676 1834 1014 1928 quindecim,
1052 1861 1105 1915 id
1138 1870 1242 1925 est,
1276 1875 1403 1919 ante
1451 1880 1656 1920 annum
1691 1834 1816 1932 454,
1848 1834 2096 1939 quaedam
2134 1852 2172 1905 Β
2286 1835 3245 1961 ﬁtt‘f’iuﬂnﬂgl‘1f‘1‘ij2“:F312“;
3272 1865 3329 1961 ξι
3464 1864 3779 1961 .neopliytosl

519 1957 646 2003 ante
685 1949 998 2014 duodecim,
1034 1952 1087 2006 id
1120 1961 1232 2018 est,
1263 1963 1389 2010 ante
1434 1972 1641 2012 annum
1682 1959 1805 2014 457.
1841 1960 1971 2027 Quae
2009 1963 2098 2017 di-

514 2048 718 2095 cuntur
737 2042 945 2112 scripta
983 2050 1111 2099 ante
1132 2044 1329 2115 viginti
1358 2062 1551 2113 annos,
1583 2065 1646 2104 ea
1681 2051 1796 2120 ipSa
1816 2061 1944 2106 sunt
1975 2070 2098 2123 qua:

512 2141 640 2187 ante
664 2133 935 2203 synodum
967 2135 1299 2205 Ephesinam
1321 2137 1672 2207 prodierunt.

584 2222 696 2276 Vll.
751 2224 872 2279 Non
914 2225 1073 2282 facile
1118 2229 1451 2299 perspicitur
1489 2246 1654 2287 causa
1691 2249 1791 2286 cur
1844 2232 2095 2288 Theodo-

512 2322 665 2369 retus
699 2332 765 2369 ex
792 2317 1015 2387 scriptis
1060 2320 1175 2374 suis
1212 2321 1481 2390 judicium
1523 2324 1773 2378 exerceri
1817 2326 2089 2379 voluerit:

509 2406 713 2462 etenim
742 2423 810 2462 ex
837 2408 1034 2464 iisdem
1070 2422 1424 2468 accusatores
1468 2431 1629 2485 agere
1670 2425 1986 2485 potuerunt,
2033 2430 2093 2474 ut

512 2507 703 2548 revera
734 2496 1085 2563 postmodum
1140 2502 1193 2555 in
1227 2519 1256 2556 v
1300 2504 1511 2573 synodo
1549 2513 1733 2559 actum
1761 2514 1846 2559 est
1873 2523 1885 2559 :
1916 2522 1984 2560 ex
2023 2508 2091 2564 iis

506 2590 657 2638 certe
681 2582 920 2656 Cyrillus
961 2603 1073 2643 non
1109 2593 1282 2647 semel
1316 2593 1727 2650 Theodoretum
1748 2595 2089 2653 Nestorianie

507 2675 788 2730 societatis
811 2692 966 2732 reum
998 2679 1156 2735 dixit.

575 2767 714 2822 Vlll.
749 2768 807 2822 In
841 2770 1081 2840 epistola
1112 2771 1180 2825 ad
1213 2772 1482 2829 [leuatum
1512 2775 1775 2831 dicuntur
1809 2778 1934 2832 libri
1972 2796 2088 2833 am-

501 2857 649 2927 plius
679 2859 902 2929 triginta
932 2860 1198 2917 adversus
1224 2862 1418 2919 Arium
1450 2875 1507 2921 et
1536 2867 1889 2933 Eunomium,
1940 2870 2082 2924 Mar-

500 2948 716 3003 cionem
747 2958 807 3004 et
836 2950 1241 3018 Macedoniam,
1263 2956 1497 3025 gentiles
1524 2966 1580 3011 et
1602 2957 1820 3014 Iudaeos
1848 2960 2040 3029 scripti
2064 2979 2077 3014 :

499 3052 567 3093 ex
600 3038 670 3093 iis
724 3039 1019 3095 duodecim
1077 3042 1344 3099 adversus
1389 3046 1624 3116 gentiles
1652 3048 1768 3102 noti
1802 3058 1951 3115 sunt,
1983 3051 2079 3120 qui

496 3144 695 3199 nempe
729 3130 1109 3187 inscribuntur
1138 3133 1214 3187 De
1247 3134 1560 3191 ercanicis
1594 3139 1948 3208 a/fectianibus
1983 3158 2076 3196 αι-
2103 3173 2145 3229 C

497 3221 680 3275 randi:
721 3236 742 3275 :
804 3220 896 3274 alii
951 3223 1185 3291 periisse
1264 3226 1428 3295 vulgo
1498 3228 1836 3294 creduntur;
1889 3232 2074 3287 forsan

495 3311 686 3367 alieno
714 3311 886 3366 latent
914 3312 1019 3367 sub
1066 3316 1312 3380 nomine,
1369 3317 1517 3387 quod
1549 3327 1736 3387 postea
1789 3320 2076 3379 inouiren-

494 3400 626 3457 dum
658 3412 763 3458 est.

1050 3516 1077 3586 §
1104 3517 1167 3571 ll.
1205 3517 1528 3575 Gennadius.

562 3596 622 3651 In
673 3597 816 3653 libro
857 3598 937 3654 De
986 3604 1330 3672 scriptoribus
1384 3606 1766 3671 ecclesiasticis,
1823 3626 1942 3681 cap.
1981 3612 2068 3677 89,

497 3706 515 3737 ι
543 3687 943 3755 Theodoretus,
964 3692 1349 3772 inquit,.257
1371 3697 1495 3768 Cyri
1519 3699 1755 3755 civitatis
1778 3703 2071 3773 cpiscopus

493 3774 543 3840 (a
568 3773 709 3846 Cyro
734 3778 881 3831 enim
919 3779 1211 3837 Persarum
1246 3799 1373 3854 rege
1401 3786 1621 3841 condita
1658 3802 1839 3844 servat
1872 3790 2068 3845 hodie-

489 3879 596 3933 que
616 3866 761 3936 apud
783 3865 994 3940 Syriam
1016 3887 1214 3926 nomen
1240 3876 1526 3941 auctoris),
1556 3878 1840 3949 scripsisse
1863 3881 2067 3937 dicitur

489 3952 696 4006 multa:
755 3953 822 4008 ad
858 3970 1036 4011 meam
1092 3971 1274 4014 tamen
1323 3962 1575 4016 notitiam
1624 3966 1727 4020 ista
1768 3976 1899 4021 sunt
1945 3984 2067 4039 quae

488 4052 755 4099 \enerunt
791 4062 804 4099 :
842 4048 863 4065 '
900 4046 978 4101 De
1041 4048 1419 4106 incarnatione
1488 4053 1737 4130 Domini,
1802 4057 2065 4115 adversus

484 4134 767 4206 Eutychen
819 4139 1224 4212 presbyterum,
1257 4152 1312 4197 et
1360 4143 1685 4201 Dioscorum
1721 4147 2063 4206 Alexandriae

480 4221 935 4294 episc0pum,qui
970 4225 1262 4283 humanam
1291 4229 1346 4283 in
1384 4230 1607 4286 Christo
1631 4248 1851 4289 carnem
1887 4234 2060 4293 fuisse

480 4317 702 4377 negant,
725 4310 928 4380 scripta
951 4312 1135 4377 fortia,
1162 4329 1260 4383 per
1289 4330 1411 4384 qua:
1431 4318 1719 4373 conﬁrmat
1748 4329 1805 4373 et
1847 4322 2059 4379 ratione

478 4395 886 4451 ettestimoniis
910 4395 1340 4467 Scripturarum,
1385 4403 1460 4457 ita
1507 4404 1658 4458 illum
1704 4422 1889 4461 veram
1936 4425 2056 4465 ma-

2201 1925 2270 1979 ab
2299 1926 2514 1982 Aniano
2535 1929 2803 2000 diacono;
2834 1935 2959 1992 ﬁdei
2995 1939 3179 1996 Ruﬁni
3204 1945 3476 2004 Palaestini
3503 1968 3533 2007 a
3557 1925 3777 2012 J-uliano

2200 2016 2511 2082 Eelanensi,
2562 2031 2673 2076 etc.
2731 2024 2801 2079 Et
2853 2043 2985 2083 vero
3040 2047 3151 2100 quo
3205 2041 3453 2109 tempore
3499 2045 3776 2102 scribebat

2196 2102 2537 2172 Gennadius,
2591 2110 2864 2179 Massiliae,
2916 2116 3009 2172 ubi
3056 2130 3173 2176 erat
3229 2102 3534 2199 presbyter,
3586 2134 3775 2193 Graio:

2195 2196 2380 2268 lingua
2429 2201 2613 2256 notior
2662 2202 2787 2270 fuit,
2815 2222 2979 2275 quam
3037 2211 3094 2265 in
3155 2215 3266 2271 ulla
3309 2196 3415 2274 alia
3458 2221 3773 2284 Occidentis

2192 2298 2384 2356 parte;
2416 2307 2526 2347 non
2550 2294 2725 2350 solum
2775 2307 3001 2369 propter
3039 2304 3197 2362 urbis
3241 2312 3454 2368 natales
3485 2331 3515 2370 a
3543 2316 3769 2387 Graecis,

2193 2380 2752 2448 uttertur,condit:e,
2805 2390 2902 2444 sed
2926 2394 3093 2450 etiam
3143 2398 3216 2453 ob
3263 2401 3513 2462 Cassiani
3565 2380 3769 2468 famam

2191 2466 2320 2523 illuc
2339 2484 2406 2524 ex
2439 2471 2663 2529 Oriente
2711 2479 2946 2547 appulsi,
2996 2483 3064 2539 ad
3107 2502 3271 2556 quem
3301 2506 3527 2552 sanctus
3584 2466 3769 2558 Cale;

2190 2558 2368 2615 stinus
2399 2562 2612 2620 litteras
2666 2567 2908 2625 Nestorii
2973 2578 3268 2637 vertendas
3332 2593 3390 2639 et
3443 2589 3769 2650 refellendas

2187 2650 2357 2707 misit.

2256 2741 2554 2841 [IL-Solus,
2609 2750 2756 2818 quod
2802 2754 2995 2819 sciam,
3036 2761 3286 2816 meminit
3338 2768 3600 2836 temporis
3652 2787 3768 2841 quo

2186 2828 2570 2891 Theodoretus
2590 2840 2702 2892 vita
2746 2844 3005 2909 excessit,
3049 2863 3363 2920 quanquam
3409 2828 3515 2914 nec
3537 2860 3592 2915 id
3629 2828 3769 2921 satis

2181 2919 2404 2976 deﬁnite
2424 2923 2573 2980 facit.
2600 2927 2789 2985 Tradit
2815 2933 2961 2987 enim
2978 2935 3181 2994 obiisse
3205 2919 3308 2997 sub
3323 2944 3508 3004 LeOne
3522 2919 3765 3019 seniore,

2176 3010 2271 3079 qui
2293 3014 2683 3082 septemdecim
2704 3035 2877 3076 annos
2898 3031 2954 3077 et
2977 3028 3212 3097 amplius
3231 3032 3526 3103 imperium
3547 3010 3762 3113 tenuit;

2179 3116 2279 3156 nos
2300 3103 2367 3157 ad
2397 3104 2613 3162 initium
2648 3109 2863 3180 imperii
2906 3114 3119 3172 obitum
3157 3121 3490 3183 Theodoreti
3514 3103 3763 3189 referent:

2179 3190 2309 3245 dum
2370 3197 2644 3255 sensimus
2676 3202 2730 3254 in
2779 3204 3008 3261 historia
3067 3209 3211 3266 vitae.
3250 3214 3532 3275 Sentiendi
3563 3239 3764 3283 causas

2178 3283 2376 3351 partim
2405 3285 2525 3341 loco
2549 3303 2673 3344 mox
2702 3291 2849 3348 dicto
2880 3300 3236 3366 protulimus,
3254 3307 3457 3373 partim
3483 3309 3552 3366 de
3577 3313 3765 3370 Histo-

2176 3375 2254 3429 ria
2292 3375 2661 3434 ecclesiastica
2694 3381 3024 3441 Theodoreti
3064 3402 3288 3460 agentes
3321 3412 3693 3468 exponemus.

2244 3463 2334 3518 lV.
2376 3465 2592 3538 Scripta
2624 3470 2713 3525 illa
2740 3472 2926 3541 fortia,
2977 3494 3216 3546 quorum
3276 3463 3547 3557 meminit,
3594 3498 3761 3553 multi

2172 3564 2369 3624 putant
2407 3575 2517 3614 non
2548 3560 2772 3619 diﬁ‘erre
2803 3566 2872 3621 ab
2916 3568 3169 3629 Eranistc
3199 3591 3299 3632 seu
3346 3579 3755 3657 Polymorpbo;

2171 3660 2351 3717 neque
2377 3650 2638 3719 opinione
2659 3653 2982 3713 falluntur”
3010 3679 3022 3715 :
3050 3665 3148 3719 sed
3196 3668 3362 3740 258
3404 3650 3503 3729 sua
3530 3650 3756 3736 Genua;

2170 3734 2295 3792 dius
2330 3737 2445 3807 ipse
2474 3740 2740 3814 deceptus
2761 3758 2867 3812 est,
2898 3766 3012 3807 non
3063 3734 3587 3835 satisﬁi'ntelligens,
3639 3734 3757 3841 quo

2170 3834 2417 3896 tempore
2464 3833 2706 3903 scripsit,
2743 3847 2800 3892 et
2829 3855 2935 3908 qua
2962 3847 3250 3904 occasione
3274 3867 3416 3921 opus
3437 3833 3542 3913 hoc
3571 3833 3757 3919 Theo-

2167 3918 2416 3978 doretus.
2439 3923 2768 3995 Aperiemus
2792 3932 2848 3986 in
2870 3935 3120 4005 ejusdem
3154 3918 3495 4003 recensione.

2728 4042 2756 4114 §
2782 4044 2870 4099 Ill.
2904 4045 3143 4104 Pltotius.

2233 4145 2352 4201 Non
2408 4148 2626 4205 videtur
2671 4168 2853 4222 operae
2898 4160 3134 4228 pretium
3164 4173 3373 4222 textum
3422 4171 3602 4228 Photii
3642 4191 3751 4232 ex-

2163 4234 2641 4308 scribere,partim
2670 4242 2799 4311 quia
2842 4248 3111 4314 prolixior
3141 4262 3245 4319 est,
3270 4271 3372 4310 nec
3400 4257 3467 4313 de
3489 4261 3750 4329 pluribus

2160 4324 2575 4426 fere.operibus
2603 4331 2767 4387 simul
2798 4336 2930 4406 agit,
2983 4341 3077 4395 sed
3104 4346 3333 4412 sparsim
3367 4348 3435 4405 de
3467 4324 3744 4426 singulis;
3771 4399 3777 4405 ν

2159 4416 2359 4484 partim
2390 4420 2537 4487 quod
2558 4421 2627 4477 ad
2653 4424 2866 4496 singula
2892 4446 3059 4500 opera
3099 4436 3297 4495 adduci
3323 4442 3505 4500 debet.
3540 4416 3749 4506 (lbser;

479 4492 647 4537 ternm
673 4483 993 4540 substantiae
1021 4501 1242 4542 carnem
1269 4490 1547 4556 habuisse,
1577 4509 1739 4562 quam
1778 4509 1842 4549 ex
1880 4508 2055 4553 matre
2090 4499 2132 4554 D
2163 4520 2317 4561 vasse
2355 4483 2588 4567 suﬁiciat
2612 4512 2668 4567 in
2691 4483 2953 4585 praesenti
2980 4525 3105 4581 tria.

475 4568 696 4639 Virgine
725 4572 996 4643 sumpsit:
1030 4573 1175 4629 sicut
1229 4585 1287 4631 et
1313 4593 1497 4632 veram
1550 4580 1834 4646 deitatem,
1890 4601 2054 4653 quam

2716 4645 3153 4693 OBSERVATIONES.

471 4665 674 4713 aeterna
696 4660 1067 4716 nascibilitate
1094 4678 1126 4717 a
1152 4663 1265 4718 Deo
1294 4664 1456 4719 Patre
1496 4667 1753 4737 gignente
1800 4670 1917 4740 ipse
1955 4688 2054 4727 na-

471 4744 673 4799 scendo
701 4746 932 4816 accepit.
965 4747 1107 4803 Sunt
1141 4760 1198 4804 et
1225 4751 1474 4820 ejusdem
1500 4753 1754 4809 Historiae
1787 4758 2053 4813 ecclesia-
2162 4742 2539 4845 “l-nmefnini‘
2580 4769 2811 4845 operum
2849 4760 3179 4824 TheOdore”
3225 4774 3469 4845 (ἰυίηίίυθ
3518 4778 3573 4833 in
3598 4781 3740 4841 Ιοείε

470 4829 620 4885 sticae
651 4831 804 4897 libri,
831 4848 971 4903 quos
1020 4834 1265 4891 imitatus
1314 4838 1614 4893 Eusebium
1656 4840 2050 4900 Caesariensem
2161 4831 2542 4926 Bibliomew»
2576 4844 2670 4898 "bi
2707 4849 2874 4904 "adit
2911 4868 2969 4907 se
3007 4855 3204 4926 ιεείεεθ
3236 4829 3531 4920 ίίίεῑδνίθπι
3550 4873 3736 4926 (δαίθ’

467 4916 719 4985 scripsit;
753 4918 1024 4989 incipiens
1063 4937 1094 4975 a
1143 4922 1250 4977 ﬁne
1292 4923 1560 4978 librorum
1599 4926 1823 4984 Eusebii
1869 4946 2045 5002 usque
2146 4923 2456 4995 είθειίοθως
2484 4932 2657 4990 libros
2684 4938 2880 5008 νίείυιί
2918 4952 3129 5014 Septem
3159 4950 3429 5011 adversus
3469 4958 3730 5027 Ιιῐὲΐεεεεν

467 5002 531 5027 ..Α
565 5017 722 5027 κιαι-...-
757 5013 968 5027 Α-..-..---
1029 5007 1080 5027 :j
1108 5016 1180 5027 --Α
1242 5024 1257 5027 -
1298 5011 1403 5027 ,,'_,
1533 5012 1589 5027 lOI
1699 5014 1732 5027 Λ
1848 5025 1855 5027 Α
1968 5019 1979 5027 .
2029 5019 2043 5027 .
2227 5016 2260 5027 ι.

465 5002 533 5056 ad
565 5017 726 5057 suum
757 5013 992 5075 tempus,
1028 5007 1206 5071 idest,
1237 5024 1268 5063 a
1296 5011 1679 5069 vicennalibus
1693 5014 2046 5075 Constantini
2145 5016 2351 5086 quibus
2385 5035 2639 5081 accenset
2684 5002 3010 5101 Eranistenl;
3036 5036 3210 5096 libros
3258 5045 3502 5116 quinque
3541 5002 3730 5105 Hiero:

465 5104 636 5116 “nn-un
679 5091 745 5116 ..Δ
786 5092 1073 5116 ε..-..--ε--...
1126 5093 1146 5116 Ι
1176 5095 1324 5116 ---2-
1376 5097 1595 5116 ,ΑΜΞΑῨεΑ
1747 5103 1760 5116 1
2163 5107 2192 5116 _.
2448 5113 2459 5116 _
2500 5113 2508 5116 -
2573 5114 2581 5116 _

463 5104 638 5159 usque
677 5091 745 5146 ad
786 5092 1077 5164 imperium
1124 5093 1327 5151 Leonis
1372 5097 1624 5166 senioris,
1678 5103 1781 5157 sub
1832 5120 1944 5176 quo
1988 5117 2047 5163 et
2151 5107 2382 5165 ticarum
2431 5113 2773 5185 fabularum;
2817 5091 3365 5189 libros’totidemjin
3400 5091 3731 5210 Cbrysosto—

463 5186 708 5210 I‘nnrlnna
738 5187 820 5210 Αοι
884 5200 899 5210 ι
2708 5208 2714 5210 Α

460 5186 710 5235 mortuus
737 5187 839 5235 est.
881 5200 900 5232 ι
2149 5213 2322 5266 ηιυω,
2358 5208 2787 5265 commentarios
2807 5211 2863 5267 in
2885 5214 3185 5285 Danielem,
3222 5222 3278 5276 in
3304 5186 3723 5295 Octateiichum,

1031 5292 1469 5334 OBSERVATIONES.
2143 5290 2316 5346 libros
2342 5294 2574 5364 Regum,
2619 5299 3055 5373 Paralipomena,
3077 5318 3132 5365 et
3163 5312 3453 5372 duodecim
3479 5320 3723 5378 minores

527 5358 570 5412 ι.
589 5358 903 5417 Gennadius
932 5366 1211 5421 scribebat
1239 5384 1384 5425 anno
1408 5368 1616 5426 Christi
1642 5372 1768 5438 494,
1797 5375 1894 5444 qui
1928 5374 2034 5431 fuit
2140 5358 2463 5452 Prophetas.

1797 5513 2115 5573 SCHULZII
2153 5517 2383 5576 ΝΟΤΑΞ.

3325 5661 3393 5717 εδ

522 5701 527 5725 l
854 5723 860 5725 Α
1104 5706 1158 5725 ιη
1188 5709 1216 5725 n
1267 5708 1295 5725 ο
1324 5708 1352 5725 n
1457 5709 1511 5725 νο
1541 5711 1567 5725 η
1627 5711 1656 5725 Δ
1687 5714 1791 5725 ..ι-ι*
1861 5718 1986 5725 ------
2033 5719 2045 5725 -
2092 5721 2134 5725 __
2169 5722 2301 5725 _--t-.
2330 5724 2337 5725 ,
2611 5719 2621 5725 .
2665 5722 2671 5725 _

636 5678 651 5683 _
717 5683 727 5694 _
1438 5678 1443 5679 ,
1483 5678 1493 5680 ἡ
1688 5678 1921 5713 ;,η-,-,τ
1946 5678 2006 5687 η
2048 5678 2316 5691 -.............
2347 5678 2634 5699 summa;
2695 5678 2928 5705 testatur
2961 5678 3017 5711 lu
3048 5678 3292 5725 [ιριδιοιδ
3325 5678 3393 5717 an
3416 5678 3703 5722 monachos

451 5678 862 5769 ϐοηειξηιιιξορ.
938 5685 979 5719 ¹⁹
1006 5685 1071 5740 In
1100 5690 1238 5770 sola,
1267 5702 1381 5774 etc.
1407 5695 1596 5776 Exstat
1625 5705 1793 5753 etiam
1822 5701 1988 5773 hujus
2010 5703 2141 5761 libri
2167 5710 2432 5764 memoria
2465 5711 2521 5767 in
2551 5710 2692 5773 Hist.
2716 5717 2897 5775 ecetes.
2919 5722 2956 5777 l.
2986 5740 3059 5793 iv,
3089 5740 3139 5781 c.
3170 5728 3260 5785 24.
3336 5733 3381 5766 ’θ
3401 5733 3585 5804 Neque
3614 5753 3703 5808 op.

454 5749 573 5808 (att.
620 5752 726 5807 Sed
752 5763 1100 5808 imnumatur
1149 5768 1247 5808 Isin
1295 5777 1482 5808 nmnin
1530 5765 1673 5808 infra
1727 5784 1757 5808 ρ
1816 5770 1849 5808 η

454 5749 573 5812 (att.
620 5751 726 5807 Sed
752 5749 1100 5833 impugnatur
1148 5749 1251 5816 ista
1295 5763 1482 5833 opinio
1530 5749 1793 5835 infriari-c.—
1816 5749 2141 5833 δ.-’“,””“
2167 5749 2431 5764 “mw”-
2465 5749 2521 5767 ω
2551 5749 2692 5773 um.
2716 5749 2897 5828 “om...
2919 5749 3059 5825 hin’
3089 5749 3139 5781 θ’
3170 5749 3260 5785 ²⁴⁴
3336 5749 3381 5766 η
