4070 6488
322 347 437 412 209

326 560 502 605 vocat
529 555 584 606 in
613 553 846 608 dubium
873 595 886 618 ,
947 555 1058 608 imo
1080 572 1201 625 qua:
1233 572 1426 627 magna
1448 577 1514 612 ex
1561 567 1715 628 parte
1746 555 1928 609 Theo-

327 644 564 698 doretus
601 661 860 715 expresse
891 648 1160 717 agnoscit,
1201 658 1458 718 tanquam
1485 667 1619 703 sua:
1657 648 1927 719 agnoscit,

325 735 583 803 inquam,
612 739 664 789 in
694 737 827 806 ipsis
858 739 1198 794 etiamlihris
1221 756 1250 793 a
1273 741 1468 797 Photio
1492 741 1930 805 memoratis,ve-

323 825 431 876 luti
451 828 828 894 expositiones
853 829 906 882 in
922 829 1269 895 Psalterium,
1308 832 1360 884 in
1378 832 1684 895 Cantica,in
1714 831 1928 893 Isaiam,
1982 881 1986 887 .

324 917 387 970 in
421 917 740 984 Jeremiam,
777 920 831 974 in
869 922 1235 986 Ezechielem,
1288 924 1608 994 inApostoli
1662 926 1934 994 Epistolas

323 1011 986 1081 quatuordecim,quibus
1009 1015 1149 1068 adde
1181 1015 1469 1070 Historiam
1490 1016 1930 1086 religiosam,sive

327 1098 694 1164 Philol/reum,
715 1103 1020 1158 orationem
1036 1106 1102 1160 de
1119 1106 1420 1170 Charitate’,
1440 1123 1720 1162 sermones
1741 1109 1929 1163 decem

331 1191 403 1245 de
454 1193 838 1259 Providentia,
891 1197 1064 1253 libros
1099 1200 1328 1255 totidem
1361 1200 1437 1254 De
1458 1201 1772 1257 Graecanicis
1804 1204 1931 1272 aﬂ‘e-

329 1285 596 1337 ctionibus
612 1288 886 1351 curandis,
906 1298 961 1344 ct
989 1291 1249 1359 epistolas
1281 1293 1565 1361 plurimas.

409 1374 499 1428 Ill.
556 1375 719 1432 Solus
775 1380 972 1434 tribuit
1003 1382 1356 1438 Theodoreto
1394 1384 1570 1439 libros
1598 1386 1842 1456 quinque
1873 1389 1930 1440 in

334 1463 556 1516 laudent
588 1464 950 1538 Cltrysostomi
970 1489 988 1534 ;
1025 1472 1174 1526 solus
1205 1472 1335 1526 item
1372 1473 1544 1528 libros
1575 1475 1767 1544 viginti
1804 1492 1930 1545 sep-

337 1563 455 1609 tem
483 1559 734 1613 adversus
789 1563 1044 1628 Itwresas;
1079 1580 1393 1634 quanquam
1445 1581 1512 1620 ex
1561 1568 1668 1622 illis
1735 1566 1930 1638 viginti

339 1655 555 1716 septem
579 1650 743 1719 longe
774 1660 902 1706 ante
941 1654 1122 1708 Photii
1165 1665 1408 1726 tempora
1439 1657 1640 1712 Marius
1665 1659 1932 1713 Mercator

339 1739 591 1806 priorum
620 1741 868 1812 quinque
896 1746 1231 1800 mentionem
1263 1747 1392 1801 fecit
1419 1764 1430 1799 :
1457 1749 1552 1802 sed
1570 1749 1732 1803 simul
1754 1750 1928 1815 dedit,

338 1828 494 1883 unde
524 1829 755 1887 Photius
797 1835 1009 1889 erroris
1037 1835 1090 1889 in
1126 1853 1192 1891 eo
1217 1837 1592 1904 damnaretur,
1621 1841 1767 1910 quod
1799 1842 1933 1897 alios

334 1921 540 1986 libros,
566 1923 682 1978 sive
705 1925 892 1993 potius
921 1941 1204 1984 sermones
1239 1930 1431 2000 viginti
1461 1942 1517 1987 et
1545 1949 1735 1998 unum,
1757 1934 1934 1987 Theo—

329 2011 540 2066 doreto
580 2014 858 2079 tribuerit,
912 2033 1038 2072 cum
1081 2020 1193 2074 sint
1241 2022 1488 2088 alterius,
1537 2041 1698 2094 quem
1732 2026 1934 2080 Marius

331 2101 613 2158 Mercator
636 2105 963 2160 nominatim
999 2110 1236 2180 appellat
1262 2112 1325 2164 “.

701 2243 717 2260 °
741 2240 768 2312 §
791 2243 877 2298 IV.
903 2244 1226 2316 Nicephorus
1259 2245 1532 2301 Callistus.

409 2350 470 2403 lu
509 2351 657 2404 libro
705 2369 791 2406 XIV
838 2355 1089 2412 Historia:
1120 2357 1504 2423 ecclesiasticm,
1531 2375 1651 2428 cap.
1693 2360 1781 2422 54,
1820 2361 1933 2412 hare.

337 2442 514 2497 habet
543 2461 556 2496 :
608 2464 624 2493 ι
657 2445 1044 2502 Theodoretus
1093 2451 1316 2505 natione
1349 2451 1572 2520 quidem
1603 2452 1770 2522 Syrus
1809 2451 1931 2515 fuit,

331 2543 590 2589 sectator
623 2545 810 2590 autem
864 2541 1046 2610 magni
1074 2540 1472 2612 Cbrysostomi,
1506 2543 1766 2612 illumque
1805 2543 1931 2607 sibi,

329 2626 498 2694 quasi
558 2627 886 2696 primarium
947 2633 1249 2701 exemplar,
1325 2634 1466 2704 style
1539 2634 1934 2688 conformando

332 2718 691 2786 propositum
740 2720 966 2786 habuit;
1014 2723 1220 2777 etenim
1269 2723 1474 2780 fluidus
1537 2723 1831 2780 admodum
1872 2744 1934 2780 ac

332 2807 619 2876 c0piosus,
653 2809 708 2862 in
743 2811 1061 2868 elocutione
1094 2813 1291 2880 facilis,
1328 2823 1384 2869 et
1416 2815 1651 2870 Atticam
1704 2816 1933 2885 gratiam

342 2899 616 2954 redoleas.
642 2901 1085 2959 Lucubrationcs
1116 2905 1183 2959 ab
1207 2921 1273 2960 eo
1310 2908 1628 2977 composita:
1649 2908 1733 2961 ha:
1762 2918 1890 2961 sunt
1918 2926 1930 2960 :

349 2991 742 3050 Enarrationes
795 2997 848 3049 in
895 2998 1063 3052 Vetus
1101 2997 1535 3064 Testamentum,
1565 3001 1722 3070 cujus
1769 3000 1932 3054 etiam

345 3081 731 3140 obscuriorum
779 3089 1027 3143 locorum
1087 3091 1463 3160 expositiones
1497 3079 1558 3144 in.
1597 3092 1932 3161 peculiarem

339 3178 614 3230 contraxit
641 3179 866 3232 librum.
892 3180 1044 3250 Opus
1074 3183 1222 3235 aliud
1249 3184 1300 3236 in
1332 3183 1594 3236 sexdecim
1630 3185 1928 3254 prophetas,

335 3266 487 3321 aliud
507 3268 654 3322 idem
686 3272 739 3322 in
767 3270 1113 3337 Psalterium,
1141 3273 1215 3326 De
1234 3273 1576 3328 Providentia
1605 3274 1745 3327 liber
1770 3274 1928 3339 alius,

335 3357 480 3412 alius
510 3360 567 3412 in
613 3360 944 3429 Apostolum,
972 3362 1230 3417 Adversus
1274 3370 1494 3419 luercses
1539 3383 1720 3421 omnes
1773 3367 1931 3421 volu-

335 3452 657 3520 meu,quod
693 3454 952 3508 mendacii
991 3465 1039 3509 et
1073 3457 1303 3511 veritatis
1330 3457 1609 3511 discrimen
1635 3458 1930 3528 inscripsit.

346 3540 540 3605 Liber,
576 3560 741 3612 quem
765 3555 960 3600 contra
995 3547 1288 3603 duodecim
1329 3549 1492 3619 259
1520 3549 1713 3621 Capita
1745 3552 1932 3624 Cyrilli

334 3635 702 3704 conscripsit.
744 3636 877 3691 item
903 3637 1280 3693 Ecclesiastica
1309 3641 1552 3705 historia,
1606 3652 1662 3696 ct
1715 3660 1931 3700 rursum

334 3726 672 3794 Philotheus,
715 3729 819 3784 hoc
839 3740 944 3794 est,
971 3731 1066 3786 Dei
1098 3735 1395 3786 amantium
1425 3734 1667 3799 historia,
1722 3736 1773 3788 in
1827 3753 1932 3805 qua

336 3819 665 3874 institutum
737 3838 956 3886 eorum,
1014 3824 1107 3892 qui
1161 3833 1321 3878 mtate
1391 3841 1489 3877 sua
1530 3826 1698 3879 vitam
1746 3835 1934 3882 sancte

337 3917 759 3980 transegerunt,
817 3914 1190 3983 persequitur.
1240 3915 1394 3969 Libri
1449 3924 1561 3970 tres
1625 3916 1702 3968 De
1746 3919 1934 3972 divinis

337 4000 682 4068 dogmatibus
717 4001 770 4054 iu
820 4002 1038 4073 dialogo
1082 4005 1402 4074 conscripti.
1488 4005 1619 4076 Legi
1667 4016 1932 4076 prieterca

337 4103 510 4156 supra
540 4089 870 4158 quingentas
901 4093 1021 4162 ejus
1049 4092 1318 4164 Epistolas
1337 4093 1525 4148 Graeco
1561 4110 1811 4150 sermone
1834 4112 1935 4168 ep-

337 4180 477 4235 timc
501 4182 857 4252 compositas.

920 4336 1362 4375 OBSERVATIONES.

413 4429 456 4482 1.
494 4429 1104 4502 VivebatNicephorus
1147 4447 1236 4484 xiv
1283 4432 1504 4496 saeculo,
1535 4432 1682 4486 circa
1730 4447 1934 4484 annum

1519 353 1620 414 DE
1657 354 1913 415 LIBRIS
1948 350 2454 413 THEODORETL

411 461 479 514 ιι.
523 460 688 515 Multa
707 477 818 517 nou
853 465 1207 530 memorat",
1236 480 1357 534 qua:
1403 465 1587 519 nullus
1632 473 1813 518 tamen
1842 480 1929 517 re-
1962 477 2003 529 Α
2034 465 2361 532 conquisitis
2412 463 2542 516 hinc
2586 461 2713 516 inde
2751 461 2926 528 libris,
2967 463 3336 518 restituta'est'
3386 481 3396 517 :

3447 482 3616 535 quare

2034 569 2143 606 non
2193 554 2299 607 alia
2349 567 2512 623 quam
2543 569 2665 622 quae
2693 563 3076 618 numerantur,
3133 555 3330 623 opinor
3363 564 3491 610 tunc
3519 573 3615 611 ex-

2034 646 2240 700 stitisse
2271 661 2460 716 opera,
2488 657 2610 715 qua:
2640 645 2973 700 Theodoreti
2998 647 3220 701 nomine
3249 647 3617 702 inscriberen-

2035 748 2144 799 tur,
2199 747 2297 792 aut
2340 739 2530 793 saltem
2570 740 2938 792 communiter
2965 740 3226 794 manibus
3246 751 3612 794 versarentur.

2104 831 2168 884 ll.
2205 829 2323 884 Non
2350 837 2624 892 recenset,
2674 845 2795 897 quae
2824 829 3028 884 nostris
3050 830 3216 882 etiam
3246 831 3498 884 manibus
3530 841 3612 884 te-

2035 930 2256 985 runtur,
2274 919 2664 975 Commentaria
2682 919 2734 972 in
2753 917 2994 981 Cantica,
3011 919 3179 973 libros
3193 919 3380 972 decem
3393 919 3454 971 de
3468 918 3614 975 Crte-

2033 1014 2230 1067 canicis
2278 1011 2635 1084 aﬁ'cctionibus
2680 1010 2950 1073 curandis,
2988 1019 3043 1064 et
3070 1004 3374 1063 Orationem
3400 1011 3462 1063 de
3487 1013 3611 1064 clm-

2034 1107 2190 1158 ritate
2219 1122 2236 1159 :
2261 1120 2575 1175 quanquam
2605 1103 2710 1158 dici
2739 1110 2919 1173 potest
2947 1103 3250 1156 orationem
3278 1103 3419 1160 hanc
3439 1103 3616 1156 Philo-

2036 1198 2140 1251 tlzei
2162 1239 2176 1260 ,
2226 1197 2314 1251 cui
2365 1197 2718 1266 subjungitur
2756 1195 2810 1248 in
2845 1193 3032 1248 multis
3061 1194 3364 1259 codicibus,
3395 1195 3616 1248 nomine

2033 1288 2336 1355 appellasse
2361 1305 2373 1340 :
2401 1287 2494 1341 sed
2528 1297 2823 1356 utrumque
2847 1287 3004 1356 prius
3025 1302 3164 1357 opus
3210 1288 3278 1342 ab
3305 1287 3423 1357 ipso
3449 1289 3614 1342 etiam

2034 1377 2228 1431 Photio
2260 1378 2688 1447 prietermissum
2710 1386 2813 1433 est.

2105 1468 2190 1521 lll.
2233 1469 2448 1522 Omittit
2485 1470 2711 1537 pariter,
2768 1485 2889 1537 quae
2936 1467 3319 1522 Theodoretus
3352 1467 3465 1535 ipse
3498 1483 3583 1521 me

2033 1569 2230 1621 morat,
2266 1561 2527 1613 Adversas
2550 1560 2796 1623 Arianos,
2826 1559 3254 1621 Macedoniauos,
3287 1557 3615 1626 Apollinari-

2031 1658 2161 1713 stas,
2198 1650 2541 1704 Marcionitas
2589 1659 2635 1703 et
2665 1649 2877 1704 Iudaeos
2912 1649 3114 1704 librum
3171 1649 3483 1719 mysticum,
3515 1648 3616 1702 Re-

2034 1743 2366 1812 sponsionem
2397 1742 2466 1794 ad
2493 1743 2715 1811 quwsita
2748 1757 3045 1811 magorum,
3085 1751 3139 1795 et
3170 1739 3520 1810 Theologic-m.
3561 1739 3616 1792 ld

1969 1814 2008 1867 Β
2036 1848 2166 1886 vero
2197 1832 2472 1896 mirabile,
2520 1839 2746 1902 propter
2776 1848 3005 1902 operum
3036 1833 3404 1901 praestantiam
3455 1840 3618 1899 atque

2037 1924 2362 1990 utilitatem;
2424 1940 2491 1977 an
2534 1923 2814 1993 perierant
2853 1925 2965 1994 jam
3009 1931 3141 1976 tunc
3174 1921 3618 1976 elucubrationes

2036 2022 2220 2079 tautae,
2249 2026 2342 2068 aut
2362 2015 2552 2068 haberi
2580 2014 2738 2069 facile
2760 2031 2866 2068 non
2891 2013 3222 2084 poterant”,
3247 2014 3349 2067 etsi
3372 2012 3617 2066 studiose

2033 2106 2524 2174 conquirerentur;
2586 2123 2654 2159 an
2695 2106 2816 2159 aliis
2843 2106 3160 2160 auctoribus
3190 2120 3254 2158 ea
3285 2105 3448 2158 etiam
3481 2111 3616 2157 tem-

2032 2204 2244 2263 pestate
2268 2195 2563 2264 suppositae
2588 2195 2848 2250 fuerant?

2104 2287 2190 2342 IV.
2230 2286 2446 2343 Omittit
2478 2287 2718 2357 denique
2749 2287 3126 2356 Pentalogium
3159 2294 3213 2341 et
3243 2285 3615 2340 defensionem

2035 2379 2259 2433 Diodori
2294 2389 2458 2449 atque
2492 2380 2794 2443 Theodori,
2833 2396 2863 2434 a
2888 2381 3094 2450 quibus
3119 2377 3393 2449 magistris
3420 2377 3615 2431 Nesto-

2035 2468 2153 2522 rius
2187 2469 2422 2523 hmresin
2450 2485 2604 2523 suam
2634 2470 2836 2533 hausit,
2871 2471 3001 2524 licet
3030 2468 3378 2522 Theodoreto
3410 2475 3617 2521 utrum-

2033 2575 2141 2629 que
2192 2576 2330 2630 opus
2381 2560 2630 2624 tribuat,
2697 2562 2896 2631 partim
2962 2578 2993 2615 ν
3039 2559 3281 2630 synodus
3322 2559 3613 2629 generalis,

2037 2652 2234 2720 partim
2279 2651 2613 2706 Theodoreti
2673 2653 2899 2720 tequalis
2942 2653 3146 2706 Marius
3181 2652 3474 2715 Mercator;
3517 2651 3614 2704 de—

2036 2743 2449 2812 fensionemque
2472 2746 3138 2814 agnoscatTheodoretus
3181 2760 3278 2815 pro
3326 2761 3446 2810 sua,
3492 2760 3616 2799 cum

2036 2834 2102 2888 ad
2127 2836 2392 2890 lremeum
2420 2837 2612 2891 scribit
2641 2839 2709 2890 ’⁸.

2253 2949 2280 3017 §
2312 2948 2375 3003 ν.
2423 2949 2744 3003 Hebed-Jesu
2778 2951 3112 3020 metropolita
3143 2950 3404 3006 Sobensis.

2107 3038 2164 3091 In
2193 3040 2438 3110 catalogo
2465 3033 2733 3093 librorum
2755 3041 3158 3106 Chaldaeorum,
3183 3043 3278 3110 qui
3301 3043 3487 3095 Itonia:
3504 3041 3619 3095 edi-

1959 3152 2001 3210 α
2038 3137 2125 3183 tus
2152 3139 2235 3184 est
2264 3146 2409 3184 anno
2441 3132 2575 3186 1655
2611 3133 2679 3186 ab
2705 3131 3016 3187 Abrahamo
3048 3133 3618 3197 Ecehellensi,seribit

2035 3221 2386 3276 Hebed-Jesu
2405 3222 2627 3294 Syriaco
2646 3223 2885 3278 delibris
2911 3225 3242 3278 Theodoreti
3281 3224 3333 3277 in
3358 3225 3472 3278 haec
3493 3239 3619 3278 ver-

2035 3315 2101 3369 ba
2129 3333 2142 3367 :
2174 3315 2585 3369 «Theodoretus
2607 3315 2733 3386 Cyri
2767 3316 3075 3384 composuit
3096 3315 3300 3369 librum
3337 3314 3616 3380 I’Iiilothei,

2035 3413 2090 3460 et
2136 3406 2288 3458 illum
2339 3405 2433 3474 qui
2481 3416 2568 3461 est
2601 3406 2766 3476 260
2810 3405 3009 3461 Contra
3041 3406 3336 3474 Origcnem,
3371 3415 3427 3459 et
3452 3405 3618 3459 alium

2034 3498 2199 3552 etiam
2233 3497 2310 3549 De
2337 3496 2547 3566 palilia,
2594 3507 2651 3551 et
2675 3495 3127 3552 Commentarium
3155 3498 3208 3550 in
3233 3497 3530 3559 Dunielem,
3565 3505 3620 3551 et

2033 3591 2438 3645 exat-tissimam
2477 3589 2882 3644 ecclesiasticam
2927 3589 3257 3654 Historiam,
3307 3589 3618 3661 Apologia":

2038 3701 2134 3751 pro
2167 3682 2412 3736 Patribus
2439 3683 2652 3746 nostris,
2683 3682 2902 3735 duobus
2933 3684 3116 3743 tonus,
3143 3681 3504 3734 Resolutioncs
3531 3699 3620 3734 ca—

2038 3777 2205 3843 pitum
2226 3773 2433 3844 Cyrilli,
2471 3773 2669 3830 Contra
2698 3773 3028 3844 philosophos
3053 3781 3360 3832 tractatum,
3406 3774 3618 3848 plures—

2036 3881 2142 3935 que
2170 3864 2440 3936 Epistolas
2477 3865 2665 3922 multis
2693 3864 2925 3919 refertas
2951 3863 3378 3917 eruditionibus.

2613 3989 3055 4028 OBSERVATIONES.

2110 4065 2232 4120 LDe
2251 4065 2592 4121 llebed-Jesu
2613 4065 2727 4119 lucc
2743 4065 2910 4120 habet
2928 4066 3301 4119 Ecehellcnsis
3319 4067 3617 4135 interpres:

2043 4157 2299 4211 iGenere
2343 4157 2449 4210 fuit
2489 4156 2800 4219 Chaldaeus,
2854 4156 3194 4226 professione
3239 4157 3617 4221 Nestorianus,

2037 4247 2303 4317 dignitate
2335 4246 2659 4317 episcopus;
2709 4247 2877 4300 multa
2905 4247 3128 4317 scripsit
3151 4265 3316 4318 opera
3354 4249 3420 4302 ad
3450 4249 3618 4302 stabi-

2039 4338 2277 4392 liendum
2340 4339 2881 4408 confirmandamque
2938 4340 3314 4395 Nestorianam
3362 4341 3616 4395 haeresin.

2039 4427 2108 4481 At
2158 4427 2345 4482 divina
2388 4429 2607 4484 tandem
2656 4431 2953 4500 alfulgente
2976 4432 3186 4502 gratia,
3243 4433 3310 4486 ad
3340 4433 3619 4486 meliorem

334 4519 555 4573 Christi
587 4521 742 4576 1525.
779 4523 961 4589 Quare
985 4521 1250 4577 credibile
1271 4533 1372 4585 est,
1399 4539 1507 4576 non
1531 4523 1636 4575 alia
1656 4523 1933 4576 exstitisse
1967 4504 2008 4558 θ
2038 4518 2196 4572 rediit
2236 4526 2497 4584 mentem,
2533 4521 2871 4590 Romamque
2906 4521 3184 4590 profectus
3215 4531 3297 4575 est
3329 4523 3436 4592 jam
3455 4538 3619 4577 senex

339 4620 478 4665 tunc
503 4613 793 4681 temporis,
814 4615 1010 4668 saltem
1039 4615 1095 4669 in
1118 4615 1454 4669 bibliotheca
1483 4615 1696 4667 Sanctae
1721 4614 1938 4682 Sophia:

335 4710 399 4756 et
447 4703 598 4772 apud
648 4712 965 4770 acmmetas,
1012 4705 1346 4760 Theodoreti
1391 4707 1580 4772 Opera,
1628 4721 1792 4772 quam
1821 4721 1940 4772 quae

340 4803 623 4847 recenset.
653 4794 847 4849 Tradit
868 4796 1017 4850 enim
1036 4798 1080 4828 “
1105 4812 1185 4860 se,
1211 4813 1332 4865 quia
1356 4795 1469 4849 illic
1511 4801 1691 4857 erant,
1712 4794 1943 4862 diligen-

343 4893 430 4937 ter
453 4885 760 4945 evolvisse;
799 4896 856 4942 et
884 4887 1085 4942 rationi
1112 4903 1418 4942 consonum
1445 4896 1548 4948 est,
1574 4895 1736 4938 tanta:
1762 4886 1938 4950 urbis,

343 4984 625 5045 tantaeque
645 4977 898 5032 Ecclesia:
917 4977 1248 5032 litterarium
1268 4977 1587 5032 thesaurum
1614 4992 1718 5029 non
1732 4975 1942 5030 caruis—

342 5082 403 5120 se
455 5067 698 5136 vulgatis
748 5084 1070 5138 magnorum
1115 5070 1364 5122 virorum
1411 5069 1591 5122 libris.
1649 5068 1764 5122 Etsi
1791 5067 1938 5121 enim

344 5168 509 5214 vetus
537 5161 628 5214 illa
673 5172 730 5215 ct
765 5162 878 5230 jam
904 5160 1032 5215 inde
1080 5177 1110 5215 a
1137 5162 1330 5231 primis
1365 5162 1514 5217 sedis
1561 5161 1939 5231 patriarchica:

348 5252 703 5321 temporibus
731 5254 960 5308 collecta
992 5253 1326 5308 bibliotheca
1354 5253 1804 5323 conﬂagraverat,
1840 5268 1939 5305 cu-

342 5344 493 5399 riose
521 5352 703 5400 tamen
750 5346 822 5399 ab
859 5344 1288 5416 imperatoribus
1313 5343 1474 5398 simul
1508 5351 1565 5397 et
1590 5343 1939 5413 patriarchis,

2041 4612 2144 4663 sub
2170 4611 2317 4665 Julio
2341 4611 2429 4677 lll,
2465 4628 2678 4667 summo
2709 4613 2995 4682 pontifice,
3032 4614 3125 4666 ubi
3157 4614 3497 4667 Nestorianis
3522 4617 3617 4668 ab-

2034 4702 2234 4771 juratis
2285 4703 2593 4768 erroribus,
2650 4705 2974 4758 catholicam
3019 4707 3298 4776 professus
3319 4715 3404 4760 est
3435 4706 3619 4760 tidem.

2043 4792 2350 4861 Antequam
2390 4794 2750 4850 Nestorianus
2768 4812 2889 4850 esse
2917 4798 3216 4862 desineret,
3259 4805 3622 4854 contexuerat

2043 4885 2362 4956 Catalogum
2406 4887 2770 4956 scriptorum,
2832 4898 2939 4946 tam
2967 4906 3269 4954 sacrorum,
3301 4907 3463 4959 quam
3494 4907 3621 4959 pro-

2042 4976 2314 5042 fanorum,
2339 4994 2573 5048 quorum
2598 4995 2764 5049 opera
2789 4982 2902 5036 suis
2920 4982 3262 5053 temporibus
3283 4983 3416 5054 Syra
3439 4983 3622 5052 lingua

2041 5065 2376 5135 legerentur.
2391 5086 2410 5118 ι

2119 5158 2181 5212 ll.
2216 5159 2388 5224 Quem
2422 5159 2621 5214 librum
2660 5161 2738 5215 ait
2770 5177 2798 5214 a
2833 5161 3185 5215 'l‘heodoreto
3217 5169 3403 5212 coiitra
3428 5158 3591 5226 Origo

2041 5265 2166 5303 nem
2213 5250 2478 5319 scriptum
2500 5267 2655 5315 esse,
2701 5253 2846 5306 hunc
2867 5252 3064 5320 opinor
3103 5267 3211 5305 non
3241 5251 3518 5303 diversum
3551 5249 3620 5303 ah

2046 5341 2399 5411 Expositione
2419 5342 2780 5408 Geneseos";
2816 5342 3276 5410 quemadmodum
3303 5357 3402 5396 nec
3419 5341 3620 5396 librum

1685 5456 1764 5512 SC
1776 5457 1817 5509 li
1828 5457 1862 5512 υ
1875 5454 2003 5509 LZII
2043 5453 2276 5509 NOTAE.

414 5571 457 5602 ¹¹
495 5569 622 5623 Vid.
683 5570 855 5642 infra,
877 5587 926 5625 c.
969 5572 1022 5642 9,
1059 5573 1136 5642 ξι
1178 5581 1233 5625 et
1260 5571 1314 5642 f2.

1393 5572 1437 5601 ”
1464 5570 1581 5624 Vid.
1621 5586 1806 5638 supra,
1849 5585 1903 5635 p.
1938 5569 2007 5623 98
2052 5576 2107 5620 et
2152 5568 2269 5622 lli").

341 5643 400 5696 In
432 5642 579 5694 hanc
621 5641 954 5695 sententiam
992 5639 1222 5696 inclinat
1249 5639 1567 5694 Garnerius.
1611 5639 1732 5693 Vid.
1778 5639 1938 5702 infra,
1973 5655 2025 5707 p.
2063 5640 2190 5693 9.7L

2347 5568 2394 5598 ³³
2423 5567 2543 5621 Vid.
2563 5567 2720 5620 Prazf.
2750 5565 2804 5619 iu
2839 5566 2935 5619 lib.
2962 5582 2998 5619 ι.
3075 5564 3118 5596 ’⁸
3142 5565 3244 5619 Aut
3276 5567 3478 5632 haberi,
3510 5577 3614 5622 etc.

2295 5639 2339 5668 ³⁵
2375 5638 2545 5706 Epist.
2579 5638 2661 5689 16.
2769 5637 2814 5666 ³⁵
2837 5635 3364 5706 Ηιωξε-ξϐρηρεεοδ,
3398 5638 3621 5692 Pra‘SIat

339 5712 662 5776 conjectura
698 5711 856 5764 Rich.
895 5710 1105 5774 Simon,
1141 5710 1407 5780 scriptum
1464 5711 1630 5765 fuisse
1651 5712 1910 5770 szreses,
1956 5705 2270 5778 imperitum
2296 5715 2476 5762 autent
2509 5706 2762 5766 scribam,
2804 5722 2913 5773 quo
2945 5705 3314 5760 Ecchelleusis
3357 5720 3486 5761 usus
3514 5715 3616 5769 est,

340 5783 544 5853 legisse
590 5796 792 5835 nomen
831 5781 1100 5853 Origenis.
