4070 6448
517 338 614 404 211

1651 335 2027 398 GARNERII
2062 337 2103 396 Ε

2213 336 2558 396 samum
2584 286 2713 413 ἠπ
3668 328 3781 394 212

518 449 586 502 de
628 446 822 501 Politia
868 443 1092 500 diﬂ’erre
1140 460 1170 497 a
1214 442 1562 498 sermonibus
1616 444 1684 500 de
1723 446 2096 509 Providentia,
2130 450 2172 504 A
2274 444 2665 500 Haereticarum
2689 444 2997 499 fabularum
3029 444 3155 498 libri
3179 461 3250 499 IV.

518 555 625 608 qua
677 539 823 594 Dens
870 537 1135 592 mundum
1179 536 1349 607 regit;
1413 539 1637 606 neque'
1665 537 1868 592 librum
1894 537 2096 593 Contra

517 629 848 700 philosophos
889 644 1010 684 esse
1035 629 1203 683 alium
1222 670 1237 692 ,
1295 642 1459 697 quam
1488 628 1575 681 vel
1604 643 1743 698 opus
1766 629 1845 682 De
1882 628 2079 685 Graeca-

519 724 646 776 nicis
661 722 1014 793 affectionibus
1039 720 1309 783 curandis,
1335 718 1420 772 vel
1437 717 1842 789 Raponsionem
1868 720 1937 774 ad
1952 737 2098 791 qua;-

517 817 622 868 sita
653 830 952 884 magorum.

590 906 678 959 Ill.
716 906 890 972 Quam
920 916 1081 961 vocat
1109 905 1423 978 Apologiam
1456 924 1550 979 pro
1573 906 1843 969 Pati-ibus,
1885 922 1948 960 ea
1982 907 2098 977 ipsa

517 1006 601 1051 est
646 996 890 1067 Defensio
942 996 1161 1052 Diodori
1188 998 1458 1053 Tarsensis
1503 1007 1549 1052 et
1577 998 1829 1053 Theodori
1852 997 2097 1068 Mopsue-

516 1088 673 1151 steni,
729 1088 888 1159 cujus
932 1088 1238 1159 fragmenta
1288 1090 1608 1144 referuntur
1657 1089 1711 1143 in
1758 1090 1949 1159 quinta
1982 1089 2098 1143 col-

519 1180 724 1235 latione
770 1197 805 1235 v
839 1181 1074 1253 synodi,
1132 1183 1399 1252 cujusque
1436 1182 1687 1236 meminit
1718 1182 2100 1236 Theodoretus

519 1273 575 1326 in
603 1271 837 1342 epistola
869 1273 937 1327 ad
964 1273 1230 1326 Irenaeum
1250 1274 1316 1325 ’⁷.
1374 1272 1454 1326 Eo
1480 1273 1586 1326 loci
1619 1272 1970 1327 Theodorum
2001 1289 2100 1342 ap-

520 1365 689 1434 pellat
718 1375 930 1434 patrem
963 1384 976 1419 :
1007 1382 1128 1435 quae
1154 1382 1317 1421 causa
1342 1365 1467 1433 fuit,
1517 1382 1616 1420 cur
1648 1366 1792 1436 apud
1819 1366 2099 1421 Nestoria-

519 1471 622 1511 nos
669 1457 920 1528 apologia
964 1457 1245 1513 diceretur
1284 1457 1461 1523 edita,
1531 1474 1641 1513 non
1687 1474 1785 1528 pro
1824 1458 2099 1523 Nestorio,

521 1545 670 1617 quod
691 1547 1065 1603 Ecchellensis
1077 1556 1229 1603 ratus
1243 1558 1362 1616 est;
1382 1549 1477 1604 sed
1501 1565 1602 1619 pro
1624 1550 1899 1614 Patribus,
1924 1549 1977 1603 id
1997 1558 2099 1614 est,

525 1638 694 1693 totius
733 1638 959 1693 haeresis
1005 1639 1328 1694 auctoribus
1351 1681 1364 1705 ,
1413 1640 1655 1694 Diodoro
1682 1649 1737 1695 et
1765 1640 2100 1696 Theodoro:

2272 537 2597 591 Divinorum
2626 535 2976 591 decretorum
3004 536 3267 605 epitome.

2268 629 2343 683 De
2377 627 2728 682 Providentia
2759 628 2854 682 Dei
2889 643 3174 682 sermones
3196 643 3249 681 χ.

2267 720 2580 775 Graecarum
2604 718 2956 775 aﬂeetionum
2987 718 3290 774 curationis
3323 718 3452 773 libri
3478 735 3569 775 xu.

2269 809 2578 880 Appendix.

2804 920 3030 976 CAPUT
3053 920 3143 974 lll.

2200 1033 2449 1088 Recensio
2479 1046 2718 1101 operum,
2755 1049 2873 1103 quae
2907 1041 3046 1085 tomo
3076 1032 3248 1101 primo
3274 1030 3517 1085 editionis
3545 1030 3795 1088 Sirmon-

2719 1104 2897 1156 dianw
2929 1103 3287 1155 continentur.

2271 1216 2416 1271 Duas
2452 1216 2505 1269 in
2536 1224 2721 1293 partes
2754 1226 2937 1270 tomus
2959 1213 3171 1282 primus
3193 1209 3462 1287 dividitur
3485 1228 3499 1264 :
3524 1210 3581 1266 in
3596 1210 3790 1282 priore

2200 1304 2592 1371 Octateuchus,
2618 1305 2747 1359 libri
2772 1305 2983 1374 Regum
3000 1310 3057 1357 et
3072 1301 3488 1371 Paralipomena
3503 1300 3789 1355 elucidan-

2205 1405 2324 1463 tur;
2361 1397 2419 1452 in
2455 1397 2764 1468 posteriore
2794 1394 3121 1451 Psalterium
3150 1400 3207 1447 et
3228 1392 3518 1448 Canticum
3540 1392 3791 1449 cantico-

2203 1505 2347 1544 rum.

2273 1580 2396 1635 Non
2442 1597 2550 1635 una
2598 1588 2851 1636 servatur
2901 1578 2959 1633 in
3002 1585 3238 1648 utraque
3262 1584 3419 1646 parte
3452 1576 3596 1631 ratio
3617 1576 3792 1632 inter-

2204 1671 2459 1744 pretandi
2514 1690 2527 1726 :
2575 1686 2703 1726 nam
2737 1670 2793 1725 in
2827 1669 3030 1739 priore,
3079 1684 3179 1737 per
3210 1667 3694 1747 interrogationem
3730 1677 3793 1722 et

523 1743 704 1834 neque
725 1729 877 1834 enim
914 1730 1051 1785 alios
1074 1731 1398 1785 nominatim
1429 1731 1677 1787 defendit
1700 1732 2099 1788 Theodoretus.
2133 1761 2176 1816 Β
2205 1729 2618 1834 ξθεροηείοηθηι
2665 1729 3027 1831 quasiiones'
3046 1729 3319 1828 ὠδίμῶ
3361 1729 3679 1823 soivumur;
3732 1759 3793 1811 in

597 1819 685 1873 IV.
724 1819 972 1875 Meminit
1002 1821 1233 1891 perinde
1262 1838 1328 1875 ac
1355 1822 1603 1888 Photius,
1639 1822 2012 1893 Expositionis
2045 1823 2099 1878 in

525 1908 828 1974 Danielem,
892 1928 1001 1966 non
1053 1914 1182 1968 item
1247 1915 1303 1968 in
1338 1914 1476 1968 alios
1526 1916 1759 1984 majores
1784 1916 2099 1985 prophetas.

527 1999 796 2066 Quoniam
820 2002 1130 2058 lucubratio
1150 2004 1268 2060 haec
1285 2006 1505 2061 videtur
1536 2006 1589 2060 in
1610 2006 1831 2061 Oriente
1855 2022 1967 2077 prae
1983 2006 2105 2061 aliis

528 2092 697 2146 fuisse
739 2093 794 2147 in
837 2094 1050 2164 pretio,
1101 2103 1395 2165 propterea
1423 2097 1567 2167 quod
1600 2096 1863 2152 adversus
1888 2098 2107 2153 Iudaeos

528 2183 870 2238 demonstrat
935 2184 1157 2254 impleta
1210 2201 1332 2241 esse
1386 2186 1454 2242 de
1503 2187 1723 2245 Christo
1787 2189 2106 2258 prophetica

529 2273 771 2339 oracula,
801 2289 867 2329 ea
893 2290 979 2330 me
1009 2276 1152 2331 ratio
1198 2277 1428 2347 impellit
1461 2286 1522 2331 ut
1545 2279 1766 2333 credam
1794 2294 1902 2333 non
1958 2277 2107 2333 aliud

530 2379 561 2418 a
592 2364 942 2421 Theodoreto
982 2368 1359 2438 conscriptum
1387 2384 1527 2439 Opus
1571 2368 1768 2424 Contra
1790 2367 2057 2424 Judwos"8
2091 2387 2105 2423 :

532 2455 697 2526 idque
724 2456 918 2511 videor
947 2456 1081 2510 mihi
1112 2458 1371 2527 colligere
1399 2474 1467 2513 ex
1491 2458 1719 2528 epistola
1742 2459 1863 2523 145,
1895 2459 1959 2512 ad
1988 2473 2107 2512 mo-

531 2549 740 2604 nachos
753 2548 1414 2619 Constantinopolitanos,
1437 2558 1500 2605 ut
1522 2566 1622 2605 suo
1638 2552 1760 2605 loco
1779 2557 2105 2620 exponetur.

532 2661 690 2734 26],
722 2660 856 2732 §VI.
880 2660 1190 2732 Prospectu:
1210 2677 1427 2744 operum
1450 2662 1754 2716 Theodoreti
1776 2679 1807 2715 a
1828 2659 2109 2716 Sirmondo

1167 2732 1447 2787 editorum.

603 2844 736 2913 Quae
780 2846 1069 2912 Baronius,
1124 2847 1329 2918 aliique
1373 2862 1632 2902 censores
1667 2862 1895 2917 operum
1924 2845 2108 2901 Theo-

533 2938 736 3003 doreti,
783 2938 1218 3005 Centuriatores,
1259 2938 1447 2994 Sixtus
1469 2938 1748 3005 Senensis,
1781 2938 2109 2993 Possevinus

532 3040 590 3085 et
629 3030 992 3086 Bellarminus
1031 3031 1375 3101 scripserint,
1421 3028 1761 3100 superﬂuum
1788 3038 1873 3084 est
1900 3029 2108 3084 descri-

534 3120 693 3187 bere,
751 3137 877 3177 cum
917 3123 1165 3193 ipsorum
1186 3121 1315 3177 libri
1344 3130 1595 3177 terantur
1626 3124 1900 3178 manibus.
1938 3121 2111 3189 Quam

535 3213 989 3270 distributionem
1032 3214 1362 3270 Sirmondus
1403 3214 1615 3278 iecerit,
1665 3230 1844 3284 operae
1872 3214 2113 3285 pretium

537 3312 631 3383 est
644 3305 929 3369 exhibere,
954 3305 1212 3374 quoniam
1234 3320 1362 3359 eum
1384 3307 1632 3361 ordinem
1662 3307 1900 3361 secuturi
1925 3322 2116 3365 sumus

542 3396 598 3451 in
644 3395 998 3451 recensendis
1039 3396 1321 3466 operibus,
1379 3412 1543 3467 quem
1583 3397 1669 3453 vir
1708 3399 2116 3456 eruditissimus

540 3490 597 3543 in
630 3488 1053 3544 distribuendis.
1092 3487 1183 3544 Sic
1202 3504 1334 3560 ergo
1354 3489 1553 3544 habet:

540 3600 844 3656 Theodoreti
871 3617 1055 3671 opera,
1090 3616 1207 3672 quae
1250 3603 1307 3655 in
1342 3601 1560 3673 singulis
1588 3602 1739 3656 tomis
1762 3602 2113 3657 continentur.

1209 3707 1348 3748 ’[0Μο
1375 3709 1413 3746 1.

614 3805 956 3872 Quaastiones
992 3805 1046 3860 in
1079 3804 1496 3861 Octateuchum.

611 3895 958 3961 Quzestiones
988 3893 1043 3948 in
1068 3894 1243 3949 libros
1265 3894 1495 3966 Regum.

612 3985 956 4052 Quaestiones
990 3984 1047 4039 in
1073 3984 1247 4040 libros
1269 3985 1750 4056 Paralipomenon.

613 4076 1001 4146 Interpretatio
1030 4075 1086 4129 in
1115 4090 1309 4131 omnes
1334 4075 1599 4130 Psalmos.

614 4167 1007 4239 Interpretatio
1037 4167 1092 4221 in
1114 4165 1340 4223 Cantica
1364 4167 1732 4222 canticorum.

1220 4297 1359 4337 ’1⁸0110
1391 4297 1450 4336 ll.

611 4395 1093 4465 [interpretationis
1120 4396 1175 4449 in
1200 4394 1397 4451 Isaiam
1428 4393 1692 4465 epitome.

614 4485 1007 4556 lnterpretatio
1041 4487 1097 4541 in
1125 4487 1445 4543 Jeremiam.

618 4576 1007 4647 lnterpretatio
1040 4579 1097 4633 in
1127 4578 1497 4633 Ezechielem.

626 4668 1010 4739 Interpretatio
1043 4668 1100 4723 in
1125 4667 1426 4723 Danielem.

635 4762 1018 4832 interpretatio
1047 4761 1105 4817 in
1128 4760 1420 4816 duodecim
1448 4755 1754 4827 Prophetas
1773 4753 2034 4809 minores.

1212 4888 1353 4928 TOIO
1386 4886 1464 4926 111.

616 4988 900 5060 Expositio
930 4991 985 5044 in
1011 5002 1203 5044 omnes
1224 4984 1500 5056 Epistolas
1531 4980 1680 5037 beati
1703 4977 1881 5035 Pauli.

620 5078 1022 5137 Ecclesiasticze
1051 5078 1298 5135 historia:
1330 5077 1459 5132 libri
1480 5093 1532 5131 v.

622 5173 966 5236 Philotheus,
1005 5188 1103 5227 seu
1132 5170 1386 5241 religiosa
1409 5164 1664 5222 historia.

624 5265 883 5336 Epistulae
910 5264 977 5319 ad
1005 5264 1255 5319 diversos
1277 5276 1469 5316 cxcvn.

1388 5386 1462 5426 IV.

1388 5386 1406 5425 ι
1447 5411 1462 5426 .

624 5468 908 5524 Erauistes
939 5481 1035 5522 seu
1071 5386 1487 5536 Ροιγιέἓῗιῒιιιῖς,
1519 5460 1719 5533 dialogi
1741 5475 1817 5515 Ill.

2204 1855 2510 1925 posteriore
2564 1852 2827 1908 solemnis
2870 1866 2991 1906 mos
3038 1848 3446 1905 commentandi
3492 1848 3789 1903 retinetur.

2204 1946 2362 2001 Prior
2406 1955 2493 2001 est
2520 1945 2851 2000 Theodoreti
2879 1944 3031 2000 senis
3059 1945 3215 2014 quasi
3244 1944 3650 2014 magisterium;
3686 1959 3792 2013 po-

2205 2035 2405 2091 sterior
2429 2037 2745 2106 incipientis
2765 2036 3014 2092 scribere
3039 2037 3193 2090 velut
3213 2035 3609 2091 rudimentum.
3636 2036 3792 2090 Illam

2206 2143 2235 2182 e
2256 2129 2445 2185 Graeco
2467 2128 2524 2182 in
2540 2129 2796 2183 Latinum
2818 2136 3107 2183 verterunt
3127 2128 3368 2183 Joannes
3387 2126 3551 2182 Picus
3572 2137 3627 2181 et
3647 2126 3796 2181 Gen-

2208 2220 2388 2274 tianus
2411 2220 2710 2284 Hervetus;
2766 2219 2927 2272 istam
2956 2218 3232 2272 Antonius
3252 2217 3448 2273 Caral‘a
3483 2226 3540 2272 et
3561 2218 3794 2271 Franci-

2207 2325 2335 2366 scus
2373 2310 2545 2365 Zinus
2597 2328 2610 2363 :
2661 2317 2954 2378 utramque
2976 2309 3317 2379 recognovit,
3352 2310 3449 2365 sed
3477 2308 3665 2379 paucis
3693 2308 3794 2362 ad-

2208 2403 2434 2458 modum
2456 2404 2780 2468 immutatis,
2803 2402 3151 2457 Sirmondus.

2211 2538 2301 2609 ει.
2338 2537 2416 2592 De
2442 2537 2881 2609 interpretatione
2906 2534 3211 2609 Octateuchi
3224 2574 3239 2597 ,
3293 2532 3546 2586 librorum
3570 2529 3794 2601 Regum,

2748 2614 2798 2658 et
2828 2604 3296 2675 Paralipomenon.

2281 2721 2332 2777 l.
2402 2718 2922 2788 Interpretationem
2978 2718 3034 2772 in
3090 2716 3489 2773 Octateuchum
3551 2714 3801 2786 agnoscit

2210 2812 2594 2867 Theodoretus
2624 2811 2785 2882 262
2821 2819 2879 2864 ut
2907 2824 3083 2874 suam,
3118 2807 3171 2862 in
3198 2807 3516 2879 prmfatione
3537 2807 3603 2861 ad
3627 2806 3802 2861 libros

2210 2904 2454 2975 Regum:
2483 2923 2501 2953 ‹
2528 2902 2801 2966 Quoniam
2833 2900 3017 2955 divina
3048 2899 3173 2953 freti
3199 2905 3214 2917 '
3239 2898 3412 2969 gratia
3451 2896 3799 2967 interpretati

2211 3014 2403 3053 sumus
2428 2997 2601 3051 libros
2623 2993 3168 3064 Mosislegislatoris,
3219 3002 3275 3047 et
3294 2992 3460 3048 Josue
3495 2991 3800 3064 prophetae,

2137 3089 2184 3151 C
2213 3097 2270 3145 et
2292 3088 2572 3152 Judicum,
2594 3095 2651 3141 et
2670 3085 2821 3140 Ruth
2847 3102 2861 3137 :
2884 3099 2982 3154 age
3010 3082 3362 3153 splendorem
3392 3084 3560 3153 hujus
3579 3082 3722 3136 lucis
3744 3089 3803 3135 ut

2214 3178 2570 3248 accipiamus,
2600 3177 2801 3230 iterum
2825 3174 3203 3244 implorantes,
3228 3173 3568 3243 explicemus
3589 3172 3805 3244 Regno-

2214 3287 2336 3326 rum
2367 3268 2650 3330 historias,
2675 3286 2693 3310 ι
2728 3275 2833 3321 etc.

2284 3361 2350 3417 11.
2402 3358 2665 3430 Agnoscit
2714 3358 2924 3428 pariter
2974 3357 3487 3428 interpretationem
3535 3355 3593 3409 in
3633 3354 3805 3408 libros

2215 3451 2427 3520 Regum
2455 3448 2598 3502 libro
2622 3447 2802 3518 primo
2830 3447 3295 3518 Παραλιπομένων
3348 3464 3361 3499 :
3415 3465 3432 3497 ι
3468 3444 3806 3500 Musicorum

2217 3542 2712 3596 instrumentorum
2752 3538 3119 3593 dilferentiam
3162 3538 3403 3594 diximus
3441 3537 3494 3591 in
3520 3536 3681 3591 libris
3699 3536 3808 3591 Re—

2216 3649 2366 3705 gum.
2393 3652 2411 3682 ι

2286 3724 2377 3779 Ill.
2437 3723 2513 3777 De
2570 3721 2828 3776 omnibus
2873 3720 3035 3776 simul
3084 3721 3199 3775 hac
3247 3720 3417 3774 habet
3461 3718 3693 3774 Photius
3713 3718 3804 3770 ”:

2227 3814 2385 3884 «Legi
2402 3811 2648 3885 ejusdem
2665 3811 2834 3866 divini
2850 3811 2957 3866 viri
2977 3811 3311 3866 Theodoreti
3334 3811 3389 3865 in
3405 3810 3810 3865 Octateuchum

2219 3903 2690 3974 explanationem,
2741 3918 2863 3972 quae
2904 3902 3321 3972 inscriptionem
3348 3908 3506 3955 nacta
3530 3908 3617 3955 est
3649 3899 3809 3968 operi

2220 4004 2634 4067 congruentem,
2670 3993 2733 4048 In
2765 3993 2984 4047 obscura
3010 4001 3059 4046 et
3087 3992 3329 4046 abstrusa
3354 3988 3642 4061 Scriptura:
3667 3989 3807 4052 loca,

2223 4091 2279 4145 in
2310 4089 2512 4160 quibus
2537 4095 2685 4151 sunt,
2720 4095 2776 4141 et
2802 4085 2869 4139 ad
2897 4085 3069 4139 libros
3092 4084 3325 4155 Regum,
3356 4091 3413 4137 et
3436 4081 3502 4136 ad
3526 4080 3813 4149 Paralipo-

2222 4197 2412 4249 mena;
2449 4180 2800 4235 utilissimum
2828 4185 3011 4232 autem
3041 4177 3097 4230 in
3125 4175 3318 4246 primis
3348 4174 3455 4228 hoc
3477 4187 3671 4243 opus,»
3694 4180 3809 4227 etc.

2293 4274 2383 4330 ιγ.
2426 4271 2729 4328 Postremis
2755 4270 2884 4323 vitae
2908 4266 3250 4337 temporibus
3278 4266 3398 4320 haec
3423 4263 3813 4319 Theodoretus

2224 4363 2537 4435 composuit
2578 4379 2592 4416 :
2637 4376 2764 4414 nam
2820 4359 2887 4414 de
2928 4359 3061 4428 ipsis
3094 4358 3150 4412 in
3184 4356 3338 4411 nullo
3361 4356 3472 4410 alio
3490 4369 3659 4425 opere
3688 4367 3810 4408 me-

2155 4427 2201 4484 D
2225 4427 2408 4519 minit,
2442 4468 2566 4507 cum
2603 4451 2660 4505 in
2694 4450 2782 4504 bis
2817 4450 2921 4504 alia
2950 4427 3113 4519 plura
3143 4447 3401 4517 appellet.
3438 4444 3756 4512 Quaestione
3780 4444 3807 4498 1

2228 4546 2287 4601 in
2308 4541 2636 4603 Leviticum,
2669 4555 2791 4609 quae
2817 4547 2903 4593 est
2932 4537 3000 4593 de
3027 4553 3213 4604 causa,
3251 4552 3350 4591 cur
3372 4536 3519 4591 Deus
3543 4534 3815 4591 sacriﬁcia

2229 4635 2335 4692 sibi
2374 4631 2563 4688 oli‘erri
2609 4631 2950 4701 praeceperit,
3003 4648 3025 4681 ι
3068 4629 3147 4683 De
3192 4628 3301 4693 his,
3332 4627 3535 4698 inquit,
3572 4626 3814 4683 diximus

2233 4725 2421 4782 multis
2447 4725 2503 4777 in
2533 4722 2689 4787 locis,
2719 4732 2833 4776 tum
2862 4721 2917 4775 in
2938 4721 3049 4788 his,
3075 4736 3198 4790 quae
3226 4729 3418 4775 contra
3438 4718 3660 4775 Graecos
3681 4719 3816 4774 scri-

2233 4820 2464 4892 psimus,
2524 4826 2581 4873 et
2635 4815 2902 4871 adversus
2947 4813 3217 4880 haereses;
3283 4821 3399 4867 tum
3452 4812 3511 4867 in
3546 4812 3656 4877 his,
3693 4825 3818 4881 quae

2232 4914 2497 4968 adversus
2554 4924 2773 4980 magos;
2833 4915 3098 4977 praeterea
3129 4906 3187 4961 in
3212 4905 3656 4962 enarrationibus
3681 4919 3814 4974 pro-

2223 5005 2548 5077 phetarum,
2607 5009 2664 5057 et
2712 5000 2767 5053 in
2811 4998 3238 5068 apostolicarum
3264 4997 3632 5068 Epistolarum
3665 5010 3818 5051 com-

2226 5096 2530 5153 mentariis.

2305 5189 2619 5257 Quaestione
2652 5187 2721 5242 45
2768 5187 2825 5241 in
2864 5187 3068 5241 librum
3108 5185 3154 5241 ll
3204 5185 3446 5255 Regum,
3482 5198 3607 5238 cum
3629 5187 3822 5252 ageret

2237 5281 2302 5337 de
2328 5276 2646 5348 triumphali
2678 5275 2901 5347 hymno,
2937 5290 3101 5344 quem
3136 5274 3250 5329 Deo
3273 5270 3443 5327 David
3480 5275 3607 5339 post
3627 5267 3821 5322 hostes

2237 5372 2527 5441 ipsumque
2543 5364 2762 5420 Saulem
2783 5364 3059 5419 devictum
3081 5361 3283 5418 cecinit
3308 5379 3320 5414 :
3353 5380 3369 5411 ί
3388 5359 3667 5415 Consonat
3689 5372 3818 5411 cum

2237 5462 2449 5534 psalmo
2486 5474 2614 5523 xvn,
2671 5457 2756 5511 vel
2802 5456 2988 5527 potius
3034 5455 3178 5510 idem
3213 5460 3328 5519 est,
3376 5451 3587 5506 habens
3614 5462 3822 5519 paucas

1924 5600 2241 5658 SCHULZII
2280 5596 2517 5655 ΝΟΤτΕ.

626 5699 669 5728 ’⁷
701 5696 822 5753 Vid.
851 5697 1010 5768 epist.
1046 5697 1109 5752 16
1204 5699 1249 5730 ’⁸
1277 5696 1534 5753 Eamdem
1581 5694 1906 5752 sententiam
1938 5696 2221 5766 amplexus
2244 5701 2330 5749 est
2359 5691 2589 5747 Caveus.
2620 5688 2783 5743 Plura
2820 5686 2934 5739 vid.
2984 5684 3145 5751 infra,
3175 5697 3294 5753 cap.
3324 5682 3376 5749 9,
3407 5681 3433 5750 §
3470 5681 3519 5735 4.
3598 5678 3643 5711 ’⁸
3672 5674 3789 5734 Cod

556 5766 681 5820 ΞΜ.
