  <div class='ocr_page' id='page_1' title='image "/cluster/home/n/w/nwhite01/storage/ocr_20150623/84:no.5/coo.31924054869858/114.png"; bbox 0 0 4070 6480; ppageno 0'>
   <div class='ocr_carea' id='block_1_1' title="bbox 331 296 450 361">
    <p class='ocr_par' dir='ltr' id='par_1_1' title="bbox 331 296 450 361">
     <span class='ocr_line' id='line_1_1' title="bbox 331 296 450 361; baseline 0.034 -4"><span class='ocrx_word' id='word_1_1' title='bbox 331 296 450 361; x_wconf 78' lang='grc'><strong>213</strong></span> 
     </span>
    </p>
   </div>
   <div class='ocr_carea' id='block_1_2' title="bbox 1507 302 2445 367">
    <p class='ocr_par' dir='ltr' id='par_1_2' title="bbox 1507 302 2445 367">
     <span class='ocr_line' id='line_1_2' title="bbox 1507 302 2445 367; baseline 0.006 -6"><span class='ocrx_word' id='word_1_2' title='bbox 1507 302 1605 361; x_wconf 90' lang='lat' dir='ltr'><strong>DE</strong></span> <span class='ocrx_word' id='word_1_3' title='bbox 1645 304 1902 364; x_wconf 85' lang='lat' dir='ltr'><strong>LIBRIS</strong></span> <span class='ocrx_word' id='word_1_4' title='bbox 1934 306 2445 367; x_wconf 81' lang='lat' dir='ltr'><strong>THEODORETI-</strong></span> 
     </span>
    </p>
   </div>
   <div class='ocr_carea' id='block_1_3' title="bbox 3507 304 3611 367">
    <p class='ocr_par' dir='ltr' id='par_1_3' title="bbox 3507 304 3611 367">
     <span class='ocr_line' id='line_1_3' title="bbox 3507 304 3611 367; baseline 0 0"><span class='ocrx_word' id='word_1_5' title='bbox 3507 304 3611 367; x_wconf 72' lang='lat' dir='ltr'><strong>2M</strong></span> 
     </span>
    </p>
   </div>
   <div class='ocr_carea' id='block_1_4' title="bbox 327 410 3608 488">
    <p class='ocr_par' dir='ltr' id='par_1_4' title="bbox 327 410 3608 488">
     <span class='ocr_line' id='line_1_4' title="bbox 327 410 3608 488; baseline 0.003 -26"><span class='ocrx_word' id='word_1_6' title='bbox 327 410 632 463; x_wconf 81' lang='lat' dir='ltr'><strong>numinum</strong></span> <span class='ocrx_word' id='word_1_7' title='bbox 661 417 1016 472; x_wconf 78' lang='lat' dir='ltr'><strong>mutationes.</strong></span> <span class='ocrx_word' id='word_1_8' title='bbox 1051 411 1166 480; x_wconf 84' lang='lat' dir='ltr'><strong>Ego</strong></span> <span class='ocrx_word' id='word_1_9' title='bbox 1188 417 1370 467; x_wconf 82' lang='lat' dir='ltr'><strong>autem</strong></span> <span class='ocrx_word' id='word_1_10' title='bbox 1402 426 1525 466; x_wconf 90' lang='lat' dir='ltr'><strong>cum</strong></span> <span class='ocrx_word' id='word_1_11' title='bbox 1558 414 1682 469; x_wconf 87' lang='lat' dir='ltr'><strong>aliis</strong></span> <span class='ocrx_word' id='word_1_12' title='bbox 1707 416 1931 485; x_wconf 77' lang='lat' dir='ltr'><strong>psalmis</strong></span> <span class='ocrx_word' id='word_1_13' title='bbox 1961 422 2005 477; x_wconf 75' lang='grc' dir='ltr'><strong>Α</strong></span> <span class='ocrx_word' id='word_1_14' title='bbox 2036 417 2201 473; x_wconf 90' lang='lat' dir='ltr'><strong>habet</strong></span> <span class='ocrx_word' id='word_1_15' title='bbox 2232 418 2299 472; x_wconf 89' lang='lat' dir='ltr'><strong>de</strong></span> <span class='ocrx_word' id='word_1_16' title='bbox 2324 418 2553 488; x_wconf 86' lang='lat' dir='ltr'><strong>angelis,</strong></span> <span class='ocrx_word' id='word_1_17' title='bbox 2587 432 2791 486; x_wconf 89' lang='lat' dir='ltr'><strong>eosque</strong></span> <span class='ocrx_word' id='word_1_18' title='bbox 2817 416 2979 471; x_wconf 91' lang='lat' dir='ltr'><strong>docet</strong></span> <span class='ocrx_word' id='word_1_19' title='bbox 3010 426 3207 470; x_wconf 79' lang='lat' dir='ltr'><strong>creata:</strong></span> <span class='ocrx_word' id='word_1_20' title='bbox 3236 430 3356 471; x_wconf 82' lang='lat' dir='ltr'><strong>esse</strong></span> <span class='ocrx_word' id='word_1_21' title='bbox 3375 424 3608 480; x_wconf 66' lang='lat' dir='ltr'><strong>naturae,</strong></span> 
     </span>
    </p>
   </div>
   <div class='ocr_carea' id='block_1_5' title="bbox 326 500 1928 570">
    <p class='ocr_par' dir='ltr' id='par_1_5' title="bbox 326 500 1928 570">
     <span class='ocr_line' id='line_1_5' title="bbox 326 500 1928 570; baseline 0.002 -17"><span class='ocrx_word' id='word_1_22' title='bbox 326 501 490 554; x_wconf 86' lang='lat' dir='ltr'><strong>hunc</strong></span> <span class='ocrx_word' id='word_1_23' title='bbox 515 515 737 570; x_wconf 86' lang='lat' dir='ltr'><strong>quoque</strong></span> <span class='ocrx_word' id='word_1_24' title='bbox 776 500 1195 570; x_wconf 72' lang='lat' dir='ltr'><strong>interpretatus,</strong></span> <span class='ocrx_word' id='word_1_25' title='bbox 1245 515 1715 570; x_wconf 72' lang='lat' dir='ltr'><strong>supervacaneum</strong></span> <span class='ocrx_word' id='word_1_26' title='bbox 1735 505 1928 558; x_wconf 76' lang='lat' dir='ltr'><strong>existi-</strong></span> 
     </span>
    </p>
   </div>
   <div class='ocr_carea' id='block_1_6' title="bbox 329 589 1779 660">
    <p class='ocr_par' dir='ltr' id='par_1_6' title="bbox 329 589 1779 660">
     <span class='ocr_line' id='line_1_6' title="bbox 329 589 1779 660; baseline -0.005 -11"><span class='ocrx_word' id='word_1_27' title='bbox 329 596 483 649; x_wconf 86' lang='lat' dir='ltr'><strong>mavi</strong></span> <span class='ocrx_word' id='word_1_28' title='bbox 519 590 819 650; x_wconf 87' lang='lat' dir='ltr'><strong>secundam</strong></span> <span class='ocrx_word' id='word_1_29' title='bbox 844 605 1177 659; x_wconf 86' lang='lat' dir='ltr'><strong>componere</strong></span> <span class='ocrx_word' id='word_1_30' title='bbox 1202 589 1738 660; x_wconf 72' lang='lat' dir='ltr'><strong>interpretationem.</strong></span> <span class='ocrx_word' id='word_1_31' title='bbox 1764 612 1779 642; x_wconf 70' lang='grc' dir='ltr'><em>θ</em></span> 
     </span>
    </p>
   </div>
   <div class='ocr_carea' id='block_1_7' title="bbox 408 680 1930 750">
    <p class='ocr_par' dir='ltr' id='par_1_7' title="bbox 408 680 1930 750">
     <span class='ocr_line' id='line_1_7' title="bbox 408 680 1930 750; baseline -0.005 -9"><span class='ocrx_word' id='word_1_32' title='bbox 408 686 476 741; x_wconf 78' lang='lat' dir='ltr'><strong>V.</strong></span> <span class='ocrx_word' id='word_1_33' title='bbox 512 683 832 739; x_wconf 75' lang='lat' dir='ltr'><strong>Posteriora</strong></span> <span class='ocrx_word' id='word_1_34' title='bbox 855 690 984 734; x_wconf 91' lang='lat' dir='ltr'><strong>sunt</strong></span> <span class='ocrx_word' id='word_1_35' title='bbox 1016 680 1181 750; x_wconf 88' lang='lat' dir='ltr'><strong>igitur</strong></span> <span class='ocrx_word' id='word_1_36' title='bbox 1222 680 1383 734; x_wconf 81' lang='lat' dir='ltr'><strong>libris</strong></span> <span class='ocrx_word' id='word_1_37' title='bbox 1417 680 1489 734; x_wconf 82' lang='lat' dir='ltr'><strong>De</strong></span> <span class='ocrx_word' id='word_1_38' title='bbox 1514 680 1827 737; x_wconf 77' lang='lat' dir='ltr'><strong>Crwcanicis</strong></span> <span class='ocrx_word' id='word_1_39' title='bbox 1849 680 1930 749; x_wconf 86' lang='lat' dir='ltr'><strong>af-</strong></span> 
     </span>
    </p>
   </div>
   <div class='ocr_carea' id='block_1_8' title="bbox 326 769 1931 846">
    <p class='ocr_par' dir='ltr' id='par_1_8' title="bbox 326 769 1931 846">
     <span class='ocr_line' id='line_1_8' title="bbox 326 769 1931 846; baseline -0.004 -17"><span class='ocrx_word' id='word_1_40' title='bbox 326 775 649 846; x_wconf 68' lang='lat' dir='ltr'><strong>fectionibus</strong></span> <span class='ocrx_word' id='word_1_41' title='bbox 689 771 939 825; x_wconf 79' lang='lat' dir='ltr'><strong>curandis</strong></span> <span class='ocrx_word' id='word_1_42' title='bbox 966 811 980 832; x_wconf 87' lang='lat'><strong>,</strong></span> <span class='ocrx_word' id='word_1_43' title='bbox 1036 769 1415 824; x_wconf 70' lang='lat' dir='ltr'><strong>Harreticarum</strong></span> <span class='ocrx_word' id='word_1_44' title='bbox 1463 770 1764 839; x_wconf 78' lang='lat' dir='ltr'><strong>fabularum</strong></span> <span class='ocrx_word' id='word_1_45' title='bbox 1848 770 1931 824; x_wconf 76' lang='lat' dir='ltr'><strong>Ad</strong></span> 
     </span>
    </p>
   </div>
   <div class='ocr_carea' id='block_1_9' title="bbox 326 860 1934 937">
    <p class='ocr_par' dir='ltr' id='par_1_9' title="bbox 326 860 1934 937">
     <span class='ocr_line' id='line_1_9' title="bbox 326 860 1934 937; baseline -0.004 -16"><span class='ocrx_word' id='word_1_46' title='bbox 326 868 565 937; x_wconf 64' lang='lat' dir='ltr'><strong>quesita</strong></span> <span class='ocrx_word' id='word_1_47' title='bbox 600 879 897 935; x_wconf 83' lang='lat' dir='ltr'><strong>magorum,</strong></span> <span class='ocrx_word' id='word_1_48' title='bbox 919 860 1282 925; x_wconf 82' lang='lat' dir='ltr'><strong>Psalmorum,</strong></span> <span class='ocrx_word' id='word_1_49' title='bbox 1310 861 1715 932; x_wconf 80' lang='lat' dir='ltr'><strong>Prophetarum.</strong></span> <span class='ocrx_word' id='word_1_50' title='bbox 1739 869 1794 917; x_wconf 86' lang='lat' dir='ltr'><strong>et</strong></span> <span class='ocrx_word' id='word_1_51' title='bbox 1810 861 1934 932; x_wconf 71' lang='lat' dir='ltr'><strong>Epi-</strong></span> 
     </span>
    </p>
   </div>
   <div class='ocr_carea' id='block_1_10' title="bbox 324 951 1931 1024">
    <p class='ocr_par' dir='ltr' id='par_1_10' title="bbox 324 951 1931 1024">
     <span class='ocr_line' id='line_1_10' title="bbox 324 951 1931 1024; baseline -0.003 -14"><span class='ocrx_word' id='word_1_52' title='bbox 324 956 605 1011; x_wconf 75' lang='lat' dir='ltr'><strong>stolarum</strong></span> <span class='ocrx_word' id='word_1_53' title='bbox 630 952 870 1024; x_wconf 71' lang='lat' dir='ltr'><strong>Apostoli</strong></span> <span class='ocrx_word' id='word_1_54' title='bbox 892 968 909 1006; x_wconf 91' lang='lat'><em>:</em></span> <span class='ocrx_word' id='word_1_55' title='bbox 936 951 1179 1005; x_wconf 90' lang='lat' dir='ltr'><strong>nondum</strong></span> <span class='ocrx_word' id='word_1_56' title='bbox 1196 959 1345 1006; x_wconf 78' lang='lat' dir='ltr'><strong>certe</strong></span> <span class='ocrx_word' id='word_1_57' title='bbox 1368 953 1672 1022; x_wconf 85' lang='lat' dir='ltr'><strong>composita</strong></span> <span class='ocrx_word' id='word_1_58' title='bbox 1690 952 1931 1016; x_wconf 80' lang='lat' dir='ltr'><strong>fuerant,</strong></span> 
     </span>
    </p>
   </div>
   <div class='ocr_carea' id='block_1_11' title="bbox 325 1043 1999 1115">
    <p class='ocr_par' dir='ltr' id='par_1_11' title="bbox 325 1043 1999 1115">
     <span class='ocr_line' id='line_1_11' title="bbox 325 1043 1999 1115; baseline -0.003 -12"><span class='ocrx_word' id='word_1_59' title='bbox 325 1064 463 1103; x_wconf 89' lang='lat' dir='ltr'><strong>cum</strong></span> <span class='ocrx_word' id='word_1_60' title='bbox 494 1045 887 1101; x_wconf 87' lang='lat' dir='ltr'><strong>Theodoretus</strong></span> <span class='ocrx_word' id='word_1_61' title='bbox 914 1043 1218 1107; x_wconf 85' lang='lat' dir='ltr'><strong>scriberet,</strong></span> <span class='ocrx_word' id='word_1_62' title='bbox 1269 1044 1355 1097; x_wconf 91' lang='lat' dir='ltr'><strong>vel</strong></span> <span class='ocrx_word' id='word_1_63' title='bbox 1381 1044 1621 1099; x_wconf 83' lang='lat' dir='ltr'><strong>Eusebio</strong></span> <span class='ocrx_word' id='word_1_64' title='bbox 1645 1044 1934 1115; x_wconf 80' lang='lat' dir='ltr'><strong>Ancyrano</strong></span> <span class='ocrx_word' id='word_1_65' title='bbox 1998 1050 1999 1053; x_wconf 69' lang='lat'>‘</span> 
     </span>
    </p>
   </div>
   <div class='ocr_carea' id='block_1_12' title="bbox 338 1134 1934 1207">
    <p class='ocr_par' dir='ltr' id='par_1_12' title="bbox 338 1134 1934 1207">
     <span class='ocr_line' id='line_1_12' title="bbox 338 1134 1934 1207; baseline -0.001 -13"><span class='ocrx_word' id='word_1_66' title='bbox 338 1156 498 1194; x_wconf 87' lang='lat' dir='ltr'><strong>anno</strong></span> <span class='ocrx_word' id='word_1_67' title='bbox 531 1138 659 1203; x_wconf 63' lang='grc'><strong>445,</strong></span> <span class='ocrx_word' id='word_1_68' title='bbox 698 1137 782 1191; x_wconf 88' lang='lat' dir='ltr'><strong>vel</strong></span> <span class='ocrx_word' id='word_1_69' title='bbox 809 1144 999 1190; x_wconf 83' lang='lat' dir='ltr'><strong>sancto</strong></span> <span class='ocrx_word' id='word_1_70' title='bbox 1021 1134 1192 1189; x_wconf 86' lang='lat' dir='ltr'><strong>Leoni</strong></span> <span class='ocrx_word' id='word_1_71' title='bbox 1219 1151 1365 1189; x_wconf 90' lang='lat' dir='ltr'><strong>anno</strong></span> <span class='ocrx_word' id='word_1_72' title='bbox 1388 1136 1519 1201; x_wconf 61' lang='lat'><strong>449;</strong></span> <span class='ocrx_word' id='word_1_73' title='bbox 1555 1136 1690 1191; x_wconf 90' lang='lat' dir='ltr'><strong>alias</strong></span> <span class='ocrx_word' id='word_1_74' title='bbox 1713 1136 1780 1191; x_wconf 90' lang='lat' dir='ltr'><strong>de</strong></span> <span class='ocrx_word' id='word_1_75' title='bbox 1800 1136 1934 1207; x_wconf 81' lang='lat' dir='ltr'><strong>ipsis</strong></span> 
     </span>
    </p>
   </div>
   <div class='ocr_carea' id='block_1_13' title="bbox 330 1223 1933 1297">
    <p class='ocr_par' dir='ltr' id='par_1_13' title="bbox 330 1223 1933 1297">
     <span class='ocr_line' id='line_1_13' title="bbox 330 1223 1933 1297; baseline 0 -16"><span class='ocrx_word' id='word_1_76' title='bbox 330 1243 451 1282; x_wconf 90' lang='lat' dir='ltr'><strong>non</strong></span> <span class='ocrx_word' id='word_1_77' title='bbox 501 1226 783 1290; x_wconf 76' lang='lat' dir='ltr'><strong>siluisset,</strong></span> <span class='ocrx_word' id='word_1_78' title='bbox 840 1239 965 1278; x_wconf 90' lang='lat' dir='ltr'><strong>eum</strong></span> <span class='ocrx_word' id='word_1_79' title='bbox 1012 1223 1079 1278; x_wconf 89' lang='lat' dir='ltr'><strong>ad</strong></span> <span class='ocrx_word' id='word_1_80' title='bbox 1120 1239 1235 1277; x_wconf 88' lang='lat' dir='ltr'><strong>rem</strong></span> <span class='ocrx_word' id='word_1_81' title='bbox 1267 1239 1421 1279; x_wconf 86' lang='lat' dir='ltr'><strong>suam</strong></span> <span class='ocrx_word' id='word_1_82' title='bbox 1449 1224 1694 1281; x_wconf 82' lang='lat' dir='ltr'><strong>facerent</strong></span> <span class='ocrx_word' id='word_1_83' title='bbox 1725 1236 1787 1282; x_wconf 87' lang='lat' dir='ltr'><strong>ut</strong></span> <span class='ocrx_word' id='word_1_84' title='bbox 1811 1241 1933 1297; x_wconf 68' lang='lat' dir='ltr'><strong>qua:</strong></span> 
     </span>
    </p>
   </div>
   <div class='ocr_carea' id='block_1_14' title="bbox 331 1320 604 1374">
    <p class='ocr_par' dir='ltr' id='par_1_14' title="bbox 331 1320 604 1374">
     <span class='ocr_line' id='line_1_14' title="bbox 331 1320 604 1374; baseline -0.011 0"><span class='ocrx_word' id='word_1_85' title='bbox 331 1320 604 1374; x_wconf 71' lang='lat' dir='ltr'><strong>maxime.</strong></span> 
     </span>
    </p>
   </div>
   <div class='ocr_carea' id='block_1_15' title="bbox 408 1405 1934 1474">
    <p class='ocr_par' dir='ltr' id='par_1_15' title="bbox 408 1405 1934 1474">
     <span class='ocr_line' id='line_1_15' title="bbox 408 1405 1934 1474; baseline -0.001 -12"><span class='ocrx_word' id='word_1_86' title='bbox 408 1409 501 1463; x_wconf 71' lang='grc' dir='ltr'><strong>Ἦ.</strong></span> <span class='ocrx_word' id='word_1_87' title='bbox 559 1406 719 1474; x_wconf 85' lang='lat' dir='ltr'><strong>Quod</strong></span> <span class='ocrx_word' id='word_1_88' title='bbox 771 1415 955 1461; x_wconf 87' lang='lat' dir='ltr'><strong>autem</strong></span> <span class='ocrx_word' id='word_1_89' title='bbox 1016 1407 1071 1460; x_wconf 92' lang='lat' dir='ltr'><strong>in</strong></span> <span class='ocrx_word' id='word_1_90' title='bbox 1124 1406 1321 1460; x_wconf 79' lang='lat' dir='ltr'><strong>litteris</strong></span> <span class='ocrx_word' id='word_1_91' title='bbox 1353 1405 1423 1459; x_wconf 91' lang='lat' dir='ltr'><strong>ad</strong></span> <span class='ocrx_word' id='word_1_92' title='bbox 1456 1405 1727 1460; x_wconf 83' lang='lat' dir='ltr'><strong>Renatum</strong></span> <span class='ocrx_word' id='word_1_93' title='bbox 1752 1406 1847 1469; x_wconf 90' lang='lat' dir='ltr'><strong>ait,</strong></span> <span class='ocrx_word' id='word_1_94' title='bbox 1876 1422 1934 1461; x_wconf 88' lang='lat' dir='ltr'><strong>se</strong></span> 
     </span>
    </p>
   </div>
   <div class='ocr_carea' id='block_1_16' title="bbox 332 1495 1932 1568">
    <p class='ocr_par' dir='ltr' id='par_1_16' title="bbox 332 1495 1932 1568">
     <span class='ocr_line' id='line_1_16' title="bbox 332 1495 1932 1568; baseline -0.004 -12"><span class='ocrx_word' id='word_1_95' title='bbox 332 1516 554 1556; x_wconf 82' lang='lat' dir='ltr'><strong>sacram</strong></span> <span class='ocrx_word' id='word_1_96' title='bbox 572 1499 920 1568; x_wconf 87' lang='lat' dir='ltr'><strong>Scripturam</strong></span> <span class='ocrx_word' id='word_1_97' title='bbox 939 1499 1383 1567; x_wconf 86' lang='lat' dir='ltr'><strong>interpretatum,</strong></span> <span class='ocrx_word' id='word_1_98' title='bbox 1402 1505 1462 1550; x_wconf 86' lang='lat' dir='ltr'><strong>ut</strong></span> <span class='ocrx_word' id='word_1_99' title='bbox 1478 1495 1762 1551; x_wconf 85' lang='lat' dir='ltr'><strong>indeﬁnite</strong></span> <span class='ocrx_word' id='word_1_100' title='bbox 1777 1496 1932 1563; x_wconf 81' lang='lat' dir='ltr'><strong>dixit,</strong></span> 
     </span>
    </p>
   </div>
   <div class='ocr_carea' id='block_1_17' title="bbox 334 1588 1937 1660">
    <p class='ocr_par' dir='ltr' id='par_1_17' title="bbox 334 1588 1937 1660">
     <span class='ocr_line' id='line_1_17' title="bbox 334 1588 1937 1660; baseline -0.002 -13"><span class='ocrx_word' id='word_1_101' title='bbox 334 1594 420 1647; x_wconf 82' lang='lat' dir='ltr'><strong>ita</strong></span> <span class='ocrx_word' id='word_1_102' title='bbox 438 1591 863 1660; x_wconf 80' lang='lat' dir='ltr'><strong>intelligendum</strong></span> <span class='ocrx_word' id='word_1_103' title='bbox 892 1588 1121 1659; x_wconf 88' lang='lat' dir='ltr'><strong>perinde</strong></span> <span class='ocrx_word' id='word_1_104' title='bbox 1145 1600 1309 1658; x_wconf 90' lang='lat' dir='ltr'><strong>atque</strong></span> <span class='ocrx_word' id='word_1_105' title='bbox 1326 1597 1411 1643; x_wconf 91' lang='lat' dir='ltr'><strong>est</strong></span> <span class='ocrx_word' id='word_1_106' title='bbox 1434 1588 1487 1642; x_wconf 91' lang='lat' dir='ltr'><strong>in</strong></span> <span class='ocrx_word' id='word_1_107' title='bbox 1510 1588 1710 1643; x_wconf 87' lang='lat' dir='ltr'><strong>litteris</strong></span> <span class='ocrx_word' id='word_1_108' title='bbox 1730 1588 1796 1643; x_wconf 90' lang='lat' dir='ltr'><strong>ad</strong></span> <span class='ocrx_word' id='word_1_109' title='bbox 1814 1605 1937 1644; x_wconf 89' lang='lat' dir='ltr'><strong>san-</strong></span> 
     </span>
    </p>
   </div>
   <div class='ocr_carea' id='block_1_18' title="bbox 344 1680 1931 1750">
    <p class='ocr_par' dir='ltr' id='par_1_18' title="bbox 344 1680 1931 1750">
     <span class='ocr_line' id='line_1_18' title="bbox 344 1680 1931 1750; baseline -0.001 -14"><span class='ocrx_word' id='word_1_110' title='bbox 344 1693 495 1736; x_wconf 85' lang='lat' dir='ltr'><strong>etum</strong></span> <span class='ocrx_word' id='word_1_111' title='bbox 519 1682 764 1736; x_wconf 87' lang='lat' dir='ltr'><strong>Leonem</strong></span> <span class='ocrx_word' id='word_1_112' title='bbox 794 1697 903 1735; x_wconf 89' lang='lat' dir='ltr'><strong>una</strong></span> <span class='ocrx_word' id='word_1_113' title='bbox 928 1681 1133 1745; x_wconf 86' lang='lat' dir='ltr'><strong>missis,</strong></span> <span class='ocrx_word' id='word_1_114' title='bbox 1181 1681 1256 1734; x_wconf 92' lang='lat' dir='ltr'><strong>De</strong></span> <span class='ocrx_word' id='word_1_115' title='bbox 1294 1680 1630 1750; x_wconf 87' lang='lat' dir='ltr'><strong>propheticis</strong></span> <span class='ocrx_word' id='word_1_116' title='bbox 1653 1682 1891 1736; x_wconf 88' lang='lat' dir='ltr'><strong>oraculis</strong></span> <span class='ocrx_word' id='word_1_117' title='bbox 1919 1700 1931 1734; x_wconf 89' lang='lat'><strong>:</strong></span> 
     </span>
    </p>
   </div>
   <div class='ocr_carea' id='block_1_19' title="bbox 343 1756 2008 1841">
    <p class='ocr_par' dir='ltr' id='par_1_19' title="bbox 343 1756 2008 1841">
     <span class='ocr_line' id='line_1_19' title="bbox 343 1756 2008 1841; baseline 0.001 -18"><span class='ocrx_word' id='word_1_118' title='bbox 343 1786 457 1841; x_wconf 87' lang='lat' dir='ltr'><strong>quo</strong></span> <span class='ocrx_word' id='word_1_119' title='bbox 483 1770 707 1823; x_wconf 89' lang='lat' dir='ltr'><strong>nomine</strong></span> <span class='ocrx_word' id='word_1_120' title='bbox 741 1769 1121 1839; x_wconf 86' lang='lat' dir='ltr'><strong>signiﬁcantur</strong></span> <span class='ocrx_word' id='word_1_121' title='bbox 1153 1768 1221 1823; x_wconf 92' lang='lat' dir='ltr'><strong>de</strong></span> <span class='ocrx_word' id='word_1_122' title='bbox 1248 1783 1398 1822; x_wconf 91' lang='lat' dir='ltr'><strong>more</strong></span> <span class='ocrx_word' id='word_1_123' title='bbox 1426 1770 1648 1835; x_wconf 88' lang='lat' dir='ltr'><strong>Psalmi,</strong></span> <span class='ocrx_word' id='word_1_124' title='bbox 1684 1768 1928 1834; x_wconf 83' lang='lat' dir='ltr'><strong>Cantica,</strong></span> <span class='ocrx_word' id='word_1_125' title='bbox 1971 1756 2008 1806; x_wconf 74' lang='grc' dir='ltr'><strong>Β</strong></span> 
     </span>
    </p>
   </div>
   <div class='ocr_carea' id='block_1_20' title="bbox 336 1859 1844 1931">
    <p class='ocr_par' dir='ltr' id='par_1_20' title="bbox 336 1859 1844 1931">
     <span class='ocr_line' id='line_1_20' title="bbox 336 1859 1844 1931; baseline -0.003 -14"><span class='ocrx_word' id='word_1_126' title='bbox 336 1875 395 1917; x_wconf 84' lang='lat' dir='ltr'><strong>et</strong></span> <span class='ocrx_word' id='word_1_127' title='bbox 424 1860 739 1929; x_wconf 60' lang='lat' dir='ltr'><strong>Prophetas,</strong></span> <span class='ocrx_word' id='word_1_128' title='bbox 776 1860 891 1913; x_wconf 85' lang='lat' dir='ltr'><strong>sive</strong></span> <span class='ocrx_word' id='word_1_129' title='bbox 917 1859 1010 1928; x_wconf 91' lang='lat' dir='ltr'><strong>qui</strong></span> <span class='ocrx_word' id='word_1_130' title='bbox 1042 1860 1299 1931; x_wconf 87' lang='lat' dir='ltr'><strong>majores,</strong></span> <span class='ocrx_word' id='word_1_131' title='bbox 1326 1859 1439 1914; x_wconf 83' lang='lat' dir='ltr'><strong>sive</strong></span> <span class='ocrx_word' id='word_1_132' title='bbox 1467 1861 1559 1930; x_wconf 86' lang='lat' dir='ltr'><strong>qui</strong></span> <span class='ocrx_word' id='word_1_133' title='bbox 1589 1863 1844 1915; x_wconf 87' lang='lat' dir='ltr'><strong>minores.</strong></span> 
     </span>
    </p>
   </div>
   <div class='ocr_carea' id='block_1_21' title="bbox 412 1950 1929 2020">
    <p class='ocr_par' dir='ltr' id='par_1_21' title="bbox 412 1950 1929 2020">
     <span class='ocr_line' id='line_1_21' title="bbox 412 1950 1929 2020; baseline 0 -15"><span class='ocrx_word' id='word_1_134' title='bbox 412 1951 532 2005; x_wconf 70' lang='lat' dir='ltr'><strong>Vl].</strong></span> <span class='ocrx_word' id='word_1_135' title='bbox 590 1950 911 2020; x_wconf 89' lang='lat' dir='ltr'><strong>Composita</strong></span> <span class='ocrx_word' id='word_1_136' title='bbox 961 1964 1082 2004; x_wconf 90' lang='lat' dir='ltr'><strong>esse</strong></span> <span class='ocrx_word' id='word_1_137' title='bbox 1127 1958 1253 2019; x_wconf 88' lang='lat' dir='ltr'><strong>post</strong></span> <span class='ocrx_word' id='word_1_138' title='bbox 1292 1950 1587 2004; x_wconf 89' lang='lat' dir='ltr'><strong>concilium</strong></span> <span class='ocrx_word' id='word_1_139' title='bbox 1628 1950 1929 2006; x_wconf 88' lang='lat' dir='ltr'><strong>Chalcedo-</strong></span> 
     </span>
    </p>
   </div>
   <div class='ocr_carea' id='block_1_22' title="bbox 332 2042 1929 2114">
    <p class='ocr_par' dir='ltr' id='par_1_22' title="bbox 332 2042 1929 2114">
     <span class='ocr_line' id='line_1_22' title="bbox 332 2042 1929 2114; baseline -0.003 -15"><span class='ocrx_word' id='word_1_140' title='bbox 332 2060 539 2108; x_wconf 88' lang='lat' dir='ltr'><strong>nense,</strong></span> <span class='ocrx_word' id='word_1_141' title='bbox 570 2044 681 2097; x_wconf 91' lang='lat' dir='ltr'><strong>imo</strong></span> <span class='ocrx_word' id='word_1_142' title='bbox 707 2052 831 2114; x_wconf 91' lang='lat' dir='ltr'><strong>post</strong></span> <span class='ocrx_word' id='word_1_143' title='bbox 855 2057 1063 2097; x_wconf 88' lang='lat' dir='ltr'><strong>annum</strong></span> <span class='ocrx_word' id='word_1_144' title='bbox 1083 2042 1209 2106; x_wconf 72' lang='grc'><strong>455,</strong></span> <span class='ocrx_word' id='word_1_145' title='bbox 1235 2050 1385 2096; x_wconf 87' lang='lat' dir='ltr'><strong>certa</strong></span> <span class='ocrx_word' id='word_1_146' title='bbox 1412 2042 1551 2097; x_wconf 87' lang='lat' dir='ltr'><strong>ratio</strong></span> <span class='ocrx_word' id='word_1_147' title='bbox 1570 2042 1929 2097; x_wconf 85' lang='lat' dir='ltr'><strong>demonstrat.</strong></span> 
     </span>
    </p>
   </div>
   <div class='ocr_carea' id='block_1_23' title="bbox 331 2134 1934 2204">
    <p class='ocr_par' dir='ltr' id='par_1_23' title="bbox 331 2134 1934 2204">
     <span class='ocr_line' id='line_1_23' title="bbox 331 2134 1934 2204; baseline -0.001 -14"><span class='ocrx_word' id='word_1_148' title='bbox 331 2138 485 2190; x_wconf 90' lang='lat' dir='ltr'><strong>Sunt</strong></span> <span class='ocrx_word' id='word_1_149' title='bbox 524 2136 677 2190; x_wconf 88' lang='lat' dir='ltr'><strong>enim</strong></span> <span class='ocrx_word' id='word_1_150' title='bbox 733 2135 1017 2189; x_wconf 85' lang='lat' dir='ltr'><strong>elaborata</strong></span> <span class='ocrx_word' id='word_1_151' title='bbox 1061 2141 1182 2203; x_wconf 91' lang='lat' dir='ltr'><strong>post</strong></span> <span class='ocrx_word' id='word_1_152' title='bbox 1210 2134 1381 2188; x_wconf 89' lang='lat' dir='ltr'><strong>libros</strong></span> <span class='ocrx_word' id='word_1_153' title='bbox 1405 2134 1647 2204; x_wconf 86' lang='lat' dir='ltr'><strong>quinque</strong></span> <span class='ocrx_word' id='word_1_154' title='bbox 1668 2135 1743 2189; x_wconf 92' lang='lat' dir='ltr'><strong>De</strong></span> <span class='ocrx_word' id='word_1_155' title='bbox 1762 2135 1934 2188; x_wconf 70' lang='lat' dir='ltr'><strong>haere-</strong></span> 
     </span>
    </p>
   </div>
   <div class='ocr_carea' id='block_1_24' title="bbox 308 2223 1931 2294">
    <p class='ocr_par' dir='ltr' id='par_1_24' title="bbox 308 2223 1931 2294">
     <span class='ocr_line' id='line_1_24' title="bbox 308 2223 1931 2294; baseline -0.003 -11"><span class='ocrx_word' id='word_1_156' title='bbox 308 2228 527 2290; x_wconf 72' lang='lat' dir='ltr'><strong>sibus,</strong></span> <span class='ocrx_word' id='word_1_157' title='bbox 594 2224 692 2294; x_wconf 89' lang='lat' dir='ltr'><strong>qui</strong></span> <span class='ocrx_word' id='word_1_158' title='bbox 748 2223 874 2278; x_wconf 90' lang='lat' dir='ltr'><strong>libri</strong></span> <span class='ocrx_word' id='word_1_159' title='bbox 938 2235 1063 2293; x_wconf 87' lang='lat' dir='ltr'><strong>post</strong></span> <span class='ocrx_word' id='word_1_160' title='bbox 1121 2223 1419 2278; x_wconf 88' lang='lat' dir='ltr'><strong>concilium</strong></span> <span class='ocrx_word' id='word_1_161' title='bbox 1483 2223 1931 2279; x_wconf 87' lang='lat' dir='ltr'><strong>Chalcedonense</strong></span> 
     </span>
    </p>
   </div>
   <div class='ocr_carea' id='block_1_25' title="bbox 331 2315 1932 2386">
    <p class='ocr_par' dir='ltr' id='par_1_25' title="bbox 331 2315 1932 2386">
     <span class='ocr_line' id='line_1_25' title="bbox 331 2315 1932 2386; baseline -0.002 -14"><span class='ocrx_word' id='word_1_162' title='bbox 331 2335 487 2372; x_wconf 88' lang='lat' dir='ltr'><strong>anno</strong></span> <span class='ocrx_word' id='word_1_163' title='bbox 509 2318 618 2372; x_wconf 67' lang='grc'><strong>453</strong></span> <span class='ocrx_word' id='word_1_164' title='bbox 640 2316 776 2371; x_wconf 90' lang='lat' dir='ltr'><strong>editi</strong></span> <span class='ocrx_word' id='word_1_165' title='bbox 804 2316 1014 2381; x_wconf 76' lang='lat' dir='ltr'><strong>sunt&quot;,</strong></span> <span class='ocrx_word' id='word_1_166' title='bbox 1041 2324 1100 2369; x_wconf 91' lang='lat' dir='ltr'><strong>ut</strong></span> <span class='ocrx_word' id='word_1_167' title='bbox 1120 2324 1314 2386; x_wconf 89' lang='lat' dir='ltr'><strong>aperto</strong></span> <span class='ocrx_word' id='word_1_168' title='bbox 1337 2324 1659 2385; x_wconf 85' lang='lat' dir='ltr'><strong>argumento</strong></span> <span class='ocrx_word' id='word_1_169' title='bbox 1681 2315 1932 2371; x_wconf 87' lang='lat' dir='ltr'><strong>conﬁcie-</strong></span> 
     </span>
    </p>
   </div>
   <div class='ocr_carea' id='block_1_26' title="bbox 332 2410 814 2479">
    <p class='ocr_par' dir='ltr' id='par_1_26' title="bbox 332 2410 814 2479">
     <span class='ocr_line' id='line_1_26' title="bbox 332 2410 814 2479; baseline -0.004 -16"><span class='ocrx_word' id='word_1_170' title='bbox 332 2420 428 2464; x_wconf 89' lang='lat' dir='ltr'><strong>tur</strong></span> <span class='ocrx_word' id='word_1_171' title='bbox 465 2410 638 2479; x_wconf 88' lang='lat' dir='ltr'><strong>paulo</strong></span> <span class='ocrx_word' id='word_1_172' title='bbox 667 2419 814 2477; x_wconf 90' lang='lat' dir='ltr'><strong>post.</strong></span> 
     </span>
    </p>
   </div>
   <div class='ocr_carea' id='block_1_27' title="bbox 406 2498 1931 2571">
    <p class='ocr_par' dir='ltr' id='par_1_27' title="bbox 406 2498 1931 2571">
     <span class='ocr_line' id='line_1_27' title="bbox 406 2498 1931 2571; baseline -0.001 -17"><span class='ocrx_word' id='word_1_173' title='bbox 406 2501 579 2571; x_wconf 71' lang='lat'><strong>263</strong></span> <span class='ocrx_word' id='word_1_174' title='bbox 618 2500 756 2554; x_wconf 80' lang='lat' dir='ltr'><strong>Vill.</strong></span> <span class='ocrx_word' id='word_1_175' title='bbox 792 2500 1031 2555; x_wconf 86' lang='lat' dir='ltr'><strong>Necesse</strong></span> <span class='ocrx_word' id='word_1_176' title='bbox 1067 2506 1151 2554; x_wconf 86' lang='lat' dir='ltr'><strong>est</strong></span> <span class='ocrx_word' id='word_1_177' title='bbox 1186 2499 1352 2570; x_wconf 83' lang='lat' dir='ltr'><strong>igitur</strong></span> <span class='ocrx_word' id='word_1_178' title='bbox 1398 2514 1716 2569; x_wconf 88' lang='lat' dir='ltr'><strong>supremum</strong></span> <span class='ocrx_word' id='word_1_179' title='bbox 1762 2498 1931 2554; x_wconf 81' lang='lat' dir='ltr'><strong>fuisse</strong></span> 
     </span>
    </p>
   </div>
   <div class='ocr_carea' id='block_1_28' title="bbox 331 2589 1933 2660">
    <p class='ocr_par' dir='ltr' id='par_1_28' title="bbox 331 2589 1933 2660">
     <span class='ocr_line' id='line_1_28' title="bbox 331 2589 1933 2660; baseline -0.001 -14"><span class='ocrx_word' id='word_1_180' title='bbox 331 2589 687 2646; x_wconf 83' lang='lat' dir='ltr'><strong>Theodoreti</strong></span> <span class='ocrx_word' id='word_1_181' title='bbox 726 2590 998 2644; x_wconf 90' lang='lat' dir='ltr'><strong>laborem.</strong></span> <span class='ocrx_word' id='word_1_182' title='bbox 1067 2589 1138 2644; x_wconf 88' lang='lat' dir='ltr'><strong>Et</strong></span> <span class='ocrx_word' id='word_1_183' title='bbox 1175 2605 1311 2645; x_wconf 91' lang='lat' dir='ltr'><strong>vero</strong></span> <span class='ocrx_word' id='word_1_184' title='bbox 1359 2605 1485 2644; x_wconf 88' lang='lat' dir='ltr'><strong>cum</strong></span> <span class='ocrx_word' id='word_1_185' title='bbox 1515 2590 1584 2644; x_wconf 89' lang='lat' dir='ltr'><strong>ad</strong></span> <span class='ocrx_word' id='word_1_186' title='bbox 1606 2590 1785 2660; x_wconf 88' lang='lat' dir='ltr'><strong>ipsum</strong></span> <span class='ocrx_word' id='word_1_187' title='bbox 1810 2606 1933 2645; x_wconf 90' lang='lat' dir='ltr'><strong>sus-</strong></span> 
     </span>
    </p>
   </div>
   <div class='ocr_carea' id='block_1_29' title="bbox 330 2681 1935 2756">
    <p class='ocr_par' dir='ltr' id='par_1_29' title="bbox 330 2681 1935 2756">
     <span class='ocr_line' id='line_1_29' title="bbox 330 2681 1935 2756; baseline -0.003 -16"><span class='ocrx_word' id='word_1_188' title='bbox 330 2683 663 2756; x_wconf 87' lang='lat' dir='ltr'><strong>cipiendum</strong></span> <span class='ocrx_word' id='word_1_189' title='bbox 698 2682 1082 2753; x_wconf 88' lang='lat' dir='ltr'><strong>impelleretur</strong></span> <span class='ocrx_word' id='word_1_190' title='bbox 1103 2681 1172 2736; x_wconf 90' lang='lat' dir='ltr'><strong>ab</strong></span> <span class='ocrx_word' id='word_1_191' title='bbox 1197 2682 1449 2753; x_wconf 81' lang='lat' dir='ltr'><strong>Hypatio,</strong></span> <span class='ocrx_word' id='word_1_192' title='bbox 1494 2681 1710 2735; x_wconf 89' lang='lat' dir='ltr'><strong>inﬁrma</strong></span> <span class='ocrx_word' id='word_1_193' title='bbox 1726 2683 1935 2737; x_wconf 86' lang='lat' dir='ltr'><strong>valetu-</strong></span> 
     </span>
    </p>
   </div>
   <div class='ocr_carea' id='block_1_30' title="bbox 334 2774 1938 2844">
    <p class='ocr_par' dir='ltr' id='par_1_30' title="bbox 334 2774 1938 2844">
     <span class='ocr_line' id='line_1_30' title="bbox 334 2774 1938 2844; baseline -0.001 -13"><span class='ocrx_word' id='word_1_194' title='bbox 334 2777 470 2831; x_wconf 82' lang='lat' dir='ltr'><strong>dine</strong></span> <span class='ocrx_word' id='word_1_195' title='bbox 520 2775 789 2829; x_wconf 86' lang='lat' dir='ltr'><strong>utebatur</strong></span> <span class='ocrx_word' id='word_1_196' title='bbox 844 2791 856 2827; x_wconf 92' lang='lat'><strong>:</strong></span> <span class='ocrx_word' id='word_1_197' title='bbox 902 2789 1069 2843; x_wconf 88' lang='lat' dir='ltr'><strong>quam</strong></span> <span class='ocrx_word' id='word_1_198' title='bbox 1117 2789 1219 2844; x_wconf 92' lang='lat' dir='ltr'><strong>ego</strong></span> <span class='ocrx_word' id='word_1_199' title='bbox 1269 2774 1686 2838; x_wconf 75' lang='lat' dir='ltr'><strong>inﬁrmitatem,</strong></span> <span class='ocrx_word' id='word_1_200' title='bbox 1741 2789 1938 2843; x_wconf 83' lang='lat' dir='ltr'><strong>magna</strong></span> 
     </span>
    </p>
   </div>
   <div class='ocr_carea' id='block_1_31' title="bbox 340 2865 1932 2935">
    <p class='ocr_par' dir='ltr' id='par_1_31' title="bbox 340 2865 1932 2935">
     <span class='ocr_line' id='line_1_31' title="bbox 340 2865 1932 2935; baseline -0.003 -14"><span class='ocrx_word' id='word_1_201' title='bbox 340 2868 538 2922; x_wconf 77' lang='lat' dir='ltr'><strong>saltem</strong></span> <span class='ocrx_word' id='word_1_202' title='bbox 587 2881 657 2920; x_wconf 78' lang='lat' dir='ltr'><strong>ex</strong></span> <span class='ocrx_word' id='word_1_203' title='bbox 706 2875 886 2935; x_wconf 86' lang='lat' dir='ltr'><strong>parte,</strong></span> <span class='ocrx_word' id='word_1_204' title='bbox 941 2865 1280 2934; x_wconf 88' lang='lat' dir='ltr'><strong>interpretor</strong></span> <span class='ocrx_word' id='word_1_205' title='bbox 1319 2874 1685 2931; x_wconf 87' lang='lat' dir='ltr'><strong>senectutem,</strong></span> <span class='ocrx_word' id='word_1_206' title='bbox 1721 2872 1838 2919; x_wconf 85' lang='lat' dir='ltr'><strong>tum</strong></span> <span class='ocrx_word' id='word_1_207' title='bbox 1868 2880 1932 2918; x_wconf 82' lang='lat' dir='ltr'><strong>ex</strong></span> 
     </span>
    </p>
   </div>
   <div class='ocr_carea' id='block_1_32' title="bbox 350 2956 1932 3027">
    <p class='ocr_par' dir='ltr' id='par_1_32' title="bbox 350 2956 1932 3027">
     <span class='ocr_line' id='line_1_32' title="bbox 350 2956 1932 3027; baseline 0 -16"><span class='ocrx_word' id='word_1_208' title='bbox 350 2957 725 3027; x_wconf 72' lang='lat' dir='ltr'><strong>epistolallIS,</strong></span> <span class='ocrx_word' id='word_1_209' title='bbox 779 2956 873 3010; x_wconf 91' lang='lat' dir='ltr'><strong>ubi</strong></span> <span class='ocrx_word' id='word_1_210' title='bbox 924 2956 1119 3011; x_wconf 90' lang='lat' dir='ltr'><strong>eadem</strong></span> <span class='ocrx_word' id='word_1_211' title='bbox 1176 2956 1290 3011; x_wconf 83' lang='lat' dir='ltr'><strong>fere</strong></span> <span class='ocrx_word' id='word_1_212' title='bbox 1336 2958 1504 3011; x_wconf 88' lang='lat' dir='ltr'><strong>verba</strong></span> <span class='ocrx_word' id='word_1_213' title='bbox 1554 2965 1932 3027; x_wconf 87' lang='lat' dir='ltr'><strong>usurpantur:</strong></span> 
     </span>
    </p>
   </div>
   <div class='ocr_carea' id='block_1_33' title="bbox 351 3046 1934 3120">
    <p class='ocr_par' dir='ltr' id='par_1_33' title="bbox 351 3046 1934 3120">
     <span class='ocr_line' id='line_1_33' title="bbox 351 3046 1934 3120; baseline 0.001 -18"><span class='ocrx_word' id='word_1_214' title='bbox 351 3059 469 3104; x_wconf 90' lang='lat' dir='ltr'><strong>tum</strong></span> <span class='ocrx_word' id='word_1_215' title='bbox 509 3064 573 3104; x_wconf 79' lang='lat' dir='ltr'><strong>ex</strong></span> <span class='ocrx_word' id='word_1_216' title='bbox 619 3064 691 3105; x_wconf 90' lang='lat' dir='ltr'><strong>eo</strong></span> <span class='ocrx_word' id='word_1_217' title='bbox 741 3048 891 3119; x_wconf 91' lang='lat' dir='ltr'><strong>quod</strong></span> <span class='ocrx_word' id='word_1_218' title='bbox 940 3046 1232 3119; x_wconf 81' lang='lat' dir='ltr'><strong>Hypatium</strong></span> <span class='ocrx_word' id='word_1_219' title='bbox 1267 3064 1378 3103; x_wconf 92' lang='lat' dir='ltr'><strong>non</strong></span> <span class='ocrx_word' id='word_1_220' title='bbox 1417 3050 1529 3119; x_wconf 87' lang='lat' dir='ltr'><strong>jam</strong></span> <span class='ocrx_word' id='word_1_221' title='bbox 1554 3049 1934 3120; x_wconf 88' lang='lat' dir='ltr'><strong>presbyterum</strong></span> 
     </span>
    </p>
   </div>
   <div class='ocr_carea' id='block_1_34' title="bbox 344 3138 2007 3212">
    <p class='ocr_par' dir='ltr' id='par_1_34' title="bbox 344 3138 2007 3212">
     <span class='ocr_line' id='line_1_34' title="bbox 344 3138 2007 3212; baseline -0.002 -18"><span class='ocrx_word' id='word_1_222' title='bbox 344 3139 638 3204; x_wconf 81' lang='lat' dir='ltr'><strong>duntaxat,</strong></span> <span class='ocrx_word' id='word_1_223' title='bbox 693 3149 751 3194; x_wconf 92' lang='lat' dir='ltr'><strong>et</strong></span> <span class='ocrx_word' id='word_1_224' title='bbox 792 3139 1272 3210; x_wconf 88' lang='lat' dir='ltr'><strong>chorepiscopum,</strong></span> <span class='ocrx_word' id='word_1_225' title='bbox 1325 3139 1421 3193; x_wconf 88' lang='lat' dir='ltr'><strong>sed</strong></span> <span class='ocrx_word' id='word_1_226' title='bbox 1446 3138 1569 3212; x_wconf 90' lang='lat' dir='ltr'><strong>Cyri</strong></span> <span class='ocrx_word' id='word_1_227' title='bbox 1598 3139 1938 3210; x_wconf 88' lang='lat' dir='ltr'><strong>episcopum,</strong></span> <span class='ocrx_word' id='word_1_228' title='bbox 1969 3138 2007 3158; x_wconf 84' lang='lat'>“</span> 
     </span>
    </p>
   </div>
   <div class='ocr_carea' id='block_1_35' title="bbox 341 3228 1942 3301">
    <p class='ocr_par' dir='ltr' id='par_1_35' title="bbox 341 3228 1942 3301">
     <span class='ocr_line' id='line_1_35' title="bbox 341 3228 1942 3301; baseline -0.001 -17"><span class='ocrx_word' id='word_1_229' title='bbox 341 3231 554 3286; x_wconf 73' lang='grc' dir='ltr'>παίδων</span> <span class='ocrx_word' id='word_1_230' title='bbox 606 3231 867 3295; x_wconf 74' lang='grc' dir='ltr'><strong>φίλτατον</strong></span> <span class='ocrx_word' id='word_1_231' title='bbox 919 3236 976 3287; x_wconf 89' lang='lat' dir='ltr'><strong>et</strong></span> <span class='ocrx_word' id='word_1_232' title='bbox 1022 3228 1437 3300; x_wconf 71' lang='grc' dir='ltr'><strong>ἐρασμιώτατον</strong></span> <span class='ocrx_word' id='word_1_233' title='bbox 1473 3232 1742 3301; x_wconf 86' lang='lat' dir='ltr'><strong>appellat;</strong></span> <span class='ocrx_word' id='word_1_234' title='bbox 1778 3247 1942 3301; x_wconf 88' lang='lat' dir='ltr'><strong>quam</strong></span> 
     </span>
    </p>
   </div>
   <div class='ocr_carea' id='block_1_36' title="bbox 338 3320 1943 3393">
    <p class='ocr_par' dir='ltr' id='par_1_36' title="bbox 338 3320 1943 3393">
     <span class='ocr_line' id='line_1_36' title="bbox 338 3320 1943 3393; baseline -0.002 -15"><span class='ocrx_word' id='word_1_235' title='bbox 338 3322 615 3393; x_wconf 83' lang='lat' dir='ltr'><strong>loquendi</strong></span> <span class='ocrx_word' id='word_1_236' title='bbox 646 3321 881 3376; x_wconf 82' lang='lat' dir='ltr'><strong>formam</strong></span> <span class='ocrx_word' id='word_1_237' title='bbox 913 3321 1029 3375; x_wconf 89' lang='lat' dir='ltr'><strong>sola</strong></span> <span class='ocrx_word' id='word_1_238' title='bbox 1057 3321 1207 3375; x_wconf 89' lang='lat' dir='ltr'><strong>senis</strong></span> <span class='ocrx_word' id='word_1_239' title='bbox 1230 3320 1539 3385; x_wconf 75' lang='lat' dir='ltr'><strong>hominem,</strong></span> <span class='ocrx_word' id='word_1_240' title='bbox 1557 3337 1717 3389; x_wconf 87' lang='lat' dir='ltr'><strong>quem</strong></span> <span class='ocrx_word' id='word_1_241' title='bbox 1742 3321 1943 3374; x_wconf 82' lang='lat' dir='ltr'><strong>educa-</strong></span> 
     </span>
    </p>
   </div>
   <div class='ocr_carea' id='block_1_37' title="bbox 336 3414 1942 3485">
    <p class='ocr_par' dir='ltr' id='par_1_37' title="bbox 336 3414 1942 3485">
     <span class='ocr_line' id='line_1_37' title="bbox 336 3414 1942 3485; baseline 0.001 -18"><span class='ocrx_word' id='word_1_242' title='bbox 336 3414 507 3478; x_wconf 83' lang='lat' dir='ltr'><strong>verit,</strong></span> <span class='ocrx_word' id='word_1_243' title='bbox 544 3414 887 3485; x_wconf 88' lang='lat' dir='ltr'><strong>alloquentis</strong></span> <span class='ocrx_word' id='word_1_244' title='bbox 913 3423 1048 3469; x_wconf 58' lang='lat' dir='ltr'><strong>aetas</strong></span> <span class='ocrx_word' id='word_1_245' title='bbox 1076 3423 1304 3468; x_wconf 81' lang='lat' dir='ltr'><strong>excusat</strong></span> <span class='ocrx_word' id='word_1_246' title='bbox 1344 3431 1356 3465; x_wconf 91' lang='lat'><strong>:</strong></span> <span class='ocrx_word' id='word_1_247' title='bbox 1394 3421 1509 3467; x_wconf 93' lang='lat' dir='ltr'><strong>tum</strong></span> <span class='ocrx_word' id='word_1_248' title='bbox 1541 3414 1777 3484; x_wconf 89' lang='lat' dir='ltr'><strong>denique</strong></span> <span class='ocrx_word' id='word_1_249' title='bbox 1802 3432 1942 3485; x_wconf 83' lang='lat' dir='ltr'><strong>quo-</strong></span> 
     </span>
    </p>
   </div>
   <div class='ocr_carea' id='block_1_38' title="bbox 339 3506 1941 3576">
    <p class='ocr_par' dir='ltr' id='par_1_38' title="bbox 339 3506 1941 3576">
     <span class='ocr_line' id='line_1_38' title="bbox 339 3506 1941 3576; baseline 0 -15"><span class='ocrx_word' id='word_1_250' title='bbox 339 3508 495 3561; x_wconf 84' lang='lat' dir='ltr'><strong>niam</strong></span> <span class='ocrx_word' id='word_1_251' title='bbox 528 3506 590 3560; x_wconf 90' lang='lat' dir='ltr'><strong>in</strong></span> <span class='ocrx_word' id='word_1_252' title='bbox 620 3506 944 3575; x_wconf 63' lang='lat' dir='ltr'><strong>prmiatione</strong></span> <span class='ocrx_word' id='word_1_253' title='bbox 981 3506 1047 3560; x_wconf 92' lang='lat' dir='ltr'><strong>ad</strong></span> <span class='ocrx_word' id='word_1_254' title='bbox 1077 3507 1251 3562; x_wconf 89' lang='lat' dir='ltr'><strong>libros</strong></span> <span class='ocrx_word' id='word_1_255' title='bbox 1287 3507 1495 3576; x_wconf 82' lang='lat' dir='ltr'><strong>Regum</strong></span> <span class='ocrx_word' id='word_1_256' title='bbox 1526 3507 1743 3572; x_wconf 87' lang='lat' dir='ltr'><strong>scribit,</strong></span> <span class='ocrx_word' id='word_1_257' title='bbox 1781 3524 1840 3563; x_wconf 90' lang='lat' dir='ltr'><strong>se</strong></span> <span class='ocrx_word' id='word_1_258' title='bbox 1873 3508 1941 3562; x_wconf 88' lang='lat' dir='ltr'><strong>ad</strong></span> 
     </span>
    </p>
   </div>
   <div class='ocr_carea' id='block_1_39' title="bbox 340 3598 1941 3671">
    <p class='ocr_par' dir='ltr' id='par_1_39' title="bbox 340 3598 1941 3671">
     <span class='ocr_line' id='line_1_39' title="bbox 340 3598 1941 3671; baseline 0.001 -19"><span class='ocrx_word' id='word_1_259' title='bbox 340 3598 491 3654; x_wconf 83' lang='lat' dir='ltr'><strong>hanc</strong></span> <span class='ocrx_word' id='word_1_260' title='bbox 522 3599 696 3654; x_wconf 89' lang='lat' dir='ltr'><strong>etiam</strong></span> <span class='ocrx_word' id='word_1_261' title='bbox 725 3607 938 3668; x_wconf 88' lang='lat' dir='ltr'><strong>partem</strong></span> <span class='ocrx_word' id='word_1_262' title='bbox 967 3598 1355 3669; x_wconf 88' lang='lat' dir='ltr'><strong>perﬁciendam</strong></span> <span class='ocrx_word' id='word_1_263' title='bbox 1379 3599 1663 3663; x_wconf 85' lang='lat' dir='ltr'><strong>accedere,</strong></span> <span class='ocrx_word' id='word_1_264' title='bbox 1715 3616 1778 3653; x_wconf 88' lang='lat' dir='ltr'><strong>ne</strong></span> <span class='ocrx_word' id='word_1_265' title='bbox 1807 3602 1941 3671; x_wconf 83' lang='lat' dir='ltr'><strong>peti-</strong></span> 
     </span>
    </p>
   </div>
   <div class='ocr_carea' id='block_1_40' title="bbox 341 3689 1945 3762">
    <p class='ocr_par' dir='ltr' id='par_1_40' title="bbox 341 3689 1945 3762">
     <span class='ocr_line' id='line_1_40' title="bbox 341 3689 1945 3762; baseline 0.001 -18"><span class='ocrx_word' id='word_1_266' title='bbox 341 3694 547 3746; x_wconf 81' lang='lat' dir='ltr'><strong>tionem</strong></span> <span class='ocrx_word' id='word_1_267' title='bbox 577 3690 797 3762; x_wconf 81' lang='lat' dir='ltr'><strong>Hypatii</strong></span> <span class='ocrx_word' id='word_1_268' title='bbox 825 3689 1189 3761; x_wconf 80' lang='lat' dir='ltr'><strong>imperfectam</strong></span> <span class='ocrx_word' id='word_1_269' title='bbox 1213 3689 1499 3760; x_wconf 73' lang='lat' dir='ltr'><strong>relinquat,</strong></span> <span class='ocrx_word' id='word_1_270' title='bbox 1529 3697 1704 3744; x_wconf 86' lang='lat' dir='ltr'><strong>morte</strong></span> <span class='ocrx_word' id='word_1_271' title='bbox 1734 3690 1945 3745; x_wconf 88' lang='lat' dir='ltr'><strong>scilicet</strong></span> 
     </span>
    </p>
   </div>
   <div class='ocr_carea' id='block_1_41' title="bbox 338 3791 687 3854">
    <p class='ocr_par' dir='ltr' id='par_1_41' title="bbox 338 3791 687 3854">
     <span class='ocr_line' id='line_1_41' title="bbox 338 3791 687 3854; baseline 0 -16"><span class='ocrx_word' id='word_1_272' title='bbox 338 3791 687 3854; x_wconf 67' lang='lat' dir='ltr'><strong>praeventus.</strong></span> 
     </span>
    </p>
   </div>
   <div class='ocr_carea' id='block_1_42' title="bbox 411 3872 1941 3945">
    <p class='ocr_par' dir='ltr' id='par_1_42' title="bbox 411 3872 1941 3945">
     <span class='ocr_line' id='line_1_42' title="bbox 411 3872 1941 3945; baseline 0.001 -16"><span class='ocrx_word' id='word_1_273' title='bbox 411 3873 515 3929; x_wconf 75' lang='lat' dir='ltr'><strong>IX.</strong></span> <span class='ocrx_word' id='word_1_274' title='bbox 555 3872 767 3943; x_wconf 89' lang='lat' dir='ltr'><strong>Opinor</strong></span> <span class='ocrx_word' id='word_1_275' title='bbox 797 3874 965 3945; x_wconf 83' lang='lat' dir='ltr'><strong>igitur</strong></span> <span class='ocrx_word' id='word_1_276' title='bbox 1017 3876 1170 3945; x_wconf 89' lang='lat' dir='ltr'><strong>operi</strong></span> <span class='ocrx_word' id='word_1_277' title='bbox 1207 3883 1358 3930; x_wconf 91' lang='lat' dir='ltr'><strong>tanto</strong></span> <span class='ocrx_word' id='word_1_278' title='bbox 1392 3885 1676 3943; x_wconf 89' lang='lat' dir='ltr'><strong>auctorem</strong></span> <span class='ocrx_word' id='word_1_279' title='bbox 1712 3893 1822 3933; x_wconf 88' lang='lat' dir='ltr'><strong>non</strong></span> <span class='ocrx_word' id='word_1_280' title='bbox 1848 3877 1941 3930; x_wconf 82' lang='lat' dir='ltr'><strong>ditt</strong></span> 
     </span>
    </p>
   </div>
   <div class='ocr_carea' id='block_1_43' title="bbox 343 3967 1941 4038">
    <p class='ocr_par' dir='ltr' id='par_1_43' title="bbox 343 3967 1941 4038">
     <span class='ocr_line' id='line_1_43' title="bbox 343 3967 1941 4038; baseline 0 -16"><span class='ocrx_word' id='word_1_281' title='bbox 343 3967 717 4038; x_wconf 83' lang='lat' dir='ltr'><strong>superstitem</strong></span> <span class='ocrx_word' id='word_1_282' title='bbox 745 3967 914 4021; x_wconf 77' lang='lat' dir='ltr'><strong>fuisse</strong></span> <span class='ocrx_word' id='word_1_283' title='bbox 939 3986 951 4020; x_wconf 94' lang='lat'>:</span> <span class='ocrx_word' id='word_1_284' title='bbox 980 3983 1159 4037; x_wconf 89' lang='lat' dir='ltr'><strong>neque</strong></span> <span class='ocrx_word' id='word_1_285' title='bbox 1183 3968 1333 4022; x_wconf 92' lang='lat' dir='ltr'><strong>enim</strong></span> <span class='ocrx_word' id='word_1_286' title='bbox 1360 3968 1570 4023; x_wconf 84' lang='lat' dir='ltr'><strong>absolvi</strong></span> <span class='ocrx_word' id='word_1_287' title='bbox 1591 3969 1766 4038; x_wconf 89' lang='lat' dir='ltr'><strong>potuit</strong></span> <span class='ocrx_word' id='word_1_288' title='bbox 1788 3969 1941 4024; x_wconf 88' lang='lat' dir='ltr'><strong>brevi</strong></span> 
     </span>
    </p>
   </div>
   <div class='ocr_carea' id='block_1_44' title="bbox 342 4057 1945 4130">
    <p class='ocr_par' dir='ltr' id='par_1_44' title="bbox 342 4057 1945 4130">
     <span class='ocr_line' id='line_1_44' title="bbox 342 4057 1945 4130; baseline 0 -15"><span class='ocrx_word' id='word_1_289' title='bbox 342 4071 604 4130; x_wconf 86' lang='lat' dir='ltr'><strong>tempore</strong></span> <span class='ocrx_word' id='word_1_290' title='bbox 629 4100 643 4124; x_wconf 94' lang='lat'><strong>,</strong></span> <span class='ocrx_word' id='word_1_291' title='bbox 688 4058 785 4113; x_wconf 89' lang='lat' dir='ltr'><strong>sed</strong></span> <span class='ocrx_word' id='word_1_292' title='bbox 814 4059 1075 4113; x_wconf 89' lang='lat' dir='ltr'><strong>diuturna</strong></span> <span class='ocrx_word' id='word_1_293' title='bbox 1098 4057 1484 4124; x_wconf 80' lang='lat' dir='ltr'><strong>meditatione;</strong></span> <span class='ocrx_word' id='word_1_294' title='bbox 1530 4059 1802 4128; x_wconf 90' lang='lat' dir='ltr'><strong>siquidem</strong></span> <span class='ocrx_word' id='word_1_295' title='bbox 1833 4076 1945 4116; x_wconf 90' lang='lat' dir='ltr'><strong>me-</strong></span> 
     </span>
    </p>
   </div>
   <div class='ocr_carea' id='block_1_45' title="bbox 341 4150 1942 4222">
    <p class='ocr_par' dir='ltr' id='par_1_45' title="bbox 341 4150 1942 4222">
     <span class='ocr_line' id='line_1_45' title="bbox 341 4150 1942 4222; baseline -0.001 -15"><span class='ocrx_word' id='word_1_296' title='bbox 341 4152 603 4215; x_wconf 86' lang='lat' dir='ltr'><strong>dullam,</strong></span> <span class='ocrx_word' id='word_1_297' title='bbox 655 4158 717 4205; x_wconf 88' lang='lat' dir='ltr'><strong>ut</strong></span> <span class='ocrx_word' id='word_1_298' title='bbox 763 4150 835 4205; x_wconf 86' lang='lat' dir='ltr'><strong>ita</strong></span> <span class='ocrx_word' id='word_1_299' title='bbox 861 4151 1086 4221; x_wconf 87' lang='lat' dir='ltr'><strong>loquar,</strong></span> <span class='ocrx_word' id='word_1_300' title='bbox 1139 4151 1510 4222; x_wconf 83' lang='lat' dir='ltr'><strong>intelligentiae</strong></span> <span class='ocrx_word' id='word_1_301' title='bbox 1534 4151 1942 4222; x_wconf 90' lang='lat' dir='ltr'><strong>Scripturarum</strong></span> 
     </span>
    </p>
   </div>
   <div class='ocr_carea' id='block_1_46' title="bbox 340 4241 1941 4311">
    <p class='ocr_par' dir='ltr' id='par_1_46' title="bbox 340 4241 1941 4311">
     <span class='ocr_line' id='line_1_46' title="bbox 340 4241 1941 4311; baseline -0.001 -15"><span class='ocrx_word' id='word_1_302' title='bbox 340 4241 640 4296; x_wconf 81' lang='lat' dir='ltr'><strong>contineat</strong></span> <span class='ocrx_word' id='word_1_303' title='bbox 668 4258 681 4294; x_wconf 89' lang='lat'><strong>:</strong></span> <span class='ocrx_word' id='word_1_304' title='bbox 705 4242 772 4295; x_wconf 88' lang='lat' dir='ltr'><strong>ad</strong></span> <span class='ocrx_word' id='word_1_305' title='bbox 808 4256 946 4311; x_wconf 85' lang='lat' dir='ltr'><strong>Opus</strong></span> <span class='ocrx_word' id='word_1_306' title='bbox 972 4248 1156 4295; x_wconf 85' lang='lat' dir='ltr'><strong>autem</strong></span> <span class='ocrx_word' id='word_1_307' title='bbox 1187 4242 1418 4295; x_wconf 88' lang='lat' dir='ltr'><strong>accessit</strong></span> <span class='ocrx_word' id='word_1_308' title='bbox 1443 4250 1567 4311; x_wconf 87' lang='lat' dir='ltr'><strong>post</strong></span> <span class='ocrx_word' id='word_1_309' title='bbox 1592 4256 1794 4295; x_wconf 90' lang='lat' dir='ltr'><strong>annum</strong></span> <span class='ocrx_word' id='word_1_310' title='bbox 1818 4242 1941 4305; x_wconf 70' lang='grc'><strong>455,</strong></span> 
     </span>
    </p>
   </div>
   <div class='ocr_carea' id='block_1_47' title="bbox 344 4331 1157 4397">
    <p class='ocr_par' dir='ltr' id='par_1_47' title="bbox 344 4331 1157 4397">
     <span class='ocr_line' id='line_1_47' title="bbox 344 4331 1157 4397; baseline -0.007 -7"><span class='ocrx_word' id='word_1_311' title='bbox 344 4332 553 4389; x_wconf 76' lang='lat' dir='ltr'><strong>obiit&quot;</strong></span> <span class='ocrx_word' id='word_1_312' title='bbox 588 4349 736 4387; x_wconf 87' lang='lat' dir='ltr'><strong>anno</strong></span> <span class='ocrx_word' id='word_1_313' title='bbox 756 4334 881 4397; x_wconf 73' lang='grc'><strong>457,</strong></span> <span class='ocrx_word' id='word_1_314' title='bbox 914 4342 1011 4388; x_wconf 92' lang='lat' dir='ltr'><strong>aut</strong></span> <span class='ocrx_word' id='word_1_315' title='bbox 1034 4331 1157 4386; x_wconf 67' lang='lat'><strong>458.</strong></span> 
     </span>
    </p>
   </div>
   <div class='ocr_carea' id='block_1_48' title="bbox 2030 507 3611 578">
    <p class='ocr_par' dir='ltr' id='par_1_48' title="bbox 2030 507 3611 578">
     <span class='ocr_line' id='line_1_48' title="bbox 2030 507 3611 578; baseline -0.003 -15"><span class='ocrx_word' id='word_1_316' title='bbox 2030 518 2194 578; x_wconf 86' lang='lat' dir='ltr'><strong>atque</strong></span> <span class='ocrx_word' id='word_1_317' title='bbox 2232 509 2602 578; x_wconf 71' lang='lat' dir='ltr'><strong>incorporeas,</strong></span> <span class='ocrx_word' id='word_1_318' title='bbox 2654 509 2750 563; x_wconf 90' lang='lat' dir='ltr'><strong>sed</strong></span> <span class='ocrx_word' id='word_1_319' title='bbox 2781 519 2963 563; x_wconf 89' lang='lat' dir='ltr'><strong>tamen</strong></span> <span class='ocrx_word' id='word_1_320' title='bbox 3002 507 3460 577; x_wconf 67' lang='lat' dir='ltr'><strong>circumscriptae;</strong></span> <span class='ocrx_word' id='word_1_321' title='bbox 3495 508 3611 560; x_wconf 87' lang='lat' dir='ltr'><strong>sin-</strong></span> 
     </span>
    </p>
   </div>
   <div class='ocr_carea' id='block_1_49' title="bbox 2029 596 3613 667">
    <p class='ocr_par' dir='ltr' id='par_1_49' title="bbox 2029 596 3613 667">
     <span class='ocr_line' id='line_1_49' title="bbox 2029 596 3613 667; baseline 0.001 -18"><span class='ocrx_word' id='word_1_322' title='bbox 2029 597 2170 665; x_wconf 80' lang='lat' dir='ltr'><strong>gulis</strong></span> <span class='ocrx_word' id='word_1_323' title='bbox 2190 597 2528 661; x_wconf 89' lang='lat' dir='ltr'><strong>hominibus,</strong></span> <span class='ocrx_word' id='word_1_324' title='bbox 2552 597 2660 651; x_wconf 91' lang='lat' dir='ltr'><strong>imo</strong></span> <span class='ocrx_word' id='word_1_325' title='bbox 2680 608 2736 651; x_wconf 92' lang='lat' dir='ltr'><strong>et</strong></span> <span class='ocrx_word' id='word_1_326' title='bbox 2754 596 3029 667; x_wconf 78' lang='lat' dir='ltr'><strong>gentibus,</strong></span> <span class='ocrx_word' id='word_1_327' title='bbox 3049 612 3211 651; x_wconf 90' lang='lat' dir='ltr'><strong>suum</strong></span> <span class='ocrx_word' id='word_1_328' title='bbox 3231 611 3352 651; x_wconf 87' lang='lat' dir='ltr'><strong>esse</strong></span> <span class='ocrx_word' id='word_1_329' title='bbox 3370 597 3613 667; x_wconf 86' lang='lat' dir='ltr'><strong>assigna-</strong></span> 
     </span>
    </p>
   </div>
   <div class='ocr_carea' id='block_1_50' title="bbox 2032 687 3609 757">
    <p class='ocr_par' dir='ltr' id='par_1_50' title="bbox 2032 687 3609 757">
     <span class='ocr_line' id='line_1_50' title="bbox 2032 687 3609 757; baseline 0.001 -19"><span class='ocrx_word' id='word_1_330' title='bbox 2032 695 2147 739; x_wconf 89' lang='lat' dir='ltr'><strong>tum</strong></span> <span class='ocrx_word' id='word_1_331' title='bbox 2197 687 2513 753; x_wconf 87' lang='lat' dir='ltr'><strong>custodem;</strong></span> <span class='ocrx_word' id='word_1_332' title='bbox 2572 687 2627 741; x_wconf 91' lang='lat' dir='ltr'><strong>in</strong></span> <span class='ocrx_word' id='word_1_333' title='bbox 2670 688 2790 741; x_wconf 89' lang='lat' dir='ltr'><strong>loco</strong></span> <span class='ocrx_word' id='word_1_334' title='bbox 2822 704 2962 752; x_wconf 90' lang='lat' dir='ltr'><strong>esse,</strong></span> <span class='ocrx_word' id='word_1_335' title='bbox 3009 688 3137 757; x_wconf 87' lang='lat' dir='ltr'><strong>quia</strong></span> <span class='ocrx_word' id='word_1_336' title='bbox 3176 687 3609 757; x_wconf 83' lang='lat' dir='ltr'><strong>circumscripti;</strong></span> 
     </span>
    </p>
   </div>
   <div class='ocr_carea' id='block_1_51' title="bbox 2033 774 3605 845">
    <p class='ocr_par' dir='ltr' id='par_1_51' title="bbox 2033 774 3605 845">
     <span class='ocr_line' id='line_1_51' title="bbox 2033 774 3605 845; baseline 0.001 -19"><span class='ocrx_word' id='word_1_337' title='bbox 2033 774 2085 826; x_wconf 90' lang='lat' dir='ltr'><strong>in</strong></span> <span class='ocrx_word' id='word_1_338' title='bbox 2121 784 2395 845; x_wconf 86' lang='lat' dir='ltr'><strong>tempore,</strong></span> <span class='ocrx_word' id='word_1_339' title='bbox 2434 776 2563 844; x_wconf 89' lang='lat' dir='ltr'><strong>quia</strong></span> <span class='ocrx_word' id='word_1_340' title='bbox 2595 777 2795 841; x_wconf 86' lang='lat' dir='ltr'><strong>creati;</strong></span> <span class='ocrx_word' id='word_1_341' title='bbox 2833 793 2958 831; x_wconf 90' lang='lat' dir='ltr'><strong>eum</strong></span> <span class='ocrx_word' id='word_1_342' title='bbox 2986 778 3124 831; x_wconf 74' lang='lat' dir='ltr'><strong>c0310</strong></span> <span class='ocrx_word' id='word_1_343' title='bbox 3153 785 3208 831; x_wconf 87' lang='lat' dir='ltr'><strong>et</strong></span> <span class='ocrx_word' id='word_1_344' title='bbox 3236 785 3381 829; x_wconf 85' lang='lat' dir='ltr'><strong>terra</strong></span> <span class='ocrx_word' id='word_1_345' title='bbox 3412 776 3605 839; x_wconf 79' lang='lat' dir='ltr'><strong>iactos,</strong></span> 
     </span>
    </p>
   </div>
   <div class='ocr_carea' id='block_1_52' title="bbox 2033 867 3615 938">
    <p class='ocr_par' dir='ltr' id='par_1_52' title="bbox 2033 867 3615 938">
     <span class='ocr_line' id='line_1_52' title="bbox 2033 867 3615 938; baseline 0.001 -19"><span class='ocrx_word' id='word_1_346' title='bbox 2033 882 2343 937; x_wconf 85' lang='lat' dir='ltr'><strong>quanquam</strong></span> <span class='ocrx_word' id='word_1_347' title='bbox 2402 883 2511 921; x_wconf 89' lang='lat' dir='ltr'><strong>non</strong></span> <span class='ocrx_word' id='word_1_348' title='bbox 2559 868 2630 921; x_wconf 88' lang='lat' dir='ltr'><strong>sit</strong></span> <span class='ocrx_word' id='word_1_349' title='bbox 2676 878 2866 922; x_wconf 89' lang='lat' dir='ltr'><strong>contra</strong></span> <span class='ocrx_word' id='word_1_350' title='bbox 2903 869 3127 922; x_wconf 88' lang='lat' dir='ltr'><strong>verbum</strong></span> <span class='ocrx_word' id='word_1_351' title='bbox 3152 868 3391 938; x_wconf 82' lang='lat' dir='ltr'><strong>pietatis,</strong></span> <span class='ocrx_word' id='word_1_352' title='bbox 3430 867 3615 921; x_wconf 84' lang='lat' dir='ltr'><strong>dicere</strong></span> 
     </span>
    </p>
   </div>
   <div class='ocr_carea' id='block_1_53' title="bbox 2034 963 3149 1016">
    <p class='ocr_par' dir='ltr' id='par_1_53' title="bbox 2034 963 3149 1016">
     <span class='ocr_line' id='line_1_53' title="bbox 2034 963 3149 1016; baseline 0 -2"><span class='ocrx_word' id='word_1_353' title='bbox 2034 970 2159 1015; x_wconf 87' lang='lat' dir='ltr'><strong>ante</strong></span> <span class='ocrx_word' id='word_1_354' title='bbox 2184 963 2383 1015; x_wconf 74' lang='lat' dir='ltr'><strong>emlum</strong></span> <span class='ocrx_word' id='word_1_355' title='bbox 2417 970 2473 1015; x_wconf 89' lang='lat' dir='ltr'><strong>et</strong></span> <span class='ocrx_word' id='word_1_356' title='bbox 2498 970 2700 1015; x_wconf 87' lang='lat' dir='ltr'><strong>terram</strong></span> <span class='ocrx_word' id='word_1_357' title='bbox 2732 978 2853 1016; x_wconf 85' lang='lat' dir='ltr'><strong>esse</strong></span> <span class='ocrx_word' id='word_1_358' title='bbox 2876 964 3149 1016; x_wconf 90' lang='lat' dir='ltr'><strong>conditos.</strong></span> 
     </span>
    </p>
   </div>
   <div class='ocr_carea' id='block_1_54' title="bbox 2105 1050 3614 1122">
    <p class='ocr_par' dir='ltr' id='par_1_54' title="bbox 2105 1050 3614 1122">
     <span class='ocr_line' id='line_1_54' title="bbox 2105 1050 3614 1122; baseline 0.001 -17"><span class='ocrx_word' id='word_1_359' title='bbox 2105 1050 2218 1105; x_wconf 80' lang='grc' dir='ltr'><strong>ΧΠ.</strong></span> <span class='ocrx_word' id='word_1_360' title='bbox 2257 1052 2567 1118; x_wconf 67' lang='lat' dir='ltr'><strong>Quaestione</strong></span> <span class='ocrx_word' id='word_1_361' title='bbox 2593 1054 2688 1115; x_wconf 79' lang='grc'><strong>19,</strong></span> <span class='ocrx_word' id='word_1_362' title='bbox 2726 1070 2850 1107; x_wconf 88' lang='lat' dir='ltr'><strong>cum</strong></span> <span class='ocrx_word' id='word_1_363' title='bbox 2878 1054 3334 1122; x_wconf 86' lang='lat' dir='ltr'><strong>interpretaretur</strong></span> <span class='ocrx_word' id='word_1_364' title='bbox 3356 1053 3468 1108; x_wconf 72' lang='lat' dir='ltr'><strong>haec</strong></span> <span class='ocrx_word' id='word_1_365' title='bbox 3490 1069 3614 1107; x_wconf 88' lang='lat' dir='ltr'><strong>ver-</strong></span> 
     </span>
    </p>
   </div>
   <div class='ocr_carea' id='block_1_55' title="bbox 2035 1140 3611 1211">
    <p class='ocr_par' dir='ltr' id='par_1_55' title="bbox 2035 1140 3611 1211">
     <span class='ocr_line' id='line_1_55' title="bbox 2035 1140 3611 1211; baseline 0.001 -17"><span class='ocrx_word' id='word_1_366' title='bbox 2035 1140 2101 1194; x_wconf 87' lang='lat' dir='ltr'><strong>ba</strong></span> <span class='ocrx_word' id='word_1_367' title='bbox 2152 1159 2164 1194; x_wconf 88' lang='lat'><strong>:</strong></span> <span class='ocrx_word' id='word_1_368' title='bbox 2198 1140 2478 1195; x_wconf 81' lang='lat' dir='ltr'><strong>Faciamus</strong></span> <span class='ocrx_word' id='word_1_369' title='bbox 2502 1144 2763 1196; x_wconf 80' lang='lat' dir='ltr'><strong>hominem</strong></span> <span class='ocrx_word' id='word_1_370' title='bbox 2796 1143 2865 1197; x_wconf 87' lang='lat' dir='ltr'><strong>ad</strong></span> <span class='ocrx_word' id='word_1_371' title='bbox 2889 1145 3225 1211; x_wconf 84' lang='lat' dir='ltr'><strong>imaginem&#39;,</strong></span> <span class='ocrx_word' id='word_1_372' title='bbox 3250 1152 3383 1207; x_wconf 87' lang='lat' dir='ltr'><strong>etc.,</strong></span> <span class='ocrx_word' id='word_1_373' title='bbox 3416 1143 3611 1196; x_wconf 86' lang='lat' dir='ltr'><strong>catho-</strong></span> 
     </span>
    </p>
   </div>
   <div class='ocr_carea' id='block_1_56' title="bbox 2034 1231 3609 1303">
    <p class='ocr_par' dir='ltr' id='par_1_56' title="bbox 2034 1231 3609 1303">
     <span class='ocr_line' id='line_1_56' title="bbox 2034 1231 3609 1303; baseline 0.001 -19"><span class='ocrx_word' id='word_1_374' title='bbox 2034 1231 2195 1285; x_wconf 87' lang='lat' dir='ltr'><strong>licam</strong></span> <span class='ocrx_word' id='word_1_375' title='bbox 2249 1232 2317 1287; x_wconf 89' lang='lat' dir='ltr'><strong>de</strong></span> <span class='ocrx_word' id='word_1_376' title='bbox 2370 1232 2747 1288; x_wconf 87' lang='lat' dir='ltr'><strong>incarnatione</strong></span> <span class='ocrx_word' id='word_1_377' title='bbox 2787 1233 3093 1288; x_wconf 88' lang='lat' dir='ltr'><strong>doctrinam</strong></span> <span class='ocrx_word' id='word_1_378' title='bbox 3129 1233 3393 1296; x_wconf 85' lang='lat' dir='ltr'><strong>ostendit,</strong></span> <span class='ocrx_word' id='word_1_379' title='bbox 3452 1234 3609 1303; x_wconf 88' lang='lat' dir='ltr'><strong>quasi</strong></span> 
     </span>
    </p>
   </div>
   <div class='ocr_carea' id='block_1_57' title="bbox 2038 1322 3612 1393">
    <p class='ocr_par' dir='ltr' id='par_1_57' title="bbox 2038 1322 3612 1393">
     <span class='ocr_line' id='line_1_57' title="bbox 2038 1322 3612 1393; baseline 0.001 -18"><span class='ocrx_word' id='word_1_380' title='bbox 2038 1330 2367 1376; x_wconf 77' lang='lat' dir='ltr'><strong>testamento</strong></span> <span class='ocrx_word' id='word_1_381' title='bbox 2395 1322 2555 1377; x_wconf 90' lang='lat' dir='ltr'><strong>ﬁdem</strong></span> <span class='ocrx_word' id='word_1_382' title='bbox 2582 1340 2735 1377; x_wconf 89' lang='lat' dir='ltr'><strong>suam</strong></span> <span class='ocrx_word' id='word_1_383' title='bbox 2765 1324 3113 1393; x_wconf 74' lang='lat' dir='ltr'><strong>consignatis.</strong></span> <span class='ocrx_word' id='word_1_384' title='bbox 3147 1323 3282 1377; x_wconf 89' lang='lat' dir='ltr'><strong>Cum</strong></span> <span class='ocrx_word' id='word_1_385' title='bbox 3312 1323 3457 1377; x_wconf 89' lang='lat' dir='ltr'><strong>enim</strong></span> <span class='ocrx_word' id='word_1_386' title='bbox 3483 1339 3612 1391; x_wconf 89' lang='lat' dir='ltr'><strong>pro-</strong></span> 
     </span>
    </p>
   </div>
   <div class='ocr_carea' id='block_1_58' title="bbox 2037 1414 3613 1484">
    <p class='ocr_par' dir='ltr' id='par_1_58' title="bbox 2037 1414 3613 1484">
     <span class='ocr_line' id='line_1_58' title="bbox 2037 1414 3613 1484; baseline -0.001 -17"><span class='ocrx_word' id='word_1_387' title='bbox 2037 1414 2246 1469; x_wconf 76' lang='lat' dir='ltr'><strong>rniscue</strong></span> <span class='ocrx_word' id='word_1_388' title='bbox 2292 1415 2583 1484; x_wconf 73' lang='grc' dir='ltr'><strong>πρόσωπον</strong></span> <span class='ocrx_word' id='word_1_389' title='bbox 2625 1424 2679 1469; x_wconf 89' lang='lat' dir='ltr'><strong>et</strong></span> <span class='ocrx_word' id='word_1_390' title='bbox 2719 1416 3014 1468; x_wconf 71' lang='grc' dir='ltr'>ὑπόστασιν</span> <span class='ocrx_word' id='word_1_391' title='bbox 3047 1423 3365 1483; x_wconf 84' lang='lat' dir='ltr'><strong>usurpasset</strong></span> <span class='ocrx_word' id='word_1_392' title='bbox 3396 1414 3464 1468; x_wconf 89' lang='lat' dir='ltr'><strong>de</strong></span> <span class='ocrx_word' id='word_1_393' title='bbox 3490 1414 3613 1468; x_wconf 85' lang='lat' dir='ltr'><strong>Tri-</strong></span> 
     </span>
    </p>
   </div>
   <div class='ocr_carea' id='block_1_59' title="bbox 2036 1505 3615 1575">
    <p class='ocr_par' dir='ltr' id='par_1_59' title="bbox 2036 1505 3615 1575">
     <span class='ocr_line' id='line_1_59' title="bbox 2036 1505 3615 1575; baseline 0 -18"><span class='ocrx_word' id='word_1_394' title='bbox 2036 1506 2209 1559; x_wconf 84' lang='lat' dir='ltr'><strong>nitatc</strong></span> <span class='ocrx_word' id='word_1_395' title='bbox 2234 1505 2547 1570; x_wconf 88' lang='lat' dir='ltr'><strong>disserens,</strong></span> <span class='ocrx_word' id='word_1_396' title='bbox 2602 1514 2768 1575; x_wconf 88' lang='lat' dir='ltr'><strong>atque</strong></span> <span class='ocrx_word' id='word_1_397' title='bbox 2797 1507 2935 1560; x_wconf 89' lang='lat' dir='ltr'><strong>adeo</strong></span> <span class='ocrx_word' id='word_1_398' title='bbox 2960 1505 3293 1560; x_wconf 82' lang='lat' dir='ltr'><strong>ostendisset</strong></span> <span class='ocrx_word' id='word_1_399' title='bbox 3332 1521 3390 1559; x_wconf 89' lang='lat' dir='ltr'><strong>se</strong></span> <span class='ocrx_word' id='word_1_400' title='bbox 3417 1520 3615 1558; x_wconf 90' lang='lat' dir='ltr'><strong>nomen</strong></span> 
     </span>
    </p>
   </div>
   <div class='ocr_carea' id='block_1_60' title="bbox 2042 1596 3620 1667">
    <p class='ocr_par' dir='ltr' id='par_1_60' title="bbox 2042 1596 3620 1667">
     <span class='ocr_line' id='line_1_60' title="bbox 2042 1596 3620 1667; baseline 0.001 -20"><span class='ocrx_word' id='word_1_401' title='bbox 2042 1596 2331 1665; x_wconf 72' lang='grc' dir='ltr'><strong>προσώπου</strong></span> <span class='ocrx_word' id='word_1_402' title='bbox 2363 1613 2526 1652; x_wconf 91' lang='lat' dir='ltr'><strong>sensu</strong></span> <span class='ocrx_word' id='word_1_403' title='bbox 2548 1598 2774 1667; x_wconf 82' lang='lat' dir='ltr'><strong>physico</strong></span> <span class='ocrx_word' id='word_1_404' title='bbox 2792 1598 3066 1666; x_wconf 86' lang='lat' dir='ltr'><strong>accipere,</strong></span> <span class='ocrx_word' id='word_1_405' title='bbox 3087 1598 3202 1651; x_wconf 56' lang='lat' dir='ltr'><strong>haec</strong></span> <span class='ocrx_word' id='word_1_406' title='bbox 3219 1597 3415 1650; x_wconf 87' lang='lat' dir='ltr'><strong>habet:</strong></span> <span class='ocrx_word' id='word_1_407' title='bbox 3439 1616 3455 1645; x_wconf 75' lang='grc' dir='ltr'><strong><em>ι</em></strong></span> <span class='ocrx_word' id='word_1_408' title='bbox 3477 1597 3620 1649; x_wconf 85' lang='lat' dir='ltr'><strong>Deus</strong></span> 
     </span>
    </p>
   </div>
   <div class='ocr_carea' id='block_1_61' title="bbox 2039 1687 3619 1757">
    <p class='ocr_par' dir='ltr' id='par_1_61' title="bbox 2039 1687 3619 1757">
     <span class='ocr_line' id='line_1_61' title="bbox 2039 1687 3619 1757; baseline -0.001 -16"><span class='ocrx_word' id='word_1_409' title='bbox 2039 1687 2131 1756; x_wconf 87' lang='lat' dir='ltr'><strong>qui</strong></span> <span class='ocrx_word' id='word_1_410' title='bbox 2172 1689 2467 1757; x_wconf 68' lang='lat' dir='ltr'><strong>prmnoscit</strong></span> <span class='ocrx_word' id='word_1_411' title='bbox 2502 1689 2705 1744; x_wconf 87' lang='lat' dir='ltr'><strong>omnia.</strong></span> <span class='ocrx_word' id='word_1_412' title='bbox 2738 1704 2859 1757; x_wconf 77' lang='lat' dir='ltr'><strong>qua:</strong></span> <span class='ocrx_word' id='word_1_413' title='bbox 2885 1688 3129 1741; x_wconf 87' lang='lat' dir='ltr'><strong>nondum</strong></span> <span class='ocrx_word' id='word_1_414' title='bbox 3160 1688 3298 1740; x_wconf 83' lang='lat' dir='ltr'><strong>facta</strong></span> <span class='ocrx_word' id='word_1_415' title='bbox 3325 1695 3472 1749; x_wconf 89' lang='lat' dir='ltr'><strong>sunt,</strong></span> <span class='ocrx_word' id='word_1_416' title='bbox 3496 1694 3619 1739; x_wconf 84' lang='lat' dir='ltr'><strong>tau-</strong></span> 
     </span>
    </p>
   </div>
   <div class='ocr_carea' id='block_1_62' title="bbox 2038 1777 3617 1850">
    <p class='ocr_par' dir='ltr' id='par_1_62' title="bbox 2038 1777 3617 1850">
     <span class='ocr_line' id='line_1_62' title="bbox 2038 1777 3617 1850; baseline -0.001 -18"><span class='ocrx_word' id='word_1_417' title='bbox 2038 1795 2203 1848; x_wconf 87' lang='lat' dir='ltr'><strong>quam</strong></span> <span class='ocrx_word' id='word_1_418' title='bbox 2241 1780 2351 1850; x_wconf 90' lang='lat' dir='ltr'><strong>jam</strong></span> <span class='ocrx_word' id='word_1_419' title='bbox 2384 1779 2557 1842; x_wconf 82' lang='lat' dir='ltr'><strong>facta,</strong></span> <span class='ocrx_word' id='word_1_420' title='bbox 2605 1788 2661 1835; x_wconf 90' lang='lat' dir='ltr'><strong>et</strong></span> <span class='ocrx_word' id='word_1_421' title='bbox 2693 1779 2789 1848; x_wconf 91' lang='lat' dir='ltr'><strong>qui</strong></span> <span class='ocrx_word' id='word_1_422' title='bbox 2817 1778 3157 1848; x_wconf 70' lang='lat' dir='ltr'><strong>praevidebat</strong></span> <span class='ocrx_word' id='word_1_423' title='bbox 3185 1777 3617 1833; x_wconf 88' lang='lat' dir='ltr'><strong>incarnationem</strong></span> 
     </span>
    </p>
   </div>
   <div class='ocr_carea' id='block_1_63' title="bbox 2039 1867 3618 1941">
    <p class='ocr_par' dir='ltr' id='par_1_63' title="bbox 2039 1867 3618 1941">
     <span class='ocr_line' id='line_1_63' title="bbox 2039 1867 3618 1941; baseline -0.003 -16"><span class='ocrx_word' id='word_1_424' title='bbox 2039 1880 2094 1925; x_wconf 90' lang='lat' dir='ltr'><strong>et</strong></span> <span class='ocrx_word' id='word_1_425' title='bbox 2122 1870 2633 1925; x_wconf 87' lang='lat' dir='ltr'><strong>inhumanationcm</strong></span> <span class='ocrx_word' id='word_1_426' title='bbox 2664 1870 2940 1941; x_wconf 86' lang='lat' dir='ltr'><strong>Unigeniti</strong></span> <span class='ocrx_word' id='word_1_427' title='bbox 2965 1910 2979 1933; x_wconf 94' lang='lat'><strong>,</strong></span> <span class='ocrx_word' id='word_1_428' title='bbox 3017 1869 3277 1938; x_wconf 88' lang='lat' dir='ltr'><strong>quodque</strong></span> <span class='ocrx_word' id='word_1_429' title='bbox 3305 1883 3374 1922; x_wconf 76' lang='lat' dir='ltr'><strong>ex</strong></span> <span class='ocrx_word' id='word_1_430' title='bbox 3396 1867 3618 1937; x_wconf 81' lang='lat' dir='ltr'><strong>Virgine</strong></span> 
     </span>
    </p>
   </div>
   <div class='ocr_carea' id='block_1_64' title="bbox 2039 1958 3619 2032">
    <p class='ocr_par' dir='ltr' id='par_1_64' title="bbox 2039 1958 3619 2032">
     <span class='ocr_line' id='line_1_64' title="bbox 2039 1958 3619 2032; baseline -0.003 -16"><span class='ocrx_word' id='word_1_431' title='bbox 2039 1963 2289 2018; x_wconf 76' lang='lat' dir='ltr'><strong>eamdem</strong></span> <span class='ocrx_word' id='word_1_432' title='bbox 2326 1971 2580 2016; x_wconf 88' lang='lat' dir='ltr'><strong>naturam</strong></span> <span class='ocrx_word' id='word_1_433' title='bbox 2616 1968 2940 2032; x_wconf 85' lang='lat' dir='ltr'><strong>sumpturus</strong></span> <span class='ocrx_word' id='word_1_434' title='bbox 2970 1969 3153 2023; x_wconf 87' lang='lat' dir='ltr'><strong>esset,</strong></span> <span class='ocrx_word' id='word_1_435' title='bbox 3199 1975 3360 2028; x_wconf 84' lang='lat' dir='ltr'><strong>quam</strong></span> <span class='ocrx_word' id='word_1_436' title='bbox 3387 1958 3492 2013; x_wconf 89' lang='lat' dir='ltr'><strong>sibi</strong></span> <span class='ocrx_word' id='word_1_437' title='bbox 3523 1974 3619 2012; x_wconf 89' lang='lat' dir='ltr'><strong>co-</strong></span> 
     </span>
    </p>
   </div>
   <div class='ocr_carea' id='block_1_65' title="bbox 2040 2047 3618 2121">
    <p class='ocr_par' dir='ltr' id='par_1_65' title="bbox 2040 2047 3618 2121">
     <span class='ocr_line' id='line_1_65' title="bbox 2040 2047 3618 2121; baseline -0.003 -17"><span class='ocrx_word' id='word_1_438' title='bbox 2040 2060 2251 2121; x_wconf 88' lang='lat' dir='ltr'><strong>aptaret</strong></span> <span class='ocrx_word' id='word_1_439' title='bbox 2300 2061 2357 2105; x_wconf 87' lang='lat' dir='ltr'><strong>et</strong></span> <span class='ocrx_word' id='word_1_440' title='bbox 2399 2051 2585 2106; x_wconf 85' lang='lat' dir='ltr'><strong>uniret</strong></span> <span class='ocrx_word' id='word_1_441' title='bbox 2624 2053 2639 2070; x_wconf 83' lang='lat'><strong>‘</strong></span> <span class='ocrx_word' id='word_1_442' title='bbox 2679 2052 2778 2115; x_wconf 87' lang='lat' dir='ltr'><strong>sic,</strong></span> <span class='ocrx_word' id='word_1_443' title='bbox 2819 2059 2879 2104; x_wconf 86' lang='lat' dir='ltr'><strong>ut</strong></span> <span class='ocrx_word' id='word_1_444' title='bbox 2909 2066 3012 2103; x_wconf 86' lang='lat' dir='ltr'><strong>una</strong></span> <span class='ocrx_word' id='word_1_445' title='bbox 3039 2065 3269 2119; x_wconf 83' lang='lat' dir='ltr'><strong>persona</strong></span> <span class='ocrx_word' id='word_1_446' title='bbox 3310 2047 3403 2102; x_wconf 87' lang='lat' dir='ltr'><strong>Dei</strong></span> <span class='ocrx_word' id='word_1_447' title='bbox 3435 2056 3489 2100; x_wconf 86' lang='lat' dir='ltr'><strong>et</strong></span> <span class='ocrx_word' id='word_1_448' title='bbox 3514 2048 3618 2100; x_wconf 82' lang='lat' dir='ltr'><strong>ho-</strong></span> 
     </span>
    </p>
   </div>
   <div class='ocr_carea' id='block_1_66' title="bbox 2039 2136 3618 2213">
    <p class='ocr_par' dir='ltr' id='par_1_66' title="bbox 2039 2136 3618 2213">
     <span class='ocr_line' id='line_1_66' title="bbox 2039 2136 3618 2213; baseline -0.004 -17"><span class='ocrx_word' id='word_1_449' title='bbox 2039 2143 2202 2197; x_wconf 88' lang='lat' dir='ltr'><strong>minis</strong></span> <span class='ocrx_word' id='word_1_450' title='bbox 2230 2143 2586 2213; x_wconf 85' lang='lat' dir='ltr'><strong>intelligatur,</strong></span> <span class='ocrx_word' id='word_1_451' title='bbox 2630 2151 2686 2197; x_wconf 89' lang='lat' dir='ltr'><strong>et</strong></span> <span class='ocrx_word' id='word_1_452' title='bbox 2713 2159 2820 2196; x_wconf 89' lang='lat' dir='ltr'><strong>una</strong></span> <span class='ocrx_word' id='word_1_453' title='bbox 2845 2141 3143 2210; x_wconf 86' lang='lat' dir='ltr'><strong>eademque</strong></span> <span class='ocrx_word' id='word_1_454' title='bbox 3167 2139 3241 2193; x_wconf 91' lang='lat' dir='ltr'><strong>illi</strong></span> <span class='ocrx_word' id='word_1_455' title='bbox 3271 2138 3519 2192; x_wconf 89' lang='lat' dir='ltr'><strong>adoratio</strong></span> <span class='ocrx_word' id='word_1_456' title='bbox 3551 2136 3618 2191; x_wconf 85' lang='lat' dir='ltr'><strong>ab</strong></span> 
     </span>
    </p>
   </div>
   <div class='ocr_carea' id='block_1_67' title="bbox 2040 2233 3085 2296">
    <p class='ocr_par' dir='ltr' id='par_1_67' title="bbox 2040 2233 3085 2296">
     <span class='ocr_line' id='line_1_67' title="bbox 2040 2233 3085 2296; baseline -0.004 -8"><span class='ocrx_word' id='word_1_457' title='bbox 2040 2233 2298 2289; x_wconf 88' lang='lat' dir='ltr'><strong>universa</strong></span> <span class='ocrx_word' id='word_1_458' title='bbox 2323 2244 2578 2289; x_wconf 81' lang='lat' dir='ltr'><strong>creatura</strong></span> <span class='ocrx_word' id='word_1_459' title='bbox 2607 2233 2944 2296; x_wconf 64' lang='lat' dir='ltr'><strong>deferatur,»</strong></span> <span class='ocrx_word' id='word_1_460' title='bbox 2974 2242 3085 2286; x_wconf 90' lang='lat' dir='ltr'><strong>etc.</strong></span> 
     </span>
    </p>
   </div>
   <div class='ocr_carea' id='block_1_68' title="bbox 2108 2318 3619 2379">
    <p class='ocr_par' dir='ltr' id='par_1_68' title="bbox 2108 2318 3619 2379">
     <span class='ocr_line' id='line_1_68' title="bbox 2108 2318 3619 2379; baseline -0.005 0"><span class='ocrx_word' id='word_1_461' title='bbox 2108 2324 2238 2379; x_wconf 87' lang='lat' dir='ltr'><strong>inde</strong></span> <span class='ocrx_word' id='word_1_462' title='bbox 2278 2323 2338 2378; x_wconf 90' lang='lat' dir='ltr'><strong>ﬁt</strong></span> <span class='ocrx_word' id='word_1_463' title='bbox 2372 2324 2598 2378; x_wconf 84' lang='lat' dir='ltr'><strong>evidens</strong></span> <span class='ocrx_word' id='word_1_464' title='bbox 2646 2324 2911 2378; x_wconf 89' lang='lat' dir='ltr'><strong>adversus</strong></span> <span class='ocrx_word' id='word_1_465' title='bbox 2954 2321 3372 2376; x_wconf 88' lang='lat' dir='ltr'><strong>Severianorum</strong></span> <span class='ocrx_word' id='word_1_466' title='bbox 3409 2318 3619 2374; x_wconf 86' lang='lat' dir='ltr'><strong>calum-</strong></span> 
     </span>
    </p>
   </div>
   <div class='ocr_carea' id='block_1_69' title="bbox 2038 2408 3620 2485">
    <p class='ocr_par' dir='ltr' id='par_1_69' title="bbox 2038 2408 3620 2485">
     <span class='ocr_line' id='line_1_69' title="bbox 2038 2408 3620 2485; baseline -0.004 -15"><span class='ocrx_word' id='word_1_467' title='bbox 2038 2417 2207 2479; x_wconf 90' lang='lat' dir='ltr'><strong>niam,</strong></span> <span class='ocrx_word' id='word_1_468' title='bbox 2237 2430 2401 2485; x_wconf 89' lang='lat' dir='ltr'><strong>quam</strong></span> <span class='ocrx_word' id='word_1_469' title='bbox 2420 2416 2635 2470; x_wconf 87' lang='lat' dir='ltr'><strong>sincera</strong></span> <span class='ocrx_word' id='word_1_470' title='bbox 2656 2414 2823 2468; x_wconf 81' lang='lat' dir='ltr'><strong>fuerit</strong></span> <span class='ocrx_word' id='word_1_471' title='bbox 2850 2412 3180 2468; x_wconf 88' lang='lat' dir='ltr'><strong>Theodoreti</strong></span> <span class='ocrx_word' id='word_1_472' title='bbox 3205 2410 3473 2481; x_wconf 75' lang='lat' dir='ltr'><strong>professio</strong></span> <span class='ocrx_word' id='word_1_473' title='bbox 3495 2408 3620 2464; x_wconf 88' lang='lat' dir='ltr'><strong>ﬁdei</strong></span> 
     </span>
    </p>
   </div>
   <div class='ocr_carea' id='block_1_70' title="bbox 2041 2499 3621 2575">
    <p class='ocr_par' dir='ltr' id='par_1_70' title="bbox 2041 2499 3621 2575">
     <span class='ocr_line' id='line_1_70' title="bbox 2041 2499 3621 2575; baseline -0.006 -13"><span class='ocrx_word' id='word_1_474' title='bbox 2041 2508 2178 2562; x_wconf 75' lang='lat' dir='ltr'><strong>facta</strong></span> <span class='ocrx_word' id='word_1_475' title='bbox 2197 2506 2566 2573; x_wconf 79' lang='lat' dir='ltr'><strong>Chalcedone,</strong></span> <span class='ocrx_word' id='word_1_476' title='bbox 2611 2521 2887 2575; x_wconf 87' lang='lat' dir='ltr'><strong>quamque</strong></span> <span class='ocrx_word' id='word_1_477' title='bbox 2908 2502 3071 2575; x_wconf 65' lang='grc'><strong>264</strong></span> <span class='ocrx_word' id='word_1_478' title='bbox 3088 2519 3156 2557; x_wconf 76' lang='lat' dir='ltr'><strong>ex</strong></span> <span class='ocrx_word' id='word_1_479' title='bbox 3175 2502 3358 2558; x_wconf 88' lang='lat' dir='ltr'><strong>animo</strong></span> <span class='ocrx_word' id='word_1_480' title='bbox 3384 2499 3621 2557; x_wconf 87' lang='lat' dir='ltr'><strong>Nestorii</strong></span> 
     </span>
    </p>
   </div>
   <div class='ocr_carea' id='block_1_71' title="bbox 2040 2594 2949 2665">
    <p class='ocr_par' dir='ltr' id='par_1_71' title="bbox 2040 2594 2949 2665">
     <span class='ocr_line' id='line_1_71' title="bbox 2040 2594 2949 2665; baseline 0 -18"><span class='ocrx_word' id='word_1_481' title='bbox 2040 2596 2389 2665; x_wconf 82' lang='lat' dir='ltr'><strong>dogmatibus</strong></span> <span class='ocrx_word' id='word_1_482' title='bbox 2416 2596 2702 2650; x_wconf 89' lang='lat' dir='ltr'><strong>anathema</strong></span> <span class='ocrx_word' id='word_1_483' title='bbox 2729 2594 2949 2649; x_wconf 75' lang='lat' dir='ltr'><strong>dixerit.</strong></span> 
     </span>
    </p>
   </div>
   <div class='ocr_carea' id='block_1_72' title="bbox 2111 2679 3624 2755">
    <p class='ocr_par' dir='ltr' id='par_1_72' title="bbox 2111 2679 3624 2755">
     <span class='ocr_line' id='line_1_72' title="bbox 2111 2679 3624 2755; baseline -0.005 -16"><span class='ocrx_word' id='word_1_484' title='bbox 2111 2686 2422 2752; x_wconf 60' lang='lat' dir='ltr'><strong>Quaestione</strong></span> <span class='ocrx_word' id='word_1_485' title='bbox 2449 2685 2540 2750; x_wconf 72' lang='grc'><strong>20,</strong></span> <span class='ocrx_word' id='word_1_486' title='bbox 2595 2702 2717 2755; x_wconf 63' lang='lat' dir='ltr'><strong>qua:</strong></span> <span class='ocrx_word' id='word_1_487' title='bbox 2753 2695 2838 2740; x_wconf 90' lang='lat' dir='ltr'><strong>est</strong></span> <span class='ocrx_word' id='word_1_488' title='bbox 2885 2685 2952 2741; x_wconf 92' lang='lat' dir='ltr'><strong>de</strong></span> <span class='ocrx_word' id='word_1_489' title='bbox 2993 2683 3355 2739; x_wconf 88' lang='lat' dir='ltr'><strong>similitudine</strong></span> <span class='ocrx_word' id='word_1_490' title='bbox 3384 2679 3624 2734; x_wconf 89' lang='lat' dir='ltr'><strong>hominis</strong></span> 
     </span>
    </p>
   </div>
   <div class='ocr_carea' id='block_1_73' title="bbox 2041 2772 3625 2842">
    <p class='ocr_par' dir='ltr' id='par_1_73' title="bbox 2041 2772 3625 2842">
     <span class='ocr_line' id='line_1_73' title="bbox 2041 2772 3625 2842; baseline -0.005 -10"><span class='ocrx_word' id='word_1_491' title='bbox 2041 2795 2165 2832; x_wconf 89' lang='lat' dir='ltr'><strong>cum</strong></span> <span class='ocrx_word' id='word_1_492' title='bbox 2197 2779 2331 2842; x_wconf 88' lang='lat' dir='ltr'><strong>Deo,</strong></span> <span class='ocrx_word' id='word_1_493' title='bbox 2360 2778 2669 2833; x_wconf 82' lang='lat' dir='ltr'><strong>all&#39;eruntur</strong></span> <span class='ocrx_word' id='word_1_494' title='bbox 2699 2777 2942 2841; x_wconf 89' lang='lat' dir='ltr'><strong>Diodori,</strong></span> <span class='ocrx_word' id='word_1_495' title='bbox 2971 2776 3247 2831; x_wconf 88' lang='lat' dir='ltr'><strong>Theodori</strong></span> <span class='ocrx_word' id='word_1_496' title='bbox 3274 2783 3326 2829; x_wconf 85' lang='lat' dir='ltr'><strong>ct</strong></span> <span class='ocrx_word' id='word_1_497' title='bbox 3370 2772 3625 2842; x_wconf 85' lang='lat' dir='ltr'><strong>Origenis</strong></span> 
     </span>
    </p>
   </div>
   <div class='ocr_carea' id='block_1_74' title="bbox 2044 2865 3623 2938">
    <p class='ocr_par' dir='ltr' id='par_1_74' title="bbox 2044 2865 3623 2938">
     <span class='ocr_line' id='line_1_74' title="bbox 2044 2865 3623 2938; baseline -0.004 -16"><span class='ocrx_word' id='word_1_498' title='bbox 2044 2870 2379 2933; x_wconf 83' lang='lat' dir='ltr'><strong>testimonia,</strong></span> <span class='ocrx_word' id='word_1_499' title='bbox 2436 2885 2557 2938; x_wconf 70' lang='lat' dir='ltr'><strong>quae</strong></span> <span class='ocrx_word' id='word_1_500' title='bbox 2611 2868 2930 2923; x_wconf 87' lang='lat' dir='ltr'><strong>nonnemini</strong></span> <span class='ocrx_word' id='word_1_501' title='bbox 2962 2869 3075 2923; x_wconf 87' lang='lat' dir='ltr'><strong>visa</strong></span> <span class='ocrx_word' id='word_1_502' title='bbox 3102 2875 3231 2922; x_wconf 87' lang='lat' dir='ltr'><strong>sunt</strong></span> <span class='ocrx_word' id='word_1_503' title='bbox 3258 2881 3418 2920; x_wconf 91' lang='lat' dir='ltr'><strong>nona</strong></span> <span class='ocrx_word' id='word_1_504' title='bbox 3440 2865 3623 2917; x_wconf 89' lang='lat' dir='ltr'><strong>Theo-</strong></span> 
     </span>
    </p>
   </div>
   <div class='ocr_carea' id='block_1_75' title="bbox 2042 2954 3625 3028">
    <p class='ocr_par' dir='ltr' id='par_1_75' title="bbox 2042 2954 3625 3028">
     <span class='ocr_line' id='line_1_75' title="bbox 2042 2954 3625 3028; baseline -0.006 -13"><span class='ocrx_word' id='word_1_505' title='bbox 2042 2960 2235 3015; x_wconf 89' lang='lat' dir='ltr'><strong>dorelo</strong></span> <span class='ocrx_word' id='word_1_506' title='bbox 2274 2961 2560 3025; x_wconf 73' lang='lat' dir='ltr'><strong>inserta&quot;,</strong></span> <span class='ocrx_word' id='word_1_507' title='bbox 2614 2959 2710 3014; x_wconf 92' lang='lat' dir='ltr'><strong>sed</strong></span> <span class='ocrx_word' id='word_1_508' title='bbox 2738 2961 2805 3014; x_wconf 90' lang='lat' dir='ltr'><strong>ab</strong></span> <span class='ocrx_word' id='word_1_509' title='bbox 2833 2960 2964 3023; x_wconf 89' lang='lat' dir='ltr'><strong>alio,</strong></span> <span class='ocrx_word' id='word_1_510' title='bbox 2996 2967 3285 3028; x_wconf 85' lang='lat' dir='ltr'><strong>propterea</strong></span> <span class='ocrx_word' id='word_1_511' title='bbox 3319 2954 3465 3025; x_wconf 87' lang='lat' dir='ltr'><strong>quod</strong></span> <span class='ocrx_word' id='word_1_512' title='bbox 3500 2960 3625 3023; x_wconf 82' lang='lat' dir='ltr'><strong>post</strong></span> 
     </span>
    </p>
   </div>
   <div class='ocr_carea' id='block_1_76' title="bbox 2043 3047 3625 3122">
    <p class='ocr_par' dir='ltr' id='par_1_76' title="bbox 2043 3047 3625 3122">
     <span class='ocr_line' id='line_1_76' title="bbox 2043 3047 3625 3122; baseline -0.005 -17"><span class='ocrx_word' id='word_1_513' title='bbox 2043 3052 2353 3122; x_wconf 86' lang='lat' dir='ltr'><strong>argumenti</strong></span> <span class='ocrx_word' id='word_1_514' title='bbox 2394 3051 2774 3105; x_wconf 89' lang='lat' dir='ltr'><strong>tractationem</strong></span> <span class='ocrx_word' id='word_1_515' title='bbox 2815 3060 2873 3104; x_wconf 88' lang='lat' dir='ltr'><strong>et</strong></span> <span class='ocrx_word' id='word_1_516' title='bbox 2907 3050 3232 3120; x_wconf 86' lang='lat' dir='ltr'><strong>opinionum</strong></span> <span class='ocrx_word' id='word_1_517' title='bbox 3276 3047 3395 3100; x_wconf 84' lang='lat' dir='ltr'><strong>sine.</strong></span> <span class='ocrx_word' id='word_1_518' title='bbox 3432 3054 3625 3100; x_wconf 89' lang='lat' dir='ltr'><strong>aucto-</strong></span> 
     </span>
    </p>
   </div>
   <div class='ocr_carea' id='block_1_77' title="bbox 2045 3132 3621 3205">
    <p class='ocr_par' dir='ltr' id='par_1_77' title="bbox 2045 3132 3621 3205">
     <span class='ocr_line' id='line_1_77' title="bbox 2045 3132 3621 3205; baseline -0.005 -7"><span class='ocrx_word' id='word_1_519' title='bbox 2045 3160 2164 3198; x_wconf 88' lang='lat' dir='ltr'><strong>rum</strong></span> <span class='ocrx_word' id='word_1_520' title='bbox 2189 3146 2408 3198; x_wconf 89' lang='lat' dir='ltr'><strong>nomine</strong></span> <span class='ocrx_word' id='word_1_521' title='bbox 2440 3144 2786 3205; x_wconf 89' lang='lat' dir='ltr'><strong>relationem,</strong></span> <span class='ocrx_word' id='word_1_522' title='bbox 2824 3158 2933 3196; x_wconf 89' lang='lat' dir='ltr'><strong>non</strong></span> <span class='ocrx_word' id='word_1_523' title='bbox 2962 3139 3259 3194; x_wconf 89' lang='lat' dir='ltr'><strong>admodum</strong></span> <span class='ocrx_word' id='word_1_524' title='bbox 3290 3132 3449 3192; x_wconf 78' lang='lat' dir='ltr'><strong>utilia</strong></span> <span class='ocrx_word' id='word_1_525' title='bbox 3474 3145 3621 3191; x_wconf 91' lang='lat' dir='ltr'><strong>sunt.</strong></span> 
     </span>
    </p>
   </div>
   <div class='ocr_carea' id='block_1_78' title="bbox 2044 3228 3624 3301">
    <p class='ocr_par' dir='ltr' id='par_1_78' title="bbox 2044 3228 3624 3301">
     <span class='ocr_line' id='line_1_78' title="bbox 2044 3228 3624 3301; baseline -0.005 -12"><span class='ocrx_word' id='word_1_526' title='bbox 2044 3237 2245 3289; x_wconf 78' lang='lat' dir='ltr'><strong>Verum</strong></span> <span class='ocrx_word' id='word_1_527' title='bbox 2297 3250 2423 3287; x_wconf 90' lang='lat' dir='ltr'><strong>cum</strong></span> <span class='ocrx_word' id='word_1_528' title='bbox 2465 3232 2633 3287; x_wconf 88' lang='lat' dir='ltr'><strong>iidem</strong></span> <span class='ocrx_word' id='word_1_529' title='bbox 2682 3232 3015 3301; x_wconf 86' lang='lat' dir='ltr'><strong>interpretes</strong></span> <span class='ocrx_word' id='word_1_530' title='bbox 3066 3230 3361 3283; x_wconf 88' lang='lat' dir='ltr'><strong>laudentur</strong></span> <span class='ocrx_word' id='word_1_531' title='bbox 3398 3228 3453 3282; x_wconf 91' lang='lat' dir='ltr'><strong>in</strong></span> <span class='ocrx_word' id='word_1_532' title='bbox 3489 3243 3624 3282; x_wconf 89' lang='lat' dir='ltr'><strong>eon-</strong></span> 
     </span>
    </p>
   </div>
   <div class='ocr_carea' id='block_1_79' title="bbox 2042 3320 3625 3397">
    <p class='ocr_par' dir='ltr' id='par_1_79' title="bbox 2042 3320 3625 3397">
     <span class='ocr_line' id='line_1_79' title="bbox 2042 3320 3625 3397; baseline -0.004 -15"><span class='ocrx_word' id='word_1_533' title='bbox 2042 3326 2406 3397; x_wconf 81' lang='lat' dir='ltr'><strong>sequentihus</strong></span> <span class='ocrx_word' id='word_1_534' title='bbox 2450 3323 2932 3394; x_wconf 68' lang='lat' dir='ltr'><strong>quaestionibus“,</strong></span> <span class='ocrx_word' id='word_1_535' title='bbox 2992 3321 3253 3381; x_wconf 76' lang='lat' dir='ltr'><strong>existimo</strong></span> <span class='ocrx_word' id='word_1_536' title='bbox 3304 3320 3625 3376; x_wconf 83' lang='lat' dir='ltr'><strong>Theodore-</strong></span> 
     </span>
    </p>
   </div>
   <div class='ocr_carea' id='block_1_80' title="bbox 2046 3411 3625 3480">
    <p class='ocr_par' dir='ltr' id='par_1_80' title="bbox 2046 3411 3625 3480">
     <span class='ocr_line' id='line_1_80' title="bbox 2046 3411 3625 3480; baseline -0.005 -10"><span class='ocrx_word' id='word_1_537' title='bbox 2046 3425 2159 3470; x_wconf 86' lang='lat' dir='ltr'><strong>tum</strong></span> <span class='ocrx_word' id='word_1_538' title='bbox 2205 3415 2470 3469; x_wconf 86' lang='lat' dir='ltr'><strong>habuisse</strong></span> <span class='ocrx_word' id='word_1_539' title='bbox 2520 3415 2574 3467; x_wconf 91' lang='lat' dir='ltr'><strong>in</strong></span> <span class='ocrx_word' id='word_1_540' title='bbox 2612 3414 2816 3474; x_wconf 88' lang='lat' dir='ltr'><strong>animo.</strong></span> <span class='ocrx_word' id='word_1_541' title='bbox 2871 3411 2936 3466; x_wconf 91' lang='lat' dir='ltr'><strong>ad</strong></span> <span class='ocrx_word' id='word_1_542' title='bbox 2965 3412 3295 3480; x_wconf 86' lang='lat' dir='ltr'><strong>insigniores</strong></span> <span class='ocrx_word' id='word_1_543' title='bbox 3317 3411 3470 3464; x_wconf 86' lang='lat' dir='ltr'><strong>iocos</strong></span> <span class='ocrx_word' id='word_1_544' title='bbox 3495 3424 3625 3478; x_wconf 87' lang='lat' dir='ltr'><strong>pro-</strong></span> 
     </span>
    </p>
   </div>
   <div class='ocr_carea' id='block_1_81' title="bbox 2044 3500 3628 3567">
    <p class='ocr_par' dir='ltr' id='par_1_81' title="bbox 2044 3500 3628 3567">
     <span class='ocr_line' id='line_1_81' title="bbox 2044 3500 3628 3567; baseline -0.006 -6"><span class='ocrx_word' id='word_1_545' title='bbox 2044 3507 2191 3563; x_wconf 82' lang='lat' dir='ltr'><strong>ferre</strong></span> <span class='ocrx_word' id='word_1_546' title='bbox 2240 3516 2516 3561; x_wconf 89' lang='lat' dir='ltr'><strong>tantorum</strong></span> <span class='ocrx_word' id='word_1_547' title='bbox 2559 3505 2805 3559; x_wconf 84' lang='lat' dir='ltr'><strong>virorum</strong></span> <span class='ocrx_word' id='word_1_548' title='bbox 2858 3504 3207 3567; x_wconf 88' lang='lat' dir='ltr'><strong>sententias;</strong></span> <span class='ocrx_word' id='word_1_549' title='bbox 3267 3500 3364 3556; x_wconf 88' lang='lat' dir='ltr'><strong>sed</strong></span> <span class='ocrx_word' id='word_1_550' title='bbox 3417 3500 3628 3554; x_wconf 84' lang='lat' dir='ltr'><strong>laboris</strong></span> 
     </span>
    </p>
   </div>
   <div class='ocr_carea' id='block_1_82' title="bbox 2045 3593 3627 3669">
    <p class='ocr_par' dir='ltr' id='par_1_82' title="bbox 2045 3593 3627 3669">
     <span class='ocr_line' id='line_1_82' title="bbox 2045 3593 3627 3669; baseline -0.005 -15"><span class='ocrx_word' id='word_1_551' title='bbox 2045 3597 2446 3669; x_wconf 88' lang='lat' dir='ltr'><strong>magnitudine,</strong></span> <span class='ocrx_word' id='word_1_552' title='bbox 2479 3597 2627 3652; x_wconf 91' lang='lat' dir='ltr'><strong>unde</strong></span> <span class='ocrx_word' id='word_1_553' title='bbox 2652 3604 2928 3651; x_wconf 85' lang='lat' dir='ltr'><strong>cresceret</strong></span> <span class='ocrx_word' id='word_1_554' title='bbox 2954 3610 3116 3665; x_wconf 90' lang='lat' dir='ltr'><strong>opus,</strong></span> <span class='ocrx_word' id='word_1_555' title='bbox 3145 3593 3294 3664; x_wconf 91' lang='lat' dir='ltr'><strong>quod</strong></span> <span class='ocrx_word' id='word_1_556' title='bbox 3320 3593 3485 3648; x_wconf 86' lang='lat' dir='ltr'><strong>breve</strong></span> <span class='ocrx_word' id='word_1_557' title='bbox 3505 3608 3627 3647; x_wconf 88' lang='lat' dir='ltr'><strong>esse</strong></span> 
     </span>
    </p>
   </div>
   <div class='ocr_carea' id='block_1_83' title="bbox 2044 3685 3063 3754">
    <p class='ocr_par' dir='ltr' id='par_1_83' title="bbox 2044 3685 3063 3754">
     <span class='ocr_line' id='line_1_83' title="bbox 2044 3685 3063 3754; baseline -0.008 -8"><span class='ocrx_word' id='word_1_558' title='bbox 2044 3691 2316 3754; x_wconf 84' lang='lat' dir='ltr'><strong>voluerat,</strong></span> <span class='ocrx_word' id='word_1_559' title='bbox 2348 3688 2678 3744; x_wconf 87' lang='lat' dir='ltr'><strong>deterritum</strong></span> <span class='ocrx_word' id='word_1_560' title='bbox 2704 3685 3063 3741; x_wconf 88' lang='lat' dir='ltr'><strong>abstinuisse.</strong></span> 
     </span>
    </p>
   </div>
   <div class='ocr_carea' id='block_1_84' title="bbox 2113 3769 3625 3845">
    <p class='ocr_par' dir='ltr' id='par_1_84' title="bbox 2113 3769 3625 3845">
     <span class='ocr_line' id='line_1_84' title="bbox 2113 3769 3625 3845; baseline -0.009 -9"><span class='ocrx_word' id='word_1_561' title='bbox 2113 3780 2254 3836; x_wconf 81' lang='lat' dir='ltr'><strong>Xlil.</strong></span> <span class='ocrx_word' id='word_1_562' title='bbox 2290 3778 2602 3845; x_wconf 76' lang='lat' dir='ltr'><strong>Quaestione</strong></span> <span class='ocrx_word' id='word_1_563' title='bbox 2632 3776 2701 3831; x_wconf 79' lang='lat'><strong>&#39;58</strong></span> <span class='ocrx_word' id='word_1_564' title='bbox 2737 3776 2792 3830; x_wconf 91' lang='lat' dir='ltr'><strong>in</strong></span> <span class='ocrx_word' id='word_1_565' title='bbox 2824 3773 3336 3836; x_wconf 90' lang='lat' dir='ltr'><strong>Deuteronomium,</strong></span> <span class='ocrx_word' id='word_1_566' title='bbox 3386 3786 3509 3826; x_wconf 91' lang='lat' dir='ltr'><strong>cum</strong></span> <span class='ocrx_word' id='word_1_567' title='bbox 3540 3769 3625 3824; x_wconf 86' lang='lat' dir='ltr'><strong>in-</strong></span> 
     </span>
    </p>
   </div>
   <div class='ocr_carea' id='block_1_85' title="bbox 2048 3864 3629 3943">
    <p class='ocr_par' dir='ltr' id='par_1_85' title="bbox 2048 3864 3629 3943">
     <span class='ocr_line' id='line_1_85' title="bbox 2048 3864 3629 3943; baseline -0.009 -14"><span class='ocrx_word' id='word_1_568' title='bbox 2048 3880 2449 3943; x_wconf 88' lang='lat' dir='ltr'><strong>terpretaretur</strong></span> <span class='ocrx_word' id='word_1_569' title='bbox 2475 3869 2674 3939; x_wconf 89' lang='lat' dir='ltr'><strong>capitis</strong></span> <span class='ocrx_word' id='word_1_570' title='bbox 2694 3885 2816 3923; x_wconf 67' lang='lat' dir='ltr'><strong>xxxx</strong></span> <span class='ocrx_word' id='word_1_571' title='bbox 2844 3877 2901 3923; x_wconf 90' lang='lat' dir='ltr'><strong>et</strong></span> <span class='ocrx_word' id='word_1_572' title='bbox 2923 3883 3026 3920; x_wconf 77' lang='lat' dir='ltr'><strong>xxx</strong></span> <span class='ocrx_word' id='word_1_573' title='bbox 3054 3864 3473 3921; x_wconf 89' lang='lat' dir='ltr'><strong>maledictioncs</strong></span> <span class='ocrx_word' id='word_1_574' title='bbox 3502 3876 3629 3930; x_wconf 87' lang='lat' dir='ltr'><strong>pec-</strong></span> 
     </span>
    </p>
   </div>
   <div class='ocr_carea' id='block_1_86' title="bbox 2045 3951 3627 4023">
    <p class='ocr_par' dir='ltr' id='par_1_86' title="bbox 2045 3951 3627 4023">
     <span class='ocr_line' id='line_1_86' title="bbox 2045 3951 3627 4023; baseline -0.01 -3"><span class='ocrx_word' id='word_1_575' title='bbox 2045 3963 2302 4020; x_wconf 84' lang='lat' dir='ltr'><strong>cantibus</strong></span> <span class='ocrx_word' id='word_1_576' title='bbox 2335 3963 2658 4023; x_wconf 89' lang='lat' dir='ltr'><strong>intentatas,</strong></span> <span class='ocrx_word' id='word_1_577' title='bbox 2693 3969 2751 4014; x_wconf 87' lang='lat' dir='ltr'><strong>et</strong></span> <span class='ocrx_word' id='word_1_578' title='bbox 2780 3957 3198 4012; x_wconf 89' lang='lat' dir='ltr'><strong>benedictiones</strong></span> <span class='ocrx_word' id='word_1_579' title='bbox 3227 3951 3627 4023; x_wconf 64' lang='lat' dir='ltr'><strong>paenitentibus</strong></span> 
     </span>
    </p>
   </div>
   <div class='ocr_carea' id='block_1_87' title="bbox 2047 4042 3627 4118">
    <p class='ocr_par' dir='ltr' id='par_1_87' title="bbox 2047 4042 3627 4118">
     <span class='ocr_line' id='line_1_87' title="bbox 2047 4042 3627 4118; baseline -0.011 -9"><span class='ocrx_word' id='word_1_580' title='bbox 2047 4054 2243 4118; x_wconf 83' lang='lat' dir='ltr'><strong>factas,</strong></span> <span class='ocrx_word' id='word_1_581' title='bbox 2296 4049 2543 4105; x_wconf 89' lang='lat' dir='ltr'><strong>ostendit</strong></span> <span class='ocrx_word' id='word_1_582' title='bbox 2593 4046 2816 4110; x_wconf 61' lang='lat' dir='ltr'><strong>Judaeis,</strong></span> <span class='ocrx_word' id='word_1_583' title='bbox 2871 4060 3015 4115; x_wconf 68' lang='lat' dir='ltr'><strong>saepe</strong></span> <span class='ocrx_word' id='word_1_584' title='bbox 3059 4042 3192 4097; x_wconf 90' lang='lat' dir='ltr'><strong>olim</strong></span> <span class='ocrx_word' id='word_1_585' title='bbox 3243 4048 3365 4110; x_wconf 81' lang='lat' dir='ltr'><strong>post</strong></span> <span class='ocrx_word' id='word_1_586' title='bbox 3405 4046 3627 4107; x_wconf 87' lang='lat' dir='ltr'><strong>peccata</strong></span> 
     </span>
    </p>
   </div>
   <div class='ocr_carea' id='block_1_88' title="bbox 2047 4131 3629 4200">
    <p class='ocr_par' dir='ltr' id='par_1_88' title="bbox 2047 4131 3629 4200">
     <span class='ocr_line' id='line_1_88' title="bbox 2047 4131 3629 4200; baseline -0.013 0"><span class='ocrx_word' id='word_1_587' title='bbox 2047 4143 2304 4200; x_wconf 81' lang='lat' dir='ltr'><strong>contritis</strong></span> <span class='ocrx_word' id='word_1_588' title='bbox 2355 4140 2540 4196; x_wconf 89' lang='lat' dir='ltr'><strong>datam</strong></span> <span class='ocrx_word' id='word_1_589' title='bbox 2578 4153 2700 4192; x_wconf 88' lang='lat' dir='ltr'><strong>esse</strong></span> <span class='ocrx_word' id='word_1_590' title='bbox 2734 4135 2973 4198; x_wconf 84' lang='lat' dir='ltr'><strong>veniam,</strong></span> <span class='ocrx_word' id='word_1_591' title='bbox 3008 4149 3121 4199; x_wconf 79' lang='lat' dir='ltr'><strong>non</strong></span> <span class='ocrx_word' id='word_1_592' title='bbox 3143 4131 3312 4186; x_wconf 84' lang='lat' dir='ltr'><strong>fuisse</strong></span> <span class='ocrx_word' id='word_1_593' title='bbox 3338 4143 3469 4183; x_wconf 88' lang='lat' dir='ltr'><strong>vero</strong></span> <span class='ocrx_word' id='word_1_594' title='bbox 3503 4136 3629 4197; x_wconf 86' lang='lat' dir='ltr'><strong>post</strong></span> 
     </span>
    </p>
   </div>
   <div class='ocr_carea' id='block_1_89' title="bbox 2046 4210 3625 4294">
    <p class='ocr_par' dir='ltr' id='par_1_89' title="bbox 2046 4210 3625 4294">
     <span class='ocr_line' id='line_1_89' title="bbox 2046 4210 3625 4294; baseline -0.014 -3"><span class='ocrx_word' id='word_1_595' title='bbox 2046 4234 2290 4293; x_wconf 86' lang='lat' dir='ltr'><strong>occisum</strong></span> <span class='ocrx_word' id='word_1_596' title='bbox 2308 4230 2610 4287; x_wconf 89' lang='lat' dir='ltr'><strong>Christum.</strong></span> <span class='ocrx_word' id='word_1_597' title='bbox 2646 4247 2661 4279; x_wconf 74' lang='grc' dir='ltr'>ι</span> <span class='ocrx_word' id='word_1_598' title='bbox 2682 4227 2740 4281; x_wconf 85' lang='lat' dir='ltr'><strong>Id</strong></span> <span class='ocrx_word' id='word_1_599' title='bbox 2758 4210 3059 4294; x_wconf 70' lang='lat' dir='ltr'><strong>saepissime</strong></span> <span class='ocrx_word' id='word_1_600' title='bbox 3079 4222 3283 4277; x_wconf 81' lang='lat' dir='ltr'><strong>factum</strong></span> <span class='ocrx_word' id='word_1_601' title='bbox 3301 4230 3405 4283; x_wconf 89' lang='lat' dir='ltr'><strong>est,</strong></span> <span class='ocrx_word' id='word_1_602' title='bbox 3426 4218 3625 4288; x_wconf 89' lang='lat' dir='ltr'><strong>inquit,</strong></span> 
     </span>
    </p>
   </div>
   <div class='ocr_carea' id='block_1_90' title="bbox 2048 4310 3627 4391">
    <p class='ocr_par' dir='ltr' id='par_1_90' title="bbox 2048 4310 3627 4391">
     <span class='ocr_line' id='line_1_90' title="bbox 2048 4310 3627 4391; baseline -0.011 -11"><span class='ocrx_word' id='word_1_603' title='bbox 2048 4336 2109 4382; x_wconf 90' lang='lat' dir='ltr'><strong>ut</strong></span> <span class='ocrx_word' id='word_1_604' title='bbox 2149 4324 2454 4380; x_wconf 88' lang='lat' dir='ltr'><strong>clarissime</strong></span> <span class='ocrx_word' id='word_1_605' title='bbox 2500 4329 2655 4391; x_wconf 88' lang='lat' dir='ltr'><strong>patet</strong></span> <span class='ocrx_word' id='word_1_606' title='bbox 2707 4334 2774 4373; x_wconf 75' lang='lat' dir='ltr'><strong>ex</strong></span> <span class='ocrx_word' id='word_1_607' title='bbox 2812 4317 2957 4370; x_wconf 88' lang='lat' dir='ltr'><strong>libro</strong></span> <span class='ocrx_word' id='word_1_608' title='bbox 2991 4315 3270 4379; x_wconf 88' lang='lat' dir='ltr'><strong>Judicum,</strong></span> <span class='ocrx_word' id='word_1_609' title='bbox 3312 4322 3369 4367; x_wconf 91' lang='lat' dir='ltr'><strong>et</strong></span> <span class='ocrx_word' id='word_1_610' title='bbox 3398 4310 3627 4366; x_wconf 88' lang='lat' dir='ltr'><strong>historia</strong></span> 
     </span>
    </p>
   </div>
   <div class='ocr_carea' id='block_1_91' title="bbox 424 4402 3629 4498">
    <p class='ocr_par' dir='ltr' id='par_1_91' title="bbox 424 4402 3629 4498">
     <span class='ocr_line' id='line_1_91' title="bbox 424 4402 3629 4498; baseline -0.007 -19"><span class='ocrx_word' id='word_1_611' title='bbox 424 4425 500 4479; x_wconf 74' lang='grc' dir='ltr'><strong>Χ.</strong></span> <span class='ocrx_word' id='word_1_612' title='bbox 542 4424 761 4481; x_wconf 90' lang='lat' dir='ltr'><strong>Dictum</strong></span> <span class='ocrx_word' id='word_1_613' title='bbox 802 4424 1095 4490; x_wconf 85' lang='lat' dir='ltr'><strong>hactenus,</strong></span> <span class='ocrx_word' id='word_1_614' title='bbox 1148 4442 1259 4496; x_wconf 89' lang='lat' dir='ltr'><strong>quo</strong></span> <span class='ocrx_word' id='word_1_615' title='bbox 1291 4434 1558 4495; x_wconf 87' lang='lat' dir='ltr'><strong>tempore,</strong></span> <span class='ocrx_word' id='word_1_616' title='bbox 1603 4440 1713 4494; x_wconf 88' lang='lat' dir='ltr'><strong>quo</strong></span> <span class='ocrx_word' id='word_1_617' title='bbox 1741 4424 1941 4494; x_wconf 91' lang='lat' dir='ltr'><strong>impul-</strong></span> <span class='ocrx_word' id='word_1_618' title='bbox 1976 4443 2018 4498; x_wconf 76' lang='grc' dir='ltr'>υ</span> <span class='ocrx_word' id='word_1_619' title='bbox 2049 4420 2366 4489; x_wconf 82' lang='lat' dir='ltr'><strong>Regnorum</strong></span> <span class='ocrx_word' id='word_1_620' title='bbox 2406 4423 2465 4470; x_wconf 92' lang='lat' dir='ltr'><strong>et</strong></span> <span class='ocrx_word' id='word_1_621' title='bbox 2493 4411 2972 4482; x_wconf 87' lang='lat' dir='ltr'><strong>Paralipomenon.</strong></span> <span class='ocrx_word' id='word_1_622' title='bbox 3027 4408 3222 4463; x_wconf 89' lang='lat' dir='ltr'><strong>Postea</strong></span> <span class='ocrx_word' id='word_1_623' title='bbox 3244 4420 3377 4498; x_wconf 87' lang='lat' dir='ltr'><strong>vero</strong></span> <span class='ocrx_word' id='word_1_624' title='bbox 3406 4402 3501 4473; x_wconf 87' lang='lat' dir='ltr'><strong>qui</strong></span> <span class='ocrx_word' id='word_1_625' title='bbox 3531 4402 3629 4456; x_wconf 85' lang='lat' dir='ltr'><strong>de-</strong></span> 
     </span>
    </p>
   </div>
   <div class='ocr_carea' id='block_1_92' title="bbox 348 4513 1943 4585">
    <p class='ocr_par' dir='ltr' id='par_1_92' title="bbox 348 4513 1943 4585">
     <span class='ocr_line' id='line_1_92' title="bbox 348 4513 1943 4585; baseline -0.003 -13"><span class='ocrx_word' id='word_1_626' title='bbox 348 4532 504 4579; x_wconf 83' lang='lat' dir='ltr'><strong>sorc,</strong></span> <span class='ocrx_word' id='word_1_627' title='bbox 545 4524 602 4570; x_wconf 89' lang='lat' dir='ltr'><strong>et</strong></span> <span class='ocrx_word' id='word_1_628' title='bbox 626 4531 733 4584; x_wconf 90' lang='lat' dir='ltr'><strong>qua</strong></span> <span class='ocrx_word' id='word_1_629' title='bbox 763 4515 830 4570; x_wconf 89' lang='lat' dir='ltr'><strong>de</strong></span> <span class='ocrx_word' id='word_1_630' title='bbox 869 4531 1034 4571; x_wconf 85' lang='lat' dir='ltr'><strong>causa</strong></span> <span class='ocrx_word' id='word_1_631' title='bbox 1071 4530 1210 4585; x_wconf 92' lang='lat' dir='ltr'><strong>opus</strong></span> <span class='ocrx_word' id='word_1_632' title='bbox 1235 4514 1380 4569; x_wconf 87' lang='lat' dir='ltr'><strong>istud</strong></span> <span class='ocrx_word' id='word_1_633' title='bbox 1409 4523 1723 4584; x_wconf 85' lang='lat' dir='ltr'><strong>susceptum</strong></span> <span class='ocrx_word' id='word_1_634' title='bbox 1756 4513 1827 4568; x_wconf 91' lang='lat' dir='ltr'><strong>sit</strong></span> <span class='ocrx_word' id='word_1_635' title='bbox 1859 4522 1943 4567; x_wconf 48' lang='lat' dir='ltr'><strong>at:-</strong></span> 
     </span>
    </p>
   </div>
   <div class='ocr_carea' id='block_1_93' title="bbox 345 4603 1945 4677">
    <p class='ocr_par' dir='ltr' id='par_1_93' title="bbox 345 4603 1945 4677">
     <span class='ocr_line' id='line_1_93' title="bbox 345 4603 1945 4677; baseline -0.004 -14"><span class='ocrx_word' id='word_1_636' title='bbox 345 4623 462 4677; x_wconf 88' lang='lat' dir='ltr'><strong>que</strong></span> <span class='ocrx_word' id='word_1_637' title='bbox 510 4607 680 4662; x_wconf 86' lang='lat' dir='ltr'><strong>etiam</strong></span> <span class='ocrx_word' id='word_1_638' title='bbox 729 4607 1039 4660; x_wconf 88' lang='lat' dir='ltr'><strong>absolutum</strong></span> <span class='ocrx_word' id='word_1_639' title='bbox 1100 4624 1112 4659; x_wconf 90' lang='lat'>:</span> <span class='ocrx_word' id='word_1_640' title='bbox 1167 4621 1313 4660; x_wconf 90' lang='lat' dir='ltr'><strong>nunc</strong></span> <span class='ocrx_word' id='word_1_641' title='bbox 1356 4620 1456 4659; x_wconf 92' lang='lat' dir='ltr'><strong>cur</strong></span> <span class='ocrx_word' id='word_1_642' title='bbox 1481 4605 1589 4658; x_wconf 89' lang='lat' dir='ltr'><strong>alia</strong></span> <span class='ocrx_word' id='word_1_643' title='bbox 1616 4603 1945 4673; x_wconf 82' lang='lat' dir='ltr'><strong>explanandi</strong></span> 
     </span>
    </p>
   </div>
   <div class='ocr_carea' id='block_1_94' title="bbox 346 4692 1943 4766">
    <p class='ocr_par' dir='ltr' id='par_1_94' title="bbox 346 4692 1943 4766">
     <span class='ocr_line' id='line_1_94' title="bbox 346 4692 1943 4766; baseline -0.004 -14"><span class='ocrx_word' id='word_1_644' title='bbox 346 4698 557 4759; x_wconf 77' lang='lat' dir='ltr'><strong>forma,</strong></span> <span class='ocrx_word' id='word_1_645' title='bbox 590 4713 754 4766; x_wconf 86' lang='lat' dir='ltr'><strong>quam</strong></span> <span class='ocrx_word' id='word_1_646' title='bbox 786 4713 892 4766; x_wconf 89' lang='lat' dir='ltr'><strong>qua</strong></span> <span class='ocrx_word' id='word_1_647' title='bbox 928 4696 981 4750; x_wconf 91' lang='lat' dir='ltr'><strong>in</strong></span> <span class='ocrx_word' id='word_1_648' title='bbox 1002 4695 1146 4759; x_wconf 83' lang='lat' dir='ltr'><strong>aliis,</strong></span> <span class='ocrx_word' id='word_1_649' title='bbox 1180 4711 1314 4751; x_wconf 88' lang='lat' dir='ltr'><strong>usus</strong></span> <span class='ocrx_word' id='word_1_650' title='bbox 1337 4694 1427 4758; x_wconf 91' lang='lat' dir='ltr'><strong>sit,</strong></span> <span class='ocrx_word' id='word_1_651' title='bbox 1462 4695 1731 4748; x_wconf 90' lang='lat' dir='ltr'><strong>rationem</strong></span> <span class='ocrx_word' id='word_1_652' title='bbox 1760 4692 1943 4756; x_wconf 84' lang='lat' dir='ltr'><strong>aﬁ‘ert,</strong></span> 
     </span>
    </p>
   </div>
   <div class='ocr_carea' id='block_1_95' title="bbox 347 4784 1943 4858">
    <p class='ocr_par' dir='ltr' id='par_1_95' title="bbox 347 4784 1943 4858">
     <span class='ocr_line' id='line_1_95' title="bbox 347 4784 1943 4858; baseline -0.004 -15"><span class='ocrx_word' id='word_1_653' title='bbox 347 4788 505 4858; x_wconf 84' lang='lat' dir='ltr'><strong>quod</strong></span> <span class='ocrx_word' id='word_1_654' title='bbox 538 4790 609 4843; x_wconf 90' lang='lat' dir='ltr'><strong>sit</strong></span> <span class='ocrx_word' id='word_1_655' title='bbox 646 4788 852 4849; x_wconf 85' lang='lat' dir='ltr'><strong>utilior,</strong></span> <span class='ocrx_word' id='word_1_656' title='bbox 890 4787 1037 4857; x_wconf 87' lang='lat' dir='ltr'><strong>quod</strong></span> <span class='ocrx_word' id='word_1_657' title='bbox 1079 4788 1151 4840; x_wconf 90' lang='lat' dir='ltr'><strong>sit</strong></span> <span class='ocrx_word' id='word_1_658' title='bbox 1182 4787 1433 4855; x_wconf 73' lang='lat' dir='ltr'><strong>exemplo</strong></span> <span class='ocrx_word' id='word_1_659' title='bbox 1459 4784 1662 4841; x_wconf 86' lang='lat' dir='ltr'><strong>Christi</strong></span> <span class='ocrx_word' id='word_1_660' title='bbox 1692 4784 1943 4847; x_wconf 90' lang='lat' dir='ltr'><strong>similior,</strong></span> 
     </span>
    </p>
   </div>
   <div class='ocr_carea' id='block_1_96' title="bbox 348 4875 1948 4948">
    <p class='ocr_par' dir='ltr' id='par_1_96' title="bbox 348 4875 1948 4948">
     <span class='ocr_line' id='line_1_96' title="bbox 348 4875 1948 4948; baseline -0.003 -16"><span class='ocrx_word' id='word_1_661' title='bbox 348 4878 505 4948; x_wconf 88' lang='lat' dir='ltr'><strong>quod</strong></span> <span class='ocrx_word' id='word_1_662' title='bbox 562 4878 769 4932; x_wconf 87' lang='lat' dir='ltr'><strong>lastidii</strong></span> <span class='ocrx_word' id='word_1_663' title='bbox 809 4878 994 4932; x_wconf 90' lang='lat' dir='ltr'><strong>minus</strong></span> <span class='ocrx_word' id='word_1_664' title='bbox 1036 4877 1292 4946; x_wconf 60' lang='lat' dir='ltr'><strong>taediique</strong></span> <span class='ocrx_word' id='word_1_665' title='bbox 1333 4876 1560 4937; x_wconf 86' lang='lat' dir='ltr'><strong>habeat;</strong></span> <span class='ocrx_word' id='word_1_666' title='bbox 1621 4875 1822 4929; x_wconf 90' lang='lat' dir='ltr'><strong>addere</strong></span> <span class='ocrx_word' id='word_1_667' title='bbox 1850 4890 1948 4944; x_wconf 89' lang='lat' dir='ltr'><strong>po-</strong></span> 
     </span>
    </p>
   </div>
   <div class='ocr_carea' id='block_1_97' title="bbox 351 4968 1948 5039">
    <p class='ocr_par' dir='ltr' id='par_1_97' title="bbox 351 4968 1948 5039">
     <span class='ocr_line' id='line_1_97' title="bbox 351 4968 1948 5039; baseline -0.004 -14"><span class='ocrx_word' id='word_1_668' title='bbox 351 4980 503 5025; x_wconf 84' lang='lat' dir='ltr'><strong>terat</strong></span> <span class='ocrx_word' id='word_1_669' title='bbox 531 5012 544 5031; x_wconf 86' lang='lat'><strong>,</strong></span> <span class='ocrx_word' id='word_1_670' title='bbox 604 4970 651 5024; x_wconf 91' lang='lat' dir='ltr'><strong>si</strong></span> <span class='ocrx_word' id='word_1_671' title='bbox 695 4970 961 5025; x_wconf 89' lang='lat' dir='ltr'><strong>modestia</strong></span> <span class='ocrx_word' id='word_1_672' title='bbox 991 4970 1234 5034; x_wconf 89' lang='lat' dir='ltr'><strong>sivisset,</strong></span> <span class='ocrx_word' id='word_1_673' title='bbox 1279 4969 1429 5039; x_wconf 89' lang='lat' dir='ltr'><strong>quod</strong></span> <span class='ocrx_word' id='word_1_674' title='bbox 1458 4968 1739 5022; x_wconf 87' lang='lat' dir='ltr'><strong>eruditum</strong></span> <span class='ocrx_word' id='word_1_675' title='bbox 1761 4981 1948 5022; x_wconf 86' lang='lat' dir='ltr'><strong>senem</strong></span> 
     </span>
    </p>
   </div>
   <div class='ocr_carea' id='block_1_98' title="bbox 352 5061 778 5131">
    <p class='ocr_par' dir='ltr' id='par_1_98' title="bbox 352 5061 778 5131">
     <span class='ocr_line' id='line_1_98' title="bbox 352 5061 778 5131; baseline 0 -16"><span class='ocrx_word' id='word_1_676' title='bbox 352 5063 536 5131; x_wconf 82' lang='lat' dir='ltr'><strong>magis</strong></span> <span class='ocrx_word' id='word_1_677' title='bbox 564 5061 778 5116; x_wconf 82' lang='lat' dir='ltr'><strong>deceat.</strong></span> 
     </span>
    </p>
   </div>
   <div class='ocr_carea' id='block_1_99' title="bbox 423 5150 1951 5219">
    <p class='ocr_par' dir='ltr' id='par_1_99' title="bbox 423 5150 1951 5219">
     <span class='ocr_line' id='line_1_99' title="bbox 423 5150 1951 5219; baseline -0.004 -11"><span class='ocrx_word' id='word_1_678' title='bbox 423 5153 522 5208; x_wconf 78' lang='lat' dir='ltr'><strong>XI.</strong></span> <span class='ocrx_word' id='word_1_679' title='bbox 579 5152 893 5219; x_wconf 74' lang='lat' dir='ltr'><strong>Qmestione</strong></span> <span class='ocrx_word' id='word_1_680' title='bbox 925 5151 979 5217; x_wconf 72' lang='lat'><strong>2,</strong></span> <span class='ocrx_word' id='word_1_681' title='bbox 1016 5152 1048 5203; x_wconf 78' lang='lat'><strong>3</strong></span> <span class='ocrx_word' id='word_1_682' title='bbox 1089 5160 1145 5206; x_wconf 84' lang='lat' dir='ltr'><strong>et</strong></span> <span class='ocrx_word' id='word_1_683' title='bbox 1180 5152 1211 5206; x_wconf 69' lang='grc'><strong>4</strong></span> <span class='ocrx_word' id='word_1_684' title='bbox 1249 5152 1304 5205; x_wconf 91' lang='lat' dir='ltr'><strong>in</strong></span> <span class='ocrx_word' id='word_1_685' title='bbox 1345 5150 1603 5212; x_wconf 84' lang='lat' dir='ltr'><strong>Genesin,</strong></span> <span class='ocrx_word' id='word_1_686' title='bbox 1642 5166 1951 5205; x_wconf 88' lang='lat' dir='ltr'><strong>sermonem</strong></span> 
     </span>
    </p>
   </div>
   <div class='ocr_carea' id='block_1_100' title="bbox 427 5308 817 5367">
    <p class='ocr_par' dir='ltr' id='par_1_100' title="bbox 427 5308 817 5367">
     <span class='ocr_line' id='line_1_100' title="bbox 427 5308 817 5367; baseline -0.015 -3"><span class='ocrx_word' id='word_1_687' title='bbox 427 5324 454 5352; x_wconf 76' lang='grc'><strong>⁸</strong></span> <span class='ocrx_word' id='word_1_688' title='bbox 486 5309 630 5364; x_wconf 86' lang='lat' dir='ltr'><strong>Gen.</strong></span> <span class='ocrx_word' id='word_1_689' title='bbox 665 5325 702 5367; x_wconf 82' lang='grc' dir='ltr'><strong>ι,</strong></span> <span class='ocrx_word' id='word_1_690' title='bbox 728 5308 817 5360; x_wconf 71' lang='grc'><strong>26.</strong></span> 
     </span>
    </p>
   </div>
   <div class='ocr_carea' id='block_1_101' title="bbox 2050 4497 3629 4564">
    <p class='ocr_par' dir='ltr' id='par_1_101' title="bbox 2050 4497 3629 4564">
     <span class='ocr_line' id='line_1_101' title="bbox 2050 4497 3629 4564; baseline -0.012 0"><span class='ocrx_word' id='word_1_691' title='bbox 2050 4506 2305 4564; x_wconf 87' lang='lat' dir='ltr'><strong>bacchati</strong></span> <span class='ocrx_word' id='word_1_692' title='bbox 2334 4506 2554 4561; x_wconf 79' lang='lat' dir='ltr'><strong>fuerant</strong></span> <span class='ocrx_word' id='word_1_693' title='bbox 2582 4505 2637 4559; x_wconf 88' lang='lat' dir='ltr'><strong>in</strong></span> <span class='ocrx_word' id='word_1_694' title='bbox 2671 4502 3036 4563; x_wconf 84' lang='lat' dir='ltr'><strong>Salvatorem,</strong></span> <span class='ocrx_word' id='word_1_695' title='bbox 3088 4499 3144 4553; x_wconf 91' lang='lat' dir='ltr'><strong>in</strong></span> <span class='ocrx_word' id='word_1_696' title='bbox 3171 4497 3487 4552; x_wconf 89' lang='lat' dir='ltr'><strong>universam</strong></span> <span class='ocrx_word' id='word_1_697' title='bbox 3518 4504 3629 4547; x_wconf 85' lang='lat' dir='ltr'><strong>ter—</strong></span> 
     </span>
    </p>
   </div>
   <div class='ocr_carea' id='block_1_102' title="bbox 2050 4584 3626 4666">
    <p class='ocr_par' dir='ltr' id='par_1_102' title="bbox 2050 4584 3626 4666">
     <span class='ocr_line' id='line_1_102' title="bbox 2050 4584 3626 4666; baseline -0.011 -12"><span class='ocrx_word' id='word_1_698' title='bbox 2050 4615 2163 4654; x_wconf 85' lang='lat' dir='ltr'><strong>ram</strong></span> <span class='ocrx_word' id='word_1_699' title='bbox 2211 4605 2268 4653; x_wconf 87' lang='lat' dir='ltr'><strong>et</strong></span> <span class='ocrx_word' id='word_1_700' title='bbox 2312 4613 2463 4652; x_wconf 90' lang='lat' dir='ltr'><strong>mare</strong></span> <span class='ocrx_word' id='word_1_701' title='bbox 2495 4594 2730 4666; x_wconf 84' lang='lat' dir='ltr'><strong>dispersi</strong></span> <span class='ocrx_word' id='word_1_702' title='bbox 2780 4600 2931 4657; x_wconf 89' lang='lat' dir='ltr'><strong>sunt,</strong></span> <span class='ocrx_word' id='word_1_703' title='bbox 2985 4599 3041 4647; x_wconf 91' lang='lat' dir='ltr'><strong>et</strong></span> <span class='ocrx_word' id='word_1_704' title='bbox 3089 4605 3213 4645; x_wconf 90' lang='lat' dir='ltr'><strong>cum</strong></span> <span class='ocrx_word' id='word_1_705' title='bbox 3243 4584 3626 4657; x_wconf 85' lang='lat' dir='ltr'><strong>quadringenti</strong></span> 
     </span>
    </p>
   </div>
   <div class='ocr_carea' id='block_1_103' title="bbox 2048 4675 3625 4750">
    <p class='ocr_par' dir='ltr' id='par_1_103' title="bbox 2048 4675 3625 4750">
     <span class='ocr_line' id='line_1_103' title="bbox 2048 4675 3625 4750; baseline -0.015 -3"><span class='ocrx_word' id='word_1_706' title='bbox 2048 4693 2175 4747; x_wconf 82' lang='lat' dir='ltr'><strong>anni</strong></span> <span class='ocrx_word' id='word_1_707' title='bbox 2205 4689 2542 4750; x_wconf 80' lang='lat' dir='ltr'><strong>eﬁluxerint,</strong></span> <span class='ocrx_word' id='word_1_708' title='bbox 2570 4702 2681 4741; x_wconf 90' lang='lat' dir='ltr'><strong>non</strong></span> <span class='ocrx_word' id='word_1_709' title='bbox 2705 4694 2836 4741; x_wconf 89' lang='lat' dir='ltr'><strong>sunt</strong></span> <span class='ocrx_word' id='word_1_710' title='bbox 2862 4681 3268 4738; x_wconf 88' lang='lat' dir='ltr'><strong>revocationem</strong></span> <span class='ocrx_word' id='word_1_711' title='bbox 3291 4675 3625 4733; x_wconf 63' lang='lat' dir='ltr'><strong>consecuti.»</strong></span> 
     </span>
    </p>
   </div>
   <div class='ocr_carea' id='block_1_104' title="bbox 2047 4765 3630 4853">
    <p class='ocr_par' dir='ltr' id='par_1_104' title="bbox 2047 4765 3630 4853">
     <span class='ocr_line' id='line_1_104' title="bbox 2047 4765 3630 4853; baseline -0.013 -14"><span class='ocrx_word' id='word_1_712' title='bbox 2047 4784 2492 4853; x_wconf 74' lang='lat' dir='ltr'><strong>inadringentos</strong></span> <span class='ocrx_word' id='word_1_713' title='bbox 2540 4795 2715 4834; x_wconf 79' lang='lat' dir='ltr'><strong>annos</strong></span> <span class='ocrx_word' id='word_1_714' title='bbox 2761 4776 2947 4849; x_wconf 89' lang='lat' dir='ltr'><strong>posuit</strong></span> <span class='ocrx_word' id='word_1_715' title='bbox 2993 4788 3229 4829; x_wconf 69' lang='lat' dir='ltr'><strong>numero</strong></span> <span class='ocrx_word' id='word_1_716' title='bbox 3257 4771 3491 4839; x_wconf 82' lang='lat' dir='ltr'><strong>integro,</strong></span> <span class='ocrx_word' id='word_1_717' title='bbox 3528 4765 3630 4821; x_wconf 87' lang='lat' dir='ltr'><strong>etsi</strong></span> 
     </span>
    </p>
   </div>
   <div class='ocr_carea' id='block_1_105' title="bbox 2048 4858 3636 4941">
    <p class='ocr_par' dir='ltr' id='par_1_105' title="bbox 2048 4858 3636 4941">
     <span class='ocr_line' id='line_1_105' title="bbox 2048 4858 3636 4941; baseline -0.012 -13"><span class='ocrx_word' id='word_1_718' title='bbox 2048 4878 2309 4930; x_wconf 84' lang='lat' dir='ltr'><strong>deessent</strong></span> <span class='ocrx_word' id='word_1_719' title='bbox 2329 4872 2458 4927; x_wconf 90' lang='lat' dir='ltr'><strong>anni</strong></span> <span class='ocrx_word' id='word_1_720' title='bbox 2486 4872 2572 4936; x_wconf 87' lang='lat' dir='ltr'><strong>l7,</strong></span> <span class='ocrx_word' id='word_1_721' title='bbox 2599 4878 2892 4941; x_wconf 81' lang='lat' dir='ltr'><strong>propterea</strong></span> <span class='ocrx_word' id='word_1_722' title='bbox 2914 4866 3061 4938; x_wconf 89' lang='lat' dir='ltr'><strong>quod</strong></span> <span class='ocrx_word' id='word_1_723' title='bbox 3084 4871 3275 4920; x_wconf 78' lang='lat' dir='ltr'><strong>exacta</strong></span> <span class='ocrx_word' id='word_1_724' title='bbox 3295 4858 3636 4930; x_wconf 87' lang='lat' dir='ltr'><strong>computatio</strong></span> 
     </span>
    </p>
   </div>
   <div class='ocr_carea' id='block_1_106' title="bbox 2053 4949 3636 5029">
    <p class='ocr_par' dir='ltr' id='par_1_106' title="bbox 2053 4949 3636 5029">
     <span class='ocr_line' id='line_1_106' title="bbox 2053 4949 3636 5029; baseline -0.013 -8"><span class='ocrx_word' id='word_1_725' title='bbox 2053 4967 2189 5021; x_wconf 88' lang='lat' dir='ltr'><strong>nihil</strong></span> <span class='ocrx_word' id='word_1_726' title='bbox 2218 4964 2426 5020; x_wconf 86' lang='lat' dir='ltr'><strong>faceret</strong></span> <span class='ocrx_word' id='word_1_727' title='bbox 2456 4962 2522 5016; x_wconf 88' lang='lat' dir='ltr'><strong>ad</strong></span> <span class='ocrx_word' id='word_1_728' title='bbox 2555 4976 2669 5015; x_wconf 89' lang='lat' dir='ltr'><strong>rem</strong></span> <span class='ocrx_word' id='word_1_729' title='bbox 2698 5002 2711 5023; x_wconf 93' lang='lat'><strong>,</strong></span> <span class='ocrx_word' id='word_1_730' title='bbox 2761 4958 3035 5029; x_wconf 84' lang='lat' dir='ltr'><strong>siquidem</strong></span> <span class='ocrx_word' id='word_1_731' title='bbox 3064 4961 3347 5025; x_wconf 89' lang='lat' dir='ltr'><strong>comparat</strong></span> <span class='ocrx_word' id='word_1_732' title='bbox 3377 4949 3636 5020; x_wconf 83' lang='lat' dir='ltr'><strong>pristinas</strong></span> 
     </span>
    </p>
   </div>
   <div class='ocr_carea' id='block_1_107' title="bbox 2053 5051 3632 5127">
    <p class='ocr_par' dir='ltr' id='par_1_107' title="bbox 2053 5051 3632 5127">
     <span class='ocr_line' id='line_1_107' title="bbox 2053 5051 3632 5127; baseline -0.009 -20"><span class='ocrx_word' id='word_1_733' title='bbox 2053 5053 2239 5127; x_wconf 84' lang='lat' dir='ltr'><strong>popu‘i</strong></span> <span class='ocrx_word' id='word_1_734' title='bbox 2277 5051 2489 5109; x_wconf 66' lang='lat' dir='ltr'><strong>Iudaici</strong></span> <span class='ocrx_word' id='word_1_735' title='bbox 2532 5051 2831 5107; x_wconf 87' lang='lat' dir='ltr'><strong>servitutes</strong></span> <span class='ocrx_word' id='word_1_736' title='bbox 2861 5065 2987 5105; x_wconf 87' lang='lat' dir='ltr'><strong>cum</strong></span> <span class='ocrx_word' id='word_1_737' title='bbox 3018 5055 3315 5117; x_wconf 80' lang='lat' dir='ltr'><strong>postrema,</strong></span> <span class='ocrx_word' id='word_1_738' title='bbox 3345 5058 3465 5112; x_wconf 77' lang='lat' dir='ltr'><strong>qua:</strong></span> <span class='ocrx_word' id='word_1_739' title='bbox 3491 5055 3632 5109; x_wconf 88' lang='lat' dir='ltr'><strong>qua-</strong></span> 
     </span>
    </p>
   </div>
   <div class='ocr_carea' id='block_1_108' title="bbox 2056 5130 3633 5208">
    <p class='ocr_par' dir='ltr' id='par_1_108' title="bbox 2056 5130 3633 5208">
     <span class='ocr_line' id='line_1_108' title="bbox 2056 5130 3633 5208; baseline -0.017 -3"><span class='ocrx_word' id='word_1_740' title='bbox 2056 5149 2316 5205; x_wconf 60' lang='lat' dir='ltr'><strong>rumlthet</strong></span> <span class='ocrx_word' id='word_1_741' title='bbox 2358 5145 2589 5200; x_wconf 87' lang='lat' dir='ltr'><strong>aliarum</strong></span> <span class='ocrx_word' id='word_1_742' title='bbox 2638 5143 2988 5201; x_wconf 84' lang='lat' dir='ltr'><strong>durationcm</strong></span> <span class='ocrx_word' id='word_1_743' title='bbox 3037 5152 3300 5208; x_wconf 87' lang='lat' dir='ltr'><strong>superare</strong></span> <span class='ocrx_word' id='word_1_744' title='bbox 3354 5133 3488 5187; x_wconf 83' lang='lat' dir='ltr'><strong>satis</strong></span> <span class='ocrx_word' id='word_1_745' title='bbox 3534 5130 3633 5182; x_wconf 69' lang='lat' dir='ltr'><strong>de~</strong></span> 
     </span>
    </p>
   </div>
   <div class='ocr_carea' id='block_1_109' title="bbox 1693 5419 2274 5475">
    <p class='ocr_par' dir='ltr' id='par_1_109' title="bbox 1693 5419 2274 5475">
     <span class='ocr_line' id='line_1_109' title="bbox 1693 5419 2274 5475; baseline -0.005 -1"><span class='ocrx_word' id='word_1_746' title='bbox 1693 5420 2002 5475; x_wconf 66' lang='lat' dir='ltr'><strong>Slllltl.le</strong></span> <span class='ocrx_word' id='word_1_747' title='bbox 2045 5419 2274 5474; x_wconf 63' lang='lat' dir='ltr'><strong>NU&#39;I‘JS.</strong></span> 
     </span>
    </p>
   </div>
   <div class='ocr_carea' id='block_1_110' title="bbox 430 5629 2101 5708">
    <p class='ocr_par' dir='ltr' id='par_1_110' title="bbox 430 5629 2101 5708">
     <span class='ocr_line' id='line_1_110' title="bbox 430 5629 2101 5708; baseline -0.004 -22"><span class='ocrx_word' id='word_1_748' title='bbox 430 5633 482 5708; x_wconf 57' lang='grc' dir='ltr'><strong>’ξ</strong></span> <span class='ocrx_word' id='word_1_749' title='bbox 504 5632 583 5687; x_wconf 81' lang='lat' dir='ltr'><strong>Ita</strong></span> <span class='ocrx_word' id='word_1_750' title='bbox 610 5630 730 5708; x_wconf 53' lang='lat' dir='ltr'><strong>fere</strong></span> <span class='ocrx_word' id='word_1_751' title='bbox 767 5643 1040 5708; x_wconf 83' lang='lat' dir='ltr'><strong>supra,_p.</strong></span> <span class='ocrx_word' id='word_1_752' title='bbox 1078 5629 1405 5708; x_wconf 52' lang='lat' dir='ltr'><strong>Qﬁﬁrtmﬂfil.</strong></span> <span class='ocrx_word' id='word_1_753' title='bbox 1433 5699 1445 5708; x_wconf 85' lang='lat'>_</span> <span class='ocrx_word' id='word_1_754' title='bbox 1466 5630 1504 5658; x_wconf 59' lang='lat'><strong>3‘</strong></span> <span class='ocrx_word' id='word_1_755' title='bbox 1535 5629 1864 5708; x_wconf 65' lang='lat' dir='ltr'><strong>Vid._sttpra,</strong></span> <span class='ocrx_word' id='word_1_756' title='bbox 1890 5645 1941 5695; x_wconf 92' lang='lat' dir='ltr'><strong>p.</strong></span> <span class='ocrx_word' id='word_1_757' title='bbox 1978 5629 2101 5708; x_wconf 57' lang='lat'><strong>201.</strong></span> 
     </span>
    </p>
   </div>
   <div class='ocr_carea' id='block_1_111' title="bbox 2185 5602 3626 5678">
    <p class='ocr_par' dir='ltr' id='par_1_111' title="bbox 2185 5602 3626 5678">
     <span class='ocr_line' id='line_1_111' title="bbox 2185 5602 3626 5678; baseline -0.019 3"><span class='ocrx_word' id='word_1_758' title='bbox 2185 5626 2226 5658; x_wconf 84' lang='grc'><strong>³²</strong></span> <span class='ocrx_word' id='word_1_759' title='bbox 2260 5624 2380 5678; x_wconf 77' lang='lat' dir='ltr'><strong>Vid.</strong></span> <span class='ocrx_word' id='word_1_760' title='bbox 2407 5619 2681 5676; x_wconf 85' lang='lat' dir='ltr'><strong>Oudinmn</strong></span> <span class='ocrx_word' id='word_1_761' title='bbox 2717 5614 2788 5665; x_wconf 71' lang='lat' dir='ltr'><strong>De</strong></span> <span class='ocrx_word' id='word_1_762' title='bbox 2813 5612 2994 5676; x_wconf 67' lang='lat' dir='ltr'><strong>script.</strong></span> <span class='ocrx_word' id='word_1_763' title='bbox 3030 5607 3233 5665; x_wconf 55' lang='grc' dir='ltr'><strong>τίη-ιω..</strong></span> <span class='ocrx_word' id='word_1_764' title='bbox 3257 5615 3293 5656; x_wconf 93' lang='lat' dir='ltr'><strong>t.</strong></span> <span class='ocrx_word' id='word_1_765' title='bbox 3322 5605 3360 5666; x_wconf 86' lang='lat' dir='ltr'><strong>l,</strong></span> <span class='ocrx_word' id='word_1_766' title='bbox 3388 5620 3442 5676; x_wconf 74' lang='grc' dir='ltr'><strong>ν.</strong></span> <span class='ocrx_word' id='word_1_767' title='bbox 3473 5602 3626 5667; x_wconf 71' lang='grc'><strong>1063,</strong></span> 
     </span>
    </p>
   </div>
   <div class='ocr_carea' id='block_1_112' title="bbox 354 5679 3266 5769">
    <p class='ocr_par' dir='ltr' id='par_1_112' title="bbox 354 5679 3266 5769">
     <span class='ocr_line' id='line_1_112' title="bbox 354 5679 3266 5769; baseline -0.012 -10"><span class='ocrx_word' id='word_1_768' title='bbox 354 5703 406 5737; x_wconf 74' lang='grc'><strong>⁸⁸</strong></span> <span class='ocrx_word' id='word_1_769' title='bbox 436 5679 2153 5769; x_wconf 47' lang='lat' dir='ltr'><strong>ca};iam;13¢:1;.pastinationis14¢attritas?vn.</strong></span> <span class='ocrx_word' id='word_1_770' title='bbox 2187 5697 2222 5749; x_wconf 92' lang='lat' dir='ltr'><strong>l.</strong></span> <span class='ocrx_word' id='word_1_771' title='bbox 2261 5712 2308 5748; x_wconf 70' lang='grc' dir='ltr'><strong>ρ.</strong></span> <span class='ocrx_word' id='word_1_772' title='bbox 2347 5699 2536 5760; x_wconf 68' lang='lat' dir='ltr'><strong>qna-sl.</strong></span> <span class='ocrx_word' id='word_1_773' title='bbox 2576 5688 2663 5745; x_wconf 54' lang='lat' dir='ltr'><strong>“ll,</strong></span> <span class='ocrx_word' id='word_1_774' title='bbox 2697 5686 2784 5745; x_wconf 63' lang='lat'><strong>2‘2,</strong></span> <span class='ocrx_word' id='word_1_775' title='bbox 2814 5682 2902 5742; x_wconf 57' lang='lat'><strong>“25$,</strong></span> <span class='ocrx_word' id='word_1_776' title='bbox 2940 5679 3019 5740; x_wconf 76' lang='lat'><strong>.8,</strong></span> <span class='ocrx_word' id='word_1_777' title='bbox 3057 5679 3144 5741; x_wconf 66' lang='lat' dir='ltr'><strong>Sil,</strong></span> <span class='ocrx_word' id='word_1_778' title='bbox 3184 5680 3266 5731; x_wconf 8' lang='lat' dir='ltr'><strong>ait).</strong></span> 
     </span>
    </p>
   </div>
  </div>
