4070 6464
553 322 659 387 215
1653 333 1746 393 ΘΑ
1756 332 2032 397 RNERII
2069 331 2565 394 DISSERTATIO
2605 333 2686 393 Il.
3700 325 3795 389 216

555 433 1010 504 prehenderetur,
1055 437 1160 492 etsi
1208 436 1275 492 de
1320 439 1738 510 quadringentis
1762 444 1921 496 annis
1947 443 2133 512 plures
2162 450 2203 501 Α
2236 442 2414 511 gratia
2462 441 2658 496 factam
2720 438 2936 494 assidue
2993 433 3364 497 versantibus,
3396 433 3614 502 plurimi
3666 439 3798 491 ωειὶ-

556 539 721 592 quam
756 525 1149 594 septemdecim
1178 526 1626 583 detraherentur.

554 615 670 687 δυ.
697 615 1065 686 Interpretatio
1088 619 1143 671 in
1167 617 1408 674 Psalmos
1432 628 1637 673 centum
1658 631 1708 674 et
1728 621 2131 692 quinquaginta.

626 706 667 761 1.
731 707 1116 765 Theodoretus
1175 710 1651 780 interpretationis
1708 711 1765 764 in
1810 709 2135 765 Psalterium

555 797 805 851 meminit
827 812 1083 867 expresse
1115 798 1169 852 in
1192 799 1436 869 Epistola
1469 801 1537 855 ad
1564 801 1860 856 Eusebium
1886 800 1952 865 “,
1971 811 2136 869 atque

552 887 719 941 etiam
736 888 1040 956 quaestione
1062 890 1133 944 45
1165 893 1222 944 in
1249 890 1451 944 librum
1474 891 1518 944 ll
1548 891 1781 962 Regum.

496 1048 497 1051 η
621 975 687 1030 ll.
722 975 979 1047 Suscepit
1000 978 1169 1048 igitur
1194 979 1248 1033 id
1274 981 1456 1050 operis
1479 989 1602 1035 ante
1625 997 1828 1036 annum
1848 981 1950 1035 455
1966 998 1990 1047 ;'
2008 996 2135 1036 nam

554 1082 678 1121 eum
703 1068 974 1123 scriberet
994 1086 1138 1125 anno
1159 1071 1263 1125 445
1288 1073 1354 1126 ad
1378 1072 1699 1138 Eusebium,
1732 1074 1900 1128 tradit
1922 1089 1979 1127 se
2010 1079 2136 1127 ante

552 1158 845 1214 duodecim
870 1176 1045 1216 annos
1071 1161 1371 1216 confecisse
1420 1162 1591 1218 libros
1638 1180 1777 1233 quos
1817 1171 2132 1229 enumerat;

551 1259 842 1306 enumerat
863 1267 997 1307 vero
1025 1253 1269 1307 secundo
1292 1254 1412 1308 loco
1436 1255 1688 1309 Psalterii
1714 1256 2131 1325 expositionem.

550 1338 815 1406 Quamvis
864 1341 970 1396 hoc
1012 1350 1397 1413 argumentum
1444 1344 1728 1413 probabile
1771 1345 1844 1398 sit
1893 1359 2137 1414 veroque

555 1429 754 1492 simile,
812 1429 977 1486 debet
1013 1439 1194 1485 tamen
1248 1431 1455 1486 dictum
1499 1431 1833 1487 Theodoreti
1880 1431 2137 1502 restringi

554 1520 623 1575 ad
646 1521 861 1591 priores
886 1522 1080 1586 libros,
1129 1537 1268 1591 quos
1293 1531 1545 1577 recenset
1587 1541 1599 1575 :
1642 1539 1768 1577 nam
1790 1522 2134 1587 Philotheus,

553 1612 647 1681 qui
678 1619 988 1682 postremus
1010 1614 1348 1691 nominatur,
1379 1614 1470 1669 vix
1495 1626 1621 1670 ante
1646 1630 1851 1670 annum
1871 1614 1978 1669 445
2005 1614 2138 1669 scri-

552 1712 681 1773 ptus
707 1702 812 1758 dici
840 1711 1037 1774 potest,
1069 1712 1130 1759 ut
1160 1720 1260 1759 suo
1281 1705 1403 1760 loco
1432 1704 1922 1760 demonstrabitur.

2237 544 2382 588 mata
2421 536 2491 588 sit
2513 534 2578 587 ³⁵.

2307 624 2419 678 VII.
2448 623 2701 679 Ostendit
2731 623 2919 685 etiam,
2952 633 3116 690 quam
3142 617 3409 673 rationem
3450 617 3506 671 in
3532 631 3798 686 exponen-

2237 714 2322 769 dis
2351 714 2584 769 Psalmis
2607 720 2812 776 teneat,
2840 719 2897 767 et
2928 725 3095 781 quam
3125 709 3195 763 ob
3233 722 3477 762 causam.
3518 725 3536 757 ι
3579 705 3710 761 Cum
3748 708 3799 763 in

2236 801 2419 856 varios
2456 801 2773 856 incidissem
2804 797 3250 860 commentarios,
3279 794 3375 866 qui
3413 795 3615 866 partim
3646 795 3699 848 in
3725 797 3799 850 al-

2235 894 2498 964 legoriam
2536 895 2552 913 ⁶
2593 908 2721 947 cum
2770 892 2944 945 multa
2995 889 3245 943 satietate
3304 886 3559 951 abibant;
3612 886 3797 954 partim

2236 1000 2369 1038 vero
2413 983 2756 1054 prophetiam
2802 979 3131 1051 quibusdam
3170 976 3420 1033 historiis
3461 977 3540 1030 sic
3584 975 3798 1043 adapta-

2235 1076 2388 1139 bant,
2422 1083 2483 1129 ut
2509 1073 2713 1129 Judzeis
2756 1072 2942 1143 potius
2985 1069 3365 1140 interpretatio
3394 1067 3797 1136 suﬂragaretur,

2236 1182 2401 1236 quam
2427 1164 2553 1219 ﬁdei
2588 1163 2853 1217 alumnis:
2884 1160 3102 1216 solertis
3124 1174 3245 1213 esse
3291 1156 3500 1228 putavi,
3526 1165 3582 1210 et
3612 1156 3799 1211 horum

2236 1265 2294 1311 et
2329 1257 2549 1310 illorum
2588 1252 3038 1308 immodicitatem
3073 1252 3281 1321 Fugere.
3318 1247 3666 1316 Quaecunque
3690 1247 3803 1316 qui-

2238 1348 2361 1404 dem
2387 1346 2582 1417 priscis
2628 1344 2876 1399 historiis
2909 1342 3282 1405 cohaerebant,
3310 1340 3400 1395 his
3440 1338 3556 1393 haec
3597 1352 3803 1392 accom-

2238 1439 2464 1494 modare
2484 1439 2821 1500 etiamnunc,
2850 1432 3233 1504 praedictiones
3265 1440 3449 1486 autem
3484 1429 3552 1484 de
3579 1428 3803 1483 Domino

2236 1531 2479 1595 Christo,
2509 1538 2564 1584 et
2584 1529 2653 1583 de
2683 1527 2927 1582 Ecclesia
2956 1541 3023 1581 ex
3055 1524 3310 1596 gentibus
3342 1519 3648 1585 conflanda,
3679 1534 3802 1574 nec-

2238 1638 2351 1678 non
2381 1622 2449 1677 de
2470 1620 2783 1690 evangelica
2807 1617 3109 1688 republica,
3135 1617 3311 1685 deque
3334 1612 3647 1683 apostolicis
3673 1627 3806 1681 pne-

2239 1711 2628 1775 dicationibus,
2657 1724 2767 1763 non
2809 1708 2932 1761 aliis
2968 1705 3295 1775 quibusdam
3344 1701 3643 1769 ascribere,
3665 1702 3802 1773 quod

621 1794 710 1848 ΠΙ·
751 1794 905 1860 QUOd
958 1796 1004 1850 Si
1048 1804 1228 1850 autem
1284 1812 1374 1852 res
1420 1797 1496 1851 ila
1538 1812 1596 1852 se
1634 1797 1819 1861 habet.
1869 1796 1925 1850 id
1955 1796 2137 1865 operis
2172 1797 2209 1852 11
2238 1804 2411 1861 Judaei
2452 1804 2631 1858 facere
2683 1800 2884 1864 solent,
2927 1798 3021 1868 qui
3053 1797 3273 1852 malitia:
3309 1794 3513 1850 assueti
3560 1801 3708 1857 sunt,
3753 1802 3806 1847 et

550 1886 914 1955 compositum
937 1902 1058 1947 esse
1086 1897 1300 1957 Oportet
1329 1897 1452 1957 post
1483 1889 1750 1959 synodum
1780 1887 2134 1957 Ephesinam,

550 1992 675 2031 eum
727 1993 816 2031 res
872 1978 1209 2035 Nestorianze
1269 1981 1451 2036 adhuc
1504 1979 1801 2034 admodum
1833 1979 2135 2044 ferverent,

549 2082 761 2137 paxque
807 2068 948 2123 inter
993 2069 1300 2135 Ecclesias,
1356 2071 1529 2124 invito
1568 2070 1935 2134 Theodoreto,
1992 2077 2138 2124 esset

549 2156 705 2211 inita.
753 2155 979 2227 Oportet
1002 2166 1059 2213 et
1081 2159 1359 2229 pertinere
1388 2161 1454 2215 ad
1492 2161 1683 2225 libros,
1712 2161 1805 2229 qui
1848 2160 1903 2213 in
1935 2159 2138 2215 litteris

549 2248 616 2302 ad
639 2257 885 2304 sanctum
904 2249 1140 2305 Leonem
1173 2266 1315 2305 anno
1334 2251 1438 2307 419
1460 2251 1621 2316 datis,
1668 2260 1794 2305 ante
1818 2251 2135 2322 quindecim

548 2326 720 2393 annos
753 2338 944 2409 scripti
969 2340 1244 2394 dicuntur.

618 2428 779 2500 265
820 2428 908 2485 IV.
948 2428 1080 2484 Inde
1118 2428 1177 2483 ﬁt
1201 2438 1281 2493 ut,
1307 2432 1565 2500 quoniam
1599 2446 1743 2501 aeger
1782 2431 2002 2486 animus
2043 2430 2135 2485 vix

554 2520 843 2575 continere
872 2520 1012 2575 solet
1048 2530 1369 2591 conceptam
1410 2522 1919 2593 perturbationem,
1945 2538 2133 2576 erum-

549 2622 642 2683 pat
666 2613 810 2667 inter
831 2614 1307 2683 interpretandum
1337 2615 1570 2669 subinde
1595 2615 1848 2669 nonnihil
1900 2624 1995 2668 aut
2027 2614 2135 2669 ira-

549 2701 784 2767 cundiae,
817 2711 911 2757 aut
940 2705 1312 2773 querelarum,
1338 2714 1433 2759 aut
1467 2705 1843 2776 aegritudinis:
1872 2705 2018 2775 quod
2046 2716 2131 2760 at-

552 2802 735 2849 tentus
756 2795 931 2849 lector
953 2810 1067 2850 non
1091 2797 1259 2852 semel
1294 2798 1630 2852 observabit.

624 2885 689 2942 γ.
727 2884 1109 2942 Theodoretus
1134 2887 1308 2942 videri
1336 2895 1515 2958 potest
1544 2889 1787 2955 tradere,
1823 2905 1933 2944 non
1958 2890 2133 2944 conti-

550 2990 722 3031 nuum
768 2975 938 3032 fuisse
992 2979 1165 3033 totius
1207 2978 1391 3048 operis
1437 2979 1801 3035 elucubrandi
1862 2981 2128 3045 laborem,

550 3067 645 3123 sed
691 3067 925 3137 aliorum
964 3069 1267 3139 scriptione
1311 3070 1703 3140 interruptum.
1730 3071 1823 3126 Ait
1868 3072 2016 3127 enim
2038 3072 2081 3104 "
2113 3089 2126 3125 :

558 3177 577 3209 ι
604 3159 720 3214 Hoc
742 3168 993 3215 nostrum
1018 3160 1352 3216 desiderium
1376 3162 1727 3234 (explanandi
1757 3163 2128 3234 Psalterium),

550 3265 663 3304 non
697 3252 947 3306 siverunt
970 3251 1038 3305 ad
1074 3251 1237 3305 ﬁnem
1262 3254 1556 3321 pervenire
1583 3253 1641 3318 ii,
1669 3254 1764 3324 qui
1798 3270 1829 3309 a
1850 3255 2012 3309 nobis
2040 3270 2129 3308 sa—

552 3356 773 3397 crorum
820 3342 1054 3396 aliorum
1087 3342 1430 3397 voluminum
1469 3346 1881 3415 explanationes
1922 3345 2132 3417 etllagi-

556 3428 762 3488 tarunt.
803 3451 820 3486 »
851 3432 1036 3487 Malim
1062 3447 1164 3503 ego
1201 3442 1385 3489 tamen
1408 3436 1663 3491 assentiri
1689 3436 1984 3492 Sirmondo
2013 3436 2131 3490 exi-

552 3524 796 3580 stimanti
825 3523 1101 3594 integrum
1135 3540 1274 3593 opus
1298 3535 1422 3595 post
1450 3536 1780 3582 memoratos
1814 3527 1989 3582 libros
2012 3541 2132 3582 esse

551 3612 937 3682 compositum.
965 3611 1020 3666 Id
1042 3613 1191 3667 enim
1217 3614 1453 3669 suadent
1489 3615 1657 3670 verba
1678 3615 1861 3670 allatis
1895 3615 2078 3684 priora
2114 3633 2127 3667 :

557 3724 575 3755 ‹
609 3704 907 3774 Propterea
934 3704 1079 3759 hanc
1104 3705 1337 3775 primam
1365 3707 1709 3777 prophetiam
1741 3707 1993 3762 volebam
2032 3723 2130 3761 ex-

554 3808 785 3863 ponere,
822 3802 985 3865 atque
1030 3796 1328 3866 ingeniosis
1376 3799 1808 3863 mercatoribus,
1844 3812 1964 3853 eam
2009 3812 2131 3868 quae

552 3885 608 3939 in
647 3884 919 3954 profundo
944 3894 1048 3951 est,
1074 3886 1370 3943 utilitatem
1397 3905 1726 3960 proponere,
1767 3896 1829 3943 ut
1871 3898 2132 3943 canentes

548 3975 736 4039 simul,
773 3985 831 4031 et
871 3992 1064 4032 eorum
1102 3993 1225 4047 qua:
1263 3987 1536 4035 canuntur
1583 3979 1913 4034 sententiam
1953 3978 2133 4047 perci-

546 4066 784 4137 pientes,
807 4066 1147 4138 duplicatum
1181 4067 1421 4124 fructum
1446 4068 1775 4140 percipiant.
1825 4087 1844 4119 ›
1887 4067 2132 4123 Suadent

547 4157 715 4214 etiam
766 4158 1047 4228 sequentia
1101 4175 1116 4213 :
1180 4180 1199 4213 ί
1236 4161 1534 4231 Postquam
1574 4161 1742 4230 igitur
1769 4158 1923 4216 dedit
1968 4160 2132 4216 nobis

546 4248 712 4314 Deus,
758 4255 820 4303 ut
859 4251 1292 4306 commentarios
1330 4251 1386 4304 in
1430 4250 1547 4304 hcce
1587 4250 1762 4319 ipsius
1791 4250 2013 4321 eloquia
2060 4250 2129 4306 ad

547 4338 713 4393 ﬁnem
763 4339 1349 4411 perduceremus;age
1398 4341 1565 4412 hujus
1610 4340 1777 4396 etiam
1823 4342 2131 4413 prephetiaa

544 4429 944 4499 expositionem
971 4432 1118 4487 bono
1143 4428 1329 4488 animo
1352 4430 1758 4502 aggrediamur.
1787 4449 1806 4484 δ

619 4521 706 4577 Vl.
729 4520 851 4588 Quo
875 4521 1106 4580 consilio
1134 4523 1433 4579 accesserit
1461 4522 1529 4577 ad
1554 4523 1705 4578 hunc
1735 4523 2007 4589 laborem,
2033 4538 2128 4578 ex-

547 4611 707 4680 ponit
726 4611 967 4668 dilucide
998 4631 1012 4668 :
1064 4631 1085 4665 ‹
1116 4612 1249 4668 Mihi
1281 4611 1504 4683 quidem
1545 4628 1659 4681 pra:
1687 4612 1903 4668 caeteris
1926 4612 2128 4667 divinis

545 4701 784 4758 oraculis
823 4703 1064 4774 optabile
1117 4702 1240 4770 fuit,
1288 4703 1469 4774 magni
1508 4702 1730 4758 Davidis
1782 4702 2126 4774 prophetiam

546 4791 932 4863 interpretari;
962 4793 1409 4865 quandoquidem
1443 4793 1725 4865 religionis
1754 4794 1984 4859 alumni,
2011 4802 2127 4849 tum

545 4884 639 4951 qui
672 4884 859 4951 urbes,
882 4894 997 4940 tum
1031 4886 1303 4955 quiagros
1329 4884 1599 4950 incolunt,
1622 4885 1960 4956 praecipuam
1987 4900 2127 4956 ope-

545 4991 662 5029 ram
709 4977 843 5033 huic
879 4979 1023 5049 parti
1061 4986 1264 5033 navant
1285 4994 1511 5046 omnes;
1534 4979 1593 5035 in
1632 4979 1825 5049 primis
1857 4994 1992 5035 vero
2034 4981 2128 5050 qui

545 5067 907 5123 monasticam
946 5070 1116 5124 vitam
1151 5079 1339 5140 agunt,
1361 5069 1478 5124 dies
1503 5078 1805 5140 noctesque
1834 5070 2129 5128 Davidicos

544 5172 737 5213 versus
755 5157 812 5213 in
836 5174 932 5214 ore
953 5159 1180 5221 habent,
1211 5177 1231 5210 ι
1267 5168 1375 5214 etc.
1420 5158 1551 5214 Inde
1573 5175 1632 5216 se
1660 5160 1847 5230 prodit
1867 5160 2129 5216 nonnulla

542 5263 729 5315 causa,
763 5265 864 5305 cur
903 5266 935 5304 a
976 5248 1262 5305 monachis
1300 5249 1810 5321 interpretationem
1852 5252 1996 5309 hanc
2044 5253 2129 5308 sui

612 5409 641 5447 ι·
673 5405 817 5464 Psal.
842 5422 893 5473 1.,
918 5398 976 5460 7.

2240 1912 2351 1951 suae
2374 1892 2779 1949 incredulitatis
2800 1889 3211 1946 excusationem
3245 1896 3457 1942 texunt.
3484 1885 3629 1940 Satis
3664 1883 3804 1940 enim

2237 1997 2322 2044 est
2359 2004 2545 2043 rerum
2593 1986 2834 2055 ipsarum
2875 1981 3274 2042 testimonium,
3315 1990 3376 2032 ut
3409 1978 3476 2032 ad
3518 1976 3804 2031 veritatem

2239 2077 2709 2148 interpretationis
2741 2074 2977 2131 deducat
3006 2087 3122 2137 eos,
3144 2071 3239 2140 qui
3273 2069 3419 2123 illam
3448 2066 3691 2137 reperire
3713 2064 3805 2120 de-

2237 2169 2481 2224 siderant
2514 2185 2527 2221 :
2559 2166 2704 2221 unde
2728 2178 2851 2227 .non
2882 2162 3179 2220 admodum
3220 2159 3493 2215 laboriosa
3523 2157 3633 2212 erit
3653 2155 3808 2211 nobis

2236 2261 2613 2332 praedictionis
2646 2259 2957 2329 expositio,
3001 2255 3274 2326 siquidem
3321 2253 3463 2307 hanc
3513 2249 3805 2305 dilucidam

2235 2352 2365 2407 facit
2388 2352 2550 2422 266
2572 2366 2757 2404 rerum
2792 2345 3201 2415 contemplatio.
3229 2342 3584 2399 Studehimus
3605 2350 3804 2403 autem,

2232 2442 2380 2514 quod
2418 2443 2472 2497 in
2506 2440 2666 2495 nobis
2692 2440 2817 2504 erit,
2843 2436 3109 2493 orationis
3142 2434 3508 2506 prolixitatem
3543 2432 3735 2492 vitare,
3758 2438 3810 2485 et

2234 2532 2681 2603 compendiosam
2722 2528 3037 2585 volentibus
3080 2527 3373 2581 utilitatem
3421 2536 3750 2593 proponere.
3784 2538 3802 2570 ι

2233 2620 2382 2688 Quos
2403 2620 2607 2693 arguit,
2639 2628 2735 2673 aut
2782 2618 3077 2673 fastidiosa:
3110 2615 3403 2685 allegoriae,
3439 2622 3533 2667 aut
3558 2611 3716 2666 nimii
3756 2610 3810 2663 in

2231 2711 2451 2767 Iudaeos
2474 2710 2699 2773 favoris,
2726 2717 2821 2763 aut
2843 2707 3077 2762 twdiosae
3107 2704 3436 2776 prolixitatis
3452 2703 3809 2772 expositores,

2233 2802 2269 2857 ii
2306 2809 2436 2856 sunt
2476 2801 2869 2870 Apollinarius,
2907 2798 3231 2853 Theodorus
3267 2796 3689 2865 Mopsucstenus
3713 2833 3728 2856 ,
3760 2800 3815 2848 et

2232 2895 2659 2966 Chrysostomus
2718 2913 2731 2948 :
2791 2891 3070 2964 allegoriis
3124 2891 3356 2946 indulsit
3420 2889 3811 2958 Apollinarius,

2231 2984 2475 3039 Judaicis
2512 2982 2948 3053 expositionibus
2991 2980 3335 3045 Theodorus,
3374 2978 3804 3050 Chrysostomus

2232 3075 2557 3146 prolixitati.
2595 3073 2875 3128 Abstinuit
2896 3088 3029 3127 vero
3068 3070 3135 3125 ab
3159 3071 3247 3125 his
3286 3070 3610 3125 auctoribus
3638 3069 3811 3124 nomi-

2233 3164 2403 3218 natim
2438 3162 2779 3233 appellandis
2812 3170 3038 3233 propter
3065 3160 3432 3215 reverentiam
3457 3176 3472 3213 :
3498 3175 3629 3214 nam
3656 3159 3815 3230 Apol-

2233 3256 2414 3310 linarii
2453 3256 2653 3309 famam
2693 3254 3065 3325 suspiciebat,
3105 3252 3351 3321 reliquos
3388 3250 3528 3306 duos
3555 3259 3620 3306 ut
3645 3249 3815 3321 magi-

2232 3357 2380 3402 stros
2410 3347 2647 3402 colebat.

2305 3436 2439 3491 Vlll.
2484 3435 2935 3507 Chrysostomum
2989 3441 3169 3489 tamen
3218 3432 3293 3488 ita
3330 3437 3555 3487 secutus
3588 3439 3677 3485 est
3717 3428 3818 3482 hac

2234 3529 2289 3582 in
2340 3538 2525 3597 parte,
2581 3535 2639 3582 ut
2686 3524 2835 3579 aliud
2881 3524 3019 3580 nihil
3063 3525 3176 3580 fere
3236 3534 3497 3594 praestare
3542 3523 3817 3585 videatur,

2232 3633 2397 3687 quam
2452 3617 2600 3688 quod
2661 3617 2890 3672 ell‘usam
2944 3617 3093 3671 illius
3150 3615 3455 3670 orationem
3498 3613 3816 3669 contrahat.

2236 3708 2547 3765 Sententias
2571 3718 2720 3765 certe
2747 3708 3019 3778 expressit
3056 3723 3198 3778 saepe
3236 3725 3249 3761 :
3283 3706 3448 3762 verba
3486 3716 3678 3760 autem
3723 3705 3824 3760 ali-

2233 3798 2452 3868 quando
2481 3798 2789 3868 exscripsit.
2817 3797 2875 3852 ld
2910 3814 3033 3853 cum
3064 3797 3319 3867 pluribus
3344 3796 3615 3866 exemplis
3647 3793 3820 3849 mani—

2232 3891 2432 3957 festum
2462 3890 2584 3956 ﬂat,
2612 3901 2726 3945 tum
2760 3890 3066 3945 clarissime
3094 3897 3276 3959 patet,
3316 3889 3363 3944 si
3401 3886 3701 3957 utriusque
3735 3885 3821 3938 in-

2233 3981 2491 4052 terpretis
2514 3990 2569 4035 et
2596 3981 2809 4049 legatur
2847 3988 2903 4033 et
2943 3979 3259 4033 conferatur
3299 3977 3737 4033 commentarius
3770 3973 3821 4028 in

2231 4073 2500 4143 psalmum
2535 4084 2565 4124 ι.
2588 4070 2656 4125 ad
2682 4069 2797 4125 haec
2818 4069 3020 4124 verba:
3053 4067 3188 4122 Ecce
3208 4068 3265 4121 in
3302 4067 3681 4137 iniquitatibus
3701 4082 3826 4119 con-

2232 4176 2409 4235 ceptus
2438 4180 2555 4217 sum
2595 4164 2643 4227 δ,
2673 4168 2780 4217 etc.

2302 4254 2395 4319 IX.
2423 4253 2541 4309 Etsi
2567 4250 2865 4322 aliquando
2889 4256 3112 4305 secutus
3155 4249 3226 4303 sit
3258 4247 3639 4313 Theodorum,
3673 4246 3827 4300 hunc

2231 4347 2437 4404 deserit
2455 4354 2637 4400 tamen
2660 4352 2721 4397 ut
2742 4342 3061 4412 plurimum,
3080 4340 3248 4409 idque
3264 4339 3428 4409 justis
3449 4336 3517 4391 de
3534 4337 3729 4393 causis
3746 4336 3822 4390 "z

2155 4450 2203 4509 ι)
2229 4453 2358 4493 nam
2386 4435 2713 4491 Theodorus
2749 4434 2928 4503 primo
2952 4434 3121 4487 multa
3149 4431 3204 4485 in
3231 4429 3457 4486 Psalmis
3488 4429 3556 4483 de
3593 4428 3829 4484 Christo

2231 4529 2401 4591 dicta,
2440 4527 2732 4595 detorquet
2757 4524 2895 4590 alio;
2929 4522 3128 4578 deinde
3156 4522 3474 4577 adolescens
3501 4519 3826 4574 octodecim

2232 4632 2504 4673 annorum
2529 4615 2790 4670 Davidem
2819 4614 3213 4683 interpretatus
3251 4619 3353 4673 est,
3393 4624 3517 4663 cum
3551 4609 3689 4678 plus
3731 4608 3829 4662 ha-

2233 4708 2393 4763 beret
2428 4705 2672 4761 audacia:
2707 4720 2870 4774 quam
2892 4701 3260 4758 eruditionis.
3300 4700 3495 4755 Postea
3536 4697 3824 4769 ejusmodi

2235 4797 2575 4868 expositione
2599 4794 2861 4850 invidiam
2893 4794 3190 4847 multorum
3211 4790 3315 4845 sibi
3345 4787 3629 4853 conﬂavit,
3661 4785 3825 4858 quasi

2234 4890 2438 4947 Iudaeis
2472 4889 2721 4943 faveret:
2754 4885 2991 4955 denique
3031 4883 3149 4953 ipse
3192 4897 3354 4938 suum
3387 4879 3639 4952 juvenile
3682 4893 3831 4949 opus

2233 4999 2342 5039 non
2375 4981 2669 5037 admodum
2717 4977 3003 5048 probabat,
3036 4984 3097 5029 ut
3136 4974 3398 5029 infectum
3423 4973 3588 5027 etiam
3627 4972 3829 5025 vellet.

2230 5075 2470 5145 Ingenue
2509 5082 2689 5127 tamen
2740 5067 3042 5131 fatendum,
3074 5065 3221 5136 quod
3264 5081 3352 5119 res
3395 5073 3515 5128 est;
3563 5078 3632 5117 ea
3684 5077 3834 5116 non-

2230 5175 2512 5232 nunquam
2557 5161 2611 5213 in
2640 5157 2863 5214 Catenis
2904 5156 3009 5227 legi
3042 5171 3108 5211 ex
3133 5154 3428 5210 Theodoro
3462 5155 3516 5207 in
3538 5153 3827 5215 Psalmos,

2232 5268 2356 5323 quae
2383 5252 2695 5314 ostendant,
2729 5247 2800 5303 ab
2843 5247 2962 5316 ipso
2990 5246 3285 5301 litteralem
3313 5259 3534 5300 sensum
3571 5243 3834 5300 feliciter

1875 5525 2192 5583 SCHULZII
2231 5522 2468 5580 NOTAE.

611 5655 660 5740 ξι
683 5655 1150 5740 νίᾱζῆεῇἰει.-ξξε,
1173 5728 1188 5740 _
1208 5658 1337 5740 ιιι-ιη
1362 5662 1770 5740 Praefﬂujusce
1798 5663 2024 5740 Qperis._
2085 5663 2314 5740 ξξΡιιινΣ
2331 5661 2520 5740 nistim.
2536 5663 2625 5717 sit.
2648 5660 2773 5718 Hrec
2798 5660 3014 5732 supplet
3043 5658 3314 5725 Oudinus,
3333 5635 3422 5711 'De
3438 5658 3627 5726 script.
3653 5655 3825 5719 ccc-1..

543 5732 583 5780 ι.
621 5724 665 5792 1,
704 5739 759 5795 p.
788 5722 943 5781 1070.
1021 5727 1067 5761 ³⁷
1093 5727 1211 5784 Viti.
1246 5730 1479 5787 Fabricii
1506 5722 1752 5788 Biblioth.
1791 5722 1908 5799 Ora,
1940 5734 2047 5789 vol.
2085 5733 2178 5801 IX,
2207 5750 2261 5805 p.
2294 5731 2393 5788 160
2420 5747 2537 5801 seq.
