4070 6452
494 284 601 350 219

1594 287 1975 350 GARNERII
2014 288 2511 355 DISSER'I‘ATIO
2551 295 2623 356 ΙΙ.

3656 286 3763 350 220

493 395 720 453 nomine
745 406 1053 466 suspectus,
1082 398 1149 451 ad
1181 398 1315 453 illud
1342 415 1453 453 non
1496 400 1727 469 perinde
1789 409 1955 472 atque
2002 401 2070 455 ad
2100 409 2147 463 Α
2176 406 2211 459 li
2228 423 2370 460 :rem
2401 407 2740 461 solutionem
2770 404 3109 459 videbuntur
3134 403 3248 474 pati
3273 421 3286 455 :
3318 417 3443 459 nam
3468 414 3529 459 ut
3562 404 3758 461 ordine

495 491 638 545 alios
660 488 836 544 libros
888 491 1290 558 provocaverit,
1333 507 1444 561 quo
1488 492 1652 547 fidem
1702 508 1859 548 suam
1889 493 1957 548 de
1988 493 2075 547 in-

495 580 815 637 carnatione
845 590 1052 636 rectam
1091 596 1215 637 esse
1274 585 1558 654 probaret.
1612 586 1898 657 Nusquam
1928 587 2076 641 enim

494 675 591 725 aut
615 668 840 733 clarius,
878 679 975 725 aut
1026 669 1290 729 Ecclesiae
1344 673 1632 730 catholica:
1681 689 2078 732 consonantius

494 759 797 829 quidquam
823 759 893 815 de
917 758 1144 816 Christo
1165 763 1419 833 protulit.

563 872 627 928 Χ.
654 872 811 951 Adde
833 874 982 944 quod
1006 874 1062 929 in
1085 873 1310 931 Catenis
1331 877 1398 932 ad
1422 877 1709 934 Canticum
1732 880 2075 937 canticorum

492 981 524 1021 a
543 966 762 1021 nemine
777 960 1091 1034 adducitur,
1105 983 1231 1023 cum
1251 978 1429 1025 tamen
1444 971 1637 1039 soleat,
1654 982 1711 1027 et
1725 973 1947 1044 quidem
1965 975 2078 1030 fre-

493 1069 731 1131 quenter
745 1061 815 1116 ad
835 1062 974 1116 alios
985 1061 1287 1133 Scriptura:
1301 1063 1490 1129 libros,
1509 1081 1652 1134 quos
1663 1069 2077 1124 commentariis

491 1152 779 1221 exposuit;
821 1152 934 1207 imo
961 1153 1056 1207 ubi
1090 1155 1282 1220 semel,
1340 1155 1487 1225 quod
1531 1157 1758 1225 quidem
1807 1159 2082 1217 memine-

494 1242 621 1307 rim,
648 1258 678 1295 a
705 1242 996 1314 Neopbyto
1027 1244 1301 1298 monacho
1353 1245 1613 1299 laudatur
1634 1286 1650 1311 ,
1705 1246 2077 1318 fragmentum

492 1333 560 1389 ad
574 1335 744 1390 verba
773 1351 855 1400 nt,
892 1336 947 1400 9,
981 1336 1203 1406 Φοροῖον
1232 1335 1485 1405 ἐποίησεν
1516 1335 1694 1406 ἑαυτῷ
1730 1339 1759 1389 ὁ
1796 1336 2073 1407 βασιλεύς,

490 1432 627 1488 etc.,
665 1424 916 1490 affertur,
944 1424 1091 1495 quod
1139 1425 1342 1480 frustra
1386 1426 1442 1479 in
1468 1441 1638 1496 Opere
1669 1426 2076 1483 Sirmondianaa

490 1515 760 1571 editionis
783 1530 1017 1585 quaeras.

566 1608 627 1662 In
666 1607 771 1662 hac
829 1608 1155 1678 quaestione,
1206 1607 1407 1675 fateor,
1454 1608 1590 1664 baesi
1644 1608 1772 1676 diu,
1828 1613 2074 1665 incertus

491 1713 603 1767 quo
625 1713 713 1753 me
740 1709 1044 1753 verterem:
1077 1715 1203 1753 nam
1240 1701 1530 1770 utriusque
1554 1700 1730 1770 partis
1752 1710 2075 1772 argumenta

493 1791 660 1862 239
696 1791 1044 1858 videbantur,
1098 1793 1276 1863 prima
1316 1792 1541 1863 quidem
1589 1794 1772 1863 specie
1807 1794 2067 1861 intuenti,

493 1882 726 1948 invicta;
768 1883 867 1939 sed
911 1883 1216 1940 reflectenti
1260 1886 1542 1951 animum,
1580 1885 1936 1955 aliquatenus
1983 1886 2070 1939 in-

490 1974 699 2029 ﬁrmari
748 1990 910 2046 posse
943 1975 1009 2030 ".

559 2065 697 2121 Nam
727 2067 909 2136 primo
932 2067 987 2122 id
1016 2069 1163 2138 quod
1188 2085 1290 2140 pro
1319 2071 1505 2140 priore
1554 2079 1713 2141 parte
1762 2070 2072 2125 ducebatur

489 2159 560 2216 ab
586 2160 913 2216 auctoritate
968 2161 1281 2228 doctorum,
1328 2163 1532 2218 elevari
1594 2172 1776 2233 potest
1824 2163 1944 2218 sine
1977 2162 2076 2218 de-

491 2253 754 2307 trimento
798 2253 1032 2309 honoris
1106 2255 1274 2310 tantis
1327 2255 1649 2310 nominibus
1705 2254 1922 2309 debiti:
1974 2255 2071 2325 qui

488 2345 638 2399 enim
670 2344 1029 2400 Sirmondum
1060 2347 1236 2403 secuti
1272 2356 1425 2414 sunt,
1473 2347 1771 2402 Sirmoudo
1817 2348 2073 2417 religiose

488 2436 879 2503 crediderunt;
906 2436 1234 2493 Sirmondus
1256 2439 1413 2504 Zino,
1450 2439 1619 2494 Zinus
1653 2440 1869 2493 codicis
1897 2438 2073 2494 (ἓτκοί

487 2528 839 2599 exseriptori.
864 2529 1053 2584 Potuit
1077 2538 1259 2585 tamen
1282 2532 1593 2602 exscriptor
1628 2532 1683 2586 in
1710 2547 1956 2586 errorem
1981 2532 2068 2584 in-

488 2617 617 2673 duci
642 2619 976 2689 aprioribus
998 2620 1154 2675 aliis:
1182 2637 1285 2677 nec
1309 2623 1361 2677 id
1415 2623 1618 2677 mirum
1666 2622 1844 2677 videri
1883 2622 2068 2687 debet,

489 2726 617 2766 cum
642 2711 755 2783 jam
799 2712 931 2769 inde
963 2728 994 2768 a
1040 2713 1148 2769 line
1194 2715 1334 2769 sexti
1386 2715 1597 2783 sceculi,
1656 2730 1767 2785 quo
1819 2723 2069 2784 tempore

488 2800 790 2873 Gregorius
823 2804 1051 2876 Magnus
1103 2807 1306 2878 Pelagii
1367 2808 1593 2862 nomine
1623 2808 1925 2871 scribebat,
1960 2814 2069 2861 tam

488 2890 654 2949 facile
684 2896 933 2965 potuerit
974 2898 1405 2954 commentarius
1448 2898 1651 2969 aliquis
1688 2898 1745 2953 in
1780 2897 2070 2953 Canticum

487 2984 838 3042 Theodoreto
869 2990 1132 3059 supponi,
1168 3006 1334 3060 quam
1386 2991 1566 3061 reipsa
1594 2991 1713 3061 ipso
1751 2991 1947 3061 quinto
1969 3006 2072 3047 ste-

2181 498 2504 568 retrogrado
2531 514 2562 551 a
2592 508 2869 566 postrema
2896 495 3179 566 incipiam,
3220 511 3342 565 qua:
3372 496 3562 565 procul
3589 495 3759 551 dubio

2182 587 2417 641 multum
2485 586 2653 641 habet
2710 585 3009 656 ponderis,
3079 585 3444 641 nihilominus
3496 586 3758 642 adversus

2179 691 2299 730 eam
2331 692 2443 730 non
2481 676 2917 746 improbabiliter
2944 676 3054 731 dici
3094 684 3294 745 potest,
3314 676 3556 732 noluisse
3576 676 3755 732 Theo-

2180 767 2459 834 doretum,
2502 785 2628 824 cum
2657 769 3071 840 periclitaretur
3111 770 3181 825 de
3237 769 3364 837 fide,
3397 772 3645 828 exerceri
3670 774 3758 844 ju-

2178 862 2388 917 dicium
2418 878 2486 917 ex
2519 863 2681 929 libro,
2713 878 2825 933 quo
2856 861 3212 916 Theodorum
3246 861 3594 932 Mopsuestia;
3643 879 3759 918 ma-

2175 954 2406 1026 gistrum
2434 969 2596 1010 suum
2655 955 2940 1024 arguebat,
3006 968 3076 1009 ne
3135 954 3425 1010 damnasse
3474 954 3759 1011 videretur

2177 1063 2340 1117 quem
2360 1056 2550 1118 postea
2580 1047 2949 1109 defendisset;
2978 1055 3145 1116 atque
3178 1046 3254 1101 ita
3311 1047 3553 1102 levitatis
3582 1056 3639 1102 et
3668 1049 3756 1102 in-

2176 1138 2500 1194 constantiae
2526 1154 2654 1193 reus
2711 1137 2885 1203 ﬁeret,
2923 1154 3036 1207 quo
3066 1146 3315 1208 tempore
3352 1138 3589 1193 maxime
3625 1153 3758 1195 con-

2176 1229 2433 1284 stantiam
2464 1243 2621 1282 suam
2643 1228 2963 1282 extollebat.

2247 1320 2502 1387 Quintam
2568 1320 2812 1373 elevaret
2874 1317 3192 1388 quispiam,
3263 1325 3523 1372 causatus
3581 1317 3760 1387 primo

2177 1411 2450 1482 ejusmodi
2499 1410 2853 1466 Canticorum
2895 1409 3300 1479 expositionem
3341 1425 3452 1465 non
3483 1424 3607 1465 esse
3633 1424 3761 1479 pro-

2176 1502 2456 1567 lixiorem,
2511 1517 2675 1572 quam
2723 1518 2846 1572 qua:
2899 1502 3176 1568 Danielis;
3210 1502 3414 1557 deinde
3467 1510 3761 1572 utramque

2176 1610 2298 1649 esse
2323 1594 2657 1649 Theodoreti
2707 1594 2864 1663 quasi
2893 1593 3233 1658 tirocinium,
3275 1593 3423 1663 quod
3463 1594 3604 1648 solet
3634 1609 3760 1649 esse

2179 1685 2503 1749 verbosius;
2539 1684 2782 1753 denique
2799 1699 2925 1739 eum
2956 1693 3107 1749 tunc,
3155 1699 3279 1738 cum
3321 1684 3487 1753 27o
3541 1693 3761 1739 utrum.

2179 1792 2287 1846 que
2317 1791 2459 1846 opus
2487 1775 2778 1840 scriberet,
2829 1776 3078 1831 nondum
3127 1775 3647 1846 breviloquentiam,
3694 1784 3763 1832 ut

2178 1867 2258 1933 fit,
2291 1867 2573 1923 scribendi
2606 1883 2733 1933 usu,
2765 1867 3046 1924 didicisse.

2243 1980 2361 2035 Jam
2406 1997 2541 2036 vero
2590 1991 2805 2050 quarta,
2849 1990 2911 2036 ut
2944 1989 3029 2037 est
3084 1981 3153 2035 ab
3194 1981 3548 2045 auctoritate,
3609 1980 3761 2050 quod

2176 2071 2350 2137 aiunt,
2398 2073 2685 2142 negativa,
2722 2073 2796 2127 ita
2837 2073 3021 2127 minus
3074 2072 3232 2127 firma
3288 2081 3537 2143 apparet.
3583 2072 3760 2140 Quid-

2175 2163 2230 2217 ni
2299 2165 2447 2218 enim
2509 2164 2900 2218 Theodoretus
2970 2178 3082 2218 uno
3132 2163 3186 2217 in
3256 2164 3378 2218 loco
3424 2165 3759 2233 scripserit,

2176 2254 2324 2324 quod
2364 2255 2451 2310 vel
2491 2255 2610 2324 ipse
2645 2256 2701 2310 in
2741 2255 2850 2310 alio
2867 2254 3306 2326 prretermiser'at,
3330 2256 3419 2311 vel
3445 2256 3643 2326 reliqui
3667 2256 3761 2311 alii

2179 2348 2485 2401 tacuerint?
2505 2347 2707 2414 Quidni
2736 2348 3031 2411 Manasses,
3074 2362 3199 2402 cum
3230 2346 3502 2402 insaniret
3555 2347 3761 2417 impie-

2178 2438 2304 2492 tatis
2335 2445 2493 2501 aestu,
2522 2448 2733 2509 partem
2778 2439 3047 2493 librorum
3099 2451 3385 2493 sacrorum
3436 2440 3762 2494 combusse-

2177 2529 2268 2593 rit,
2299 2529 2566 2600 reliquam
2595 2541 2782 2600 postea
2805 2531 2995 2601 templi
3019 2531 3336 2585 incendium
3355 2531 3765 2600 absumpserit?

2248 2620 2436 2676 Tertia
2468 2631 2674 2685 autem,
2702 2636 2825 2691 quae
2854 2621 2923 2675 ad
2945 2620 3300 2676 Theodorum
3329 2622 3591 2692 pertinet,
3616 2622 3765 2677 mul-

2177 2720 2405 2783 tumque
2427 2728 2623 2783 urgere
2647 2713 2888 2775 videtur.
2945 2723 3224 2784 utcunque
3271 2713 3537 2769 declinari
3578 2721 3765 2783 potest

2174 2821 2244 2861 ex
2272 2820 2359 2870 eo,
2390 2805 2535 2875 quod
2580 2804 3060 2875 interpretationis
3081 2806 3311 2876 hujusce
3352 2813 3544 2860 auctor
3573 2804 3763 2859 videa-

2177 2906 2270 2953 tur
2293 2897 2350 2952 in
2382 2912 2512 2953 eum
2562 2897 2831 2965 scribere,
2863 2912 3028 2967 quem
3058 2896 3222 2960 colat,
3253 2898 3519 2967 cujusque
3556 2910 3764 2951 nomen

2175 3004 2289 3059 pra:
2319 2989 2631 3045 reverentia
2654 2989 2817 3043 silere
2841 2989 2973 3043 velit
2999 3005 3011 3041 :
3044 2988 3288 3057 alioquin
3308 3003 3409 3042 cur
3461 2996 3768 3043 testaretur

485 3080 613 3136 culo
673 3082 946 3152 suppositi
1002 3095 1132 3141 sunt
1186 3084 1434 3153 quinque
1488 3083 1843 3138 historiarum
1902 3083 2066 3138 libri:
2095 3099 2142 3160 α
2176 3097 2234 3137 se
2267 3080 2335 3136 ad
2364 3096 2503 3152 opus
2539 3079 2749 3151 impelli
2775 3079 3062 3151 religionis
3082 3079 3287 3143 studio,
3322 3088 3380 3134 et
3404 3078 3765 3134 veneratione

485 3171 680 3243 quidni
707 3174 1019 3245 suppositio
1045 3173 1408 3229 historiarum
1439 3172 1787 3229 Gennadium
1818 3175 2066 3246 ejusdem

486 3278 615 3318 cum
637 3263 991 3318 Theodoreto
1014 3264 1201 3318 saaculi
1232 3264 1558 3334 scriptorem
1587 3264 1846 3320 Latinum
1877 3265 2069 3330 latuit;

488 3352 563 3408 ita
589 3354 1114 3408 commentariorum
1138 3353 1447 3423 suppositio
1474 3354 1675 3408 nesciri
1698 3354 1882 3424 potuit
1904 3370 1933 3409 a
1962 3354 2070 3410 La-

487 3444 606 3498 tino
634 3444 1057 3499 alteriusszeculi
1103 3445 1428 3514 posterioris
1462 3445 1752 3517 Gregorio.

567 3533 659 3589 XI.
688 3534 844 3590 Adde
867 3534 1016 3605 quod
1043 3535 1352 3591 Ezechielis
1401 3536 1555 3593 locus
1586 3537 1748 3593 facile
1797 3539 1981 3609 potuit
2010 3539 2067 3594 in

485 3625 745 3681 eumdem
798 3641 1023 3682 sensum
1068 3641 1098 3680 a
1138 3626 1355 3683 duobus
1405 3630 1803 3684 tractatoribus
1846 3630 2069 3700 exponi,

487 3726 614 3768 cum
642 3712 711 3768 ab
762 3714 1022 3770 omnibus
1058 3732 1169 3772 uno
1196 3717 1310 3774 fere
1376 3719 1542 3775 modo
1584 3720 1914 3789 explicetur,
1967 3736 2073 3775 nec

487 3802 715 3861 dubiam
761 3805 962 3863 habeat
1011 3810 1486 3882 multiplicemque
1539 3812 1817 3882 allegoria:
1862 3812 2071 3867 intelli-

488 3895 756 3966 gentiam.

560 3987 579 4006 ‘
608 3984 724 4040 XII.
762 3985 915 4043 Adde
937 3988 1124 4056 etiam,
1176 3991 1323 4061 quod
1354 3991 1410 4046 in
1463 3992 1896 4048 commentarios
1939 4011 2070 4052 suos

488 4074 543 4131 in
593 4076 938 4135 Ezechielem
993 4079 1377 4137 Theodoretus
1423 4083 1668 4152 potuerit
1721 4086 2066 4154 transferre,

486 4168 634 4237 quod
667 4169 737 4224 ab
764 4170 1080 4241 antiquiore
1117 4172 1305 4228 forsan
1347 4183 1662 4244 sumpserat
1711 4174 2066 4234 Canticorum

487 4254 822 4328 interprete:
873 4261 1117 4316 mutuari
1166 4263 1317 4318 enim
1364 4262 1506 4318 solet
1560 4280 1670 4319 non
1702 4281 1895 4335 pauca,
1946 4286 2070 4340 quae

488 4348 607 4403 suis
665 4348 889 4419 scriptis
944 4350 1172 4407 inserat.
1228 4353 1347 4418 Qua
1385 4354 1745 4422 responsione
1799 4358 2068 4415 declinari

2181 3174 2428 3237 Patrum,
2445 3187 2585 3241 quos
2609 3172 2882 3235 nominat,
2907 3169 3156 3235 Eusebii,
3185 3168 3458 3240 Origenis,
3475 3167 3763 3240 Cypriani,

2175 3262 2386 3326 Basilii,
2409 3263 2700 3331 utriusque
2717 3259 2989 3331 Gregorii,
3016 3259 3240 3314 Diodori
3270 3267 3327 3314 et
3348 3258 3598 3317 Joannis.
3619 3273 3767 3328 quos

2175 3354 2520 3424 despexisset
2568 3352 2679 3416 ille,
2716 3367 2880 3421 quem
2913 3349 3232 3420 impugnat?
3293 3348 3406 3403 Hos
3454 3356 3603 3403 certe
3648 3362 3765 3402 non

2175 3461 2367 3516 parum
2394 3443 2710 3514 despexisse
2738 3441 3068 3497 Theodorus
3098 3440 3357 3495 traditur.

2240 3537 2353 3593 Cur
2381 3538 2499 3591 haec
2530 3535 2762 3590 adderet
2790 3534 2876 3587 ὀἳ
2916 3552 2932 3583 ι
2955 3531 3387 3587 Consideremus
3431 3547 3499 3585 an
3532 3545 3758 3599 aequum

2173 3627 2354 3691 situt,
2424 3635 2507 3680 tot
2551 3604 2828 3695 tantisque
2881 3624 3017 3678 viris
3066 3623 3364 3692 despectis,
3417 3629 3769 3690 contempto—

2173 3734 2280 3789 que
2307 3720 2425 3789 ipso
2449 3718 2661 3787 Spiritu
2685 3725 2896 3781 saneto,
2938 3716 3195 3786 pr0prias
3238 3714 3528 3784 opiniones
3565 3729 3768 3769 conse-

2173 3820 2412 3870 ctcmur,
2452 3822 2564 3860 non
2610 3804 2901 3860 audientes
2949 3820 3100 3869 eum,
3152 3805 3246 3875 qui
3283 3804 3543 3874 praeclare
3587 3804 3764 3858 dixit:

2173 3896 2530 3969 Cogitationes
2553 3895 2869 3949 mortalium
2892 3896 3116 3959 timidw,
3151 3903 3201 3947 et
3236 3897 3449 3949 inrertw
3478 3894 3768 3965 providen-

2175 3992 2517 4061 tiwipsorum
2548 3998 2605 4055 c;
2631 3996 2689 4041 et
2712 3987 2934 4042 beatum
2964 3987 3192 4042 Paulum
3230 3986 3299 4041 de
3328 3987 3661 4057 quibusdam
3695 3988 3766 4041 ita

2169 4084 2520 4153 loquentem:
2571 4079 2922 4134 Evanuerunt
2972 4079 3029 4131 in
3087 4079 3491 4148 cogitationibus
3533 4079 3666 4141 suis,
3720 4088 3768 4132 et

2170 4176 2505 4230 obscuratum
2533 4182 2607 4227 est
2628 4174 2879 4243 insipiens
2902 4188 2991 4225 cor
3014 4187 3196 4226 eorum
3220 4169 3267 4224 δ.
3296 4170 3409 4227 Nos
3439 4171 3609 4242 igitur
3629 4186 3765 4227 cum

2171 4268 2333 4323 beato
2388 4266 2552 4321 Petro
2600 4265 2675 4318 ita
2727 4263 3071 4320 clamemus:
3138 4261 3359 4317 Obedire
3404 4270 3608 4333 oportet
3652 4262 3773 4316 Deo

2175 4359 2341 4428 magis
2384 4373 2546 4426 quam
2592 4353 2887 4409 hominibus
2930 4363 2976 4407 ε.
3022 4353 3279 4407 Dicamus
3312 4353 3443 4406 item
3488 4352 3558 4408 ad
3609 4353 3763 4415 illos,

488 4449 699 4504 queunt
739 4440 844 4496 alia
873 4441 1041 4497 etiam
1072 4449 1417 4513 argumenta,
1449 4459 1573 4513 quae
1602 4459 1670 4498 ex
1706 4453 2067 4506 consonantia
2098 4441 2150 4501 D
2174 4463 2243 4501 an
2262 4449 2473 4517 justum
2504 4447 2575 4500 sit
2622 4444 2677 4497 in
2706 4452 3006 4514 conspectu
3038 4444 3160 4508 Dei,
3188 4460 3288 4498 vos
3326 4444 3514 4513 potius
3541 4443 3764 4509 audire,

488 4530 963 4603 interpretationis
1016 4537 1072 4591 in
1127 4535 1457 4604 Canticum,
1536 4554 1663 4592 cum
1744 4540 2068 4598 indubitatis

487 4620 823 4679 Theodoreti
853 4624 1097 4695 scriptis,
1129 4626 1439 4697 cujusmodi
1491 4628 1765 4697 expositio
1816 4631 2065 4687 Psalmo-

487 4727 631 4780 rum,
663 4715 1082 4785 prephetarum,
1129 4725 1186 4773 et
1240 4718 1511 4788 Apostoli,
1551 4730 1885 4776 sumuntur:
1924 4723 2069 4778 hanc

485 4816 617 4858 vero
670 4808 1088 4862 consonantiam
1146 4823 1267 4864 esse
1318 4826 1431 4864 non
1472 4810 1830 4879 mediocrem,
1876 4821 1933 4868 et
1964 4830 2068 4885 ego

488 4892 723 4950 libenter
749 4895 943 4963 fateor,
971 4907 1027 4953 et
1058 4914 1223 4953 nemo
1247 4942 1261 4966 ,
1293 4900 1386 4971 qui
1422 4911 1675 4958 versatus
1707 4903 1778 4957 sit
1826 4904 1880 4957 in
1909 4907 2066 4959 evol-

484 4985 699 5053 vendis,
730 5004 869 5057 quos
899 4988 1033 5054 dixi,
1070 4989 1406 5047 Theodoreti
1442 4993 1623 5058 libris,
1660 4996 1963 5065 negaverit.

557 5076 893 5135 Posterioris
919 5095 1053 5136 vero
1081 5081 1255 5150 partis
1286 5084 1529 5140 rationes
1558 5087 1681 5154 plus
1713 5086 1918 5141 habent
1945 5089 2068 5158 qui-

484 5165 611 5223 dem
640 5171 696 5226 in
725 5172 965 5242 speciem
996 5174 1257 5228 momenti
1285 5192 1297 5229 :
1331 5175 1425 5230 sed
1457 5177 1718 5244 quoniam
1747 5179 2064 5249 opinionem

487 5258 844 5319 inveteratam
895 5266 1207 5324 convellere
1251 5270 1531 5336 nituntur,
1567 5272 1772 5329 idcirco
1803 5275 2064 5343 probabi-

547 5431 583 5459 ἰ
618 5421 747 5491 Sap.
783 5437 855 5487 ix,
886 5422 970 5477 Η.
1046 5423 1072 5463 δ
1102 5425 1259 5480 Rom.
1287 5442 1325 5491 ι,
1364 5427 1454 5480 2|.
1536 5439 1559 5470 ε
1592 5430 1710 5484 Act.
1744 5447 1797 5495 v.
1834 5432 1921 5488 29.

2175 4550 2338 4606 quam
2363 4536 2558 4599 Deum,
2575 4533 2856 4605 judicatc:
2887 4549 2987 4588 nos
3012 4534 3159 4589 enim
3184 4550 3294 4588 non
3310 4549 3767 4604 possumus,qua:

2173 4625 2416 4681 vidimus
2440 4640 2539 4695 per
2570 4624 2843 4695 Spiritum
2879 4634 3156 4690 sanctum,
3196 4635 3253 4681 et
3290 4626 3626 4691 audivimus,
3648 4642 3765 4680 non

2172 4716 2347 4787 loqui.
2378 4735 2397 4769 ›
2427 4716 2581 4772 Adde
2614 4716 2763 4786 quod
2809 4716 2865 4771 in
2916 4716 3244 4788 praefatione
3289 4718 3658 4788 expositionis
3711 4714 3764 4772 in

2173 4808 2416 4863 Psalmos
2441 4807 2819 4872 Theodorum,
2857 4808 2968 4864 imo
2988 4816 3046 4863 et
3074 4808 3539 4881 Chrysostomum
3578 4810 3764 4865 tacitis

2176 4901 2494 4957 nominibus
2542 4900 2897 4973 perstringat,
2951 4900 3106 4954 illum
3151 4900 3359 4957 favoris
3414 4902 3469 4955 in
3515 4901 3760 4963 Junaeos.

2175 4996 2341 5050 istum
2376 4994 2562 5050 nimia:
2589 4992 2927 5064 prolixitatis
2972 5008 3261 5049 accusans.

2245 5086 2499 5142 Secunda
2533 5086 2699 5157 paulo
2724 5084 3002 5141 difﬁcilior
3020 5092 3125 5149 est,
3177 5085 3282 5141 nisi
3332 5086 3458 5157 quis
3494 5086 3758 5157 excipiat.

2173 5182 2291 5236 haec
2324 5178 2568 5236 auctoris
2595 5178 2665 5234 de
2695 5177 2805 5233 Chr
2823 5187 3094 5245 [sostomo
3121 5180 3315 5244 verba,
3356 5181 3412 5231 '0
3467 5183 3579 5242 τοῖς
3633 5181 3763 5249 ῥεύ-

2177 5290 2305 5343 ματι
2338 5273 2434 5342 τῆς
2462 5270 2816 5333 διδασκαλίας
2852 5271 3015 5342 μέχρι
3050 5272 3142 5325 καὶ
3168 5273 3415 5344 τήμερον
3451 5274 3634 5326 πᾶσαν
3656 5272 3758 5340 τὴν

1815 5526 2133 5620 scnULzu
2169 5566 2405 5619 Νυίιιε.

536 5666 599 5713 ."
631 5667 770 5752 Non
807 5665 943 5720 adeo
969 5667 1271 5752 biesitasfet
1305 5672 1622 5752 Garnerius,
1656 5679 1757 5752 nisi
1788 5680 2053 5752 alienum
2109 5681 2299 5735 fm-tum
2332 5697 2430 5749 pro
2465 5682 2700 5749 genuino
2754 5684 2915 5740 nobis
2971 5684 3264 5741 obtrudcrc
3300 5685 3581 5741 voluisset.
3627 5688 3751 5742 Vid.

485 5747 643 5805 eaput
674 5737 927 5792 ultimum
970 5737 1132 5810 hujus
1161 5741 1580 5802 dissertationis.
1611 5737 1621 5745 ’
1656 5751 1701 5782 ’θ
1741 5750 1857 5806 Vid.
1899 5751 2054 5807 Prmf.
2088 5752 2154 5806 ad
2186 5737 2344 5805 Cant:
2379 5737 2579 5806 canitie.
