2035 3224
141 220 315 259 meum
338 223 464 260 πάρδεύων
490 223 511 260 ’ξ
523 243 531 255 ,

139 268 338 304 Wipse,
354 269 404 297 sed
416 268 451 296 de
470 268 691 301 Joannislibris;
714 276 871 303 quanquam
884 268 942 295 vio-

139 314 223 342 lenta
233 314 296 342 hac
310 318 355 343 est
363 315 502 350 pauloque
518 314 616 342 durior
629 314 789 348 explicatio.

177 357 213 386 In
223 359 316 393 prima
329 359 436 387 haerere
461 359 530 386 mihi
545 367 645 394 aquam
670 359 775 386 fateor:
804 358 941 392 siquidem

137 403 318 432 militaribus
345 405 422 432 curis
451 404 600 439 impeditus
629 405 840 436 Theodoretus,
874 404 942 431 mihi

138 453 275 477 mth
288 450 381 478 simile
395 449 527 485 quiddam
540 455 599 480 est:
621 450 674 478 nisi
702 450 775 477 forte
796 450 858 485 quis
879 455 944 477 tune

139 494 320 531 Cymatium
328 496 482 532 regionem,
496 497 642 524 Persarum
655 500 741 529 metu,
756 496 900 528 militibus,
914 499 944 523 u‘.

143 540 192 574 It,
206 541 331 570 licenter
350 543 549 578 populantibus
573 543 659 578 magis
683 551 766 578 quam
790 542 941 574 tuentibus,

143 582 291 622 «meum
307 587 395 616 fuisse
407 588 523 616 divinet.
538 588 597 616 Jam
623 596 700 619 vero,
725 587 798 622 quod
830 587 942 618 dicitur,

141 636 220 669 opus
233 633 290 661 hoc
307 633 338 661 in
358 633 505 662 Canticum
535 634 690 661 Salomonis
713 641 769 660 non
791 633 896 659 laudari
916 633 943 659 in

146 678 276 712 umis,
293 686 357 715 qua:
367 680 449 715 vulgo
460 679 608 711 habentur,
623 679 650 706 id
663 679 772 714 quidem
786 686 880 704 verum
891 682 942 705 est:

145 724 200 753 sed
223 723 401 760 Ieri'potuit
423 733 457 752 ex
485 725 564 759 271
589 725 706 752 duarum
734 732 877 752 causarum
902 724 944 750 \‘el

143 769 246 803 altu-8;
263 769 318 798 ’νει
340 773 460 805 utraque
479 779 486 797 :
514 778 577 797 nam
607 770 774 797 Catenarum
799 770 945 796 eﬂ‘ectores

148 812 264 850 ph!“
286 822 321 844 ea
348 820 432 844 atate
457 816 605 848 vixerunt,
638 824 692 851 qua
723 816 794 842 male
816 815 946 842 audiebat

151 858 362 894 Metus,
393 868 493 896 nempe
516 861 589 888 circa
612 865 719 888 sextum
741 861 944 895 septimumque

147 904 350 940 mediumve!
375 910 521 934 octavum:
546 909 594 933 aut
610 906 718 933 rariora
744 906 866 937 fuerunt,
888 913 943 939 quo

147 952 358 988 unpor’ediri,
370 953 541 981 Theodoreti
556 960 651 987 opera,
671 953 768 979 saltem
793 952 941 979 nonnulla:

146 1004 308 1034 quea-sa
321 999 471 1031 exstiterit,
488 1006 538 1026 cur
562 998 678 1026 Photius
709 999 836 1025 curiosus
860 1002 943 1024 caete-

143 1043 405 1080 mquiulibrorum
431 1052 447 1072 a
465 1045 606 1072 veteribus
623 1045 762 1071 editorum
784 1044 941 1078 inquisitor,

145 1089 266 1127 hui“
290 1087 320 1118 in
347 1089 494 1118 Canticum
521 1089 740 1118 elucubrationis
768 1097 822 1116 non
848 1089 944 1116 memi-

144 1134 232 1163 norit.

177 1180 224 1220 All
235 1180 280 1213 id,
288 1181 364 1218 quod
373 1181 489 1209 aﬂ‘ertur
499 1190 533 1210 ex
545 1181 646 1210 Catena
656 1181 790 1217 Ncophyti
803 1181 942 1212 monachi,

143 1225 310 1262 responderi
327 1226 385 1254 duo
409 1232 537 1264 possunt.
561 1227 696 1258 Alterum,
724 1235 773 1262 pro
798 1227 944 1254 Theodoro

143 1268 387 1300 “librarium
410 1272 579 1300 Theodoreti
602 1280 702 1299 nomen
728 1273 870 1307 posuisse;
894 1280 944 1306 pro

144 1315 307 1350 Theodoro,
327 1317 452 1352 inquam,
471 1324 526 1344 non
542 1317 733 1351 Mopsuesteno
758 1317 804 1343 illo
830 1316 942 1346 celebri,

145 1362 197 1392 sed
215 1362 390 1392 ‘lléﬂcleota
414 1363 496 1398 longe
521 1363 671 1394 anteriore,
701 1366 729 1389 et
755 1362 815 1396 ipso
832 1362 943 1396 quidem

146 1408 462 1445 lﬂul‘scripturarum
481 1409 641 1443 interprete.
661 1409 796 1438 Alterum.
816 1408 944 1442 Neophy-

313 1455 464 1490 deceptum
488 1455 498 1464 ‘
515 1454 612 1486 fuisse,
636 1458 664 1481 et
691 1454 865 1480 Theodoreto
893 1454 945 1480 tri-

150 1491 357 1536 M'quod
384 1499 499 1527 alterius
525 1500 667 1535 cujusdam
683 1499 755 1526 foret
768 1498 943 1525 Canticorum

147 1540 326 1585 emiseris.
346 1545 422 1578 Haec,
451 1545 551 1578 fateor,
576 1547 741 1580 conjectura:
753 1549 817 1572 sunt
832 1554 839 1571 :
855 1545 902 1572 sed
918 1545 944 1571 in

146 1601 177 1622 re
189 1591 278 1622 dubia
289 1592 354 1628 quis
368 1591 598 1619 demonstrationi
615 1592 691 1619 locus
702 1591 713 1617 ?

177 1639 301 1675 [litigo
315 1638 474 1666 rationibus
492 1637 642 1673 impeditus
659 1638 782 1670 tenebar,
801 1645 863 1664 cum
877 1638 946 1664 forte

143 1684 234 1714 incidi
244 1683 276 1712 in
283 1683 411 1712 Graecum
427 1682 551 1710 codicem
558 1683 593 1715 “,
606 1690 688 1709 manu
700 1682 878 1709 eruditissimi
890 1682 947 1709 Sir-

142 1729 243 1758 mdi
250 1729 401 1764 scriptum,
415 1728 444 1756 in
459 1736 514 1763 quo
528 1728 722 1755 continebatur
731 1728 866 1762 expositio
876 1728 946 1754 Can-

143 1773 194 1801 ltlﬂ
211 1772 401 1804 canticorum,
416 1772 520 1799 nullius
537 1772 660 1799 auctoris
679 1773 790 1799 nomine
803 1772 944 1806 inscripta.

140 1818 225 1847 Illum
239 1825 294 1854 ego
306 1826 371 1846 cum
382 1818 514 1854 legerem,
529 1818 606 1845 visus
618 1826 678 1845 sum
691 1818 758 1844 mihi
772 1817 865 1844 ridere
876 1825 946 1844 non—

139 1864 227 1892 nulla
236 1863 407 1893 Theodoreti
419 1863 532 1896 indicia,
545 1872 607 1899 qua:
620 1872 674 1898 quo
686 1864 818 1891 attentius
832 1863 946 1898 perlegi,

139 1917 179 1938 eo
195 1917 246 1938 me
258 1910 349 1946 mag'm
364 1909 535 1945 impulerunt
550 1910 577 1937 in
594 1913 709 1944 partem,
728 1909 756 1936 in
770 1917 851 1944 quam
868 1909 947 1935 valde

140 1955 356 1993 propendebam
375 1965 383 1983 :
402 1963 473 1991 opus
484 1963 594 1991 nempe,
606 1956 685 1990 cujus
702 1963 717 1982 a
737 1963 766 1982 se
789 1955 816 1981 in
834 1954 947 1982 Cantica

140 2001 284 2030 elaborati
294 2000 488 2030 Theodoretus
500 2001 636 2033 meminit,
655 2008 712 2028 non
734 2008 794 2028 esse
809 2008 949 2027 commen—

141 2048 245 2080 tarios,
269 2054 341 2083 quos
363 2046 451 2075 edidit
464 2047 659 2081 .Sinnondus;
673 2047 720 2074 sed
742 2047 821 2073 istam
844 2047 946 2081 potius,

139 2100 232 2129 quin
249 2092 424 2126 evolvebam,
451 2093 665 2128 expositionem.
695 2092 770 2119 Nihil
799 2092 873 2119 enim
902 2091 947 2118 illa

139 2135 285 2172 continet,
299 2139 373 2175 quod
385 2138 535 2167 abhorreat
552 2147 567 2166 a
584 2139 797 2168 consuetudine.
810 2138 946 2170 doctrina,

138 2185 234 2221 atque
247 2188 329 2213 atate
343 2184 533 2218 Theodoreti;
549 2185 633 2213 habet
657 2193 672 2212 e
691 2185 831 2212 contrario
857 2185 946 2219 plura,

731 168 779 197 DE
801 168 927 197 LIBllIS
945 168 995 197 ΤΗ
1001 168 1199 198 EODORE'I'I-

562 222 678 258 intelligi
697 220 800 250 debere
827 230 882 250 non
906 222 941 249 de
955 225 978 252 Α
994 222 1043 254 illi,
1065 223 1168 250 obsunt
1183 224 1244 251 tria.
1266 224 1397 256 Primum,
1415 225 1516 252 locusa
1531 225 1674 260 Neophyto
1689 234 1782 254 mona-

1731 173 1784 203 “222

993 268 1045 295 eho
1066 268 1093 295 in
1107 276 1184 295 suam
1197 269 1327 297 Catenam
1339 271 1452 303 relatus,
1466 279 1521 298 non
1537 272 1675 305 reperitur
1688 271 1715 298 in
1731 272 1784 300 hoc

993 321 1086 348 opere.
1104 314 1237 346 Alterum,
1257 316 1342 351 stylus
1357 324 1410 343 non
1423 317 1533 344 videtur
1548 316 1713 344 Theodoreti
1725 317 1784 344 ele-

993 359 1112 393 gantiam
1126 363 1154 386 et
1169 359 1248 394 quasi
1265 360 1457 394 limpiditatem
1473 368 1580 395 sapere.
1598 361 1782 393 Postremum,

994 408 1034 431 tot
1044 406 1206 433 saeculorum
1218 406 1364 440 possessio,
1375 408 1458 434 tantis
1470 407 1586 435 testibus
1594 408 1782 442 comprobata,

995 456 1071 479 tanto
1097 460 1233 480 consensu
1249 453 1421 480 eruditorum
1444 453 1574 485 stabilita,
1595 454 1724 488 prohibet
1748 461 1783 481 ne

995 497 1169 525 Theodoreto
1185 498 1358 533 abjudicetur
1382 499 1510 533 vulgatus
1524 500 1739 527 commentarius
1756 500 1783 526 in

994 542 1136 570 Canticum
1153 544 1322 571 canticorum
1333 544 1366 571 ⁸³.

1257 601 1338 635 272
1348 600 1459 627 CAPUT
1476 600 1518 627 ιγ.

996 656 1120 682 Recensio
1132 663 1251 691 operum,
1268 665 1327 691 qum
1345 661 1413 697 tumo
1433 656 1546 683 St’t‘lllltlo
1568 656 1630 682 edit.
1651 655 1783 683 Sirmoudi

1301 696 1479 718 contmenlur.

1032 747 1135 775 Tomus
1157 747 1294 775 secundus
1319 747 1511 782 complectitur
1537 746 1732 774 commentaria
1756 746 1782 772 in

996 801 1093 821 omnes
1115 793 1252 820 sexdecim
1268 793 1427 827 prophetas.
1443 792 1504 819 ch
1525 800 1575 826 pro
1589 791 1648 819 suis
1661 791 1785 826 agnoscit

997 839 1189 867 Theodoretus
1203 839 1284 873 epist.
1301 838 1335 865 82
1349 847 1355 864 :
1377 847 1385 863 ι
1402 838 1454 865 Per
1466 837 1513 864 Dei
1531 837 1645 872 gratiam
1663 836 1785 870 Prophe-

961 889 1039 922 Btas
1067 893 1163 912 omnes
1191 884 1361 918 interpretati
1390 890 1518 910 sumus.»
1549 883 1583 909 Et
1606 882 1686 917 epist.
1713 882 1783 908 H3:

999 932 1159 967 «Explicala
1177 935 1241 958 sunt
1255 939 1269 957 a
1285 938 1327 957 me
1339 930 1459 957 oracula.
1478 938 1486 954 ι
1516 929 1549 955 Ει
1575 929 1601 955 in
1624 928 1785 955 Prazfatione

994 979 1164 1005 Psalmorum
1182 986 1188 1003 2
1220 986 1229 1001 ε
1248 976 1299 1003 Alii
1322 975 1437 1002 aliorum
1455 982 1596 1001 sacrorum
1614 973 1783 1000 voluminum

994 1023 1199 1058 explanationes
1212 1021 1395 1056 eﬂlagitarunt
1408 1029 1415 1052 ;
1426 1020 1616 1054 imposuerunt
1627 1019 1707 1046 nobis
1717 1027 1786 1045 non-

996 1068 1065 1094 nulli
1092 1071 1122 1094 ut
1137 1066 1279 1094 Canticum
1308 1065 1479 1092 canticorum
1500 1071 1710 1099 cxpuneremus.
1726 1064 1785 1090 Ali-

994 1114 1040 1148 qui
1063 1121 1128 1140 vero
1153 1112 1204 1139 viri
1229 1111 1430 1138 desideriorum
1458 1110 1629 1144 prophetiam
1646 1108 1786 1136 desidera-

995 1162 1094 1185 verunt
1113 1164 1289 1192 cognoscere.
1303 1155 1356 1182 Alii
1376 1155 1462 1182 divini
1475 1154 1637 1184 Ezechielis,
1656 1153 1700 1180 alii
1718 1153 1785 1180 duo—

994 1204 1083 1231 decim
1107 1203 1303 1238 prophetarum
1321 1201 1514 1236 praedictiones
1526 1200 1694 1227 obscuritate
1706 1199 1784 1226 invo-

995 1250 1067 1276 lutas
1080 1248 1221 1276 enucleari
1234 1248 1286 1275 sibi
1302 1251 1330 1274 ct
1344 1246 1477 1273 declarari
1491 1246 1665 1280 postularunt
1678 1255 1684 1271 :
1698 1245 1787 1272 dedit—

995 1303 1048 1330 que
1071 1295 1152 1322 nobis
1172 1294 1363 1321 universorum
1386 1292 1469 1322 Dcus,
1485 1296 1515 1318 ut
1535 1291 1747 1319 commentarios
1759 1291 1786 1317 in

996 1342 1054 1369 haec
1069 1341 1156 1376 ipsius
1171 1340 1263 1367 divina
1275 1339 1384 1374 eloquia
1395 1340 1427 1366 ad
1441 1339 1521 1365 linem
1535 1337 1759 1372 pcrduceremus.
1774 1345 1783 1361 ι

997 1397 1011 1433 §
1026 1398 1046 1425 l.
1060 1398 1097 1425 De
1106 1396 1301 1424 commentariis
1316 1397 1343 1422 in
1355 1404 1445 1422 omnes
1466 1395 1606 1430 prophetas
1629 1393 1786 1429 generatim.

1030 1454 1051 1480 l.
1062 1453 1121 1486 Quo
1132 1453 1263 1487 temporis
1275 1453 1372 1480 ordine
1381 1452 1407 1479 in
1421 1451 1544 1486 singulos
1553 1450 1702 1485 prophetas
1717 1449 1786 1476 scri-

996 1499 1094 1533 pserit,
1119 1498 1219 1532 partim
1247 1497 1305 1532 ipse
1331 1500 1424 1531 aperte
1445 1495 1567 1530 exponit,
1587 1494 1686 1528 partim
1705 1500 1788 1527 argu-

997 1550 1088 1572 menta
1108 1544 1252 1579 colligendi
1270 1543 1436 1578 suppeditat.
1451 1541 1559 1568 Primus
1583 1548 1647 1574 ergo
1659 1538 1738 1566 labor
1759 1538 1787 1564 in

998 1592 1136 1619 Danielem
1151 1590 1287 1621 incubuit,
1301 1589 1439 1616 secundus
1450 1589 1477 1614 in
1491 1586 1674 1617 Ezechielem,
1689 1584 1788 1611 tertius

998 1638 1023 1665 in
1042 1638 1162 1664 minores
1175 1636 1331 1667 duodecim,
1352 1638 1467 1669 quartus
1495 1634 1523 1660 in
1545 1633 1652 1664 Isaiam,
1674 1631 1788 1666 quintus

998 1684 1026 1711 in
1039 1683 1197 1714 Jcremiam,
1212 1686 1370 1716 postremus
1382 1681 1407 1707 in
1422 1680 1655 1710 Lamentationes,
1670 1685 1787 1712 quarum

998 1729 1026 1755 in
1055 1728 1107 1757 line
1121 1728 1180 1754 hinc
1200 1728 1281 1755 habet
1297 1735 1303 1753 ε
1333 1736 1340 1750 ι
1357 1726 1433 1754 Hanc
1444 1725 1526 1752 etiam
1541 1724 1602 1751 aliis
1618 1722 1788 1758 propheticis

997 1774 1076 1801 libris
1091 1773 1243 1808 adiecimus
1260 1771 1528 1806 interpretationem,
1546 1770 1613 1796 adeo
1625 1773 1665 1800 ut,
1681 1776 1729 1802 per
1740 1767 1787 1794 Dei

997 1819 1123 1855 gratiam,
1151 1818 1255 1844 nullam
1282 1816 1454 1852 prophetiam
1480 1814 1717 1850 interpretationis
1740 1821 1789 1841 ex—

998 1869 1103 1899 pertem
1115 1863 1309 1898 reliquerimus
1320 1863 1353 1889 ‘5.
1370 1872 1379 1887 ι

1033 1911 1065 1937 ll.
1086 1910 1118 1937 In
1140 1909 1339 1937 commentario
1364 1908 1396 1935 ad
1414 1912 1497 1942 caput
1512 1916 1572 1934 xxxi
1592 1906 1719 1934 Ieremia:
1733 1913 1790 1932 me—

998 1955 1078 1982 mittit
1103 1953 1363 1982 commentariorum
1391 1953 1418 1979 in
1445 1952 1637 1979 Ezechielem:
1659 1960 1667 1976 ι
1684 1950 1790 1978 Clarius

998 2001 1050 2028 hoc
1068 2001 1151 2028 etiam
1169 2000 1238 2026 dixit
1255 1999 1387 2025 Dominus
1405 2006 1454 2032 per
1468 1998 1590 2024 divinum
1603 1996 1788 2026 Etechielem,

997 2052 1026 2074 ct
1043 2054 1092 2073 nos
1110 2046 1161 2080 ipsi
1182 2045 1309 2079 pluribus
1332 2043 1506 2077 interpretati
1529 2049 1626 2069 sumus
1639 2042 1672 2068 ⁸⁵.
1688 2051 1697 2067 ι
1723 2041 1791 2068 Eze-

998 2093 1114 2119 chielem
1129 2091 1213 2126 igitur
1228 2094 1291 2117 ante
1307 2089 1456 2117 Jeremiam
1470 2089 1668 2123 interpretatus
1682 2091 1734 2114 est.

1034 2137 1078 2164 lll.
1095 2136 1135 2163 Ad
1153 2140 1234 2170 caput
1260 2143 1312 2162 xxn
1334 2133 1457 2168 ejusdem
1485 2133 1611 2160 Jeremia:
1621 2133 1789 2159 mentionem

998 2182 1064 2209 iacit
1076 2180 1257 2216 expositionis
1279 2179 1306 2206 in
1319 2179 1417 2206 Isaiam
1432 2186 1438 2204 ε
1457 2187 1465 2203 ε
1484 2177 1582 2212 Hujus,
1600 2176 1698 2210 inquit,
1712 2175 1791 2202 locu—

139 2238 210 2267 qoa
225 2230 272 2258 ltls
286 2230 406 2259 miriﬁce
419 2235 574 2266 congruant
591 2239 597 2257 :
622 2230 759 2265 siquidem
777 2230 870 2258 brevis
891 2234 942 2262 est,
962 2233 983 2260 Ι)
999 2228 1081 2255 tionis
1110 2227 1245 2254 rationem
1279 2225 1406 2261 pluribus
1430 2223 1614 2259 explicuimus
1645 2222 1673 2248 in
1704 2221 1790 2248 divini

139 2275 305 2313 cuimodi
317 2282 415 2304 omnes
429 2275 556 2312 genuina:
571 2275 738 2303 Theodoreti
748 2275 942 2310 expositiones;

138 2321 296 2358 mysticum
305 2328 419 2350 sensum
432 2321 472 2349 ita
487 2321 675 2356 persequitur,
692 2325 722 2348 ut
738 2321 845 2348 nullum
863 2320 945 2348 faciat

140 2363 298 2397 Theodoro
308 2367 505 2403 Mopsuesteno
517 2367 671 2395 convicium
685 2376 693 2400 ;
706 2367 798 2394 verbis
811 2367 943 2399 abundat,

140 2420 210 2449 qua
223 2410 423 2441 Theodoretus
444 2412 557 2440 videtur
569 2412 712 2440 aﬁ'ectasse
730 2420 737 2445 ;
753 2416 782 2439 et
796 2411 945 2447 Scriptura;

142 2459 221 2492 loca,
233 2465 297 2494 qua
308 2457 475 2491 adorantur,
490 2458 606 2494 perinde
623 2466 656 2485 ac
669 2458 861 2485 Theodoretus
885 2457 946 2484 aliis

143 2505 267 2538 inlocis,
288 2504 499 2540 interpretatur.
517 2503 683 2532 Brevitatem
700 2508 729 2532 et
745 2503 882 2531 Theodori
901 2512 945 2530 rc-

143 2549 303 2578 verelstiatn
319 2549 379 2585 ipsa
392 2549 476 2577 lectio
489 2549 660 2576 demonstrat
676 2558 683 2576 :
697 2549 750 2576 alia
763 2549 819 2576 duo
834 2548 945 2584 probari

142 2596 267 2630 possunt
280 2592 338 2622 non
349 2592 454 2621 diﬁcili
469 2593 591 2629 negotio.

179 2641 288 2670 Verum
311 2639 464 2676 quominus
486 2639 642 2668 adhaereant
662 2639 777 2667 ﬁrmiter
788 2639 947 2675 cogitationi

998 2274 1075 2301 Isaiae
1099 2272 1337 2308 interpretatione.
1356 2281 1364 2296 ι
1395 2271 1465 2305 Ergo
1488 2269 1572 2296 etiam
1599 2268 1697 2295 Isaiam
1727 2271 1790 2294 ante

997 2319 1143 2348 Jeremiam
1165 2317 1301 2353 exposuit.
1326 2316 1419 2350 Quid?
1437 2316 1510 2351 quod
1529 2315 1675 2341 admodum
1699 2313 1789 2341 credi-

998 2365 1053 2394 bile
1078 2369 1131 2397 est,
1156 2363 1353 2391 commentaria
1377 2362 1484 2397 singula
1506 2368 1539 2388 eo
1553 2360 1655 2395 scripta
1669 2367 1729 2387 esse
1745 2366 1790 2385 or-

998 2411 1073 2443 dine,
1091 2418 1146 2445 quo
1160 2413 1309 2437 censentur
1323 2408 1351 2435 in
1366 2407 1528 2435 meatione
1543 2406 1724 2436 Psalmorum,
1743 2403 1789 2431 ubi

998 2456 1093 2485 Daniel
1109 2455 1240 2491 primum,
1259 2454 1361 2482 deinde
1373 2453 1513 2486 Ezechiel,
1527 2452 1702 2487 postmodum
1720 2450 1790 2478 duo-

997 2502 1086 2529 decim
1101 2501 1243 2536 prophetaa
1260 2500 1382 2527 minores
1399 2503 1597 2526 memorantur.

1032 2548 1067 2575 Et
1087 2555 1154 2575 vero
1175 2547 1203 2574 in
1222 2546 1385 2574 Praefatione
1405 2545 1528 2573 Danielis
1547 2544 1691 2572 manifeste
1710 2543 1791 2570 docet

998 2593 1190 2621 Theodoretus
1213 2601 1229 2620 a
1250 2600 1279 2620 se
1297 2591 1437 2620 Danielem
1459 2590 1579 2625 primum
1590 2589 1713 2617 omnium
1724 2595 1790 2623 pro-

997 2639 1144 2674 phetarum
1167 2638 1322 2674 expositum
1337 2637 1432 2669 fuisse,
1447 2635 1586 2670 simulque
1598 2634 1664 2662 lacti
1678 2640 1788 2662 causam

813 2738 972 2768 SCllULZII
991 2737 1106 2766 ΝΟΤΑΞ.

177 2813 199 2830 ⁸¹
210 2811 298 2841 Praef.
308 2810 344 2839 ad
351 2810 432 2839 Cant.
465 2810 541 2839 "llic
554 2812 614 2839 sine
625 2811 710 2838 dubio
718 2815 760 2837 est
768 2809 980 2838 commentarius
990 2809 1045 2841 ille,
1055 2816 1136 2843 quem
1148 2807 1212 2834 alibi
1223 2807 1358 2843 ntystirum
1368 2809 1456 2836 vocat,
1467 2812 1602 2843 quemque
1610 2802 1738 2843 Auctario
1750 2801 1790 2829 in-

147 2838 358 2882 serere—voluit.
367 2846 441 2882 ΠΜ.
456 2838 539 2882 caput
547 2838 673 2882 ultimum
682 2846 762 2882 hujus
773 2844 852 2882 diss.)
864 2845 916 2882 sed
926 2838 1081 2882 Anon__st_ev_ti:t
1094 2838 1260 2882 promissis.‘
1284 2842 1306 2857 “
1319 2841 1379 2882 Quo
1396 2838 1518 2882 tcinppre
1532 2839 1650 2882 scriptus
1664 2838 1700 2865 sit
1714 2846 1789 2882 oppi-

150 2872 441 2912 maritatam;
460 2872 824 2916 cahticjidisputatui-intra,
841 2872 945 2914 p.274.
985 2872 1120 2905 “Vidi.
1141 2877 1161 2904 ιι
1189 2872 1255 2904 clm.
1277 2872 1386 2909 nostrae,
1405 2872 1506 2911 p.668.
1547 2874 1569 2890 ιι
1587 2872 1711 2907 lbid.,p.
1728 2872 1788 2900 διε.
