4070 6450
524 290 633 357 223

1622 297 2000 359 GARNERII
2044 302 2538 365 DISSERTATIO
2578 306 2658 364 ΙΙ.

3674 303 3781 367 224

519 405 763 460 atl'ert“.
782 403 937 461 Hunc
957 409 1280 477 prophetam
1302 410 1356 463 in
1382 412 1919 479 prmeuticonamur
1938 416 2106 469 inter-
2137 423 2175 476 A
2208 419 2302 472 sed
2330 419 2625 475 Hebraieos
2645 428 2699 473 et
2726 419 2966 481 lunares,
2995 426 3053 472 ut
3072 425 3252 483 vocat;
3277 432 3373 473 seu
3404 419 3499 488 qui
3530 418 3779 477 undecim

520 496 752 567 pretari,
777 513 886 552 non
914 500 1069 569 quasi
1100 500 1260 565 alios,
1286 499 1431 569 quod
1450 501 1594 554 absit
1624 503 1635 554 ε
1664 512 2102 569 contemnentes;

518 604 715 643 omnes
741 589 886 643 enim
930 589 1184 645 novimus
1225 606 1345 645 esse
1389 590 1628 660 Spiritus
1672 594 1847 647 sancti
1896 594 2105 649 instru-

521 695 575 733 m
600 690 736 732 ‘nta:
763 679 856 732 sed
887 679 1122 748 primum
1145 679 1369 749 quidem
1394 681 1571 751 ipsius
1591 683 2103 753 interpretationem

518 787 551 825 a
592 770 751 825 nobis
784 769 1079 825 familiares
1106 771 1497 841 efﬂagitarunt,
1526 789 1857 846 mquumque
1882 778 2104 833 censui-

522 878 664 925 mus,
708 861 1037 916 beneficium
1086 862 1155 918 iis
1195 864 1293 932 qui
1323 864 1623 934 petierunt,
1658 883 1767 921 non
1810 868 2103 939 denegare.

522 951 728 1006 Deinde
762 951 890 1006 facit
917 953 1079 1023 273
1109 954 1425 1009 Iudaeorum
1469 957 1727 1023 amentia,
1768 967 1828 1013 ut
1873 960 1998 1015 aliis
2049 961 2107 1016 in

522 1042 778 1111 praesenti
801 1043 1042 1108 omissis,
1073 1044 1240 1116 hujus
1264 1045 1651 1114 praedictiones
1674 1049 1919 1104 enudare
1941 1058 2108 1121 atque

519 1132 739 1201 aperire
770 1134 1144 1203 aggredimur.
1182 1135 1261 1192 Eo
1291 1137 1565 1206 siquidem
1595 1139 1948 1210 impudentia:
1977 1158 2107 1211 pro-

522 1236 761 1287 cessere,
788 1232 902 1277 uta
922 1224 1321 1294 prophetarum
1352 1228 1522 1284 choro
1547 1236 1565 1250 '
1590 1230 1769 1301 ipsum
1797 1243 2104 1305 segregent,

523 1314 915 1384 prophetzeque
952 1326 1317 1387 cognomento
1349 1319 1678 1377 defraudent
1713 1323 1782 1376 ⁸⁷.

595 1405 678 1459 Ad
704 1407 809 1460 hoc
830 1409 1205 1463 testimonium
1254 1412 1549 1468 observare
1595 1424 1832 1484 oportet,
1871 1418 2017 1485 quod
2053 1426 2110 1473 et

526 1494 912 1552 Theodoretus
956 1499 1091 1554 alias
1123 1500 1312 1565 refert,
1343 1519 1402 1558 se
1430 1520 1458 1557 a
1496 1521 1667 1574 puero
1692 1507 1747 1561 in
1782 1509 1953 1564 sacris
1990 1509 2106 1564 Lit-

526 1585 663 1640 teris
688 1585 983 1642 cducatum
1017 1606 1030 1641 :
1067 1590 1329 1644 Παιδόθεν
1354 1594 1535 1657 αὐτοῖς
1570 1597 1878 1666 ἐντραφείς.

598 1676 676 1730 De
724 1679 865 1748 stylo
910 1689 963 1734 et
1017 1680 1086 1735 de
1138 1684 1351 1739 ratione
1408 1686 1807 1757 interpretandi
1857 1690 1909 1745 id
1944 1690 2109 1746 habet

529 1766 775 1831 I’hotius,
831 1770 977 1838 quod
1028 1773 1131 1827 etsi
1177 1773 1317 1830 dixit
1353 1776 1421 1830 de
1473 1751 1881 1835 commentariis
1918 1779 1973 1835 in
2001 1782 2107 1836 Da-
2144 1751 2183 1807 Β

525 1857 748 1923 uielem,
787 1861 953 1917 latius
987 1871 1170 1919 tamen
1197 1868 1389 1936 procul
1433 1869 1603 1924 dubio
1628 1873 1872 1941 pertinet
1902 1891 1915 1927 :
1952 1893 1968 1925 ι
2001 1874 2108 1930 Le—

525 1947 725 2016 gimus,
754 1948 934 2020 inquit
955 1953 1021 2019 ⁸⁸,
1055 1954 1201 2009 beati
1229 1958 1561 2015 Theodoreti
1589 1961 2107 2033 interpretationem

423 2046 435 2058 '
526 2038 787 2096 Danielis.
847 2042 944 2098 Vir
1002 2060 1134 2100 sane
1182 2049 1380 2105 doctus
1425 2068 1536 2106 non
1580 2052 1872 2127 Hippolyto
1922 2057 2105 2122 modo,

526 2143 720 2184 verum
752 2133 919 2188 etiam
944 2136 1065 2191 aliis
1088 2139 1274 2193 multis
1312 2143 1760 2212 propheticorum
1792 2163 2107 2203 sermonum

527 2218 989 2292 interpretatione
1039 2231 1337 2286 antecellit.
1393 2233 1570 2289 Dictio
1612 2236 1734 2306 ejus
1769 2248 2108 2293 commenta-

528 2312 687 2378 tioni,
726 2316 771 2369 si
807 2318 1127 2388 cujusquam
1157 2322 1317 2383 alius,
1344 2326 1625 2394 aptissima
1661 2346 1672 2380 :
1711 2345 1834 2382 nam
1870 2338 1924 2383 ct
1958 2330 2109 2400 puris

527 2402 986 2478 signantibusque
1034 2413 1220 2466 verbis
1256 2413 1440 2469 abdita
1491 2432 1724 2487 qumque
1770 2427 1823 2473 et
1872 2420 2105 2475 obscura

529 2496 758 2560 revelat,
812 2505 868 2552 et
897 2500 1246 2568 jucunditate
1281 2505 1516 2573 quadam
1548 2508 1704 2576 quasi
1746 2507 2107 2565 delinimento

529 2588 799 2659 suavique
841 2590 1029 2662 lepore
1081 2594 1147 2648 ad
1185 2595 1269 2649 sui
1313 2596 1607 2653 lectionem
1639 2599 1851 2655 invitat.
1880 2600 2022 2668 Quin
2053 2612 2108 2657 et

526 2693 596 2733 ex
648 2694 716 2734 eo
761 2682 908 2749 quod
958 2684 1024 2737 ad
1067 2687 1325 2757 ambages
1353 2690 1534 2744 nullas
1576 2680 2108 2763 digreSsioncsquea

526 2772 811 2839 proposito
835 2786 1164 2845 argumento
1197 2780 1439 2845 recedat,
1472 2782 1783 2837 satietatem
1812 2800 1922 2838 non
1944 2786 2108 2841 modo

526 2860 731 2914 nullam
769 2862 948 2930 atl‘ert,
1001 2866 1098 2921 sed
1124 2883 1187 2922 ea
1223 2869 1471 2939 insuper,
1504 2888 1627 2941 quae
1661 2874 1715 2927 in
1746 2874 1973 2930 dubium
2007 2894 2107 2931 vo-

524 2963 746 3019 cantur,
786 2956 903 3012 sine
949 2958 1059 3013 ulla
1112 2962 1197 3015 vel
1240 2963 1561 3020 confusione
1607 2966 1692 3019 vel
1750 2966 2106 3036 dissipatione

525 3040 684 3097 facile
716 3052 773 3097 et
800 3049 1090 3102 commoda
1118 3051 1334 3106 ratione
1363 3069 1495 3107 suos
1524 3053 1761 3109 lectores
1788 3055 1967 3111 docet.
1995 3058 2106 3113 Vo-

523 3147 649 3187 cum
700 3134 831 3190 item
881 3139 1001 3208 ejus
1051 3140 1319 3208 delectus,
1352 3152 1516 3214 atque
1542 3146 1660 3215 ipsa
1685 3149 2009 3217 compositio
2039 3151 2110 3205 ab

522 3223 718 3281 Atticae
742 3228 1027 3300 elegantia:
1052 3222 1267 3303 origine
1291 3251 1403 3289 non
1426 3236 1647 3308 refugit,
1670 3239 1777 3293 nisi
1809 3241 1943 3310 quid
1967 3241 2107 3297 forte

522 3316 797 3373 curiosius
846 3320 956 3375 illic
1010 3337 1286 3389 occurrat,
1334 3327 1481 3395 quod
1513 3329 1637 3397 quis
1670 3331 1972 3386 multorum
2005 3348 2105 3387 au—

524 3408 677 3464 ribus
732 3411 1014 3468 insolitum
1068 3415 1235 3471 dicat.
1298 3417 1413 3473 IIoc
1468 3428 1705 3485 constat,
1758 3423 1898 3478 nihil
1954 3440 2104 3490 eum,

522 3501 668 3570 quod
696 3502 764 3557 ad
788 3504 1263 3574 interpretandum
1310 3509 1492 3576 faciat,
1525 3513 1826 3580 declinare,
1859 3515 2107 3587 adeoque

523 3592 581 3647 in
596 3608 873 3650 summum
889 3599 1130 3653 evasisse
1144 3600 1476 3669 optimorum
1493 3604 1852 3676 interpretum
1866 3608 2081 3661 culmen
2092 3649 2105 3673 ,

456 3724 461 3729 .
525 3693 587 3738 ut
627 3701 738 3739 non
771 3686 930 3742 facile
970 3688 1210 3758 aliquem
1249 3691 1326 3746 sis
1361 3702 1701 3764 reperturus,
1734 3697 1829 3767 qui
1865 3697 1959 3751 illo
1990 3713 2107 3752 me-

523 3773 632 3831 lius
652 3778 893 3833 obseura
913 3780 1173 3850 explicet,
1208 3800 1227 3833 ›
1261 3791 1369 3838 etc.

526 3907 554 3976 ᾗ
597 3909 666 3964 II.
710 3910 788 3965 De
832 3918 1228 3972 commentariis
1277 3919 1333 3973 in
1372 3922 1652 3992 prophetas
1681 3921 1735 3973 in
1768 3918 2104 3988 partirulari.

594 4041 637 4095 I.
665 4044 845 4100 Pauca
872 4047 1121 4116 quaedam
1149 4052 1492 4109 observanda
1528 4060 1664 4124 puto
1706 4053 1775 4108 de
1825 4069 2107 4110 commen-

527 4134 682 4189 tariis
709 4135 763 4190 in
798 4137 1043 4208 singulos
1076 4143 1374 4212 prophetas
1402 4163 1415 4198 :
1452 4146 1519 4200 de
1546 4153 1794 4214 tempore
1824 4144 2105 4210 nimirum,

525 4241 638 4292 quo
685 4229 889 4298 scripta
928 4241 1098 4298 sunt;
1131 4234 1199 4290 de
1224 4236 1312 4300 iis,
1346 4253 1469 4306 qua:
1493 4251 1559 4290 ex
1581 4236 1803 4292 Catenis
1825 4236 1878 4292 in
1913 4238 2107 4292 Isaiam

524 4327 827 4388 excerpta;
865 4322 1015 4379 etde
1048 4324 1370 4395 Apollinarii
1418 4327 1794 4383 ἀνακυκλώσει
1833 4329 1889 4384 ἰιι
1937 4346 2106 4401 expo-

526 4407 727 4463 sitione
755 4411 1061 4470 Ezechielis
1088 4417 1204 4471 refu
1216 4428 1347 4473 tata.
2102 4479 2109 4485 .

599 4498 664 4552 II.
703 4499 822 4567 Quo
859 4513 1104 4576 tempore
1140 4508 1420 4562 Danielem
1451 4507 1796 4578 interpretari
1824 4524 2113 4581 aggressus

525 4588 617 4649 sit.
645 4592 823 4660 aperit
860 4595 1079 4651 duobus
1113 4598 1167 4651 iu
1204 4598 1362 4662 locis,
1392 4598 1596 4667 quibus
1627 4599 1815 4661 tradit,
1840 4615 1870 4652 a
1893 4599 2112 4654 Christo

524 4685 656 4732 nato
701 4681 768 4735 ad
803 4689 1051 4751 tempora
1080 4686 1281 4755 quibus
1301 4686 1516 4751 scribit,
1542 4687 1918 4744 intercessisse
1938 4704 2115 4742 annos

525 4769 960 4843 quadringentos
983 4776 1351 4854 quadraginta
1386 4785 1443 4831 et
1470 4779 1728 4848 amplius,
1763 4778 1817 4833 id
1851 4788 1956 4843 est,
1983 4793 2109 4832 cum

529 4857 741 4928 aliquot
788 4865 1111 4921 mensibus:
1156 4865 1262 4921 hoc
1301 4867 1449 4921 enim
1494 4884 1723 4924 numero
1757 4868 1964 4923 indicat
1990 4870 2111 4923 vul-

524 4961 707 5016 garem
750 4952 958 5009 Christi
993 4970 1201 5008 annum
1232 4955 1357 5019 4‘26,
1408 4958 1555 5025 quod
1607 4973 1676 5012 ex
1724 4958 1869 5014 libro
1920 4975 1993 5023 Ix,
2041 4958 2108 5013 ad

524 5049 690 5108 eaput
713 5042 768 5105 9,
803 5045 955 5101 hunc
982 5047 1036 5099 in
1065 5047 1287 5102 modum
1307 5048 1741 5109 demonstratur.

599 5130 687 5188 III.
715 5134 1119 5202 Theodoretus,
1150 5146 1211 5192 ut
1235 5150 1473 5209 exponat
1508 5156 1802 5196 numerum
1838 5158 2108 5201 annorum

526 5225 620 5294 qui
666 5225 909 5280 Danielis
942 5225 1318 5285 hebdomadas
1339 5229 1584 5293 conficit,
1606 5233 1776 5288 sumit
1808 5248 1982 5290 annos
2041 5235 2110 5291 de

526 5316 731 5386 quibus
796 5316 1021 5385 angelus
1077 5317 1285 5374 homini
1349 5320 1577 5375 Hebraao
1659 5321 1934 5392 loquitur,
2000 5342 2109 5381 non

528 5405 697 5463 fuisse
726 5407 979 5477 vulgares
997 5423 1095 5464 seu
1125 5410 1354 5477 salares,
1380 5412 1474 5482 qui
1497 5413 1695 5469 diebus
1714 5417 2106 5483 constant'565,

2209 509 2405 565 diebus
2459 526 2491 564 a
2542 511 2865 582 vulgaribus
2912 509 3201 573 deficiunt,
3237 520 3404 580 atque
3436 510 3510 566 ita
3532 523 3782 569 constant

2207 601 2404 656 diebus
2435 602 2663 657 omnino
2706 603 2834 658 554.
2880 602 2969 658 Ait
3000 603 3169 674 igitur
3197 617 3372 658 annos
3400 603 3667 673 ejusmodi
3700 606 3780 660 ef-

2208 690 2429 746 ﬂuxisse
2471 692 2908 762 quadringentos
2961 691 3327 761 quadraginta
3375 706 3406 745 a
3452 689 3673 745 Christo
3715 692 3778 747 ad

2211 789 2426 852 tempus
2471 798 2583 853 quo
2634 782 2799 855 274
2831 783 3128 838 scribebat.
3163 781 3291 836 Haec
3316 791 3499 835 autem
3521 795 3780 836 annorum

2207 888 2420 929 summa
2447 876 2492 930 si
2518 875 2916 945 multiplicetur
2942 875 2997 929 in
3019 874 3141 930 dies
3182 874 3308 938 554,
3350 872 3622 928 exsistent
3666 889 3780 927 om-

2207 964 2340 1018 nino
2364 963 2599 1029 I55,760
2623 963 2776 1030 dies;
2800 978 2925 1033 quae
2954 963 3169 1018 dierum
3195 976 3409 1017 summa
3441 960 3486 1014 si
3512 959 3780 1016 dividatur

2206 1053 2265 1110 in
2298 1056 2423 1121 565,
2470 1058 2747 1126 quomodo
2780 1063 3020 1126 oportet,
3057 1063 3117 1110 ut
3143 1055 3397 1110 Hebraici
3420 1054 3549 1108 anui
3576 1052 3644 1108 ad
3663 1053 3779 1107 vul-

2206 1160 2366 1217 gares
2408 1156 2761 1211 revocentur,
2810 1146 2944 1201 ﬁent
3003 1145 3109 1201 L26
3161 1144 3291 1198 anni
3351 1159 3478 1199 eum
3532 1141 3783 1198 undecim

2208 1236 2431 1291 circiter
2475 1236 2778 1293 mensibus.
2824 1235 3009 1305 Atque
3054 1234 3128 1288 ita
3160 1233 3548 1289 Theodoretus
3570 1231 3786 1302 scripsit

2209 1326 2267 1382 in
2311 1326 2589 1382 Danielem
2632 1341 2778 1381 anno
2814 1325 3089 1380 Hebraieo
3104 1323 3786 1394 quadringentesimoqua—

2208 1417 2520 1488 dragesimo
2560 1426 2683 1487 post
2746 1426 2935 1471 natum
2988 1414 3292 1477 Christum,
3344 1413 3398 1468 id
3441 1424 3547 1479 est,
3578 1411 3785 1482 vulgari

2209 1524 2355 1563 anno
2397 1507 2945 1578 quadringentesimo
2996 1505 3262 1560 vicesimo
3289 1512 3444 1558 sexto
3475 1502 3578 1556 sub
3606 1500 3782 1554 tinem.

2283 1601 2371 1656 IV.
2393 1601 2472 1655 Ex
2490 1600 2591 1654 hac
2607 1609 2790 1655 autem
2809 1598 3020 1668 epoeha
3040 1597 3398 1650 innotescunt
3421 1594 3543 1647 tria.
3570 1594 3619 1647 I.
3647 1591 3786 1646 Can-

2214 1692 2444 1746 ticorum
2467 1690 2867 1759 expositionem
2898 1688 3095 1743 referri
3128 1686 3329 1741 debere
3356 1683 3424 1737 ad
3453 1696 3659 1737 annum
3687 1680 3788 1735 cir-

2215 1783 2356 1839 citer
2381 1783 2506 1845 425,
2534 1798 2659 1836 nam
2680 1780 2962 1852 praecessit
2991 1776 3388 1833 commentaria
3413 1775 3467 1828 in
3488 1772 3785 1828 Danielem.

2213 1874 2268 1928 2.
2309 1873 2367 1926 In
2411 1888 2604 1935 omnes
2639 1872 2939 1941 prophetas
2970 1871 3237 1940 scriptum
3274 1867 3443 1921 fuisse
3465 1874 3594 1920 ante
3618 1872 3789 1918 motas

2215 1981 2245 2020 a
2293 1965 2550 2019 Nestorio
2597 1963 2812 2027 turbas,
2856 1972 2953 2017 aut
2983 1970 3134 2017 certe
3184 1961 3504 2031 priusquam
3541 1956 3788 2011 Theodo-

2216 2067 2367 2111 retus
2399 2056 2465 2110 iis
2521 2070 2579 2110 se
2625 2054 3013 2109 immisceret:
3062 2066 3165 2107 nec
3208 2050 3357 2106 enim
3414 2049 3469 2103 in
3521 2045 3785 2118 ejusmodi

2215 2148 2626 2204 commentariis
2659 2147 2727 2200 de
2748 2145 3130 2199 incarnatione
3154 2142 3449 2213 quidquam
3480 2139 3788 2200 disseritur,

2215 2240 2362 2310 quod
2417 2239 2503 2293 vel
2543 2238 2740 2292 leviter
2785 2236 3117 2306 qumstiones
3159 2232 3501 2288 eontentiose
3548 2238 3789 2299 postmo-

2215 2333 2346 2386 dum
2370 2332 2602 2402 agitatas
2622 2332 2873 2401 attingat.
2912 2329 2965 2383 5.
2992 2327 3101 2383 llas
3132 2341 3326 2381 omnes
3347 2323 3790 2379 elucubrationes

2216 2424 2490 2491 pertinere
2517 2422 2583 2475 ad
2617 2437 2805 2491 opera,
2846 2436 2968 2489 qua:
2987 2421 3003 2439 θ
3028 2419 3082 2471 ἱη
3112 2416 3355 2486 Epistula
3387 2415 3451 2468 ad
3475 2411 3791 2475 Eusebium,

2215 2523 2341 2567 ante
2371 2512 2641 2584 synodum
2675 2510 3006 2579 Ephesinam
3041 2525 3055 2574 ;
3091 2507 3145 2560 in
3171 2505 3413 2574 Epistola
3440 2502 3507 2557 ad
3541 2510 3790 2556 sanctum

2216 2604 2475 2665 Leonem,
2501 2609 2627 2658 ante
2652 2600 2840 2670 viginti
2873 2614 3066 2661 annos,
3103 2595 3408 2665 composita
3441 2592 3721 2647 dicuntur.

2286 2698 2350 2752 V.
2386 2694 2760 2764 Expositionis
2782 2707 2896 2746 sua:
2921 2691 2975 2744 in
3008 2689 3203 2743 Isaiam
3246 2684 3498 2741 meminit
3545 2680 3791 2736 Theodo-

2215 2798 2369 2843 retus
2402 2785 2705 2856 quaestione
2727 2784 2795 2839 5'2
2826 2784 2880 2837 in
2906 2789 3165 2851 quartum
3189 2780 3397 2848 Regum
3430 2795 3444 2830 :
3480 2796 3496 2826 ι
3525 2775 3790 2830 Creterqu

2213 2878 2469 2933 existimo
2503 2888 2976 2945 supervacaneum
3001 2872 3194 2927 cadent
3218 2869 3434 2923 dicere:
3457 2883 3582 2921 nam
3603 2865 3792 2920 Isaiam

2214 2969 2537 3040 prophetam
2572 2968 2938 3036 interpretans
2960 2964 3066 3017 hoc
3098 2959 3368 3030 explicavi
3403 2958 3469 3010 ³³.
3507 2976 3523 3008 ι
3556 2957 3627 3009 Et
3653 2964 3792 3024 post-

2213 3073 2278 3113 ea
2308 3076 2321 3110 :
2369 3076 2386 3108 ι
2425 3054 2665 3110 Ararath
2716 3062 2905 3107 autem
2953 3050 3170 3104 vocavit
3202 3046 3556 3102 Armeniam:
3589 3046 3789 3100 etenim

2213 3149 2366 3204 Isaia:
2418 3146 2708 3218 prophetia
2769 3145 2913 3198 hanc
2958 3142 3121 3196 habet
3152 3137 3688 3209 interpretationem.
3721 3135 3788 3190 Ea

2211 3255 2363 3304 vero,
2406 3254 2530 3308 qua:
2553 3237 2623 3291 ad
2651 3235 3071 3308 aegrotationem
3103 3232 3352 3288 Ezechim
3392 3231 3697 3300 pertinent,
3734 3229 3788 3282 in

2212 3332 2385 3389 divini
2405 3329 2557 3385 [sane
2587 3327 2936 3398 prophetiam
2965 3342 3092 3381 cum
3122 3324 3175 3379 id
3210 3324 3341 3378 satis
3363 3322 3785 3384 declaraverim,

2211 3434 2681 3493 supervacaneum
2717 3418 2974 3474 existimo
3035 3416 3121 3472 bis
3174 3414 3426 3470 eamdem
3476 3414 3661 3468 facere
3712 3414 3792 3466 in-

2214 3513 2682 3584 terpretationem.
2718 3530 2735 3561 ι
2798 3510 2868 3565 Et
2908 3508 3213 3578 quaast-ione
3263 3505 3335 3560 22
3363 3506 3421 3559 in
3447 3504 3791 3560 Jeremiam:

2220 3625 2237 3657 ι
2280 3606 2347 3659 Et
2372 3604 2536 3673 hujus
2556 3600 2851 3657 locutionis
2896 3599 3166 3654 rationem
3222 3597 3475 3667 pluribus
3522 3595 3794 3667 explicui-

2212 3706 2335 3744 mus
2358 3691 2413 3744 in
2438 3689 2608 3743 divini
2634 3688 2784 3743 Isaia:
2807 3685 3258 3756 interpretatione
3283 3686 3349 3740 “°.
3384 3705 3400 3736 ι

2284 3780 2370 3836 VI.
2409 3779 2836 3841 Commentaria,
2871 3776 3177 3846 cujusmodi
3216 3792 3246 3829 a
3278 3775 3635 3829 Tlteodoreto
3660 3773 3791 3827 scri—

2214 3878 2305 3940 pta
2353 3877 2503 3934 sunt,
2556 3884 2705 3923 nunc
2759 3882 2869 3920 non
2922 3865 3220 3929 habentur,
3275 3872 3371 3918 aut
3408 3863 3454 3917 si
3494 3863 3792 3923 habentur,

2212 3960 2359 4016 edita
2408 3976 2517 4015 non
2563 3969 2728 4015 sunt:
2773 3960 2870 4015 sed
2920 3975 2988 4014 ex
3023 3958 3244 4014 Catenis
3267 3958 3472 4013 Graecis
3495 3956 3795 4012 extraxisse

2212 4066 2295 4117 se,
2328 4067 2453 4121 quae
2500 4052 2687 4116 vertit,
2740 4060 2974 4107 testatur
3018 4050 3383 4106 Sirmondus:
3435 4048 3580 4104 unde
3620 4048 3701 4112 fit,
3736 4054 3799 4100 ut

2214 4144 2269 4200 id
2303 4144 2488 4214 operis
2537 4145 2591 4198 in
2619 4144 2732 4197 sola
2767 4142 3152 4198 Sirmondiana
3170 4131 3425 4198 'editione
3465 4141 3793 4211 reperiatur.

2283 4235 2394 4289 VII.
2421 4234 2642 4290 Memini
2666 4251 2753 4290 me
2790 4234 3088 4304 aliquando
3116 4233 3311 4289 audire
3342 4234 3522 4288 virum
3545 4232 3793 4295 doctum,

2213 4326 2307 4396 qui
2346 4327 2666 4381 nonnullam
2703 4324 2976 4394 ejusmodi
3025 4334 3412 4395 excerptorum
3454 4334 3672 4395 partem
3703 4324 3796 4379 tri-

2214 4416 2492 4472 buendam
2532 4416 2825 4471 Theodoro
2869 4416 3252 4485 Mopsuesteno
3301 4414 3427 4469 inde
3474 4414 3793 4483 conjiceret.

2217 4511 2266 4563 I.
2321 4506 2477 4574 Quod
2533 4507 2856 4562 Theodorus
2908 4508 3301 4577 interpretatus
3348 4506 3421 4561 sit
3461 4506 3685 4569 Isaiam,
3738 4515 3798 4558 ut

2213 4599 2382 4653 tradit
2431 4598 2797 4653 Hebed-Jesu.
2852 4598 2905 4652 2.
2959 4598 3117 4664 Quod
3159 4598 3407 4654 breviata
3433 4597 3716 4652 Theodori
3743 4604 3797 4651 et

2213 4689 2549 4744 Theodoreti
2573 4689 2796 4744 nomina
2823 4705 2966 4760 saepe
2996 4688 3428 4753 confundantur,
3458 4697 3575 4743 tum
3605 4705 3637 4743 a
3660 4704 3794 4742 con-

2212 4777 2535 4843 fectoribus,
2562 4786 2679 4832 tum
2708 4794 2738 4833 a
2782 4779 3088 4835 lectoribus
3105 4778 3435 4834 Catenarum
3455 4777 3791 4832 Graacarum.

2215 4870 2268 4924 '5.
2302 4873 2317 4890 '
2345 4870 2499 4937 Quod
2529 4871 2929 4940 interpretandi
2981 4871 3122 4926 ratio
3163 4886 3306 4941 szepe
3352 4870 3549 4924 similis
3596 4870 3674 4923 sit
3720 4868 3793 4931 ei,

2215 4976 2378 5029 quam
2414 4960 2741 5015 indubitatis
2783 4962 2837 5015 in
2880 4961 3017 5015 locis
3065 4961 3391 5016 Theodorus
3417 4970 3645 5015 secutus
3687 4968 3790 5014 est.

2216 5052 2268 5106 4.
2307 5051 2462 5119 Quod
2497 5054 2565 5106 in.
2587 5052 2857 5123 ejusmodi
2882 5053 3154 5123 excerptis
3179 5053 3247 5107 de
3277 5052 3659 5107 incarnatione
3686 5066 3793 5104 non

2210 5143 2316 5197 alia
2343 5142 2457 5197 fere
2483 5143 2761 5206 dicantur,
2787 5160 2950 5212 quam
3001 5160 3123 5214 qua:
3158 5143 3486 5199 Theodorus
3520 5159 3629 5197 non
3665 5158 3790 5211 gra-

2211 5243 2334 5288 vate
2366 5242 2679 5304 usurparet.
2710 5235 2760 5289 5.
2795 5234 2951 5301 Quod
2977 5252 3099 5305 quae
3124 5236 3507 5291 Theodoretus
3535 5234 3787 5292 tradidit,

2210 5340 2268 5381 se
2293 5325 2347 5379 in
2373 5327 2784 5381 commentariis
2810 5326 2864 5381 iu
2884 5327 3078 5381 Isaiam
3100 5327 3448 5396 eXplieuisse,
3475 5311 3536 5380 in
3553 5326 3643 5387 iis,
3668 5338 3793 5393 quae

2212 5417 2539 5474 Sirmondus
2561 5418 2616 5472 in
2639 5418 2819 5473 lucem
2849 5419 3099 5488 protulit,
3122 5425 3217 5473 aut
3242 5419 3468 5472 omnino
3493 5432 3601 5471 non
3627 5431 3790 5483 repe-

1838 5569 2162 5627 SCHULZII
2200 5571 2433 5628 NOTAE.

599 5690 653 5725 ³⁸
680 5688 826 5745 fidit.
852 5699 1050 5749 nostra
1101 5710 1155 5764 ρ.
1193 5696 1315 5755 509.
1394 5701 1439 5732 ⁸⁷
1473 5702 1611 5759 Ibid.
1688 5705 1733 5737 "
1766 5705 1923 5761 Phot.
1983 5706 2105 5764 cod.
2148 5707 2270 5762 ‘203.
2350 5708 2393 5740 '°
2422 5707 2539 5761 V’id.
2577 5715 2616 5759 t.
2662 5705 2702 5771 l,
2735 5721 2787 5777 p.
2837 5704 2936 5760 5I6
2967 5721 3080 5776 seq.
3160 5707 3203 5739 ⁶⁰
3235 5706 3355 5759 Vid.
3390 5716 3429 5760 t.
3461 5704 3524 5770 II,
3558 5713 3615 5768 Ρ.
3658 5703 3786 5760 509.
