4070 6474
275 438 384 502 225

1451 440 1549 501 DE
1588 440 1846 503 LIBBIS
1880 445 2391 507 THEODORETI-

3440 453 3548 517 296

277 557 519 616 riatur,
554 560 651 606 aut
687 552 885 607 saltem
935 566 1045 606 non
1075 548 1237 619 275
1266 550 1519 620 pluribus
1562 555 1811 623 exposita
1842 571 1860 619 ;
1896 567 1938 616 Α
1963 558 2241 625 posterior
2283 573 2430 613 anno
2454 560 2578 614 449.
2619 559 2797 625 Quare
2838 575 2905 615 ex
2939 562 3243 631 posteriore
3277 562 3554 634 cotligitur

188 702 193 713 ,
275 643 430 716 quod
472 652 661 698 tamen
687 642 1017 698 Theodorus
1049 641 1341 713 promittit.

343 736 492 792 Vill.
526 734 610 790 Ad
653 743 911 789 extrema
949 733 1118 787 verba
1155 733 1462 788 Ezechielis
1486 734 1530 765 ⁸⁸
1569 734 1872 804 prophetis,

270 824 487 894 quibus
526 822 879 894 promittitur:
903 821 1183 876 restitutio
1205 821 1444 877 civitatis
1464 822 1872 893 Hierosolym,

270 918 531 987 disputat
576 916 791 986 prolixe
844 913 1234 969 Theodoretus
1251 914 1522 969 adversus
1548 913 1872 983 Apollinarii

268 1022 530 1063 errorem
565 1006 637 1061 de
658 1004 1064 1069 dvaxuxtdtcst,
1100 1019 1266 1074 quem
1290 1002 1538 1058 Andreas
1563 1003 1876 1058 Samosate-

271 1112 384 1153 nus
425 1095 638 1168 Cyrillo
671 1094 900 1166 objecit,
932 1109 1058 1149 cum
1091 1093 1318 1149 tertium
1354 1093 1872 1149 anathematismum

271 1194 528 1242 vexaret.
585 1186 785 1241 Mirum
837 1200 994 1249 vero,
1041 1199 1142 1238 cur
1188 1183 1572 1237 Theodoretus
1594 1183 1652 1236 in
1685 1196 1877 1236 recen-

270 1277 470 1333 sendis
490 1275 821 1346 Apollinarii
853 1274 1140 1330 erroribus
1174 1273 1231 1327 in
1252 1273 1397 1328 libro
1422 1288 1475 1326 iv
1490 1271 1873 1327 ﬂlereticarum

272 1366 615 1437 fabularum,
653 1366 818 1421 anilis
862 1366 1094 1436 hujusce
1122 1365 1333 1435 fabella:
1361 1378 1474 1418 non
1503 1363 1821 1417 meminerit
1857 1382 1871 1417 :

272 1475 473 1515 verum
510 1466 896 1529 perspexerat,
924 1457 1127 1529 Cyrillo
1151 1472 1220 1510 ne
1257 1455 1498 1525 speciem
1522 1455 1745 1524 quidem
1773 1454 1874 1508 de-

272 1549 558 1604 liramenti
590 1556 704 1603 tam
732 1546 961 1602 absurdi
992 1545 1173 1617 allingi
1221 1558 1422 1615 posse;
1469 1543 1704 1613 ideoque
1747 1558 1872 1597 cum

280 1642 354 1695 de
383 1639 662 1696 haereticis
695 1654 762 1694 ea
795 1648 1008 1694 tantum
1044 1643 1530 1700 commemoraret,
1565 1650 1687 1705 quae
1727 1650 1871 1688 non-

286 1732 489 1787 nullam
518 1731 706 1787 facere
740 1738 968 1802 possent
1000 1728 1247 1792 ἐνώσεως
1279 1728 1403 1782 καθ’
1445 1727 1743 1781 ὑπόστασιν
1771 1726 1871 1781 de-

280 1822 597 1879 fensoribus
641 1822 909 1877 invidiam
958 1821 1240 1877 societatis
1276 1834 1401 1876 cum
1433 1818 1772 1889 Apollinario
1801 1818 1867 1881 δ’,

1984 648 2313 717 compositos
2335 664 2455 703 esse
2479 652 2905 706 commentarios
2928 662 3054 707 ante
3084 669 3290 708 annum
3312 654 3413 708 457
3439 671 3453 720 ;
3486 669 3550 709 ex

1978 740 2186 808 priore,
2214 741 2361 809 quod
2383 741 2546 795 etiam
2576 752 2702 796 ante
2733 758 2934 796 annum
2967 743 3092 798 455.

1986 850 1989 853 λ
2048 830 2138 884 lll.
2212 831 2440 886 Constat
2494 848 2628 887 vero
2678 833 2899 887 eosdem
2948 836 3375 890 commentarios
3423 850 3555 890 esse

1975 922 2334 991 posteriores,
2365 931 2480 977 tum
2511 923 2745 994 dialogis
2787 924 3053 979 adversus
3094 925 3330 981 Arianos
3351 935 3407 983 et
3439 927 3548 982 Ma-

1975 1012 2329 1078 eedonianos,
2366 1023 2481 1068 tum
2516 1015 2945 1083 reprehensione
2975 1016 3554 1073 anathematismorum

1975 1101 2188 1173 Cyrilli.
2205 1103 2341 1157 Nam
2355 1103 2559 1174 dialogi
2576 1105 2630 1157 in
2650 1105 2838 1174 primm
2855 1105 2921 1159 ad
2941 1105 3258 1162 Corinthios
3275 1109 3454 1178 capite
3490 1127 3555 1162 xv

1977 1202 2359 1248 memorantur
2384 1211 2399 1261 ;
2436 1194 2796 1264 reprehensio
2825 1196 2881 1250 in
2909 1197 3088 1268 capite
3117 1214 3171 1251 χι
3195 1198 3452 1267 Ερίδιοίω
3486 1200 3553 1253 ad

1976 1282 2376 1352 Philippenses.
2410 1283 2611 1351 Quare,
2648 1301 2775 1340 cum
2803 1286 3002 1358 dialogi
3031 1287 3267 1343 confecti
3299 1289 3409 1343 sint
3430 1302 3555 1343 ante

1983 1387 2181 1427 mnum
2231 1374 2354 1438 429,
2388 1376 2749 1445 reprehensio
2800 1392 2946 1431 anno
2997 1377 3141 1442 4'51,
3191 1393 3416 1433 necesse
3471 1389 3555 1434 est

1975 1451 2411 1525 commentarios
2462 1470 2519 1525 in
2578 1471 2731 1526 Pauli
2780 1472 3053 1542 Epistolas
3082 1472 3320 1542 scriptos
3341 1488 3463 1537 esse
3489 1488 3556 1528 eo

1976 1561 2240 1630 temporis
2290 1562 2602 1624 intervallo,
2644 1564 2788 1632 quod
2837 1565 2904 1618 ab
2934 1565 3212 1634 Epltesina
3245 1563 3454 1636 synodo
3487 1564 3555 1618 ad

1977 1667 2180 1707 annum
2200 1654 2305 1707 455
2329 1654 2632 1709 interﬂuxit
2661 1673 2674 1709 :
2713 1671 2823 1726 quo
2857 1666 3100 1727 tempore
3129 1657 3343 1712 scilicet
3377 1656 3557 1709 Theo-

1976 1743 2202 1799 doretus
2236 1755 2542 1800 secesserat
2584 1756 2778 1815 sponte
2801 1745 3027 1818 Cyrum,
3060 1763 3171 1800 non
3203 1754 3412 1800 tantum
3440 1760 3557 1798 mo—

1977 1835 2114 1889 leste
2162 1835 2345 1890 ferens
2378 1836 2568 1889 initam
2599 1851 2629 1889 a
2668 1836 2878 1891 Joanne
2910 1852 3035 1891 cum
3074 1835 3280 1909 Cyrillo
3320 1850 3507 1906 pacem
3539 1852 3552 1898 ;

277 1915 412 1970 salis
440 1916 638 1971 habt!“
665 1931 732 1972 ea
752 1914 939 1970 dicere
964 1914 1033 1969 de
1063 1914 1170 1968 hoc
1193 1912 1478 1972 δωτειίεοθ
1505 1924 1628 1980 qua?
1659 1908 1726 1963 ad
1754 1924 1867 1963 rem
1904 1896 1940 1949 Β
1973 1927 2068 1981 sed
2103 1928 2271 1982 etiam
2301 1927 2648 1982 Antiochiam
2677 1943 2788 1983 non
2829 1929 3080 1994 veniens,
3120 1896 3239 1983 'nisi
3268 1943 3395 1983 eum
3425 1943 3523 1997 syn

272 2020 432 2060 suam
463 2004 714 2061 facerent
741 2021 758 2071 ;
794 2016 999 2060 caetera
1027 2001 1401 2074 praetermisit,
1435 2015 1557 2071 quae
1602 1998 1736 2053 alias
1792 2005 1873 2052 ta-

271 2111 402 2152 men
440 2097 815 2167 exposuisset.

340 2187 440 2243 1X.
496 2187 755 2243 Notanda
800 2201 972 2259 porro
1009 2193 1095 2241 est
1137 2185 1452 2241 dissertatio
1485 2186 1592 2242 ista
1620 2187 1872 2243 Theodo-

270 2279 418 2334 reti:
466 2278 721 2335 ostendit
748 2278 899 2334 enim
951 2293 1077 2348 qua:
1118 2277 1287 2333 fuerit
1322 2277 1646 2347 Apollinarii
1692 2295 1867 2343 meus,

266 2384 436 2441 quam
489 2370 680 2434 multi,
727 2369 894 2426 etiam
943 2369 1127 2441 magni
1178 2368 1442 2434 nominis,
1490 2380 1608 2425 tum
1628 2379 1868 2434 veteres,

270 2464 388 2510 tum
423 2457 774 2512 recentiores
809 2456 937 2521 viri,
965 2466 1065 2511 aut
1088 2458 1411 2522 nescierint,
1438 2470 1536 2513 aut
1562 2474 1672 2513 non
1710 2460 1872 2515 refel—

267 2547 437 2601 lerint
462 2565 478 2601 :
508 2548 610 2619 qui
639 2548 788 2603 enim
821 2549 1255 2611 ἀνακυκλώσεως
1276 2558 1335 2604 et
1357 2550 1867 2622 χιλιονταετηριδος,

194 2662 197 2667 -
265 2650 469 2710 praeter
518 2640 815 2702 Basiliam,
847 2640 1289 2706 Nazianzenum,
1343 2642 1772 2714 Hieronymum,
1814 2651 1871 2697 et

266 2730 553 2786 Andream
582 2730 1006 2787 Samosatenum
1037 2731 1374 2797 meminerit,
1406 2732 1684 2788 neminem
1716 2735 1865 2797 novi,

268 2823 437 2878 etiam
470 2823 620 2878 inter
652 2824 1079 2894 brereseologos.
1114 2823 1236 2878 Non
1268 2824 1523 2879 meminit
1544 2834 1693 2879 certe
1738 2825 1867 2880 Phi-

220 2906 227 2915 ’
276 2908 513 2973 lustrius,
578 2925 693 2965 non
745 2910 1109 2981 Epiphanius,
1162 2926 1276 2965 non
1330 2910 1693 2981 Augustinus,
1755 2928 1867 2966 non

282 2997 573 3054 Primasius
604 2998 996 3055 Praedestinati
1027 3008 1222 3057 auctor
1266 3000 1333 3064 ⁸³,
1364 3015 1470 3055 nec
1521 3000 1619 3055 alii
1674 3015 1868 3056 conse-

277 3089 493 3159 quentis
518 3090 647 3146 aevi.

917 3198 1146 3256 CAPUT
1164 3202 1229 3256 V.

341 3309 602 3368 Redemit)
642 3326 885 3383 operum,
913 3314 1428 3383 Δςμιίιξνι-οςιιιίηεηιιιν
1472 3320 1611 3367 (omo
1646 3317 1799 3369 tertia

420 3423 425 3429 .
678 3380 687 3383 ⁷
857 3380 1101 3435 editionis
1137 3380 1300 3437 Sirm.

332 3472 554 3533 Tomus
600 3471 804 3529 tertius
852 3470 1122 3527 dividitur
1176 3472 1235 3526 in
1283 3472 1422 3527 duas
1466 3483 1671 3543 partes.
1710 3475 1870 3530 Prior

260 3561 669 3633 complectitur
701 3559 1147 3616 Commentarios
1173 3560 1230 3615 in
1249 3576 1442 3617 omnes
1461 3562 1710 3632 Apostoli
1736 3565 1869 3635 Epi-

257 3654 460 3719 stolas,
517 3652 799 3724 posterior
852 3651 1145 3706 Historiam
1205 3651 1636 3720 ecclesiasticam,
1692 3656 1870 3711 Histo-

1972 2018 2097 2073 odis
2125 2020 2393 2074 interesse
2421 2027 2732 2090 cogeretur.

2042 2108 2130 2163 Π.
2162 2108 2286 2175 ρηο⁸
2303 2109 2537 2164 consilio
2572 2110 2640 2163 ad
2685 2109 3042 2164 scribendum
3076 2108 3389 2175 accesserit,
3445 2126 3553 2165 non

1972 2202 2196 2268 aperit;
2248 2216 2448 2270 neque,
2500 2209 2562 2254 ut
2620 2201 2737 2256 fieri
2786 2204 2945 2264 solet,
3003 2202 3147 2256 inter
3175 2201 3553 2271 praefandum;

1972 2305 2152 2360 neque
2184 2292 2237 2345 in
2267 2292 2498 2361 epistola
2530 2292 2708 2363 prima
2742 2302 2797 2348 et
2823 2294 3065 2348 secunda
3098 2293 3165 2347 ad
3214 2293 3475 2360 amicum,
3526 2311 3554 2347 a

1971 2396 2082 2450 quo
2111 2382 2218 2452 legi
2245 2392 2553 2451 optaverat,
2587 2384 2732 2453 quod
2763 2385 3078 2455 scripsisset
3104 2401 3119 2451 ;
3144 2384 3345 2456 conjici
3374 2394 3556 2439 tamen

1972 2471 2028 2524 id
2063 2481 2244 2541 potest
2276 2489 2343 2526 ex
2395 2473 2715 2528 conditione
2761 2482 3108 2543 temporum:
3136 2474 3313 2527 voluit
3360 2490 3557 2543 nempe

1972 2560 2058 2615 sui
2082 2576 2332 2616 secessus
2361 2562 2475 2616 otio
2504 2560 2636 2626 frui,
2664 2574 2720 2616 et
2754 2562 2999 2617 animum
3046 2578 3278 2617 avocare
3317 2578 3347 2616 a
3390 2563 3560 2617 rebus

1971 2668 2093 2722 qua:
2132 2653 2487 2723 gerebantur,
2524 2669 2752 2724 quaeque
2795 2653 2847 2709 ei
2886 2654 3218 2709 videbantur
3238 2660 3301 2709 'et
3334 2653 3559 2725 ingrata:

1970 2750 2025 2796 et
2055 2744 2322 2798 molestae.

2042 2835 2106 2889 V.
2155 2835 2215 2889 In
2264 2836 2589 2890 Praefatione
2637 2848 2873 2906 occupat
2899 2838 3310 2892 accusationem
3340 2853 3555 2901 eorum.

1970 2926 2063 2996 qui
2096 2941 2239 2996 aegre
2270 2926 2478 2980 terrent
2501 2928 2568 2980 ab
2616 2927 2801 2996 aliquo
2831 2930 3080 2990 tractari,
3119 2929 3264 2998 quod
3293 2929 3397 2983 viri
3444 2930 3556 2986 duo

1969 3017 2429 3087 praestantissimi,
2460 3015 2887 3089 Chrysostomus
2915 3030 3081 3089 atque
3102 3020 3428 3074 Theodorus
3444 3021 3558 3075 Illo-

1969 3116 2299 3177 psuestenus
2350 3110 2367 3129 ‘
2410 3126 2587 3179 nuper
2632 3111 3018 3165 absolvisscnt.
3050 3112 3160 3166 Hos
3190 3111 3337 3166 enim
3366 3114 3557 3170 ambos

1970 3200 2241 3269 significat
2263 3201 2383 3256 istis
2405 3201 2658 3266 vocibus,
2693 3201 2839 3272 p.511
2857 3202 2947 3254 τὸν
2976 3202 3121 3254 δεῖνα
3153 3202 3245 3255 καὶ
3267 3202 3356 3256 τδν
3387 3203 3553 3267 δεῖνα,

1973 3292 2098 3353 τοὺς
2139 3293 2239 3361 τῆς
2282 3292 2604 3363 οἰκουμένης
2633 3292 2947 3362 φωστῆρας,
2978 3300 3085 3346 etc.
3115 3292 3337 3348 Refellit
3364 3302 3555 3349 autent

1971 3381 2378 3435 accusationem
2434 3381 2699 3450 exemplis
2741 3396 2770 3434 a
2797 3379 3079 3450 Scriptura
3111 3380 3318 3450 petitis,
3353 3381 3556 3449 quibus

1972 3470 2120 3540 ipsos
2159 3471 2324 3525 etiam
2363 3472 2608 3526 minores
2649 3487 2679 3525 a
2713 3471 2826 3525 Deo
2865 3472 3040 3541 gratia
3084 3471 3317 3526 donatos
3346 3471 3413 3526 ad
3458 3487 3556 3526 co-

1969 3561 2282 3630 gnoscenda
2325 3562 2586 3633 mysteria
2625 3562 2843 3632 probat.
2893 3563 3011 3618 Jam
3045 3576 3180 3617 vero
3217 3578 3553 3633 proponens,

1970 3666 2077 3720 qua
2122 3651 2333 3706 ratione
2367 3652 2680 3721 exponendi
2716 3652 2983 3707 utendum
3013 3660 3192 3721 putet,
3223 3651 3467 3706 ostendit
3495 3667 3554 3706 se

254 3746 402 3799 riam
426 3743 741 3815 religiosam
756 3741 870 3797 sive
897 3739 1254 3807 Philotlaeum,
1287 3750 1344 3797 et
1372 3742 1648 3812 Epistolas
1675 3744 1795 3799 146.
1970 3758 2068 3799 sua
2100 3744 2243 3798 velle
2287 3745 2555 3799 brevitate
2588 3745 2840 3799 homines
2881 3744 2948 3798 ad
2980 3744 3275 3815 legendum
3308 3744 3552 3808 allicere,

1955 3849 2110 3904 quos
2139 3834 2517 3908 Chrysostomi
2546 3836 2933 3905 Theodorique
2986 3835 3227 3890 oratoria
3266 3835 3556 3905 prolixitas

1970 3927 2324 3981 absterreret.

2039 4019 2129 4072 VI.
2177 4018 2358 4073 Locus
2403 4033 2572 4088 porro
2623 4018 2834 4087 primus
2881 4017 2949 4071 ad
2996 4016 3336 4081 Corinthios,
3360 4016 3414 4070 in
3442 4032 3554 4086 quo

1972 4107 2034 4161 lit
2091 4121 2274 4161 sermo
2324 4106 2391 4160 de
2449 4106 2681 4175 dialogis
2727 4105 2992 4159 adversus
3047 4104 3306 4169 Arianos,
3355 4104 3435 4159 sic
3495 4120 3555 4160 se

1968 4198 2136 4254 habet
2161 4217 2175 4252 :
2234 4216 2252 4247 ι
2278 4196 2435 4251 Hunc
2484 4197 2666 4251 locum
2695 4195 2754 4259 ii,
2778 4194 2871 4265 qui
2897 4210 3022 4249 cum
3048 4195 3179 4249 Ario
3199 4203 3255 4249 et
3281 4195 3556 4250 Eunomio

1968 4290 2234 4354 sentiunt,
2265 4289 2319 4343 in
2346 4304 2443 4343 ore
2474 4288 2677 4343 habere
2704 4287 2922 4342 assidue
2970 4295 3396 4352 consueverunt,
3432 4287 3552 4342 exi-

252 3855 283 3928 ς
342 3857 385 3912 Ι.
442 3854 526 3910 De
590 3854 986 3928 commentariis
1036 3855 1092 3906 in
1143 3852 1413 3928 Epistolas
1474 3857 1868 3926 quatuordecim

814 3922 974 3977 Pauli
1021 3922 1337 3993 generatim.

330 4016 376 4072 ι.
424 4015 635 4073 Totum
685 4028 845 4085 Opus,
892 4028 1006 4083 quo
1058 4013 1445 4084 interpretatio
1497 4015 1866 4085 Epistolarum

246 4108 419 4166 Pauli
439 4105 789 4170 continetur,
808 4103 1193 4164 Theodonetus
1211 4103 1745 4160 Commentariorum
1769 4122 1869 4160 no-

246 4199 413 4254 mine
436 4196 703 4268 appellat,
730 4195 1038 4265 quaestione
1062 4195 1088 4249 1
1118 4195 1172 4248 in
1196 4194 1524 4251 Leviticum.
1550 4195 1687 4250 Cum
1716 4196 1865 4250 enim

244 4291 716 4360 interrogantem
774 4285 1105 4352 induxisset,
1166 4304 1184 4337 ‹
1221 4302 1330 4356 qua
1380 4287 1449 4342 de
1505 4301 1670 4341 causa
1721 4286 1867 4341 Deus

242 4380 455 4437 οσατί
512 4379 623 4434 sibi
657 4377 930 4434 sacriﬁcia
977 4378 1345 4448 prmeeperit;
1389 4396 1406 4428 ι
1443 4378 1863 4446 respondet“:
1968 4384 2275 4442 stimantes.
2310 4382 2415 4437 hac
2463 4381 2677 4435 ratione
2727 4396 2785 4435 se
2843 4379 2912 4434 de
2960 4378 3238 4449 Unigeniti
3285 4379 3551 4451 dignitate

252 4489 274 4521 ε
312 4468 401 4523 De
446 4466 540 4522 his
567 4466 811 4521 diximus
836 4465 1028 4520 multis
1059 4465 1115 4519 in
1140 4465 1278 4520 locis
1309 4483 1322 4519 :
1360 4467 1553 4519 tumin
1591 4466 1699 4530 his,
1745 4484 1867 4537 qum
1968 4472 2262 4527 detrahere
2306 4472 2370 4525 ³⁸.
2412 4490 2430 4523 ι
2458 4470 2638 4525 Locus
2658 4485 2789 4524 vero
2819 4478 2943 4524 est:
2980 4488 2998 4520 ‹
3032 4468 3170 4524 Cum
3203 4478 3389 4524 autem
3420 4470 3551 4524 sub-

239 4570 464 4618 contra
519 4559 743 4616 Graecos
787 4548 1134 4630 scripsimus,
1183 4566 1239 4613 et
1272 4557 1543 4613 adversus
1585 4558 1858 4626 haereses;

1973 4566 2108 4634 iecta
2157 4563 2234 4617 illi
2283 4562 2489 4618 fuerint
2532 4562 2738 4626 omnia,
2785 4570 2919 4616 tunc
2966 4568 3022 4616 et
3068 4560 3185 4630 ipse
3218 4560 3392 4616 Filius
3417 4561 3553 4616 sub-

244 4662 390 4718 tum
443 4654 505 4708 in
553 4652 643 4717 iis,
696 4667 820 4722 qua:
866 4650 1131 4706 adversus
1193 4664 1418 4721 magos;
1477 4659 1743 4719 praeterea
1805 4652 1862 4705 in
1960 4654 2146 4724 jectus
2172 4651 2279 4707 erit
2311 4651 2385 4717 ei,
2416 4652 2510 4721 qui
2536 4650 2902 4721 subjecitsibi
2923 4650 3109 4704 omnia
3140 4649 3159 4689 ί
3171 4692 3183 4705 .
3222 4670 3240 4700 ι
3270 4649 3444 4717 Quem
3466 4652 3551 4706 lo-

239 4744 722 4803 enarrationibus
739 4742 1166 4813 Prophetarum,
1184 4748 1241 4798 et
1266 4742 1320 4796 in
1343 4740 1710 4812 Epistolarum
1735 4759 1867 4813 apo—
1966 4757 2093 4798 cum
2116 4750 2407 4812 postquam
2436 4741 2770 4796 declarasset
2795 4740 3025 4811 prolixe,
3050 4742 3372 4797 memoratis
3390 4741 3554 4797 Chri-

242 4838 596 4895 stolicarum
622 4834 1056 4891 commentariis.
1093 4856 1112 4884 ι
1966 4830 2039 4884 sti
2090 4829 2305 4884 naturis
2354 4828 2591 4893 duabus,
2651 4828 2871 4883 tandem
2926 4828 3124 4885 addit:
3179 4849 3198 4882 ε
3233 4830 3434 4886 Verum
3482 4831 3555 4887 de

323 4929 400 4986 11.
448 4928 709 4984 Meminit
761 4934 1029 4998 pneterea
1070 4925 1302 4996 epistola
1334 4926 1384 4990 1,
1408 4924 1462 4989 2,
1497 4924 1583 4990 82,
1613 4925 1733 4988 115,
1769 4924 1864 4979 sed
1967 4922 2056 4976 his
2083 4923 2307 4992 copiose
2353 4921 2723 4997 disseruimus
2775 4920 2832 4976 in
2890 4922 3095 4978 nostris
3151 4921 3417 4977 adversus
3457 4938 3552 4980 eos

247 5023 442 5095 prima
491 5029 552 5076 et
579 5019 827 5075 secunda
864 5019 1072 5074 nullam
1103 5000 1312 5075 habent
1351 5017 1618 5088 temporis
1650 5027 1859 5081 notam,

1973 5013 2483 5069 concertationibus
2512 5032 2529 5062 ι
2553 5012 2764 5078 (ἔπεσε,
2786 5014 2842 5067 ὲν
2858 5015 2968 5076 τοῖς
2986 5013 3121 5083 πρὸς
3137 5012 3336 5076 αὐτοὺς
3351 5013 3551 5081 ἀγῶσι.

254 5113 430 5185 2³16
472 5110 689 5166 habent
732 5109 853 5167 alite
901 5110 1023 5165 dua:
1052 5126 1066 5164 :
1097 5123 1225 5163 nam
1253 5117 1488 5178 utraque
1522 5118 1861 5163 commenta-
1967 5104 2185 5175 Agones
2233 5119 2367 5157 vero
2424 5112 2554 5158 sunt
2601 5113 2806 5160 mutua:
2857 5103 3271 5174 conﬂigentium
3325 5103 3551 5173 petitio-

259 5207 377 5261 rios
429 5210 695 5260 recenset
745 5201 891 5256 inter
938 5216 1104 5272 Opera
1160 5208 1290 5255 ante
1342 5215 1516 5255 annos
1568 5190 1860 5254 duodecim
1970 5210 2087 5259 nes,
2144 5195 2308 5265 277
2352 5210 2475 5265 quae
2503 5195 2727 5265 proprie
2755 5194 2954 5265 dialogi
2979 5202 3130 5259 sunt,
3153 5193 3392 5251 maxime
3421 5207 3550 5248 cum

257 5297 446 5365 edita;
479 5294 580 5351 sed
610 5293 907 5364 priordata
927 5302 1033 5359 est,
1055 5301 1276 5365 utsaape
1294 5291 1555 5357 diximus,
1574 5306 1719 5346 anno
1736 5291 1860 5358 443,
1969 5287 2223 5366 polemici
2269 5287 2563 5343 exsistunt.
2620 5286 2696 5342 De
2747 5285 2995 5358 Apostoli
3041 5285 3167 5342 loco
3218 5285 3438 5343 dicetur
3490 5285 3549 5341 in

334 5452 358 5495 ί
396 5453 585 5511 lCor.
621 5468 716 5519 xv,
753 5450 846 5507 28.

1612 5559 1928 5617 SCIil.‘Lle
1969 5558 2203 5613 NCT/15.

334 5734 375 5767 ⁶¹
400 5733 607 5791 Each.
633 5728 822 5798 Editio
855 5726 1008 5798 prior
1055 5727 1296 5798 habebat
1340 5725 1611 5798 Ieremia.
1643 5725 1777 5798 Yid.
1801 5739 1986 5798 supra,
2022 5734 2062 5780 t.
2095 5723 2159 5787 ll,
2187 5737 2250 5798 p._
2264 5721 2451 5798 ⁸1015,-
2472 5730 2680 5798 notata.
2759 5721 2804 5752 ⁸²
2842 5717 3542 5798 Cumrflpollinariotbe

271 5789 698 5875 hacihiypothesi
731 5789 931 5875 vidip.
966 5797 1084 5853 N9.
1164 5798 1210 5831 “
1250 5796 1428 5852 Prwd.
1465 5805 1605 5852 auct.
1641 5789 1892 5852 Oudinus
1930 5794 1967 5848 l.
2016 5810 2064 5849 e.
2103 5789 2349 5865 p.1081,
2388 5793 2541 5848 addit
2586 5800 2822 5863 putatus.
2902 5791 2945 5822 “
2987 5789 3109 5848 Vid.
3154 5798 3193 5846 t.
3222 5789 3268 5858 l,
3313 5805 3369 5862 p.
3422 5792 3522 5845 176

272 5870 315 5904 "
338 5868 536 5931 Vidit.
570 5870 668 5938 Ill,
697 5885 754 5941 p.
777 5868 879 5924 271
906 5883 1024 5938 seq.
