4070 6444
522 416 629 480 237

1636 414 2011 474 GARNERH
2057 411 2556 473 DlSSEliTATIO
2596 413 2679 474 II.

3681 413 3777 475 228

528 524 850 585 recensione
897 533 990 578 aut
1030 524 1334 579 assertione
1362 524 1548 593 potius
1578 523 1957 595 hujuscemodi
1990 523 2110 576 dia-
2140 529 2180 580 Α
2212 522 2307 576 sed
2349 522 2568 592 smpius.
2612 520 2767 588 Quod
2803 537 2969 591 porro
3013 529 3232 591 negant,
3263 520 3431 591 hujus
3456 520 3778 577 mentionem

528 620 797 688 Iugerum.

600 709 711 763 VII.
762 708 820 761 In
857 704 1262 760 commentariis
1292 704 1361 759 ad
1395 715 1559 773 caput
1600 722 1666 760 xx
1697 705 1765 759 ad
1800 703 2108 773 Philippen—

530 814 638 861 ses,
663 813 784 851 cum
818 797 1166 866 exposuisset
1186 795 1406 850 celebre
1423 795 1556 849 illud
1575 795 1782 850 dictum
1815 793 2060 863 Apostoli
2091 810 2104 845 :

530 888 639 941 Hoc
680 888 818 941 enim
864 887 1051 940 sentite
1095 889 1151 940 in
1196 885 1371 949 vobis,
1421 885 1560 955 quod
1594 894 1642 938 et
1686 887 1743 939 in
1776 884 1981 941 Christo
2019 883 2110 938 Je-

530 992 590 1029 su
614 985 637 1023 ι
666 1017 679 1039 ,
718 986 849 1041 etc.,
889 975 1065 1045 pergit
1101 975 1156 1028 in
1201 974 1319 1028 hrec
1362 974 1528 1028 verba
1570 990 1583 1026 :
1630 992 1649 1023 ι
1689 972 1916 1028 Omnem
1962 981 2109 1028 certe

531 1066 764 1120 hrercsin
798 1082 897 1135 per
947 1081 1121 1135 pauca
1171 1064 1288 1118 haec
1319 1063 1488 1117 verba
1521 1064 1851 1133 expugnavit
1892 1063 2112 1118 divinus

531 1157 845 1227 Apostolus,
882 1164 995 1210 tum
1019 1171 1114 1211 eos
1135 1157 1229 1226 qui
1265 1155 1606 1210 divinitatem
1654 1154 1927 1225 Unigeniti
1961 1154 2105 1209 blas-

532 1249 813 1318 phemant,
839 1256 895 1303 et
929 1247 1024 1317 qui
1076 1248 1197 1317 ejus
1222 1247 1615 1301 humanitatem
1635 1253 1856 1316 negant,
1881 1254 1995 1300 tum
2015 1260 2113 1300 eos

535 1344 834 1408 praeterea,
890 1336 985 1405 qui
1047 1335 1369 1407 hypostases
1423 1350 1519 1390 seu
1574 1349 1838 1404 personas
1886 1334 2110 1390 confun-

535 1425 673 1480 dunt
690 1426 825 1480 “°".
841 1426 1096 1491 iDeinde,
1115 1428 1397 1481 conlutato
1414 1425 1786 1480 Sabelliocum
1801 1428 1933 1491 suis,
1948 1435 2114 1497 atque

533 1516 699 1570 etiam
728 1516 859 1571 Ario
892 1525 948 1571 et
986 1516 1277 1581 Eunomio,
1314 1516 1383 1571 de
1418 1517 1598 1572 forma
1621 1517 1716 1571 Dei
1747 1524 1804 1572 et
1824 1518 1965 1572 servi
1998 1518 2113 1572 dis—

536 1614 691 1675 putat
725 1607 982 1662 eumdem
1046 1607 1102 1661 in
1147 1608 1394 1672 modum,
1436 1624 1545 1677 quo
1587 1609 1792 1663 iecerat
1825 1610 1881 1662 in
1926 1625 2114 1679 repre-

538 1696 803 1752 hensione
819 1697 1287 1765 anathematismi;
1307 1706 1365 1753 et
1380 1698 1599 1752 tandem
1626 1700 1937 1753 concludit:
1968 1721 1985 1751 ι
2008 1700 2114 1756 Sed

536 1786 603 1840 de
625 1787 713 1842 bis
739 1787 905 1842 etiam
936 1788 1066 1842 alibi
1099 1789 1319 1858 copiose
1356 1789 1741 1844 disseruimus.
1780 1810 1798 1841 ι

607 1877 743 1931 VIII.
774 1857 1188 1933 Observandum
1215 1893 1379 1948 porro
1430 1879 1837 1934 Theodoretum
1870 1895 2117 1950 quacun-
2146 1857 2188 1916 Β

534 1982 643 2037 que
666 1966 791 2020 data
824 1967 1113 2021 occasione
1147 1967 1332 2022 invehi
1362 1969 1418 2022 in
1458 1967 1646 2022 Arium
1673 1979 1730 2024 et
1749 1970 2113 2035 Eunomium;

537 2057 594 2111 in
619 2056 993 2112 Macedonium
1011 2057 1080 2112 de
1102 2057 1341 2127 Spiritus
1363 2059 1535 2113 sancti
1553 2059 2118 2115 consubStantiaiitate

538 2148 677 2203 male
726 2148 1085 2215 sentientem;
1137 2149 1193 2203 in
1229 2164 1327 2203 eos
1379 2149 1473 2218 qui
1530 2150 1866 2219 passibilem,
1915 2151 2126 2219 quique

541 2247 838 2303 mortuum,
866 2247 921 2294 et
966 2238 1282 2309 pontiﬁcem
1313 2248 1584 2305 nostrum,
1616 2241 1787 2295 Deum
1815 2257 1934 2296 esse
1967 2241 2114 2296 dice-

542 2336 683 2393 rent,
710 2327 805 2398 qui
837 2343 1101 2398 personas
1131 2328 1187 2382 in
1210 2327 1431 2383 Christo
1458 2328 1876 2393 confunderent,
1907 2345 2017 2383 non
2038 2329 2122 2384 di-

539 2418 676 2473 visis
733 2418 800 2473 iis
830 2434 952 2489 quae
993 2418 1062 2474 de
1106 2418 1329 2474 Christo
1377 2419 1635 2473 dicuntur
1685 2419 1739 2473 in
1779 2419 2119 2490 Scripturis:

540 2524 651 2578 quo
682 2508 826 2563 facto
859 2508 1200 2565 demonstrat
1236 2509 1512 2580 opinionis
1534 2523 1734 2565 nostra:
1766 2510 2122 2580 probabilita—

543 2605 653 2653 tem
692 2597 760 2653 de
791 2606 1035 2670 tempore
1072 2606 1129 2655 et
1152 2601 1382 2656 consilio
1411 2600 1650 2670 suscepti
1683 2602 1888 2671 operis,
1926 2618 2123 2674 nempe

543 2698 667 2759 post
698 2688 967 2760 synodum
1013 2688 1346 2759 Ephesinam
1373 2698 1429 2745 et
1465 2704 1654 2760 pacem
1704 2689 1916 2755 initam,
1962 2708 2124 2762 quam

543 2796 667 2836 cum
691 2795 833 2852 aegre
865 2780 1057 2846 ferret,
1081 2781 1232 2834 nulla
1255 2796 1368 2835 non
1394 2795 1527 2835 usus
1554 2788 1638 2835 est
1660 2782 1921 2850 carpendi
1946 2783 2123 2853 capita

542 2870 845 2943 Cyrilliana
880 2872 1318 2942 opportunitate.

614 2962 704 3018 IX.
731 2963 799 3017 Et
820 2978 952 3018 vero
985 2963 1187 3033 quibus
1204 2963 1449 3033 Apostoli
1483 2964 1618 3021 locis
1637 2966 1983 3036 potissimum
2008 2979 2126 3022 rem

545 3065 701 3106 suam
741 3051 796 3105 in
840 3052 1273 3121 reprehensione
1309 3053 1551 3122 capitum
1591 3055 1861 3109 conﬁcere
1900 3055 2006 3109 sibi
2041 3055 2129 3109 vi-

545 3159 639 3199 sus
665 3152 802 3208 erat,
845 3144 913 3198 ad
954 3145 1055 3199 hos
1099 3145 1346 3215 singulos
1392 3147 1598 3201 diutius
1633 3147 1688 3201 in
1714 3147 2124 3203 commentariis

545 3236 735 3299 haeret,
762 3237 1047 3307 carpitque
1096 3237 1263 3291 tacito
1304 3238 1551 3302 nomine,
1598 3249 1821 3309 propter
1852 3247 2119 3309 tempora,

547 3342 714 3397 quem
758 3336 919 3383 antea
950 3329 1127 3398 palam
1165 3338 1439 3397 arguerat.
1486 3330 1723 3400 Legendi
1770 3332 1876 3400 prie
1916 3333 2127 3387 czeteris

547 3419 653 3474 loci
687 3418 777 3475 isti
803 3420 1004 3490 Ephes.
1043 3435 1080 3485 I,
1109 3419 1207 3486 20;
1239 3419 1451 3476 Coloss.
1486 3438 1558 3486 ιι,
1590 3422 1649 3488 8;
1686 3424 1923 3494 Philipp.
1958 3440 2027 3489 ιι,
2053 3425 2123 3490 5;

549 3510 714 3566 Hebr.
751 3528 788 3576 I,
824 3512 922 3579 Ii;
959 3528 1031 3576 Iv,
1059 3512 1161 3578 t4;
1193 3529 1247 3577 ν,
1281 3513 1389 3567 let
1415 3514 1502 3568 10.

621 3604 689 3660 X.
724 3604 1035 3672 Quinetiam
1077 3606 1131 3660 in
1187 3621 1283 3660 eos
1318 3608 1548 3661 maxime
1583 3607 1871 3663 haereticos
1919 3608 2129 3662 invehi-

551 3705 661 3761 tur,
702 3712 938 3767 quorum
988 3697 1307 3752 societatem
1359 3697 1561 3768 Cyrillo
1609 3698 1664 3752 in
1703 3700 2130 3769 reprehensione

552 3789 793 3859 capitum
833 3788 1046 3859 objicit,
1101 3789 1291 3843 Arium
1334 3798 1391 3844 et
1434 3790 1787 3855 Eunomium,
1839 3798 1947 3845 etc.
1989 3790 2129 3855 Quid

552 3878 700 3946 quod
736 3877 803 3931 de
828 3876 1003 3931 forma
1033 3878 1176 3931 servi
1208 3885 1263 3932 et
1292 3878 1548 3947 pontiﬁce
1594 3880 1705 3933 Deo
1726 3920 1741 3943 ,
1784 3877 1977 3932 eadem
2016 3879 2131 3933 fere

556 3967 722 4023 habet
773 3969 827 4022 in
863 3968 1305 4032 commentariis,
1350 3977 1515 4039 atque
1566 3970 1623 4023 in
1665 3969 2128 4039 reprehensione;

552 4059 748 4115 eodem
778 4059 1070 4128 utrobique
1096 4061 1259 4115 modo
1296 4061 1726 4116 incarnationem
1752 4060 2008 4128 explicat,
2034 4075 2134 4129 per

558 4150 901 4204 indutionem
942 4158 999 4204 et
1052 4150 1508 4208 inhabitationem
1559 4150 1802 4206 hominis
1849 4165 1879 4204 a
1928 4150 2130 4205 Verbo.

555 4241 696 4308 Quid
739 4240 952 4296 multa?
1001 4242 1171 4299 Nemo
1218 4246 1414 4317 legerit
1448 4252 1749 4312 utrumque
1791 4256 1930 4312 Opus
1970 4244 2134 4313 paulo

558 4331 859 4397 attentius,
918 4332 1053 4402 quin
1106 4334 1360 4391 eumdem
1411 4336 1468 4388 in
1532 4340 1768 4402 utroque
1832 4333 2131 4402 spiritum,

558 4422 916 4494 eamdemque
940 4424 1244 4482 doctrinam
1268 4434 1547 4498 agnoscat.

894 4592 922 4662 ᾗ
956 4592 1020 4647 II.
1054 4625 1124 4635 —
1152 4593 1388 4649 Historia
1412 4592 1783 4649 ecclesiastica.

631 4738 674 4793 l.
728 4738 867 4795 Sunt
900 4742 991 4811 qui
1025 4744 1433 4799 Theodoretum
1472 4754 1667 4816 putent
1700 4746 1950 4800 Historiae
1977 4746 2140 4799 ecclo-

558 4829 784 4884 siasticw
831 4847 1104 4902 nusquam
1154 4834 1472 4890 meminisse
1516 4854 1527 4889 :
1565 4852 1675 4890 non
1706 4835 2010 4891 diﬂitentur
2055 4835 2135 4890 illi

563 4925 766 4986 tamen,
793 4922 960 4993 278
988 4924 1122 4993 quin
1149 4941 1270 4979 eam
1300 4925 1415 4996 ipse
1453 4928 1738 4997 agnoverit
1770 4928 1922 4981 velut
1942 4942 2096 4981 suam
2121 4943 2137 4993 ;

561 5011 1006 5082 quandoquidem
1034 5016 1087 5069 in
1124 5031 1189 5069 ea
1218 5017 1554 5072 mentionem
1587 5016 1718 5072 fecit
1740 5015 2020 5082 Philol/rei,
2042 5033 2143 5073 ceu

563 5100 828 5172 religiosae
857 5104 1103 5160 historiae
1136 5121 1167 5160 a
1206 5120 1264 5161 se
1290 5108 1637 5178 conscriptas.

629 5192 697 5248 II.
722 5192 879 5261 Quod
922 5196 979 5250 in
1006 5211 1071 5250 ea
1108 5195 1365 5250 Philol/rei
1397 5199 1713 5254 meminisse
1740 5199 1951 5264 dicunt,
1989 5198 2146 5255 facile

565 5284 853 5339 consentio
880 5303 893 5338 :
921 5286 1173 5340 meminit
1197 5288 1367 5353 enim,
1404 5304 1516 5344 non
1548 5291 1738 5357 semel,
1774 5300 1835 5346 ut
1866 5290 1942 5345 illi
1967 5292 2142 5359 aiunt,

639 5442 666 5482 ⁸
695 5439 933 5512 Philipp.
971 5456 1031 5508 ιι,
1067 5442 1101 5498 5

2208 613 2402 667 fecisse
2458 614 2512 667 in
2560 614 2684 667 aliis
2735 612 3032 682 operibus,
3071 612 3325 666 assentiri
3378 626 3491 666 non
3543 626 3779 681 possum,

2207 711 2434 770 propter
2470 712 2657 771 aperta
2690 702 2857 755 verba
2884 717 3005 771 quae
3039 700 3293 770 leguntur
3337 698 3392 752 in
3425 698 3569 753 libro
3592 714 3642 751 tv
3669 698 3781 753 Hav-

2209 794 2491 846 reticarum
2519 791 2843 861 fabularum,
2870 805 2992 860 cap.
3025 790 3076 843 1.
3109 790 3404 858 Postquam
3426 787 3574 842 enim
3612 787 3781 840 Theo-

2208 882 2436 938 doretus
2479 884 2651 939 multa
2694 883 2763 938 de
2816 882 2947 937 Ario
2998 881 3265 945 narravit,
3303 895 3428 934 mox
3469 878 3780 949 subjungit:

2217 993 2235 1024 ι
2277 973 2383 1028 Sed
2436 989 2563 1027 cum
2610 973 2727 1028 haec
2775 972 2831 1027 in
2886 972 3122 1027 Historia
3180 971 3532 1025 ecclesiastica
3574 969 3784 1039 copiose

2211 1064 2652 1133 conscripserim,
2675 1076 3147 1133 supervacaneum
3183 1068 3315 1131 puto
3348 1060 3440 1114 hic
3467 1059 3654 1114 dicere
3673 1061 3737 1115 ⁸⁸.
3759 1080 3777 1112 ι

2211 1153 2280 1207 Ει
2325 1154 2508 1207 statim
2538 1153 2718 1222 capite
2751 1152 2806 1215 2,
2848 1151 2941 1205 ubi
2976 1150 3045 1206 de
3087 1150 3338 1205 Eudoxio
3364 1149 3476 1221 agit
3508 1168 3520 1202 :
3555 1167 3575 1200 ι
3610 1150 3687 1205 Ac
3719 1165 3785 1205 ne

2211 1245 2469 1299 omnibus
2490 1244 2745 1299 dicendis
2762 1245 2863 1299 sim
2884 1244 3132 1312 longior;
3154 1243 3357 1298 horum
3373 1244 3521 1298 enim
3544 1244 3783 1298 omnium

2216 1336 2272 1388 in
2301 1350 2469 1404 opere
2496 1335 2590 1389 illo
2611 1335 2833 1389 memini
2857 1335 2925 1390 ”.
2960 1355 2977 1386 ι
3012 1334 3228 1388 Τούτων
3245 1335 3352 1406 γὰρ
3377 1334 3595 1389 πάντων
3623 1334 3785 1405 ἐμνή-

2215 1428 2346 1496 σθην
2384 1429 2442 1479 ὲν
2469 1430 2532 1496 τῇ
2565 1427 2747 1496 ἐκείνῃ
2781 1428 3094 1497 συγγραφῇ.

2284 1517 2373 1571 Ill.
2401 1518 2765 1571 Meminerunt
2783 1525 2982 1587 praeter
2996 1515 3404 1571 Theodoretum
3434 1515 3548 1582 alii,
3577 1514 3785 1572 Genna-

2215 1609 2338 1663 dius
2363 1610 2441 1672 ⁷⁸,
2481 1608 2841 1663 Cassiodorus
2866 1608 2937 1671 ⁷³,
2973 1608 3201 1662 Photius
3245 1610 3312 1667 ".
3362 1617 3419 1663 et
3455 1608 3789 1678 Nicephorus

2215 1703 2471 1756 Callistus
2493 1702 2562 1755 ’⁸.
2604 1701 2710 1755 Sed
2736 1699 3055 1754 Gennadius
3093 1699 3275 1753 verbis
3326 1698 3621 1753 admodum
3668 1713 3785 1767 per-

2216 1794 2411 1863 plexis,
2447 1807 2568 1863 qua:
2610 1808 2735 1847 mox
2784 1792 2852 1846 ad
2896 1807 3127 1847 examen
3163 1792 3550 1846 vocabuntur:
3582 1789 3790 1845 Cassio-

2218 1885 2387 1939 dorus
2414 1899 2609 1955 magna
2639 1898 2762 1937 cum
2790 1882 2973 1948 laude,
3003 1892 3065 1937 ut
3087 1883 3181 1953 qui
3208 1882 3505 1937 Latinitate
3539 1882 3790 1937 donatam

2216 1978 2285 2031 ab
2331 1976 2641 2046 Epiphanio
2697 1974 3037 2029 Scholastico
3083 1973 3359 2028 contraxit
3396 1974 3450 2028 in
3489 1974 3786 2043 epitomen,

2215 2066 2500 2135 voluitque
2541 2078 2663 2118 esse
2697 2071 2907 2133 partem
2940 2062 3214 2126 historiae,
3246 2078 3412 2133 quam
3445 2061 3791 2131 Tripartiutm

2217 2164 2438 2213 vocant.
2473 2160 2493 2180 ‘
2533 2158 2763 2212 Photius
2814 2157 3003 2211 critice
3045 2173 3058 2208 :
3103 2175 3121 2206 ‹
3152 2155 3317 2210 Lecta
3357 2162 3441 2209 est
3471 2153 3795 2208 Theodoreti

2220 2251 2453 2306 Historia
2498 2248 2869 2302 ecclesiastica.
2906 2247 3161 2303 Omnium
3196 2262 3334 2317 quos
3361 2245 3607 2316 proxime
3633 2245 3798 2299 nomi-

2218 2342 2344 2395 navi
2377 2340 2775 2411 (nominaverat
2801 2339 3123 2403 Eusebium,
3161 2339 3464 2401 Socratem,
3492 2336 3797 2406 Evagrium,

2222 2428 2636 2499 Sozomenum),
2672 2430 3094 2483 convenientem
3116 2428 3290 2498 magis
3325 2427 3573 2481 historiae
3607 2426 3800 2498 stylum

2222 2520 2447 2574 adhibet
2484 2536 2498 2572 :
2532 2519 2716 2574 clarus
2760 2518 2906 2573 enim
2962 2526 3018 2571 et
3064 2516 3285 2587 grandis
3331 2523 3436 2581 est,
3477 2515 3801 2583 minimeque

2224 2611 2577 2676 redundans,
2614 2611 2720 2665 nisi
2754 2610 2901 2680 quod
2943 2608 3393 2664 translationibus
3434 2608 3697 2663 audacius
3723 2606 3803 2661 in-

2227 2705 2464 2767 terdum,
2489 2713 2544 2758 et
2577 2718 2717 2773 pene
2763 2702 2949 2771 inepte
2986 2711 3194 2756 utatur.
3227 2721 3245 2753 ι
3276 2699 3625 2769 Nicephorus
3644 2698 3804 2753 verbo

2227 2811 2339 2850 uno
2369 2812 2382 2848 :
2418 2814 2437 2846 ι
2461 2794 2781 2849 Elaboravit
2805 2801 2861 2847 et
2897 2793 3001 2847 alia
3026 2792 3155 2855 duo,
3177 2807 3409 2861 quorum
3435 2806 3607 2845 unum
3636 2790 3803 2844 Histo-

2227 2887 2367 2940 riam
2414 2884 2840 2947 ecclesiasticam,
2887 2884 3121 2938 alterum
3156 2883 3513 2948 Philotheum,
3555 2897 3655 2937 seu
3686 2879 3802 2935 reli-

2228 2973 2435 3044 giosam
2470 2973 2776 3036 historiam,
2807 2982 2986 3027 vocat.
3020 2992 3038 3023 ι

2300 3064 2577 3119 Audacem
2612 3063 2779 3133 igitur
2829 3070 2995 3132 atque
3030 3063 3197 3116 etiam
3229 3061 3609 3131 impudentem
3657 3075 3807 3129 opor-

2232 3161 2310 3209 tet
2341 3170 2468 3210 eum
2506 3169 2647 3217 esse,
2674 3154 2767 3223 qui
2802 3156 2941 3223 opus
2975 3152 3048 3206 ita
3077 3159 3291 3216 notum,
3327 3152 3402 3205 ita
3427 3159 3711 3217 testatum,
3742 3149 3808 3202 ita

2234 3250 2581 3304 manifestum
2620 3247 2951 3302 Theodoreti
2979 3261 3099 3300 esse
3145 3252 3326 3313 neget,
3386 3251 3446 3297 ut
3500 3242 3729 3305 Coccus,
3760 3249 3810 3294 et

2234 3343 2324 3397 alii
2358 3357 2467 3395 non
2502 3339 2758 3394 meliores
2793 3356 2808 3391 :
2839 3338 2974 3392 certi
3021 3338 3250 3407 rejicere
3291 3333 3496 3403 scripta
3542 3341 3809 3388 veterum.

2234 3432 2634 3501 qualiacunque
2684 3428 2901 3484 tandem
2931 3427 3062 3493 sint,
3097 3427 3144 3481 si
3199 3424 3316 3480 suis
3368 3421 3711 3476 novitatibus
3734 3421 3811 3475 in-

2236 3523 2608 3578 commodent.

2307 3636 2394 3691 IV.
2463 3635 2582 3701 Quo
2643 3642 2889 3703 tempore
2928 3633 3131 3702 scripta
3171 3629 3330 3694 sit",
3360 3642 3523 3682 nemo
3545 3625 3811 3680 hactenus

2238 3738 2391 3783 certo
2418 3727 2695 3783 deﬁnivit.
2731 3727 2846 3781 Nec
2874 3725 3020 3780 enim
3048 3724 3157 3778 ulla
3194 3738 3318 3792 pars
3349 3721 3466 3775 visa
3496 3727 3580 3773 est
3612 3728 3817 3784 tempo-

2238 3822 2316 3876 ris
2353 3828 2540 3875 notam
2594 3817 2873 3888 praeferre.
2919 3817 3041 3871 Non
3074 3814 3343 3885 pra-ratio,
3384 3813 3441 3866 in
3486 3826 3595 3880 qua
3642 3819 3816 3863 tamen

2238 3913 2376 3967 solet
2407 3910 2609 3979 aliquid
2642 3908 2910 3980 ejusmodi
2948 3906 3247 3978 praemitti:
3279 3920 3388 3959 non
3427 3902 3569 3966 ﬁnis,
3607 3901 3704 3955 ubi
3743 3913 3821 3953 re-

2239 4004 2492 4057 feruntur
2530 4001 2824 4071 praesulum
2876 3999 3098 4053 nomina
3124 4039 3136 4063 ,
3168 3996 3260 4066 qui
3303 3993 3609 4065 majoribus
3638 3989 3823 4046 Eccle-

2238 4096 2334 4152 siis
2367 4094 2707 4165 praefuerunt
2738 4107 2885 4146 :non
2908 4090 3080 4145 series
3106 4087 3368 4149 historiae,
3406 4104 3423 4136 ι
3454 4099 3574 4153 quae
3604 4090 3821 4136 centum

2238 4193 2295 4241 et
2312 4186 2554 4254 quinque
2585 4197 2853 4237 annorum
2895 4188 3111 4249 tempus
3169 4173 3574 4246 complectitur,
3617 4173 3687 4226 ab
3712 4168 3821 4225 Arii

2238 4276 2457 4331 vesania
2502 4275 2793 4343 incipiens,
2839 4271 3206 4340 desinensque
3245 4270 3301 4323 in
3327 4266 3479 4321 obitu
3524 4263 3822 4319 illustrium

2238 4368 2484 4423 virorum
2516 4365 2791 4419 Theodori
2826 4371 2883 4416 et
2905 4361 3174 4416 Theodoti
3198 4360 3263 4413 ⁷⁸.
3302 4378 3319 4411 ι

2308 4479 2374 4531 V.
2410 4475 2659 4531 Proclive
2683 4480 2829 4528 esset
2849 4473 3059 4542 opinari
3100 4488 3169 4526 eo
3204 4482 3447 4541 tempore
3468 4468 3824 4526 elaboratam.

2242 4581 2353 4635 quo
2373 4566 2581 4626 ﬁnitur,
2628 4561 2681 4617 id
2712 4570 2817 4627 est,
2845 4577 2989 4617 anno
3012 4560 3216 4617 Christi
3254 4561 3391 4625 427;
3417 4559 3522 4613 nisi
3557 4556 3823 4615 obstaret,

2243 4655 2392 4725 quod
2418 4654 2473 4708 in
2497 4654 2636 4709 libro
2654 4653 2833 4724 primo
2857 4662 3163 4724 quartaque
3189 4650 3396 4706 mentio
3418 4650 3512 4704 ﬁat
3537 4638 3796 4703 Philothéi
3810 4660 3827 4708 ,°

2244 4746 2305 4801 in
2333 4746 2557 4815 quinto,
2600 4752 2876 4799 motarum
2917 4742 3156 4798 Nestorii
3198 4758 3364 4799 causa
3414 4753 3723 4812 pugnarum
3763 4738 3827 4789 de

2246 4837 2372 4892 ﬁde.
2426 4836 2559 4892 Cum
2593 4836 2740 4891 enim
2784 4835 3105 4905 Apollinarii
3158 4833 3393 4889 hmresin
3451 4830 3830 4886 Theodoretns

2246 4936 2525 4983 narrasset
2551 4946 2563 4981 :
2589 4926 2755 4997 279
2786 4946 2805 4978 ι
2836 4927 2916 4981 Ex
2947 4926 3050 4980 hac
3088 4924 3297 4990 radice,
3332 4922 3511 4992 inquit
3534 4921 3600 4984 ",
3654 4921 3711 4973 in
3734 4917 3830 4971 Ec—

2246 5017 2430 5074 clesiis
2454 5028 2643 5072 natum
2674 5025 2780 5083 est,
2808 5016 2956 5087 quod
2979 5032 3087 5070 una
3118 5016 3303 5070 carnis
3328 5023 3385 5070 et
3409 5010 3720 5067 divinitatis
3738 5023 3831 5063 na-

2251 5120 2374 5166 tura
2407 5110 2647 5175 dicitur,
2692 5108 2950 5179 quodque
3002 5106 3279 5163 divinitati
3306 5102 3588 5175 Unigeniti
3642 5096 3829 5171 passio

2249 5201 2565 5266 ascribitur,
2601 5210 2658 5255 et
2686 5200 2791 5255 alia
2835 5200 2885 5254 id
2919 5213 3122 5270 genus,
3164 5197 3233 5253 de
3260 5196 3462 5267 quibus
3501 5191 3831 5264 populorum

2249 5293 2710 5362 sacerdotumque
2759 5290 3060 5348 certamina
3105 5289 3458 5345 exstiterunt.
3497 5304 3516 5337 ι
3548 5283 3682 5351 Qua
3721 5278 3832 5334 duo

1911 5585 2232 5644 SCHULZII
2268 5581 2503 5639 NOTAE.

635 5716 759 5802 ξ”ἶ
785 5716 1214 5802 pertinent
1251 5725 1567 5802 ad_cap._t_r,_
1570 5744 1715 5802 vers.
1753 5725 1993 5802 ιιι-για.
2025 5723 2177 5802 t.l_lI,

570 5787 615 5821 "
649 5784 1135 5866 ρεξυίνκ-ίριιξιν..
1154 5810 1271 5866 cap.
1302 5798 1387 5851 89.
1407 5784 1422 5797 ’
1468 5798 1506 5828 ⁷³
1537 5784 1691 5852 Przel'.
1727 5797 1791 5852 ad
1821 5796 2020 5866 Hister.
2045 5796 2127 5861 tri;

2227 5801 2258 5844 t.
2334 5793 2378 5824 τ’
2405 5787 2540 5844 Cod.
2583 5784 2671 5839 3i.

574 5873 625 5926 ρ.
667 5857 786 5913 188.
864 5861 1049 5917 "Vid.
1092 5857 1430 5921 uiaticum.
1467 5885 1518 5932 ν,
1551 5883 1596 5921 c.
1633 5869 1720 5922 59.
1800 5868 1840 5898 νε
1879 5865 2042 5929 ibid.,
2073 5857 2198 5919 c..'s.

2213 5736 2267 5792 ιι.
2300 5720 2444 5792 es...
2500 5718 2544 5792 ξε
2582 5714 2704 5792 Yid-
2732 5715 2884 5792 sua

2922 5729 2975 5784 p.
3013 5715 3119 5769 552
3163 5730 3277 5784 seq.
3355 5710 3581 5784 "Ibid,
3608 5723 3665 5777 p.
3699 5706 3825 5762 sas.

2748 5784 2793 5818 η
2828 5778 2946 5839 Lib.
2980 5801 3087 5849 xw,
3142 5801 3189 5838 c.
3243 5778 3331 5840 54.
3410 5782 3453 5814 ⁷⁵
3479 5778 3597 5837 Vid.
3632 5792 3823 5847 supra,
