4070 6490
339 456 445 519 229

1508 450 1604 506 DE
1639 449 1894 507 LIBRIS
1925 449 2431 510 THEODORETI-

3491 453 3595 516 230

337 567 455 636 ipse
482 563 660 631 capita
719 559 928 630 Cyrillo
979 557 1220 626 objicere
1269 557 1497 611 solebat.
1547 559 1708 627 Atqui
1762 567 1924 610 moue
1960 567 1994 614 Α
2031 566 2144 622 tus;
2181 575 2270 611 res
2296 561 2440 612 enim
2469 557 2784 627 complexus
2801 567 2883 614 est
2906 569 3122 614 centum
3156 569 3210 614 et
3236 561 3592 632 quadraginta

333 663 464 712 sunt
501 655 674 707 turbae
713 667 858 704 anno
899 649 1024 712 49.9,
1065 656 1120 702 et
1169 647 1472 701 Philotheus
1507 649 1662 717 longe
1709 648 1919 702 tardius

328 746 516 800 editus
557 743 734 800 est",
783 755 979 808 nempe
1014 755 1156 792 anno
1187 740 1290 792 444
1324 749 1416 792 aut
1446 741 1568 802 M5,
1609 750 1756 794 certe
1807 755 1918 791 non

329 844 456 904 post
485 835 612 886 4-H}.

399 923 493 976 Vl.
531 919 792 975 Nonnulli
834 925 1052 987 tempus
1088 917 1426 988 coniiciunt,
1467 919 1664 985 partim
1707 931 1774 972 ex
1816 927 1920 980 eo,‘

323 1013 478 1081 quod
521 1018 784 1081 regnante
836 1008 1145 1074 Theodosio
1171 1009 1374 1077 scripta
1401 1009 1500 1072 sit;
1545 1009 1742 1076 partim
1771 1007 1917 1076 quod

325 1105 378 1155 in
413 1103 574 1156 nullo
605 1101 712 1155 alio
743 1115 912 1167 opere
939 1099 1272 1169 appelletur;
1303 1100 1414 1153 imo
1442 1115 1544 1154 nec
1567 1099 1622 1152 in
1650 1099 1775 1153 ullis
1789 1099 1918 1168 Epi-

323 1193 488 1246 stolis
515 1233 530 1255 ,
579 1192 633 1244 in
679 1191 885 1259 quibus
935 1199 1118 1244 tamen
1167 1199 1364 1244 cratera
1409 1197 1706 1244 censentur
1743 1206 1756 1242 :
1789 1189 1915 1242 inde

325 1282 478 1336 enim
505 1280 851 1334 concludunt
897 1279 1040 1332 hanc
1079 1280 1552 1334 elucubrationem
1592 1279 1762 1334 fuisse
1821 1287 1917 1333 aut

323 1373 578 1428 omnium
622 1381 960 1440 postremam
981 1411 994 1434 ,
1023 1380 1120 1425 aut
1149 1380 1552 1441 postremarum
1583 1385 1770 1424 unam.
1807 1371 1915 1425 Ve-

327 1479 448 1518 rum
481 1462 634 1532 quod
677 1463 748 1518 de
789 1477 959 1532 regno
992 1462 1284 1516 Theodosii
1319 1461 1568 1524 affertur,
1611 1477 1736 1514 mox
1769 1477 1915 1516 com-

327 1554 656 1624 probabitur
685 1571 698 1606 :
724 1554 871 1623 quod
913 1553 983 1607 de
1036 1553 1254 1606 silentio
1299 1553 1550 1616 additur,
1597 1554 1806 1621 prolata
1847 1567 1914 1606 ex

331 1643 472 1696 libro
533 1653 736 1712 quarto
785 1641 1170 1696 ereticarum
1217 1641 1522 1711 fabularum
1578 1640 1912 1696 Theodoreti

337 1734 496 1786 verba
533 1733 870 1803 improbant.

399 1825 512 1878 νη.
545 1823 766 1878 Certius
793 1824 1000 1892 aliquid
1035 1823 1104 1878 de
1133 1838 1277 1877 anno
1309 1821 1602 1878 conficitur
1661 1839 1729 1877 ex
1769 1823 1912 1878 libro

329 1931 380 1978 γ,
419 1929 544 1983 cap.
577 1915 668 1968 58.
707 1914 892 1968 Audas
915 1914 1096 1978 enim,
1143 1913 1300 1981 cujus
1339 1914 1546 1966 mentio
1589 1912 1648 1965 fit
1683 1927 1750 1966 eo
1779 1912 1906 1976 loci,

329 2005 384 2058 in
423 2004 654 2060 Perside
683 2019 878 2074 passus
900 2011 986 2058 est
1011 2004 1100 2058 die
1132 2004 1194 2058 l6
1219 2005 1343 2057 Maii
1385 2019 1530 2058 anno
1548 2004 1669 2068 420,
1697 2005 1800 2058 sub
1827 2003 1905 2058 ls—

323 2095 564 2165 degerde
613 2111 741 2165 rege
767 2135 782 2158 ,
818 2093 988 2163 Magis
1023 2095 1460 2164 persecutionem
1499 2095 1856 2151 suadentibus
1891 2113 1904 2147 :

321 2187 478 2256 atqui
537 2187 723 2240 Audas
779 2186 1125 2240 occasionem
1185 2184 1336 2238 dedit
1390 2185 1798 2253 persecutioni,
1848 2193 1908 2238 ut

323 2288 578 2344 constat;
599 2287 656 2332 et
677 2279 1063 2333 Theodoretus
1091 2277 1258 2332 tradit
1289 2279 1752 2347 persecutionem,
1778 2287 1908 2332 tunc

319 2387 446 2426 cum
479 2372 778 2436 scriberet,
799 2373 911 2441 jam
948 2371 1176 2426 durasse
1215 2372 1438 2442 triginta
1471 2373 1630 2426 annis
1664 2373 1910 2428 :scribe-

321 2461 416 2514 bat
443 2462 618 2532 igitur
643 2475 790 2515 anno
813 2461 936 2516 450.

393 2552 534 2605 Vlll.
567 2552 690 2605 Non
739 2552 806 2606 de
837 2568 984 2606 anno
1027 2561 1275 2616 tantum,
1325 2553 1420 2608 sed
1464 2554 1532 2609 de
1572 2556 1699 2608 anni
1743 2555 1906 2609 etiam

319 2651 476 2710 parte
499 2643 644 2694 certi
682 2642 891 2710 aliquid
912 2643 1076 2697 statui
1107 2652 1292 2712 potest
1318 2662 1330 2696 :
1371 2661 1496 2698 nam
1530 2646 1910 2700 Theodoretus

321 2741 489 2800 caput
531 2733 599 2785 36
629 2731 762 2785 libri
793 2734 972 2801 quinti
1002 2733 1253 2796 absolvit,
1287 2734 1595 2788 Theodosio
1625 2735 1804 2789 adhuc
1826 2735 1908 2788 vi-

325 2832 508 2877 vente.
539 2822 680 2878 Cum
717 2825 865 2877 enim
905 2831 1093 2894 ageret
1123 2825 1189 2880 de
1241 2826 1492 2894 reliquiis
1533 2825 1908 2896 Chrysostomi

265 2905 270 2908 ⁷
329 2913 864 2984 Constantinopolim
900 2915 1128 2969 relatis:
1173 2935 1190 2966 ‹
1233 2915 1412 2979 Hunc,
1467 2917 1648 2985 inquit
1678 2915 1746 2980 ⁷⁸,
1788 2917 1909 2970 tlte-

337 3020 548 3059 saurum
577 3006 634 3059 in
661 3007 856 3060 urbem
882 3006 1068 3060 intulit
1101 3007 1168 3070 is,
1201 3009 1293 3076 qui
1333 3007 1564 3076 imperio
1595 3023 1743 3062 nunc
1771 3009 1912 3076 poti-

333 3105 436 3158 tur,
463 3099 554 3166 qui
592 3098 682 3152 avi
717 3113 920 3150 nomen
947 3100 1195 3160 sortitus,
1243 3101 1364 3168 ejus
1397 3115 1614 3168 quoque
1650 3100 1910 3169 pietatem

325 3199 506 3240 servat
529 3189 936 3256 incorruptam.
979 3189 1078 3242 Hic
1101 3189 1292 3244 oculos
1314 3199 1368 3244 et
1389 3190 1632 3246 frontem
1655 3191 1712 3245 in
1729 3191 1909 3245 loculo

321 3274 589 3345 deﬁgens,
615 3291 718 3344 pro
752 3277 1078 3344 parentibus
1101 3293 1292 3346 preces
1314 3278 1471 3342 fudit,
1499 3285 1554 3332 et
1588 3280 1656 3333 iis
1687 3280 1780 3348 qui
1815 3295 1913 3349 per

320 3365 694 3435 ignorantiam
720 3375 1032 3434 peccarant,
1075 3377 1135 3422 ut
1168 3368 1497 3436 ignosceret,
1532 3369 1904 3438 supplicavit.»

314 3453 458 3510 Cum
484 3469 622 3524 ergo
647 3454 994 3509 Theodosius
1025 3455 1225 3510 obierit
1245 3457 1332 3510 die
1364 3457 1432 3510 29
1459 3458 1584 3512 Julii
1613 3475 1757 3513 anno
1786 3459 1910 3522 430,

317 3547 737 3616 imperiumque
773 3546 1078 3600 Marcianus
1100 3563 1130 3602 a
1161 3549 1452 3603 Pulcheria
1471 3558 1774 3619 senatuque
1800 3552 1912 3604 ele-

316 3645 448 3690 ctus
483 3637 846 3705 capessiverit
871 3637 960 3691 die
979 3638 1050 3692 25
1085 3639 1351 3709 Augusti;
1395 3649 1608 3709 oportet
1639 3649 1699 3694 ut
1731 3641 1913 3710 priore

317 3728 452 3782 antri
479 3735 638 3796 parte
659 3728 955 3782 Historiam
974 3728 1260 3784 Theodore
1270 3739 1356 3784 tus
1379 3741 1475 3784 aut
1501 3733 1912 3801 conscripserit,

314 3825 414 3870 aut
471 3824 624 3868 certe
675 3816 1006 3882 absolverit;
1061 3817 1306 3872 nondum
1353 3818 1563 3874 scilicet
1612 3821 1816 3874 auditis
1857 3821 1912 3874 in

316 3903 557 3960 Oriente
579 3905 646 3958 de
670 3905 825 3959 obitu
858 3906 1152 3961 Theodosii
1187 3908 1428 3974 nuntiis,
1461 3909 1556 3979 qui
1582 3911 1760 3964 solent
1791 3927 1911 3966 esse

317 3995 410 4050 his
443 3996 514 4050 de
542 3996 708 4050 rebus
741 3996 1035 4052 celerrimi.

391 4085 489 4140 IX.
553 4086 786 4156 Scripsit
839 4087 1222 4144 Theodoretus
1257 4128 1271 4152 ,
1320 4088 1466 4158 quod
1525 4088 1641 4158 ipse
1689 4089 1912 4159 quidem

315 4177 518 4240 tradit,
582 4177 652 4230 τὰ
695 4177 992 4248 λειπόμενα
1038 4180 1136 4250 τῆς
1181 4179 1721 4248 Ἐκκλησιαστικῆς
1755 4183 1914 4234 ἱστο-

311 4269 480 4336 ρίας·
541 4283 681 4337 quas
703 4284 870 4324 voces
913 4269 1310 4339 interpretatur
1341 4271 1426 4324 vir
1454 4271 1705 4324 eruditus
1725 4311 1738 4334 ,
1763 4273 1914 4326 velut

317 4356 560 4420 diceret,
601 4373 664 4411 ea
708 4373 828 4426 quae
875 4357 1090 4413 Socrati
1132 4360 1582 4430 Sozomenoquc,
1623 4363 1754 4416 viris
1802 4379 1911 4416 non

319 4447 718 4503 scientissimis
747 4464 936 4503 rerum
968 4450 1346 4514 orientalium,
1369 4453 1602 4516 desunt,
1631 4467 1709 4514 se,
1735 4453 1828 4522 qui
1855 4453 1908 4505 in

317 4537 558 4594 Oriente
595 4539 822 4606 viveret,
864 4541 1354 4612 intelligentiorem
1392 4545 1670 4612 supplere.
1707 4545 1910 4598 Verum

319 4648 436 4687 non
466 4633 644 4696 aliud,
673 4635 888 4701 opinor,
915 4633 1004 4687 his
1033 4634 1264 4688 vocibus
1287 4635 1558 4698 innuitur,
1577 4651 1738 4703 quam
1763 4635 1910 4704 quod

319 4722 716 4777 Theodoretus
739 4723 962 4777 Eusebii
986 4724 1224 4777 voluerit
1243 4724 1540 4778 Historiam
1564 4725 1907 4778 continuare.

319 4812 590 4867 Aitenim
619 4813 700 4864 7°:
738 4832 754 4862 ε
781 4812 922 4878 Quia
965 4814 1239 4868 Eusebius
1285 4815 1604 4868 Palaestinos
1635 4829 1667 4867 a
1709 4813 1912 4868 sanctis

321 4903 596 4973 apostolis
627 4903 793 4972 280
808 4921 1038 4960 exorsus
1065 4922 1156 4960 res
1177 4907 1232 4959 in
1250 4907 1510 4961 Ecclesiis
1538 4914 1716 4975 gestas
1739 4921 1912 4974 usque

321 4993 390 5046 ad
427 4991 784 5047 Constantini
823 4995 937 5049 Deo
989 4995 1174 5050 dilecti
1207 4995 1519 5065 imperium,
1553 4995 1909 5064 conscripsit;

321 5098 426 5154 ego
477 5082 632 5146 inde,
667 5083 760 5137 ubi
795 5083 886 5136 ille
933 5085 1214 5160 scribendi
1258 5085 1422 5140 finem
1459 5085 1591 5140 fecit
1614 5126 1628 5150 ,
1665 5085 1910 5142 historiae

323 5185 462 5226 mese
491 5171 694 5224 ducam
723 5171 963 5226 initium.
997 5191 1016 5222 ι
1049 5173 1290 5243 Idipsum
1319 5183 1476 5228 antea
1499 5173 1752 5228 Socrates
1775 5189 1912 5243 prat-

325 5261 546 5317 ltiterat
573 5279 588 5314 :
617 5261 747 5316 inde
773 5261 919 5316 enim
945 5279 1193 5329 exorsus,
1227 5264 1322 5320 ubi
1341 5265 1606 5319 Eusebius
1635 5263 1797 5320 finem
1831 5263 1914 5318 fe-

327 5361 502 5417 cerat,
537 5354 761 5425 longius
793 5355 1022 5412 deduxit
1055 5358 1366 5422 historiam,
1398 5374 1560 5428 quam
1599 5359 1916 5414 Theodore-

2023 663 2314 701 annorum.

2090 738 2157 791 Χ.
2204 739 2340 793 Cum
2369 739 2561 792 scribit
2604 757 2661 796 se
2685 741 2970 795 historiam
2994 751 3215 796 centum
3256 751 3314 798 et
3350 745 3594 814 quinque

2019 841 2290 880 annorum
2315 829 2590 893 texuisse,
2647 849 2664 880 ε
2705 831 2907 900 quippe
2942 848 3062 900 qua:
3101 834 3169 887 ab
3211 833 3327 888 Arii
3371 837 3594 889 vesania

2021 918 2310 987 incipiens,
2361 919 2572 973 desinat
2631 921 2685 973 in
2739 921 2892 975 obitu
2939 923 3295 978 laudabilium
3348 925 3593 980 virorum

2020 1009 2296 1064 Theodori
2341 1021 2397 1066 et
2451 1011 2720 1066 Theodoti
2742 1013 2826 1065 5°:
2862 1035 2879 1062 ι
2911 1022 3129 1082 oportet
3168 1030 3294 1069 eum
3351 1015 3594 1070 historia:

2020 1101 2237 1154 initium
2275 1101 2494 1154 duxisse
2524 1102 2592 1154 ab
2623 1117 2766 1154 anno
2794 1101 2916 1155 522.
2949 1103 3079 1156 Inde.
3112 1104 3259 1158 enim
3291 1105 3356 1159 ad
3382 1107 3590 1160 obitum

2020 1192 2296 1246 Theodori
2324 1201 2380 1246 et
2415 1192 2684 1245 Theodoti
2715 1193 2953 1261 spatium
2985 1193 3084 1247 103
3119 1211 3385 1249 annorum
3413 1197 3582 1252 inter-

2019 1281 2210 1347 ﬂuxit;
2245 1282 2515 1351 siquidem
2541 1281 2786 1335 defuncti
2821 1293 2952 1336 sunt
2983 1283 3144 1336 ambo
3177 1299 3320 1338 anno
3339 1285 3461 1340 427.

2088 1373 2180 1427 XI.
2207 1373 2313 1428 Sed
2341 1371 2619 1442 quomodo
2648 1372 2840 1426 scribit
2871 1387 2928 1426 se
2955 1371 3023 1424 ab
3068 1371 3184 1426 Arii
3207 1377 3224 1392 ‘
3254 1374 3473 1428 vesania
3509 1375 3592 1428 in-

2017 1466 2246 1534 cepisse,
2275 1479 2398 1517 cum
2431 1463 2724 1517 haereticus
2754 1462 2844 1516 ille
2872 1462 3180 1516 insaniendi
3213 1461 3429 1516 initium
3450 1465 3593 1518 fece-

2017 1555 2086 1607 rit
2105 1555 2212 1623 jam
2240 1554 2366 1606 inde
2400 1553 2468 1606 ab
2489 1567 2632 1604 anno
2661 1549 2783 1604 515.
2809 1549 3096 1615 Quomodo
3119 1557 3306 1602 contra
3345 1550 3412 1602 ab
3448 1565 3591 1603 anno

2015 1646 2118 1698 522
2151 1645 2438 1698 historiam
2471 1643 2760 1696 inchoasse
2785 1640 3073 1703 dicendus,
3104 1655 3226 1693 cum
3271 1656 3379 1705 res,
3407 1641 3590 1694 subla-

2017 1739 2084 1790 tis
2115 1737 2360 1807 tyrannis
2394 1733 2689 1797 Maxentio,
2724 1733 3036 1794 Maximino,
3063 1739 3117 1786 et
3148 1732 3380 1796 Licinio,
3410 1741 3591 1802 gestas

2015 1844 2072 1882 se
2103 1843 2330 1882 narrare
2365 1826 2646 1881 fateatur?
2681 1823 2959 1893 Siquidem
3002 1823 3248 1877 Licinius
3300 1839 3445 1877 anno
3485 1823 3589 1878 525

1965 1912 1984 1954 3
2012 1919 2263 1973 sublatus
2285 1918 2374 1971 sit.
2410 1917 2613 1970 Verum
2644 1914 2712 1967 ab
2740 1929 2807 1966 eo
2833 1921 3078 1982 tempore
3102 1912 3325 1981 incepit,
3357 1929 3467 1982 quo
3497 1929 3590 1967 ve-

2009 2007 2162 2062 sania
2185 2007 2302 2060 Arii
2343 2021 2452 2059 non
2475 2007 2586 2075 jam
2615 2019 2672 2058 se
2704 2002 2936 2073 [Egypto
2966 2002 3256 2066 continuit,
3283 2001 3378 2056 sed
3412 2002 3590 2056 allatis

2009 2098 2078 2151 ad
2106 2098 2494 2166 imperatorem
2524 2095 2766 2164 querelis
2801 2094 2878 2147 ita
2913 2091 3116 2162 erupit,
3152 2101 3213 2146 ut
3253 2093 3320 2148 de
3347 2095 3587 2164 cogenda

2009 2189 2219 2262 synodo
2243 2189 2462 2242 Nicrena
2491 2186 2758 2241 continuo
2796 2185 3130 2255 cogitaretur
3157 2202 3169 2236 :
3198 2184 3394 2238 idvero
3411 2186 3586 2239 conti-

2007 2283 2085 2352 git
2139 2281 2284 2335 circa
2324 2295 2526 2333 annum
2565 2277 2687 2330 522.
2745 2275 2862 2342 Quo
2896 2275 3058 2329 etiam
3113 2291 3257 2330 anno
3303 2276 3483 2331 victus
3515 2277 3587 2332 ita

2008 2382 2124 2426 erat
2149 2371 2408 2432 Licinius,
2437 2379 2496 2423 ut
2528 2369 2738 2423 sublata
2767 2367 2940 2436 ipsius
2973 2367 3217 2438 tyrannis
3253 2367 3453 2422 merito
3480 2367 3586 2424 dici

2009 2467 2194 2526 queat.

2081 2550 2194 2602 Xll.
2227 2549 2286 2602 ld
2326 2549 2511 2618 operis
2539 2547 2772 2602 Photius
2823 2561 2932 2602 non
2981 2546 3332 2601 mediocriter
3379 2549 3585 2614 laudat,

2009 2639 2335 2708 przefertque
2353 2638 2614 2701 Socratis,
2640 2637 2926 2692 Sozomeni
2969 2636 3294 2706 Evagriique
3311 2637 3584 2693 historiis:

2010 2745 2118 2799 quo
2159 2731 2354 2784 merito
2381 2731 2498 2798 ipse
2525 2728 2760 2794 viderit;
2792 2728 2848 2781 in
2891 2743 2957 2782 eo
2980 2735 3160 2782 tamen
3197 2728 3474 2783 desiderat
3501 2730 3582 2783 di-

2010 2824 2210 2878 ctionis
2235 2824 2650 2893 proprietatem.
2677 2821 2817 2876 Sunt
2841 2821 2934 2889 qui
2976 2821 3292 2876 desiderent
3315 2823 3480 2876 etiam
3507 2822 3590 2875 di-

2010 2913 2352 2982 ligentiorem
2385 2921 2694 2980 temporum
2735 2909 3148 2964 distinctionem
3208 2919 3372 2978 atque
3403 2927 3587 2965 rerum

2011 3005 2282 3058 ordinem.

2079 3096 2216 3150 Xfll.
2249 3094 2450 3164 Objicit
2489 3092 2788 3163 Gregorius
2833 3091 3059 3161 Magnus
3107 3092 3368 3144 memoria
3404 3092 3589 3162 lapsus

2015 3187 2068 3240 in
2097 3185 2422 3255 appellando
2450 3185 2670 3238 nomine
2688 3182 2756 3248 ⁸⁸,
2783 3182 3067 3250 multiplex
3087 3182 3430 3236 mendacium
3455 3183 3589 3236 alia-

2015 3293 2118 3348 que
2151 3277 2345 3346 ﬂagitia
2377 3293 2388 3328 :
2433 3295 2450 3326 (
2495 3274 2602 3329 Sed
2635 3273 2806 3343 ipsum
2839 3261 3066 3342 quoque
3086 3273 3374 3328 Sozomeni
3406 3275 3590 3329 llisto-

2014 3371 2149 3423 riam
2199 3369 2356 3423 sedes
2405 3367 2704 3436 apostolica
2746 3367 2996 3433 accipere
3046 3373 3285 3426 recusat,
3331 3368 3588 3434 quoniam

2015 3461 2185 3514 multa
2211 3459 2494 3522 mentitur,
2527 3465 2584 3512 et
2609 3457 2957 3510 Theodorum
3008 3456 3353 3525 Mopsuestiae
3383 3459 3590 3526 laudat,

2014 3559 2070 3604 et
2105 3565 2278 3618 usque
2333 3549 2400 3602 ad
2441 3547 2604 3602 tinem
2656 3548 2842 3601 obitus
2884 3550 2970 3601 sui
3018 3563 3274 3617 magnum
3308 3547 3592 3604 doctorem

2014 3642 2186 3696 fuisse
2217 3639 2492 3710 perhibet.
2539 3639 2726 3692 Restat
2767 3653 2896 3708 ergo
2931 3645 3010 3702 ut,
3050 3639 3092 3692 si
3134 3639 3259 3707 quis
3309 3639 3591 3694 historiam

2015 3733 2162 3786 illam
2197 3731 2422 3799 recipit,
2454 3729 2662 3800 synodo
2691 3731 2792 3798 piae
2821 3729 3097 3784 memoriae
3127 3729 3421 3784 Justiniani
3455 3739 3594 3785 tem-

2013 3823 2241 3892 poribus
2280 3821 2348 3876 de
2388 3821 2566 3875 tribus
2607 3820 2862 3888 capitulis
2891 3819 3047 3874 facta:
3083 3821 3446 3876 contradicat.
3486 3822 3590 3887 Qui

2013 3929 2146 3983 ergo
2190 3913 2320 3966 huic
2348 3911 2623 3966 contraria
2664 3911 2846 3964 dicere
2889 3926 2999 3963 non
3027 3910 3192 3974 valet,
3236 3909 3382 3963 illam
3423 3911 3594 3965 histo-

2013 4007 2152 4060 riam
2177 4019 2400 4058 necesse
2432 4012 2517 4056 est
2543 4011 2604 4056 ut
2637 4003 2912 4070 repellat.)
2937 4001 3297 4055 Sozomenum
3320 4002 3456 4056 dixit
3492 4019 3592 4071 pro

2014 4091 2416 4147 Theodoreto‘ll
2450 4108 2463 4144 :
2493 4105 2671 4158 neque
2718 4089 2866 4144 enim
2907 4089 3176 4142 hactenus
3200 4089 3434 4144 eruditis
3461 4106 3590 4160 per-

2013 4183 2188 4238 suasit
2231 4180 2631 4234 illustrissimus
2683 4179 2973 4233 Annalium
3012 4179 3327 4249 scriptor“,
3385 4183 3591 4252 Grego-

2013 4273 2156 4326 rium
2183 4272 2351 4324 verbo
2383 4285 2493 4324 non
2517 4285 2636 4324 esse
2669 4271 2901 4339 lapsum.

2087 4363 2226 4416 XIV.
2251 4360 2527 4416 Iudicium
2573 4367 2720 4414 certe
2756 4359 3004 4429 Gregorii
3055 4359 3230 4430 Magni
3269 4362 3338 4416 de
3367 4363 3590 4418 menda-

2014 4452 2113 4506 ciis
2144 4451 2496 4513 Theodoreti,
2541 4450 2596 4503 id
2629 4457 2732 4512 est,
2768 4449 2835 4502 de
2867 4451 3108 4518 peccatis
3150 4451 3414 4506 adversus
3451 4461 3590 4508 tem-

1944 4571 1991 4628 D
2020 4558 2210 4612 porum
2234 4551 2292 4596 et
2321 4555 2505 4594 rerum
2537 4541 2838 4602 rationem,
2883 4540 3168 4596 manifeste
3198 4543 3468 4597 Baronius
3495 4560 3591 4614 ap-

2017 4632 2294 4703 probavit,
2325 4631 2611 4700 productis
2638 4631 2795 4698 281
2834 4638 2980 4684 tomo
3026 4631 3093 4684 IV
3123 4631 3214 4694 (ne
3242 4633 3374 4700 quid
3411 4633 3590 4688 dicam

2017 4723 2084 4777 de
2125 4722 2192 4775 lll
2218 4721 2350 4792 ειν)
2380 4721 2662 4790 plusquam
2689 4719 3006 4788 quindecim
3030 4721 3340 4783 errdribus,‘
3363 4738 3500 4792 quos
3533 4725 3590 4779 in

2019 4813 2186 4867 haece
2225 4812 2451 4865 historia
2481 4810 2952 4879 deprehendisset.
2984 4812 3220 4866 Protulit
3250 4813 3387 4868 alios
3422 4831 3590 4885 quos-

2018 4903 2142 4958 dam
2182 4901 2238 4955 in
2263 4902 2411 4955 notis
2452 4901 2567 4955 suis
2591 4901 2839 4956 Valesius
2869 4919 2881 4953 :
2915 4916 3018 4955 nec
3058 4917 3249 4957 omnes
3277 4911 3458 4958 tamen
3503 4921 3592 4959 re-

2019 4992 2252 5056 censuit,
2309 4999 2388 5055 ut,
2419 4990 2590 5060 quod
2643 4989 2923 5046 Bonifacio
2977 4991 3232 5047 Zozimus
3277 4994 3332 5047 in
3380 5009 3594 5050 summo

2017 5083 2338 5154 pontiﬁcatu
2361 5081 2691 5137 successisse
2723 5081 2956 5146 dicatur,
2984 5098 3108 5136 cum
3135 5083 3384 5137 Zosimus
3404 5094 3591 5139 contra

2017 5174 2298 5229 Bonifacio
2356 5173 2687 5238 decesserit,
2731 5181 2838 5228 etc.
2899 5173 3030 5226 Tam
3074 5173 3378 5241 frequentis
3409 5172 3596 5241 lapsus

2019 5281 2182 5322 causa
2207 5279 2332 5318 mox
2361 5263 2644 5319 afferetur.

2094 5356 2185 5410 XV
2243 5355 2302 5410 In
2323 5355 2472 5409 hunc
2501 5355 2746 5409 laborem
2773 5353 3022 5408 incubuit
3046 5353 3113 5407 ab
3133 5353 3325 5408 amicis
3351 5363 3589 5425 rogatus,

1655 5509 2002 5570 .SCHULle
2041 5505 2275 5562 NOTIE.

397 5690 444 5724 "'
477 5694 602 5750 Vid.
624 5707 812 5762 supra,
845 5707 968 5763 pag.
995 5693 1126 5763 264.
1175 5693 1244 5763 λ⁷⁸
1275 5691 1558 5763 nistrat.
1583 5691 1620 5744 l.
1645 5709 1696 5750 ν,
1722 5705 1769 5744 c.
1801 5691 1888 5746 56.

2035 5691 2502 5763 Vid.Prommium
2538 5693 2670 5746 Hist.
2691 5692 2813 5744 ccci.
2892 5691 2936 5722 ⁸ο
2957 5693 3102 5763 Hist.
3130 5693 3250 5750 eccl.
3276 5711 3312 5750 ι.
3338 5713 3390 5763 v,
3417 5711 3465 5752 c.
3499 5699 3588 5754 39.

329 5761 370 5794 "
407 5764 530 5820 Lib.
557 5781 654 5826 vn,
679 5761 858 5832 epist!
875 5761 964 5832 ω.

1039 5763 1086 5792 ⁸²
1103 5761 1182 5816 Ad
1218 5762 1459 5833 socratis
1489 5761 1779 5833 Historiam
1814 5760 1991 5833 cedes.
2031 5762 2120 5833 alii
2153 5763 2268 5818 htec
2301 5764 2506 5817 referre
2546 5764 2855 5833 voluerunt,
2876 5761 2969 5833 sed
2999 5765 3180 5818 minus
3206 5760 3451 5833 recte,'ut
3475 5784 3592 5823 mo-

331 5835 444 5889 nuit
494 5831 724 5906 lttigius’
753 5832 831 5886 De
873 5831 1118 5886 Bibliotlt.
1153 5841 1200 5886 et
1242 5831 1454 5888 Catenis
1488 5831 1621 5894 PP.,
1651 5847 1702 5899 p.
1742 5831 1862 5885 750.
1940 5832 1985 5865 ⁸³
2017 5831 2137 5886 Vid.
2177 5833 2468 5888 Baronium
2515 5833 2568 5887 in
2593 5831 2815 5896 Amtal.,
2841 5842 2877 5884 t.
2911 5831 2972 5898 V,
3013 5849 3064 5904 p.
3099 5835 3221 5890 572.
