4070 6468
504 420 608 487 231

1636 414 2016 476 GARNERII
2056 413 2551 475 DISSERTATIO
2588 413 2671 474 ΙΙ.

3662 415 3774 486 232

508 547 621 588 non
642 526 788 600 quod
813 525 1103 582 crederent
1128 537 1269 592 opus
1287 536 1407 577 esse
1432 520 1486 575 id
1521 522 1631 592 agi,
1652 522 1799 592 quod
1828 522 2086 577 Socrates
2116 530 2156 583 Α
2186 522 2335 577 enim
2359 520 2704 592 frequentius
2732 520 2936 593 obiecit
2970 519 3197 591 Cyl-illo,
3218 535 3383 591 quam
3418 523 3566 593 quod
3593 524 3660 580 ab
3690 526 3767 583 is-

517 625 963 686 Sozomenusqne
1011 613 1424 683 praestitissent,
1458 611 1555 666 sed
1592 622 1653 666 ut
1698 612 1800 667 hac
1853 627 2089 681 occupa-

515 714 668 768 tione
712 708 954 763 animum
1001 704 1293 760 scribentis
1336 719 1367 759 a
1400 703 1728 759 calamitatis
1761 704 2092 775 cogitatione

515 802 872 857 abducerent.

584 888 722 945 XVI.
751 884 1010 956 Oportuit
1029 899 1163 939 vero
1193 885 1336 939 miro
1377 884 1431 939 in
1462 882 1518 938 id
1542 883 1726 941 studio
1757 882 1889 939 ferri
1916 872 2097 937 Theo-

513 982 790 1043 doretum,
819 987 879 1032 ut
910 977 1005 1047 qui
1051 992 1146 1031 sex
1189 976 1463 1033 mensium
1498 976 1677 1047 spatio
1712 983 1822 1030 tam
1853 974 2095 1031 laborio-

510 1089 629 1131 sam
659 1069 942 1128 historiam
970 1070 1232 1126 texuerit.
1258 1069 1438 1136 Quare
1465 1069 1615 1123 credi
1636 1076 1819 1138 posset
1839 1082 1978 1137 opus
1998 1079 2098 1136 per

517 1166 697 1220 otium
730 1172 891 1219 antea
924 1162 1231 1224 inchoasse,
1256 1176 1403 1216 nunc
1432 1160 1750 1225 absolvisse,
1776 1159 1883 1214 nisi
1912 1168 2100 1213 texen-

516 1255 602 1311 dae
634 1256 879 1311 historiae
909 1253 1130 1308 modum
1174 1253 1460 1315 tenuisset,
1495 1251 1590 1321 qui
1628 1265 1741 1305 non
1773 1250 2100 1305 diuturnum

514 1347 761 1419 exigeret
783 1355 999 1416 tempus
1024 1344 1093 1397 ab
1123 1343 1345 1398 homine
1378 1358 1562 1398 rerum
1600 1343 1808 1398 sciente
1837 1351 1895 1397 et
1916 1357 2101 1411 prom—

517 1445 614 1507 pto
641 1436 888 1491 scribere
926 1453 938 1487 :
978 1434 1145 1489 totius
1171 1432 1318 1488 enim
1357 1448 1483 1502 pars
1508 1433 1709 1497 media,
1733 1442 1896 1503 atque
1932 1432 2099 1487 etiam

519 1528 715 1598 major,
742 1526 904 1596 plena
929 1534 1016 1580 est
1058 1525 1308 1594 epistolis
1335 1525 1631 1596 synodicis,
1663 1524 2102 1594 testimoniisque

520 1616 766 1679 insertis,
800 1630 922 1684 quae
955 1614 1219 1669 brevibus
1247 1613 1660 1669 narrationibus
1675 1622 2098 1669 connectuntur.

594 1708 756 1763 XVII.
788 1705 943 1773 Quod
971 1705 1016 1759 si
1049 1703 1434 1760 Theodoretus
1462 1705 1529 1759 ad
1571 1704 1928 1759 scrihendum
1945 1704 2105 1758 abre-

520 1809 648 1872 ptus
666 1807 750 1854 est
764 1805 899 1853 testu
921 1795 1230 1867 przefervidi
1257 1795 1482 1853 doloris.
1502 1796 1722 1865 ingenio
1744 1794 2020 1849 abutentis
2034 1793 2101 1848 ad

2195 613 2267 667 tis
2291 627 2545 667 errorum
2576 611 2853 682 magistris
2886 625 3065 674 suam,
3091 609 3206 664 sive
3224 609 3294 664 de
3318 611 3526 667 unione
3551 622 3771 670 natura-

2194 718 2340 768 rum,
2373 702 2487 758 sive
2513 703 2581 758 de
2604 702 2957 773 processione
2992 700 3233 772 Spiritus
3255 701 3450 767 sancti,
3467 703 3771 760 doctrinam

2195 795 2471 866 acceperit
2498 796 2522 849 ?

2267 889 2386 943 XX.
2409 887 2618 958 Opinor
2642 888 2812 959 igitur
2850 885 3114 956 primum,
3132 884 3240 940 hoc
3266 900 3406 956 opus
3442 884 3770 943 Theodoreti

2196 980 2346 1035 aliud
2374 979 2514 1034 nihil
2540 994 2662 1034 esse
2682 986 2883 1048 prater
2903 981 2918 999 ‘
2936 975 3225 1033 historiam
3246 975 3461 1030 Arianae
3482 976 3770 1039 haereseos,

2198 1070 2313 1126 sive
2340 1071 2398 1125 in
2423 1070 2624 1141 seipsa,
2657 1070 2772 1124 sive
2799 1069 2854 1123 in
2890 1066 3206 1139 propagine.
3249 1065 3479 1129 Deinde,
3510 1066 3685 1136 ipsam
3706 1082 3773 1121 eo

2197 1163 2431 1218 consilio
2470 1162 2731 1232 scriptam
2772 1160 2966 1225 fuisse,
3002 1167 3065 1214 ut
3096 1158 3523 1214 ostenderentur
3575 1158 3771 1222 fontes,

2199 1270 2268 1311 ex
2329 1254 2533 1325 quibus
2586 1252 2939 1325 Theodoreto
2983 1252 3311 1306 viderentur
3369 1251 3477 1304 orti
3531 1265 3770 1315 errores,

2199 1360 2338 1415 quos
2350 1323 2649 1415 efﬁngebat
2670 1323 2993 1399 Catholicis.
3026 1342 3237 1405 Tertio,
3261 1342 3318 1396 in
3352 1340 3591 1404 Arianis,
3619 1340 3776 1395 unio-

2201 1438 2288 1492 nis
2343 1436 2697 1508 hypostatica:
2745 1435 3098 1500 defensores;
3142 1434 3197 1487 in
3244 1432 3484 1487 Eusebio
3527 1432 3777 1487 Nicome-

2199 1526 2401 1592 diensi,
2421 1526 2711 1597 Cyrillum;
2746 1525 2803 1580 in
2836 1526 3136 1581 Athanasio
3158 1532 3322 1594 atque
3336 1524 3501 1578 etiam
3525 1522 3581 1577 in
3610 1521 3778 1594 Chry-

2202 1625 2477 1680 sostomo,
2515 1616 2870 1681 Nestorium;
2915 1616 3052 1670 alios
3078 1614 3311 1669 Nestorii
3337 1613 3543 1667 amicos
3571 1612 3629 1666 in
3661 1608 3815 1667 aliis'

2203 1708 2554 1762 adumbratos
2577 1723 2715 1762 esse.
2759 1707 2967 1773 Quarto
2991 1707 3231 1777 denique
3253 1705 3516 1778 Cyrillum
3554 1712 3611 1759 et
3645 1704 3776 1759 Pro-

2204 1800 2350 1853 clum
2380 1799 2435 1852 in
2465 1798 2551 1863 iis,
2570 1798 2664 1868 qui
2682 1799 2977 1857 Diodorum
2995 1797 3317 1852 Tarsensem
3343 1805 3402 1852 et
3428 1794 3778 1851 Theodorum

519 1886 817 1943 vindictam
855 1885 923 1940 de
953 1885 1282 1940 adversariis
1309 1884 1632 1940 sumendam
1652 1884 1718 1948 3",
1758 1884 2100 1939 admirabili-
2134 1886 2174 1941 Β
2202 1890 2674 1958 Mopsuestenum,
2715 1891 2867 1945 velut
2909 1889 3229 1954 haereticos,
3259 1889 3481 1958 scriptis
3511 1887 3776 1956 factisque

519 1980 647 2034 tatis
697 1977 931 2033 multum
982 1976 1226 2031 brevitas
1279 1975 1544 2046 temporis
1601 1974 1815 2029 amittet
1856 1991 1868 2026 :
1911 1983 2101 2028 notum

520 2071 668 2126 enim
720 2069 853 2140 quid
882 2068 1055 2139 possit
1082 2067 1339 2123 facundia
1362 2067 1625 2128 irascens,
1650 2079 1923 2134 quamque
1957 2064 2101 2118 cele-

522 2175 612 2213 res
652 2157 852 2213 habeat
884 2166 1088 2219 motus,
1135 2172 1261 2211 cum
1308 2172 1365 2211 se
1406 2164 1502 2210 aut
1534 2155 1853 2217 ulciscitur,
1887 2164 1982 2208 aut
2009 2154 2105 2208 de-

522 2249 718 2315 fendit,
742 2248 1045 2321 praesertim
1071 2248 1114 2302 si
1142 2248 1420 2311 defendit,
1462 2248 1536 2302 ita
1568 2255 1627 2301 ut
1654 2262 1905 2317 regerere
1931 2245 2105 2316 possit

522 2343 818 2398 artiﬁciose
842 2342 1051 2397 crimen
1078 2340 1133 2394 in
1160 2339 1519 2395 adversarios.

601 2455 786 2511 XVIII.
826 2454 1007 2524 Atque
1054 2455 1171 2508 haec
1208 2468 1373 2507 causa
1412 2459 1497 2507 est
1548 2466 1656 2506 non
1707 2450 2101 2520 improbabilis,

524 2547 671 2605 unde
708 2554 789 2602 tot
833 2545 1293 2601 hallucinationes
1323 2531 1598 2597 historicas
1638 2540 1906 2612 originem
1936 2541 2103 2595 duxe—

525 2643 641 2697 rint
671 2659 684 2693 :
714 2639 989 2710 siquidem
1019 2651 1264 2709 praeceps
1294 2644 1351 2691 et
1382 2633 1734 2689 turbulentus
1764 2634 1981 2687 animus
2013 2648 2104 2687 so-

524 2732 603 2790 let
626 2733 730 2788 sibi
767 2731 937 2802 magis
964 2744 1128 2800 quam
1164 2728 1288 2782 aliis
1320 2726 1639 2790 attendere;
1666 2726 1909 2795 dumque
1948 2734 2101 2779 motu

526 2838 630 2879 suo
677 2822 973 2892 abripitur,
1003 2821 1059 2875 in
1088 2818 1362 2890 adiunctis
1378 2832 1567 2872 rerum
1600 2817 2105 2887 circumspiciendis

529 2915 740 2969 haerere
755 2928 867 2967 non
892 2920 1096 2981 potest.

597 3023 738 3079 XIX.
795 3024 912 3079 Jam
961 3036 1095 3076 vero
1136 3019 1283 3090 quod
1342 3028 1569 3089 prepter
1604 3017 1890 3073 levandam
1938 3017 2105 3072 animi

526 3113 913 3188 aegritudinem
954 3111 1336 3167 Theodoretus
1366 3110 1433 3164 ad
1477 3110 1825 3165 scribendum
1861 3125 2107 3164 accesse-

528 3210 622 3271 rit,
642 3207 799 3262 facile
818 3205 1054 3276 probant
1077 3203 1321 3258 conditio
1352 3212 1657 3272 temporum
1679 3200 1747 3265 ⁸⁵,
1776 3201 2108 3256 Theodoreti

530 3299 831 3370 ingenium,
872 3304 928 3351 et
961 3297 1077 3365 ipsa
1116 3295 1302 3357 etiam,
1344 3295 1387 3348 si
1422 3295 1583 3364 paulo
1624 3294 1886 3350 attentius
1932 3293 2112 3348 consi-

531 3389 777 3455 deretur,
814 3385 1067 3441 historia.
1095 3385 1229 3439 Nam
1280 3383 1601 3439 incredibile
1640 3400 1750 3438 non
1790 3393 1875 3438 est
1911 3391 2112 3455 myste-

530 3480 600 3534 rii
641 3479 893 3533 nonnihil
924 3476 979 3531 in
1012 3490 1076 3530 ea
1096 3476 1268 3530 latere
1288 3516 1302 3538 ,
1341 3491 1443 3529 nec
1470 3476 1587 3529 sine
1613 3475 1922 3545 conquisita
1955 3473 2111 3528 calli-

531 3570 658 3625 dius
679 3585 865 3632 causaq,
893 3567 1180 3623 exordium
1220 3565 1345 3621 duci
1374 3565 1442 3620 ab
1470 3575 1595 3620 ortu
1615 3567 1843 3621 haeresis
1873 3565 2109 3625 Arianae,

532 3661 834 3717 terminum
861 3659 992 3732 poni
1020 3659 1075 3713 in
1108 3657 1375 3713 Theodoti
1426 3657 1813 3727 Theodorique
1852 3654 2112 3717 obitu,.id

531 3762 637 3817 est,
674 3754 727 3806 in
759 3761 1006 3822 tempore
1054 3754 1169 3818 quo
1203 3749 1492 3804 Nestorius
1532 3748 1777 3803 Sisinnlo
1835 3748 1891 3801 in
1927 3746 2112 3801 sedem

535 3843 690 3898 urbis
732 3840 895 3911 regiae
932 3838 1215 3894 successit.
1269 3839 1405 3894 Nam
1448 3853 1572 3893 cum
1633 3836 1855 3891 hmresis
1904 3836 2114 3891 Arianae

532 3933 849 3990 exstiterint
892 3939 1076 4001 partes
1101 3929 1255 3984 dum:
1300 3931 1492 3993 altera,
1522 3943 1643 3998 qua:
1670 3926 1949 3981 Christum
1989 3941 2115 3995 per-

535 4024 739 4083 fectum
769 4038 892 4078 esse
930 4023 1134 4087 Deum;
1170 4021 1376 4084 altera,
1409 4033 1530 4088 quze
1577 4018 1882 4087 perfectum
1938 4016 2115 4069 homi-

536 4128 661 4169 nem
691 4118 915 4183 negaret
948 4128 961 4164 :
991 4110 1375 4167 Theodoretus
1402 4104 1579 4162 videri
1614 4115 1792 4178 potest
1828 4107 2115 4175 utriusque

535 4208 709 4279 partis
755 4206 1043 4261 historiam
1087 4222 1256 4277 opera
1310 4220 1418 4260 una
1457 4203 1696 4259 voluisse
1748 4218 2112 4274 componere;

533 4297 633 4354 sed
656 4296 856 4367 prioris
886 4311 1101 4360 revera,
1155 4293 1481 4367 posterioris
1514 4294 1665 4347 velut
1697 4291 1752 4346 in
1781 4293 2036 4363 imagine,
2060 4300 2116 4345 et

535 4388 959 4456 αἰνιγματικῶς.
1006 4387 1195 4442 Potest
1235 4385 1399 4440 etiam
1432 4384 1629 4450 videri,
1680 4383 1809 4438 dum
1859 4383 2113 4438 Arianam

538 4478 773 4535 haeresin
810 4478 972 4548 282
996 4479 1282 4541 describit,
1314 4477 1627 4541 ostendere,
1662 4491 1799 4545 quas
1850 4493 1949 4530 suo
1977 4487 2113 4530 tem-

2205 1981 2595 2046 traduxissent,
2630 1981 2792 2036 tacite
2829 1989 2962 2037 tunc
2987 1980 3183 2047 refelli,
3221 1994 3347 2035 cum
3370 1990 3601 2048 uterque
3631 1979 3779 2034 velut

2205 2073 2331 2128 fidei
2360 2074 2617 2130 defensor
2648 2073 2930 2128 inducitur
2944 2074 3011 2127 ³⁸.

2273 2162 2415 2216 XXI.
2440 2162 2643 2221 Ilorum
2675 2170 2911 2232 quatuor
2929 2161 3205 2232 opinionis
3228 2177 3361 2217 meae
3392 2160 3635 2230 capitum
3678 2160 3782 2230 pri-

2204 2272 2355 2311 mum
2384 2257 2540 2311 facile
2562 2256 2666 2311 sibi
2695 2254 3051 2325 persuadebit
3083 2255 3150 2319 is,
3183 2253 3277 2323 qui
3299 2253 3429 2308 totis
3447 2253 3693 2322 quinque
3716 2251 3779 2304 li-

2205 2344 2318 2400 bris
2337 2345 2484 2400 aliud
2514 2345 2651 2399 nihil
2682 2360 2780 2415 per
2808 2359 2866 2398 se
2891 2344 3111 2399 tractari
3134 2342 3449 2405 adverterit,
3474 2357 3642 2411 quam
3668 2354 3781 2410 quae

2205 2435 2273 2488 ad
2322 2434 2555 2489 haeresin
2582 2434 2839 2488 Arianam
2883 2434 3218 2503 spectant".
3270 2433 3403 2500 Quae
3434 2433 3581 2487 enim
3615 2433 3781 2487 attin-

2203 2535 2409 2598 guntur
2438 2536 2720 2598 prieterea,
2754 2526 2999 2596 episodia
3041 2526 3288 2595 quiedam
3319 2532 3478 2589 sunt,
3507 2538 3610 2579 nec
3660 2539 3781 2594 pm-

2206 2619 2335 2683 lixa,
2375 2634 2479 2673 nec
2502 2618 2831 2687 frequentia.

2268 2732 2434 2786 XXII.
2463 2733 2728 2786 Narratur
2757 2731 2810 2783 in
2847 2730 2988 2784 libro
3019 2729 3196 2800 primo
3216 2769 3229 2791 ,
3258 2742 3367 2797 quo
3399 2742 3582 2781 rerum
3618 2736 3782 2790 statu,

2207 2840 2319 2895 quo
2358 2825 2415 2878 in
2459 2825 2601 2886 loco,
2651 2823 2874 2877 hmresis
2912 2821 3131 2884 Ariana,
3160 2818 3400 2888 quando,
3426 2835 3534 2888 quo
3561 2827 3783 2888 parente

2206 2926 2333 2972 nata
2358 2916 2448 2979 sit,
2490 2930 2626 2984 quas
2659 2925 2843 2983 partes
2879 2913 3155 2975 habuerit,
3204 2926 3341 2981 quas
3378 2910 3780 2972 conversiones,

2208 3024 2451 3079 quasque
2480 3007 2715 3062 diversis
2747 3006 3087 3076 temporibus
3127 3004 3345 3067 formas,
3377 3018 3408 3056 a
3450 3003 3658 3072 quibus
3686 3001 3782 3055 im-

2207 3108 2463 3171 pugnata,
2498 3115 2636 3169 quas
2667 3098 2900 3153 moverit
2927 3107 2981 3152 et
3009 3081 3476 3167 quantas'turbas,
3513 3094 3784 3165 quomodo

2138 3212 2182 3271 ο
2211 3190 2405 3245 Macae
2454 3188 2709 3241 damnata
2749 3187 2850 3252 sit;
2886 3197 3088 3256 quanta
3125 3188 3299 3256 pietas
3342 3184 3694 3239 Constantini
3733 3185 3783 3238 in

2213 3280 2339 3340 fide,
2371 3294 2495 3333 cum
2538 3279 2800 3332 adversus
2831 3278 3061 3332 Arianos
3086 3277 3308 3341 tuenda,
3345 3285 3459 3329 tum
3495 3277 3645 3346 apud
3674 3274 3787 3329 infi—

2211 3371 2361 3426 deles
2386 3370 2767 3441 propaganda;
2794 3380 2927 3440 quot
2962 3378 3141 3424 tamen
3170 3368 3552 3423 haereticorum
3584 3367 3786 3422 fraudi-

2211 3463 2316 3519 bus
2348 3470 2541 3533 captus
2565 3463 2670 3526 sit;
2711 3462 2803 3531 qui
2836 3460 3021 3516 obitus
3049 3460 3198 3527 Arii;
3222 3460 3315 3530 qui
3346 3469 3399 3513 et
3430 3476 3668 3530 quarum
3694 3461 3789 3515 Ec-

2213 3554 2502 3607 clesiarum
2531 3551 2773 3621 episcopi
2794 3550 3009 3604 Arianis
3043 3549 3297 3615 faverint,
3328 3559 3422 3603 aut
3446 3549 3786 3613 obstiterint;

2214 3654 2418 3715 quanta
2453 3659 2645 3713 passus
2672 3641 3003 3697 Athanasius
3026 3682 3039 3703 .
3080 3642 3149 3696 ab
3178 3641 3299 3712 ipso
3327 3642 3491 3696 etiam
3521 3640 3787 3696 Constan-

2216 3734 2352 3798 tino,
2398 3749 2501 3803 pro
2530 3731 2694 3788 Verbi
2721 3730 3038 3795 divinitate;
3079 3746 3200 3799 quae
3250 3730 3304 3783 in
3332 3729 3519 3783 exsilia
3542 3729 3788 3798 eiectus;

2213 3840 2377 3894 quam
2396 3824 2556 3895 283
2577 3824 2665 3894 pie
2682 3822 3074 3878 Constantinus
3090 3819 3309 3876 obierit.
3332 3819 3509 3889 Atque
3526 3818 3648 3873 hmo
3668 3834 3789 3889 syn-

2214 3918 2364 3988 opsis
2396 3917 2522 3971 libri
2558 3916 2740 3986 primi.

2292 4031 2475 4087 λΧῙῑῐ.
2516 4030 2803 4086 Secundus
2842 4029 3088 4083 continet
3127 4027 3203 4083 rei
3245 4028 3460 4083 Arianze
3501 4025 3789 4081 historiam

2216 4122 2319 4179 sub
2356 4122 2681 4177 Constantio
2724 4138 2736 4173 :
2776 4128 3031 4174 narratur
3071 4121 3220 4174 enim
3256 4117 3467 4187 primus
3507 4113 3790 4171 Athanasii

2215 4212 2603 4269 Alexandriam
2632 4227 2663 4267 e
2696 4210 2887 4267 Galliis
2929 4209 3160 4273 reditus,
3208 4217 3325 4263 tum
3357 4207 3668 4263 Constantii
3696 4206 3794 4259 im-

2216 4304 2488 4373 peratoris
2522 4301 2757 4356 defectio
2797 4317 2827 4354 a
2861 4299 2967 4354 fide
3000 4299 3301 4362 catholica,
3342 4297 3585 4352 secunda
3625 4297 3792 4352 Atha-

2218 4392 2353 4447 nasii
2392 4391 2673 4462 relegatio,
2701 4391 2966 4460 Paulique
2983 4388 3575 4459 Constantinopolitani
3599 4390 3794 4460 ejectio

2220 4481 2274 4534 in
2292 4482 2487 4534 urbem
2508 4479 2789 4534 Cueusum
2825 4496 2837 4531 :
2866 4487 3056 4548 postea
3077 4478 3380 4551 Macedonii
3401 4478 3653 4543 haeresis,
3677 4492 3795 4547 qua:

538 4582 674 4640 pore
698 4582 920 4637 serpere
944 4568 1193 4638 putabat,
1228 4567 1401 4637 ipsius
1427 4564 1775 4635 propagines,
1802 4564 1856 4618 id
1879 4575 1984 4625 est,
2022 4564 2117 4617 dc-
2149 4547 2194 4602 θ
2220 4568 2435 4623 Arianae
2459 4568 2694 4632 soboles,
2718 4547 2941 4623 exortus
2965 4586 2980 4633 ;
3008 4584 3128 4639 quae
3150 4569 3203 4621 in
3222 4547 3456 4621 concilio
3479 4564 3791 4620 Sardieensi

538 4670 849 4715 monstrare
883 4661 936 4714 in
962 4661 1113 4725 Ario,
1138 4660 1433 4723 Eunomio,
1480 4658 1814 4728 Apollinario
1850 4665 1906 4711 et
1935 4656 2113 4711 Mace-

538 4738 906 4810 doniofvelut
937 4751 992 4805 in
1028 4751 1368 4821 parentibus,
1417 4749 1681 4820 Cyrillum
1713 4757 1769 4803 et
1803 4747 2117 4803 Catholicos

540 4842 762 4896 unionis
790 4840 1170 4895 substantialis
1215 4840 1557 4904 defensores,
1598 4853 1737 4908 quos
1774 4837 2116 4903 traducebat,

537 4932 690 4988 velut
727 4931 997 5001 eiusmodi
1049 4931 1287 5002 pestium
1338 4930 1482 4985 filios
1532 4941 1628 4983 aut
1666 4937 1915 4998 nepotes.
1974 4927 2119 4994 Quid

2222 4671 2370 4729 gesta
2400 4659 2532 4723 sint;
2564 4659 2694 4729 quid
2717 4659 3020 4714 Antiochia:
3040 4658 3227 4713 Ariani
3256 4656 3521 4711 adversus
3543 4657 3793 4727 Euphra-

2225 4758 2341 4802 tum
2388 4758 2444 4802 et
2496 4748 2843 4802 Vincentium
2888 4746 3095 4812 moliti;
3163 4743 3442 4814 quomodo
3486 4742 3794 4812 Stephanus

2227 4837 2602 4893 Antioohenus
2645 4837 2882 4892 Arianus
2913 4836 3193 4906 dejectus;
3241 4832 3520 4904 quomodo
3556 4832 3796 4888 Athana-

2228 4930 2345 4985 sius
2375 4929 2573 4985 iterum
2604 4928 2833 4984 redierit
2866 4928 2935 4982 ab
2973 4926 3199 4988 exsilio,
3245 4934 3303 4982 et
3334 4925 3557 4981 tertium
3587 4925 3796 4995 eiectus

1883 5095 2203 5152 SCHULZII
2242 5096 2477 5154 ΝΟΤᾹΞ.

613 5247 657 5279 ⁸⁵
677 5246 754 5300 Ita
791 5243 1093 5299 Gamerius
1113 5237 1365 5309 praeludit
1388 5234 1700 5309 hypothesi,
1732 5250 1893 5303 quam
1923 5237 1951 5306 ᾗ
1993 5238 2060 5293 I9
2084 5248 2139 5309 et
2173 5237 2265 5301 20,
2319 5249 2646 5309 expromere
2688 5235 2837 5309 haud
2900 5235 3191 5309 dubitavit.

3290 5234 3336 5268 ⁸⁸
3365 5233 3475 5289 Soli
3529 5229 3799 5286 Camerio

544 5315 629 5371 hae
652 5315 943 5370 levissima:
969 5300 1387 5380 conjectgrmse
1408 5300 1645 5377 probare
1667 5300 1983 5380 potuerunt.
2017 5310 2063 5380 δὲ
2085 5308 2312 5380 Somnia
2331 5300 2446 5380 1.5a;
2473 5306 3054 5380 digerispotjusquam
3071 5308 3411 5380 conjecturas
3437 5304 3555 5380 viro
3578 5300 3798 5355 erudito

544 5385 753 5456 dignas.
775 5372 1567 5456 ﬁdaDupiniiBibliothlaut.
1598 5372 1745 5456 eset”
1774 5376 1937 5456 ιδῃ
1957 5393 2009 5447 p.
2035 5379 2124 5456 94,
2155 5378 2243 5456 95_,
2272 5386 2328 5431 et
2346 5376 2520 5456 _lttigi_i
2542 5372 2708 5456 Praef;
2727 5375 2793 5456 ad
2823 5372 2957 5456 Hist.
2984 5372 3188 5456 coclea,
3208 5389 3495 5456 smel”).
3510 5372 3672 5456 8seq'.
3698 5383 3797 5456 nec

544 5439 654 5510 mih
687 5455 760 5507 De
784 5439 1025 5505 Biblioch
1052 5460 1099 5501 et
1123 5447 1336 5503 Catenis
1360 5445 1493 5507 PP.,
1528 5461 1582 5513 p.
1615 5445 1735 5499 72‘).
1810 5445 1855 5476 ⁸⁷
1885 5447 1939 5502 Si
1958 5439 2061 5502 'vel
2087 5439 2319 5502 maxime
2346 5439 2560 5500 haecvita
2590 5460 2648 5499 se
2678 5446 2962 5512 baberent,
2989 5439 3181 5500 tamen
3202 5439 3451 5500 Garnerii
3483 5439 3796 5513 hypothesis

545 5500 740 5645 parum
758 5519 995 5591 praesidii
1030 5519 1155 5571 inde
1177 5524 1362 5597 petere
1382 5500 1583 5584 posset.
1620 5514 1754 5568 Cum
1789 5500 1937 5569 enim
1967 5500 2369 5579 Theodoretus,
2396 5524 2457 5570 ut
2488 5517 2603 5586 ipse
2631 5517 2666 5569 I.
2696 5532 2749 5577 v,
2783 5531 2830 5570 c.
2863 5500 2962 5580 59,,
2985 5524 3239 5580 testatur,
3267 5500 3795 5584 scribendi'initium

567 5594 737 5645 ecerit
766 5591 834 5643 ab
861 5588 973 5642 Arii
1005 5601 1248 5645 vesania,
1272 5584 1384 5639 haec
1412 5592 1595 5639 autem
1621 5600 1719 5645 pro
1742 5584 1977 5641 diversis
2004 5589 2418 5645 imperatorum,
2447 5587 2772 5645 auiicorum,
2800 5586 3184 5645 episcoporum
3214 5585 3432 5643 studiis,
3455 5582 3594 5635 ultra
3628 5592 3795 5633 saecu-

567 5594 737 5646 ecerit
762 5582 834 5643 ab
861 5588 973 5642 Arii
1005 5582 1248 5657 vesania,
1272 5582 1397 5657 hinc
1412 5592 1595 5639 autem
1621 5600 1719 5653 pro
1742 5584 1977 5657 diversis
2004 5589 2418 5657 imperatorum,
2447 5582 2772 5650 auiicorum,
2800 5586 3184 5654 episcoporum
3214 5582 3432 5643 studiis,
3455 5582 3594 5657 ultra
3628 5592 3796 5657 smon-

545 5661 660 5717 lum
707 5658 1000 5715 Ecclesium
1028 5646 1348 5719 turbaverit,
1387 5668 1497 5708 non
1536 5646 1802 5725 est-quod
1848 5646 2133 5719 miremur,
2173 5657 2498 5725 scriptorem
2531 5646 2800 5722 nostrum,
2828 5646 2951 5709 cum
2984 5646 3202 5709 centum
3247 5664 3304 5710 et
3342 5651 3488 5724 quod
3534 5646 3792 5725 excurrit.

546 5742 817 5783 annorum
865 5726 1148 5781 historiam
1184 5725 1471 5785 scriberet,
1508 5739 1617 5778 non
1644 5718 1708 5778 ad
1766 5725 2070 5793 primordia
2094 5718 2304 5780 tantum
2336 5726 2654 5791 Arianismi,
2682 5718 2878 5782 sed'ad
2932 5726 3243 5781 Universam
3296 5718 3415 5794 ejus
3480 5718 3793 5791 progeniem

554 5798 770 5867 plenius
802 5795 1217 5851 describendam
1255 5794 1506 5861 animum
1555 5794 1841 5864 adjecisse.
