4070 6446
323 398 440 465 233

1504 393 1602 454 DE
1639 392 1847 453 LIBRI
1855 394 1895 452 S
1930 390 2438 455 THEODORETI.

3496 394 3598 458 231.

323 515 575 588 fugerit;
595 522 800 583 quanta
830 510 983 566 rabie
1010 507 1182 581 ipsius
1209 510 1397 564 sedem
1424 510 1629 579 impius
1650 508 1920 580 Georgius
1950 512 1994 568 A
2094 508 2281 565 XXVI.
2317 508 2552 576 Quintus
2584 518 2784 565 statum
2823 511 3046 565 haeresis
3070 508 3305 576 Arianae,
3333 511 3597 568 duarum-

323 607 626 671 invaserit,
673 613 729 660 et
768 603 1195 659 Alexandrinam
1245 600 1547 655 Ecclesium
1584 600 1915 665 vastaverit;

322 698 541 768 quibus
577 696 911 751 Arianorum
955 693 1169 749 artibus
1212 701 1464 747 coactum
1509 690 1580 746 sit
1621 691 1919 746 concilium

320 788 741 843 Mediolanense
762 787 1093 841 Arianorum
1121 791 1314 839 contra
1352 783 1749 849 Athanasium;
1786 782 1917 853 quid

319 878 594 934 Liberius
621 893 764 948 papa
800 892 928 932 cum
954 875 1279 931 Constantio
1310 875 1647 944 imperatore
1676 873 1918 928 collocu—

321 979 453 1033 tus;
480 967 764 1038 quomodo
788 974 844 1020 et
860 967 1069 1036 ejectus
1088 965 1159 1019 sit
1183 965 1238 1019 in
1265 964 1544 1027 exsilium,
1569 972 1626 1017 et
1657 962 1916 1027 redierit;

321 1067 525 1130 postea
559 1060 630 1113 de
663 1057 900 1113 concilio
928 1056 1287 1120 Ariminensi,
1318 1053 1487 1124 impia
1522 1054 1758 1109 formula
1791 1053 1919 1107 ﬁdei

319 1149 530 1204 Nic-ese
551 1147 802 1203 Thraciae
822 1146 1116 1211 fabricata;
1141 1145 1401 1216 synodica
1418 1143 1658 1205 Damasi,
1683 1143 1922 1198 Athana-

321 1240 513 1309 siique
545 1237 780 1308 epistola
811 1251 982 1306 super
1016 1234 1251 1290 concilio
1277 1233 1654 1298 Ariminensi;
1701 1232 1919 1286 Leontii

321 1329 668 1385 Antiocheni
699 1327 889 1382 Ariani
913 1326 1129 1381 artibus
1149 1325 1217 1380 ad
1240 1323 1512 1379 fallendos
1540 1323 1770 1388 ﬁdeles;
1806 1322 1918 1376 Eu-

322 1423 505 1485 doxii,
549 1422 647 1492 qui
696 1419 932 1475 Leontio
979 1417 1264 1481 successit,
1304 1415 1553 1485 professa
1594 1413 1916 1483 impietate;

324 1512 572 1568 concilio
601 1514 803 1566 iterum
832 1510 1031 1565 Nicaea
1054 1516 1393 1573 convocato;
1422 1505 1490 1561 de
1523 1503 1919 1560 concilioitem

331 1604 599 1659 Seleuciae
628 1602 856 1659 Isauria:
893 1601 1084 1656 habito
1105 1616 1129 1665 ;.
1176 1600 1244 1654 de
1276 1596 1422 1653 Aetii
1456 1596 1707 1651 Δηοωωὶ
1748 1594 1922 1650 initiis

337 1703 399 1749 et
433 1694 932 1759 oondemnatione;
975 1692 1044 1747 de
1087 1691 1558 1746 Eunomianorum
1593 1688 1664 1742 ab
1701 1687 1922 1742 Arianis

333 1786 679 1843 discessione
700 1804 717 1853 ;
741 1786 812 1842 de
834 1784 1045 1841 Jacobo
1076 1782 1341 1838 Nisibeno
1359 1796 1459 1852 per
1479 1780 1880 1850 digressionem
1902 1793 1917 1843 ;

328 1878 402 1933 de
430 1877 671 1932 concilio
702 1876 929 1931 tandem
958 1875 1328 1939 Antiocheno,
1360 1873 1416 1927 in
1438 1887 1549 1941 quo
1573 1871 1826 1926 Meletius
1851 1869 1921 1923 ab

323 1968 559 2023 Arianis
586 1974 819 2022 vexatus
851 1975 939 2020 est
963 1982 978 2031 ;
1006 1965 1074 2020 de
1099 1963 1342 2020 Eusebio
1369 1961 1739 2018 Samosatensi
1762 1962 1921 2017 Aria-

324 2075 535 2115 norum
556 2059 738 2122 hoste,
759 2066 815 2112 et
831 2057 990 2112 obitu
1011 2055 1319 2112 Constantii
1341 2054 1660 2109 eorumdem
1682 2052 1921 2124 patroni.

398 2149 596 2205 XXIV.
665 2147 886 2202 Tertius
946 2145 1302 2216 prosequitur
1363 2142 1657 2213 imperium
1718 2142 1923 2199 Juliani

320 2236 635 2307 Apostatae,
675 2250 788 2305 quo
823 2234 1147 2290 dominante
1220 2234 1313 2288 vix
1364 2232 1640 2303 respirare
1698 2232 1923 2303 quidem

321 2327 542 2382 licebat
568 2326 924 2391 Christianis,
944 2324 1242 2397 gentilibus
1271 2324 1533 2379 audacter
1562 2324 1876 2378 furentibus
1908 2341 1920 2376 :

324 2433 467 2473 ausa
497 2424 589 2473 est
617 2425 803 2471 tamen
835 2416 1140 2470 identidem
1179 2414 1425 2479 haeresis,
1457 2423 1703 2483 cognatae
1729 2413 1924 2483 impie-

323 2510 459 2567 tatis
483 2508 568 2562 uti
600 2508 871 2578 potentia,
896 2507 964 2562 ad
993 2507 1309 2562 Catholicos
1332 2507 1703 2563 insectandos.
1737 2507 1797 2562 In
1818 2507 1925 2561 hoc

322 2599 497 2670 igitur
561 2598 754 2662 libro,
824 2604 950 2667 post
1020 2596 1327 2667 descriptos
1361 2597 1566 2651 Juliani
1624 2611 1806 2651 mores
1868 2603 1926 2650 et

327 2700 600 2747 enarrata
644 2689 835 2754 initia,
872 2689 1121 2757 refertur
1149 2689 1534 2758 episcoporum
1564 2687 1818 2741 exsilium
1854 2686 1923 2740 ab

324 2783 555 2839 Arianis
568 2796 861 2852 passorum
890 2780 1121 2843 reditus,
1140 2779 1352 2834 Paulini
1381 2777 1710 2832 Antiocheni
1731 2776 1923 2831 catho-

330 2876 431 2930 lici
454 2874 760 2937 ordinatio,
791 2874 1077 2943 gentilium
1111 2873 1168 2926 in
1199 2870 1541 2927 Christianos
1566 2869 1738 2933 furor,
1761 2884 1926 2939 quar-

341 2974 562 3037 tumque
615 2966 905 3021 Athanasii
970 2964 1246 3020 exsilium.
1317 2962 1450 3030 Qua:
1512 2968 1926 3032 consequuntur

338 3075 507 3128 usque
529 3059 601 3113 ad
636 3059 827 3122 ﬁnem,
848 3058 903 3111 in
932 3057 1131 3112 Juliani
1164 3057 1471 3129 tyrannide,
1503 3066 1817 3111 sanctorum
1855 3054 1924 3109 de

2024 616 2131 670 que
2170 601 2343 672 ipsius
2379 602 2762 674 propaginem,
2803 602 3224 673 Apollinarianae
3259 610 3314 659 et
3350 602 3599 659 Macedo-

2022 691 2200 745 nianm
2223 691 2626 745 damnationem
2647 692 3050 763 complectitur,
3072 694 3345 765 simulque
3370 694 3600 750 immen-

2021 796 2110 837 sas
2173 782 2470 838 Theodosii
2529 784 2908 854 imperatoris,
2971 784 3248 841 Ambrosii
3328 787 3595 856 episcopi,

2021 873 2248 928 Joannis
2266 874 2662 946 Chrysostomi,
2699 883 2755 929 et
2781 875 3249 931 Antiochenorum
3274 877 3595 947 praesulum,

2023 977 2087 1019 ac
2119 962 2396 1017 Theodori
2419 963 2788 1034 MOpsuesteni
2810 964 3019 1021 laudes.
3048 965 3227 1034 Quare
3259 977 3383 1037 post
3410 967 3600 1022 lauda-

2024 1062 2141 1110 tum
2167 1054 2511 1119 Gratianum,
2544 1056 2639 1127 qui
2664 1067 2883 1113 mortuo
2907 1059 3152 1125 Valente,
3188 1059 3353 1114 totius
3380 1060 3597 1129 imperii

2022 1145 2231 1214 potitus
2259 1155 2364 1213 est,
2394 1147 2605 1203 reditus
2629 1148 2868 1218 primum
2892 1149 3286 1205 catholicorum
3312 1151 3599 1221 episcopo-

2025 1253 2148 1291 rum
2180 1253 2283 1307 pro
2314 1238 2421 1292 ﬁde
2448 1239 2723 1303 exsulum,
2746 1239 3075 1295 Arianorum
3108 1241 3227 1311 lege
3258 1242 3365 1297 lata
3399 1244 3598 1313 ejectio

2021 1332 2276 1379 narratur
2324 1343 2338 1379 :
2383 1334 2497 1380 tum
2546 1328 2840 1397 exponitur
2896 1330 3120 1385 haeresis
3175 1331 3599 1401 Apollinarianzr

2022 1421 2256 1483 utraque
2278 1430 2426 1483 pars;
2450 1424 2505 1469 et
2526 1417 2799 1485 posterior
2826 1420 3201 1474 maxime.rEx
3227 1421 3328 1475 hac
3354 1422 3591 1487 radice,»

2023 1503 2203 1574 inquit
2228 1505 2611 1563 Theodoretus
2630 1507 2729 1571 ",1
2749 1510 2803 1563 in
2830 1510 3094 1567 Ecclesiis
3115 1522 3300 1566 natum
3322 1522 3424 1575 est.
3451 1515 3601 1584 quod

2023 1610 2131 1652 una
2166 1597 2350 1652 carnis
2388 1607 2445 1652 et
2482 1598 2793 1655 divinitatis
2831 1610 3031 1656 natura
3073 1604 3299 1669 dicitur,
3341 1606 3600 1675 quodque

2022 1685 2297 1740 divinitati
2330 1687 2606 1759 Unigeniti
2638 1690 2823 1759 passio
2845 1691 3166 1759 ascribitur,
3197 1702 3253 1748 et
3280 1695 3384 1750 alia
3415 1694 3469 1750 id
3509 1711 3601 1766 ge-

2022 1792 2149 1843 nus,
2182 1778 2251 1833 de
2281 1779 2485 1849 quibus
2534 1770 2861 1852 populorum
2881 1824 2894 1847 ,
2930 1784 3388 1856 sacerdotumque
3420 1795 3600 1841 certa-

2024 1871 2174 1925 mina
2200 1872 2550 1929 exstiterunt.
2581 1892 2600 1925 ι
2645 1875 2854 1932 Deinde
2879 1877 3107 1933 Diodori
3137 1878 3423 1936 Tarsensis
3448 1883 3598 1937 ordi-

2023 1963 2197 2029 natio,
2242 1964 2468 2019 Euscbii
2501 1964 2903 2024 Samosatensis
2941 1969 3180 2037 reditus,
3222 1971 3488 2043 factaeque
3528 1974 3599 2028 ab

2025 2055 2147 2126 ipso
2166 2056 2540 2112 ordinationes
2558 2057 2990 2125 Catholicorum,
3009 2063 3292 2134 caedesque
3311 2065 3378 2119 ab
3403 2066 3600 2121 Ariana

2022 2147 2257 2204 muliere
2295 2149 2632 2205 describitur
2668 2169 2681 2204 :
2719 2151 2919 2208 deinde
2951 2152 3245 2209 Theodosii
3280 2156 3460 2227 Magni
3493 2158 3599 2210 im-

2024 2243 2296 2313 peratoris
2332 2243 2702 2315 inauguratio,
2743 2246 2990 2301 studium
3026 2263 3127 2317 pro
3154 2248 3280 2314 ﬁde,
3310 2250 3468 2321 cujus
3496 2250 3600 2304 im-

2024 2345 2360 2406 pugnatores
2410 2337 2655 2407 episcopi
2694 2347 3023 2406 censentur;
3090 2340 3310 2395 concilii
3370 2342 3600 2397 secundi

2026 2428 2368 2490 convocatio,
2417 2428 2676 2499 synodica
2716 2426 2784 2482 ad
2829 2428 3119 2484 Damasum
3153 2447 3297 2485 anno
3335 2442 3601 2502 sequente

2027 2518 2214 2583 missa,
2257 2534 2365 2588 qua
2407 2518 2741 2574 damnantur
2774 2519 3126 2575 Macedonius
3160 2530 3215 2576 et
3250 2522 3599 2593 Apollinaris.

2024 2611 2244 2667 Damasi
2267 2613 2532 2668 adversus
2549 2613 2920 2684 Apollinarem
2942 2613 3221 2685 synodica,
3239 2616 3600 2689 ejusdemque

2027 2704 2301 2760 confessio
2333 2706 2400 2761 ad
2432 2706 2723 2761 Paulinum
2749 2705 3103 2761 describitur.
3154 2706 3277 2762 Mor
3306 2709 3600 2779 perstricta

2025 2795 2271 2851 Gratiani
2304 2812 2439 2852 nece
2473 2805 2529 2852 et
2562 2798 2851 2869 tyrannide
2880 2799 3120 2866 Maximi,
3143 2800 3452 2856 instituitur
3478 2819 3602 2857 nar-

2025 2885 2165 2939 ratio
2189 2885 2258 2939 de
2279 2886 2506 2941 Iustinae
2531 2887 2714 2941 studio
2741 2903 2869 2957 erga
2897 2887 3153 2952 Arianos,
3178 2889 3463 2959 turbisque
3492 2891 3602 2946 Mc-

2027 2973 2236 3028 diolani
2266 2975 2449 3040 motis,
2473 2992 2538 3030 ac
2560 2976 2777 3031 Maximi
2802 2978 3039 3048 tyranni,
3067 2978 3475 3049 Theodosiique
3502 2982 3602 3036 im—

2027 3066 2300 3134 peratoris
2327 3081 2393 3120 ea
2415 3066 2483 3120 de
2506 3081 2565 3122 re
2583 3067 2813 3136 judicio,
2839 3077 2895 3121 et
2927 3068 2995 3122 de
3017 3069 3310 3124 Theodosii
3338 3070 3603 3128 adversus

333 3157 574 3222 tyranno
616 3148 941 3219 triumphis,
967 3149 1213 3219 ejusdem
1254 3148 1606 3220 expeditione
1631 3148 1688 3202 in
1708 3148 1921 3212 Persas,
1951 3175 1995 3237 ο
2026 3154 2262 3210 Arianos
2280 3156 2398 3226 lege
2421 3156 2790 3226 Amphilochii
2813 3159 3072 3227 precibus
3096 3158 3481 3219 edita..Postea
3504 3177 3603 3233 per

326 3251 385 3296 et
407 3243 563 3313 iusta
588 3241 741 3296 caede
767 3239 1098 3305 enarranda,
1127 3240 1304 3310 posita
1336 3248 1484 3295 sunt.

400 3333 575 3389 XXV.
608 3331 855 3399 Quartus
882 3332 1135 3387 continet
1170 3347 1262 3388 res
1290 3332 1450 3397 ﬁdei,
1491 3346 1612 3402 quae
1642 3330 1923 3404 regnanti-

325 3427 436 3481 bus
463 3427 651 3481 tribus
682 3440 868 3479 rerum
896 3424 1158 3490 dominis,
1196 3425 1426 3480 Joviano
1466 3425 1691 3495 quidem
1727 3431 1783 3478 et
1816 3423 1923 3478 Va-

323 3516 646 3573 lentiniano
670 3514 989 3581 catholicis,
1016 3514 1244 3570 Valente
1271 3522 1453 3568 autem
1481 3514 1685 3570 Ariano
1703 3553 1717 3578 ,
1748 3511 1927 3567 conti-

325 3616 537 3678 gerunt
574 3624 588 3659 :
633 3620 808 3677 quare
852 3613 975 3674 post
1008 3612 1438 3660 commemorata
1481 3604 1694 3660 Joviani
1746 3602 1923 3666 initia,

325 3698 578 3753 refertur
608 3697 855 3767 primum
884 3695 1095 3751 reditus
1120 3695 1401 3750 Athanasii
1427 3712 1442 3761 ;
1474 3695 1734 3766 synodica
1759 3693 1924 3765 :‘Egy-

325 3788 502 3860 ptiaci
533 3787 757 3842 concilii
782 3787 850 3841 ad
865 3787 1178 3851 Iovianum,
1211 3787 1537 3857 Jovianique
1561 3801 1710 3840 mors
1731 3800 1925 3855 repen-

328 3881 449 3935 tina
496 3896 512 3931 :
557 3888 676 3933 tum
725 3877 1094 3933 Valentiniani
1144 3878 1520 3948 inauguratio,
1560 3876 1924 3946 'Valentisque

329 3970 525 4025 fratris
553 3969 609 4023 in
635 3975 950 4023 consortem
975 3969 1126 4039 regni
1154 3969 1478 4038 assumptio,
1502 3967 1779 4022 ordinatio
1797 3966 1927 4023 Am-

326 4062 507 4117 brosii
550 4059 977 4115 Mediolanensis
1014 4059 1277 4130 episcopi,
1316 4061 1688 4131 Augustorum
1731 4059 1820 4114 lex
1855 4057 1923 4113 de

324 4154 815 4221 consubstantiali,
839 4155 907 4211 de
922 4169 1032 4224 quo
1049 4153 1214 4208 etiam
1233 4150 1475 4222 synodus
1503 4151 1807 4221 lllyriciana
1825 4150 1925 4205 ha—

326 4250 446 4306 bita
469 4259 588 4317 cst;
617 4250 1000 4305 Audianorum
1024 4248 1090 4303 de
1110 4249 1221 4302 Deo
1243 4255 1556 4316 corporato,
1574 4245 1923 4303 Messaliano—

327 4358 456 4397 rum
502 4341 671 4414 284
716 4341 785 4396 de
839 4340 1109 4396 orationis
1166 4338 1357 4393 fictitia
1404 4336 1639 4407 quadam
1693 4335 1918 4399 virtute,

326 4430 565 4486 haeresis
597 4429 923 4495 exordium;
983 4435 1170 4497 postea
1204 4427 1447 4483 Valentis
1484 4425 1832 4496 imperatoris
1864 4424 1918 4478 in

2026 3246 2334 3317 episodium
2379 3248 2555 3303 czedes
2586 3248 3128 3315 Thessalonicensis,
3171 3252 3601 3310 et-Antiochena

2027 3336 2231 3392 seditio
2252 3345 2534 3400 narratur,
2571 3346 2632 3392 ut
2655 3339 2952 3403 Ambrosii,
2970 3348 3027 3394 et
3053 3340 3317 3405 Flaviani,
3342 3342 3600 3398 Theodo-

2027 3428 2205 3499 siique
2228 3429 2489 3484 laudandi
2511 3430 2726 3484 occasio
2749 3432 2999 3500 capiatur
3025 3447 3040 3485 :
3068 3440 3324 3487 narratur
3346 3443 3404 3488 et
3425 3433 3604 3489 idolo-

2026 3536 2147 3575 rum
2194 3520 2638 3589 templorumque
2693 3520 3022 3586 destructio,
3066 3521 3423 3591 Flavianique
3476 3539 3601 3578 cum

2025 3611 2360 3680 imperatore
2384 3610 2680 3666 collocutio
2707 3611 2776 3665 de
2802 3611 3125 3681 episcopatu
3153 3611 3517 3679 Antiocheno,
3546 3625 3603 3670 et

2027 3701 2408 3757 reconciliatio
2434 3717 2559 3756 cum
2586 3700 3067 3768 Occidentalibus,
3100 3718 3216 3757 rem
3243 3713 3602 3773 promovente

2025 3792 2225 3848 Acacio
2247 3809 2261 3858 ;
2283 3792 2515 3862 Eugenii
2538 3793 2804 3863 tyrannis,
2826 3792 3234 3862 'l’heodosiique
3258 3793 3487 3848 victoria
3520 3802 3604 3849 at-

2025 3901 2134 3955 que
2164 3885 2371 3941 obitus.
2409 3885 2643 3940 Venitur
2678 3885 2878 3941 deinde
2917 3885 2984 3940 ad
3028 3885 3251 3941 Arcadii
3282 3886 3598 3955 imperium,

2026 3987 2223 4041 resque
2251 3971 2648 4042 Chrysostomi,
2675 3973 2877 4041 quibus
2893 3972 3102 4042 prolixe
3130 3974 3412 4042 expositis,
3437 3975 3600 4047 235

2024 4061 2279 4116 laudatur
2320 4070 2377 4116 et
2421 4062 2733 4117 Alexander
2761 4062 3141 4118 Antiochenus
3186 4065 3500 4133 episcopus,
3543 4076 3602 4121 et

2025 4154 2202 4223 pietas
2222 4153 2517 4209 Theodosii
2534 4153 2780 4208 Junioris
2803 4168 2868 4209 ac
2894 4169 3173 4218 sororum,
3197 4163 3253 4209 et
3281 4155 3599 4213 Theodotus

2021 4243 2317 4299 Alexandri
2364 4259 2673 4309 successor,
2723 4244 2817 4314 qui
2851 4244 3270 4315 Apollinaristas
3302 4245 3369 4299 ad
3407 4246 3598 4302 Eccle-

2024 4335 2158 4390 siam
2187 4335 2427 4391 reduxit.
2460 4335 2725 4400 Tandem,
2764 4343 2983 4391 narrata
3012 4351 3113 4405 per
3133 4337 3439 4405 episodium
3463 4338 3590 4391 Per-

2025 4439 2210 4481 sarum
2254 4426 2659 4495 persecutione,
2699 4426 2984 4482 immensis
3022 4426 3276 4481 laudibus
3316 4428 3600 4482 extollitur

324 4519 595 4585 Arianam
619 4519 958 4589 impietatem
980 4518 1199 4588 lapsus;
1226 4516 1353 4571 inde
1376 4524 1689 4570 sanctorum
1706 4514 1919 4579 exsilia,
1954 4509 1997 4566 D
2026 4516 2349 4571 Theodorus
2388 4515 2820 4585 Mopsuestenus.
2870 4532 2934 4569 ac
2982 4515 3107 4569 finis
3149 4515 3395 4571 historiae
3426 4517 3600 4585 impo-

327 4621 449 4665 tum
495 4607 786 4664 Athanasii
828 4606 1054 4671 obitus,
1104 4606 1251 4661 Petri
1292 4605 1630 4660 successoris
1661 4604 1919 4660 catholici

324 4699 572 4762 vexatio,
623 4698 781 4754 Lucii
834 4697 1020 4751 Ariani
1062 4697 1224 4751 Petro
1267 4695 1483 4750 sull'ecti
1521 4695 1743 4751 infanda
1783 4696 1921 4752 faci-

323 4806 488 4855 nora,
522 4799 582 4844 et
616 4806 648 4843 a
685 4789 1087 4843 Saracenorum
1116 4788 1295 4841 electo
1332 4787 1590 4855 episcopo
1623 4789 1923 4857 reprehen-

324 4882 448 4949 sio;
478 4882 750 4950 deinceps
770 4878 1505 4948 ConstantinOpolitanorum
1531 4892 1596 4932 ac
1623 4879 1923 4947 Antioche-

320 4990 529 5031 norum
566 4972 817 5028 ﬁdelium
843 4970 1175 5042 persecutio,
1212 4968 1455 5025 Flaviani
1483 4977 1536 5025 et
1572 4969 1798 5025 Diodori
1820 4986 1922 5042 pro

320 5065 431 5122 ﬁde
451 5063 801 5128 sollicitudo,
824 5071 1143 5118 sanctorum
1173 5062 1191 5080 '
1214 5060 1613 5115 monachorum
1635 5076 1761 5117 cum
1787 5062 1925 5119 duo-

318 5158 427 5215 bus
451 5159 545 5213 his
572 5156 704 5211 ﬁdei
738 5155 1121 5213 defensoribus
1154 5152 1523 5223 conspiratio;
1546 5153 1833 5224 Ephremii
1864 5157 1922 5211 in

319 5251 505 5324 Syria,
542 5247 764 5319 Didymi
796 5245 1137 5301 Alexandriae
1156 5284 1171 5309 ,
1203 5242 1501 5298 illustrium
1533 5243 1917 5314 episcoporum

318 5342 377 5397 in
412 5340 651 5397 Pontica
689 5347 746 5393 et
775 5336 999 5401 Asiana,
1029 5334 1247 5390 Damasi
1278 5344 1336 5388 et
1364 5334 1640 5389 Ambrosii
1666 5335 1719 5389 in
1756 5334 1917 5390 Occi-

316 5435 511 5509 dente,
558 5446 665 5502 pro
701 5429 809 5484 ﬁde
846 5428 1063 5485 sincera
1100 5425 1381 5493 studium;
1409 5425 1646 5496 denique
1675 5426 1919 5482 Valentis

317 5526 614 5598 expeditio
632 5532 695 5578 et
714 5523 913 5585 caedes,
937 5520 1353 5589 Gothorumque
1373 5519 1441 5573 ad
1462 5519 1720 5574 Arianam
1746 5520 1920 5575 haere-

317 5619 404 5674 si.
442 5615 739 5671 abductio.

2021 4608 2192 4663 nitur.

2095 4699 2308 4754 XXVII.
2338 4697 2478 4754 Cum
2508 4713 2574 4753 ea
2614 4698 2686 4754 sit
2714 4695 2853 4752 ratio
2894 4698 3101 4769 aperis,
3150 4697 3296 4768 quod
3342 4714 3597 4755 recense-

2026 4802 2170 4853 mus,
2208 4786 2436 4850 nemini,
2463 4786 2683 4857 opinor,
2706 4787 2986 4843 historicas
3006 4788 3143 4842 artis
3164 4787 3344 4859 perito
3365 4787 3599 4843 dubium

2024 4887 2128 4945 est,
2166 4880 2300 4950 quin
2325 4894 2451 4934 vere
2476 4878 2703 4934 inscribi
2738 4880 2937 4935 debeat
2969 4878 3237 4935 Hrerescos
3269 4880 3486 4935 Arianae
3513 4881 3598 4935 Iti-

2022 4969 2209 5024 storia.
2232 4968 2368 5023 Nam
2397 4983 2464 5023 ex
2497 4968 2632 5023 artis
2667 4976 2962 5039 praecepto,
2996 4969 3176 5038 primo
3212 4967 3386 5039 ipsius
3415 4968 3600 5024 omnia

2021 5069 2457 5133 pertractantur;
2482 5060 2683 5116 deinde
2710 5070 2928 5125 cuncta,
2953 5075 3075 5131 quae
3093 5061 3438 5130 attinguntur
3468 5061 3595 5124 alia,

2020 5150 2090 5204 ad
2121 5149 2370 5205 eamdem
2400 5148 2734 5205 referuntur.

2096 5240 2332 5296 XXVIII.
2382 5241 2503 5297 Jam
2552 5256 2687 5296 vero
2735 5240 3018 5295 historiam
3065 5239 3206 5294 hanc
3251 5252 3320 5292 eo
3368 5237 3600 5293 consilio

2025 5332 2285 5401 scriptam
2308 5346 2450 5397 esse,
2482 5338 2545 5385 ut
2569 5330 2956 5386 ostenderetur
2974 5327 3128 5381 radix
3149 5340 3425 5392 errorum,
3460 5341 3600 5396 quos

2025 5422 2130 5477 sibi
2156 5422 2308 5478 visus
2332 5433 2418 5477 est
2451 5421 2831 5477 Theodoretus
2858 5419 2915 5474 in
2949 5419 3170 5490 scriptis
3210 5420 3383 5474 sancti
3412 5418 3598 5491 Cyriili

2022 5515 2235 5579 videre,
2275 5514 2421 5570 facili
2453 5513 2672 5585 negotio
2702 5509 3009 5566 conﬁcitur.

2094 5603 2287 5659 XXIX.
2323 5605 2594 5660 Docucrat
2618 5601 2853 5673 Cyrillus
2886 5600 3029 5655 inter
3062 5599 3249 5655 ambas
3269 5598 3473 5655 Christi
3503 5615 3599 5656 na-

1634 5742 1956 5800 SCHULZII
2004 5739 2233 5797 NOTAE.

380 5852 433 5887 ⁸⁸
464 5848 613 5907 Hist.
653 5844 836 5900 εει-ιω.
889 5842 925 5899 I.
974 5859 1028 5907 γ,
1064 5859 1112 5896 c.
1150 5842 1203 5895 ’5.

564 5945 839 6008 ΡΑτιιοι.
883 5942 998 6002 Gn.
1032 5938 1339 6002 LXXXIV.
1366 6002 1371 6007 ,
