4070 6450
514 372 620 433 235

1652 362 2031 424 GARNERII
2065 361 2565 425 DISSERTATIO
2603 366 2685 425 II.

3679 357 3775 420 236

514 495 664 538 turas
696 479 1040 536 intercedere
1065 476 1260 532 ἕνωσιν
1286 475 1520 545 φυσικὴν
1544 481 1601 529 et
1629 474 1753 528 καθ’
1778 474 2096 536 ὑπόστασιν,

2274 474 2517 546 Uterque
2558 472 2866 530 divinitatis
2917 469 3083 528 Verbi
3135 467 3648 525 vehementissimus
3688 470 3776 524 de-

515 573 568 628 Id
585 580 688 637 est,
708 588 870 626 unam
884 587 1002 626 esse
1019 569 1323 624 divinitatis
1335 577 1390 622 et
1405 567 1766 622 humanitatis
1783 567 2100 627 ὑπόστασιν,

517 682 748 736 eamque
774 664 1038 727 divinam,
1062 670 1118 715 et
1147 660 1311 716 Verbi
1353 659 1656 730 propriam.
1693 659 1801 713 Pro
1824 655 2105 728 hypostasi

520 763 778 827 posuerat
840 753 1001 821 φύσιν
1036 769 1050 805 :
1085 766 1194 820 qua
1228 757 1500 820 potestate
1539 746 1809 818 signiﬁcat
1849 746 1904 800 id
1943 760 2105 800 omne

519 847 665 918 quod
683 844 982 916 opponitur
1009 840 1240 914 σχετικῷ
1269 850 1325 897 et
1341 841 1555 906 morali,
1577 840 1723 895 unde
1737 839 2104 903 concluserat,

520 946 644 1007 post
675 935 982 989 unitionem
1025 947 1189 986 unam
1220 946 1340 986 esse
1371 931 1429 985 in
1466 930 1687 986 Christo
1718 929 1882 985 Verbi
1923 928 2106 982 incar-

523 1027 634 1086 nati
673 1027 857 1096 φύσιν,
885 1039 1126 1095 vereque
1166 1023 1276 1079 dici
1321 1023 1669 1095 unigenitum
1693 1023 1791 1078 Dei
1819 1021 2022 1077 Filium
2051 1020 2109 1074 in

521 1137 688 1177 carne
718 1137 962 1192 passum.
997 1121 1271 1193 Docuerat
1307 1118 1474 1173 etiam
1523 1116 1790 1188 Spiritum
1833 1122 2107 1177 sanctum,

520 1231 631 1270 non
663 1231 694 1268 a
729 1215 889 1269 Patre
931 1222 1168 1278 tantum,
1209 1211 1306 1268 sed
1336 1211 1501 1266 etiam
1544 1227 1575 1265 a
1611 1209 1751 1264 Filio
1785 1205 2108 1278 procedere.

519 1307 828 1376 Utrumque
858 1305 1241 1360 Tiieodoretus
1268 1303 1354 1358 vel
1387 1302 1624 1373 maligne
1657 1301 1725 1366 ⁸⁸,
1758 1309 1820 1355 ut
1848 1298 2112 1354 invidiam

519 1399 726 1471 Cyrillo
767 1398 1009 1464 faceret;
1059 1399 1148 1453 vel
1206 1394 1630 1459 inconsiderate,
1673 1402 1903 1465 propter
1942 1390 2113 1446 animi

519 1490 1022 1562 perturbationem,
1074 1490 1464 1560 interpretatus
1503 1494 1588 1542 est
1640 1503 1653 1540 :
1703 1500 1873 1555 quare
1908 1484 2114 1556 Cyrillo

517 1582 769 1652 apprime
790 1581 1060 1636 catholico
1081 1579 1500 1635 consensionem
1526 1592 1650 1632 cum
1670 1574 1824 1641 Ario,
1838 1574 2116 1645 Apollina-

520 1673 610 1728 rio
646 1681 702 1727 et
745 1671 1065 1726 Macedonio
1093 1668 1296 1741 obiecit
1327 1687 1340 1722 :
1376 1676 1432 1723 et
1470 1683 1595 1723 cum
1621 1667 1753 1722 Ario
1783 1665 2007 1737 quidem
2051 1680 2115 1720 ac

517 1763 884 1834 Apollinario,
920 1762 988 1817 de
1030 1778 1138 1816 una
1169 1760 1376 1816 Christi
1413 1768 1649 1827 natura;
1698 1775 1826 1813 cum
1859 1756 2113 1813 Macedo-

516 1856 616 1910 nio
649 1871 800 1920 vero,
839 1855 907 1910 de
942 1853 1182 1925 Spiritus
1211 1853 1386 1909 sancti
1419 1852 1792 1923 processione.

593 1945 764 2001 XXX.
798 1947 870 2003 Ut
901 1945 1069 2017 igitur
1100 1946 1286 2011 tacite,
1316 1954 1374 2000 et
1406 1944 1561 2000 velut
1591 1943 1739 1998 aliud
1770 1957 1957 2014 agens,
1987 1956 2120 1997 con-

523 2039 839 2096 sensionem
874 2053 1000 2093 cum
1038 2037 1170 2093 Ario
1201 2037 1492 2102 ostendat,
1523 2034 1840 2100 Alexandri,
1880 2034 1976 2105 qui
2000 2032 2117 2105 pri-

522 2148 648 2187 mus
707 2131 765 2186 in
825 2129 1059 2202 Egypto
1115 2129 1310 2185 Arium
1369 2145 1496 2185 cum
1558 2127 1674 2183 suis
1743 2126 1997 2182 sectariis
2051 2142 2119 2182 ex

523 2223 774 2280 Ecclesia
801 2223 985 2293 ejecit,
1031 2223 1320 2294 epistolam
1358 2221 1594 2292 profert,
1639 2221 1695 2275 in
1722 2235 1832 2291 qua
1861 2220 1978 2274 Arii
2013 2219 2119 2274 im-

524 2315 702 2386 pietas
743 2315 939 2370 iisdem
987 2313 1104 2370 fere
1159 2313 1422 2386 loquendi
1478 2313 1732 2367 formulis
1769 2311 2118 2382 exprimitur,

524 2406 723 2462 iisdem
747 2406 1057 2462 rationibus
1083 2407 1455 2478 impugnatur,
1482 2404 1686 2474 quibus
1711 2404 1899 2474 opinio
1917 2403 2122 2475 Cyrillo

521 2498 724 2565 atlicta,
748 2499 936 2570 ut-jam
958 2497 1085 2553 inde
1112 2512 1142 2552 a
1165 2495 1360 2566 quinto
1389 2512 1490 2553 suo
1515 2497 1806 2553 decessore
1831 2496 2122 2554 damnatus

522 2589 764 2662 Cyrillus
799 2587 1104 2643 videretur.

596 2680 794 2738 XXXI.
835 2679 1270 2736 Consensionem
1327 2695 1454 2736 cum
1493 2679 1835 2752 Apollinario
1879 2679 2124 2737 insinuat

527 2790 654 2831 cum
679 2772 931 2845 exposito
961 2787 1176 2828 errore.
1213 2794 1231 2825 α
1271 2773 1350 2828 Ex
1383 2773 1508 2838 hac,
1546 2773 1725 2843 inquit
1745 2774 1813 2838 °°,
1847 2773 2034 2828 radice
2065 2773 2124 2830 in

519 2865 788 2922 Ecclesiis
823 2878 1015 2921 natum
1041 2875 1146 2931 est,
1177 2866 1325 2937 quod
1366 2881 1476 2920 una
1519 2867 1702 2922 carnis
1729 2875 1787 2922 et
1818 2867 2125 2923 divinitatis

523 2965 725 3013 natura
747 2957 972 3023 dicitur,
1019 2957 1278 3028 quodque
1309 2957 1590 3030 Unigeniti
1631 2957 1912 3014 divinitati
1940 2959 2123 3029 passio

524 3049 846 3116 ascribitur,
889 3058 946 3106 et
980 3048 1088 3104 alia
1119 3049 1173 3104 id
1205 3063 1400 3119 genus,
1449 3047 1518 3102 de
1554 3047 1759 3118 quibus
1793 3049 2124 3120 populorum

522 3138 992 3208 sacerdotumque
1030 3137 1336 3193 certamina
1373 3135 1726 3192 exstiterunt.
1770 3137 1974 3194 Verum
2005 3138 2123 3196 haec

527 3229 754 3300 quidem
789 3238 982 3299 postea
1003 3228 1377 3299 contigerunt.
1416 3249 1434 3281 ι

601 3327 618 3344 ¹
648 3322 866 3376 XXXII.
898 3321 1336 3377 Consensionem
1378 3323 1585 3393 pariter
1633 3339 1760 3379 cum
1802 3323 2124 3380 Macedonio

529 3415 734 3481 innuit,
759 3429 886 3470 cum
915 3413 1110 3486 synodi
1136 3415 1398 3469 Romana:
1430 3415 1534 3470 sub
1567 3415 1798 3471 Damaso
1819 3415 2124 3472 confessio-

529 3523 656 3564 nem
693 3505 820 3561 ﬁdei
856 3504 1064 3576 profert
1095 3505 1152 3560 in
1181 3505 1298 3560 haec
1319 3506 1486 3561 verba
1515 3508 1559 3540 "
1598 3525 1610 3562 :
1650 3527 1668 3560 ι
1697 3507 1970 3576 Quoniam
2000 3519 2126 3581 post

528 3598 828 3654 concilium
875 3597 1043 3668 286
1086 3597 1370 3651 Nicaenum
1412 3597 1505 3652 hic
1554 3614 1714 3654 error
1763 3603 2010 3668 emersit,
2064 3610 2128 3656 ut

528 3688 754 3759 quidam
785 3704 880 3743 ore
910 3688 1140 3758 profano
1165 3688 1350 3744 dicere
1379 3689 1643 3756 audeant,
1693 3689 1961 3762 Spiritum
1995 3708 2126 3748 san-

529 3789 680 3836 ctum
735 3796 835 3850 per
890 3780 1089 3834 Filium
1137 3780 1343 3836 factum
1391 3797 1543 3848 esse,
1596 3783 2127 3840 anathematizamus

529 3891 645 3942 eos,
671 3874 765 3945 qui
797 3889 908 3929 non
941 3873 1226 3928 liberrime
1248 3874 1552 3945 praedicant
1574 3875 1840 3946 Spiritum
1871 3885 2126 3933 sanctum

530 3967 697 4020 unius
730 3965 1088 4036 ejusdemque
1113 3979 1240 4020 cum
1265 3966 1428 4023 Patre
1454 3974 1512 4022 et
1537 3967 1679 4022 Filio
1715 3967 2038 4026 substantiae
2062 3986 2128 4025 ac

531 4058 822 4128 potestatis
850 4057 1139 4112 exsistere.
1168 4075 1186 4109 ι

603 4151 844 4205 XXXIII.
897 4150 1018 4206 Jam
1069 4165 1202 4205 vero
1257 4148 1546 4207 Nestorius
1589 4151 1694 4208 sub
1743 4153 2032 4211 Athanasii
2069 4165 2128 4212 et

529 4243 908 4318 Cbrysostomi
953 4257 1189 4314 persona
1235 4251 1345 4297 tam
1389 4244 1652 4314 graphice
1692 4245 2031 4320 depingitur,
2064 4258 2128 4305 ut

531 4337 692 4393 facite
722 4334 942 4407 agnosci
974 4343 1143 4406 queat
1179 4334 1501 4399 lectoribus,
1530 4337 1615 4390 vel
1651 4337 1849 4394 leviter
1875 4343 2122 4398 attentis.

532 4430 660 4485 Fuit
687 4429 836 4484 enim
873 4427 1156 4484 Athanasii
1187 4427 1539 4498 Nestoriique
1576 4429 1692 4485 hzec
1725 4430 2034 4490 similitudo
2060 4450 2126 4491 ac

531 4518 920 4575 convenientia
943 4519 1010 4571 θ’.

601 4611 846 4682 Uterque
863 4609 1298 4680 patriarchatum
1321 4611 1511 4681 gessit,
1532 4609 1869 4667 Athanasius
1889 4612 2126 4668 Alexan-

532 4704 778 4769 drinum,
810 4701 1099 4758 Nestorius
1131 4701 1805 4773 Constantinopolitanum
1841 4721 1853 4757 :
1887 4711 2126 4773 uterque

534 4798 806 4852 haereseos
851 4793 1070 4848 Arianae
1127 4791 1436 4847 acerrimus
1492 4793 1844 4862 impugnator
1890 4793 2124 4859 exstitit,

533 4899 764 4954 eamque
793 4883 864 4938 ob
888 4898 1006 4938 rem
1035 4881 1371 4936 Athanasius
1394 4880 1568 4935 libros
1601 4881 1798 4953 edidit,
1830 4892 1886 4938 et
1912 4898 2126 4938 sermo-

535 4989 634 5030 nes
653 4973 860 5028 nemini
884 4973 1118 5043 ignotos.
1142 4970 1330 5025 Edidit
1351 4971 1638 5025 Nestorius
1657 4971 1821 5026 etiam
1845 4989 2128 5030 sermones

533 5076 592 5122 et
623 5073 891 5121 tractatus
911 5065 1023 5135 jam
1057 5064 1328 5133 vulgatos,
1363 5071 1420 5117 et
1455 5063 1712 5134 insuper,
1759 5065 1853 5120 ubi
1885 5067 2126 5136 primum

535 5161 590 5214 in
613 5158 800 5216 sedem
823 5157 1191 5227 episcopalem
1215 5157 1378 5228 regia:
1406 5157 1558 5212 urbis
1583 5158 1853 5224 ascendit,
1889 5159 2124 5215 Ariano-

457 5294 462 5296 .
534 5263 656 5302 rum
683 5249 887 5316 templa
916 5246 1135 5300 evertit.

2206 564 2396 620 fensor
2450 565 2572 620 fuit.
2613 565 2761 620 Nihil
2813 574 2964 620 certe
3011 563 3126 618 fere
3170 561 3321 616 aliud
3355 560 3684 614 Athanasius
3727 560 3778 613 in

2206 656 2432 728 scriptis
2457 657 2588 728 agit,
2617 655 2756 710 nihil
2787 653 3130 724 frequentius
3154 653 3209 706 in
3231 650 3584 706 sermonibus
3602 649 3781 704 Nesto-

2208 749 2325 804 rius
2361 767 2374 804 :
2406 749 2514 804 hoc
2535 756 2717 802 tamen
2752 745 3094 810 discrimine,
3120 743 3264 814 quod
3291 743 3384 798 ille
3411 741 3486 796 ita
3513 740 3780 810 ὀμοούσιον

2209 856 2332 896 esse
2357 841 2684 895 Trinitatem
2707 838 3136 902 demonstraret,
3169 845 3230 890 ut
3253 850 3374 889 eam
3405 847 3532 888 cum
3565 832 3782 888 veritate

2211 932 2608 991 incarnationis
2648 931 3001 995 conciliaret;
3070 928 3236 983 vellet
3286 928 3391 982 iste
3452 925 3783 980 divinitatem

2214 1025 2379 1081 Verbi
2410 1041 2536 1081 cum
2576 1026 2780 1080 unione
2814 1024 2935 1078 καθ’
2970 1022 3266 1076 ὑπόστασιν
3299 1035 3565 1091 pugnare.

2284 1118 2527 1187 Uterque
2570 1117 2848 1172 Nicmnam
2898 1115 3062 1169 ﬁdem
3115 1111 3405 1182 magniﬁce
3446 1108 3783 1179 depraedicat,

2213 1207 2364 1263 velut
2385 1209 2626 1272 unicam,
2648 1222 2771 1278 quze
2787 1205 3039 1269 sufﬁciat,
3067 1203 3193 1258 ﬁdei
3217 1203 3460 1273 regulam
3487 1218 3502 1253 :
3521 1199 3615 1254 sed
3633 1199 3790 1253 Atha-

2216 1299 2423 1365 nasius,
2453 1308 2514 1354 ut
2537 1315 2697 1354 veros
2719 1298 2954 1353 Arianos
2987 1297 3371 1366 impugnaret;
3402 1291 3705 1356 Nestorius,
3734 1299 3790 1344 ut

2217 1391 2286 1447 iis
2305 1392 2620 1456 detrahens,
2645 1407 2784 1462 quos
2811 1389 3029 1444 Ariana:
3054 1388 3327 1443 haereseos
3350 1400 3448 1456 per
3472 1383 3789 1439 calumniam

2217 1500 2342 1540 reos
2375 1483 2633 1556 ﬁngebat.

2289 1577 2534 1646 Uterque
2581 1576 2650 1630 ab
2687 1575 3049 1646 imperatore,
3098 1582 3160 1628 ut
3200 1570 3546 1644 jactabatur,
3590 1567 3794 1625 artibus

2216 1669 2605 1738 episcoporum
2631 1667 2845 1733 deluso,
2871 1666 3120 1738 dejectus
3145 1674 3231 1719 est
3259 1664 3328 1718 de
3355 1663 3484 1718 sede
3519 1680 3533 1716 :
3562 1661 3793 1716 Athana-

2219 1762 2339 1818 sius
2361 1778 2390 1817 a
2411 1761 2796 1825 Constantino,
2825 1775 2991 1830 quem
3015 1757 3323 1823 Eusebius;
3351 1764 3407 1811 et
3435 1771 3465 1810 a
3486 1755 3793 1818 Constante,

2148 1836 2190 1892 Β
2220 1871 2383 1927 quem
2426 1855 2668 1910 Euzoius
2700 1852 3029 1922 deceperat;
3075 1850 3364 1905 Nestorius
3403 1864 3433 1902 a
3474 1847 3793 1910 Theodosio,

2220 1963 2385 2019 quem
2417 1945 2652 2018 Cyrillus
2677 1960 2774 2016 per
2797 1943 2938 1999 aulae
2964 1942 3246 1998 ministros
3269 1938 3699 1998 circumvenisse
3725 1936 3799 1992 di-

2221 2038 2471 2094 cebatur.

2288 2130 2531 2202 Uterque
2563 2145 2808 2186 sororem
2850 2127 3225 2199 imperatoris,
3271 2142 3394 2197 quae
3445 2140 3636 2180 rerum
3667 2122 3800 2194 poti-

2223 2232 2399 2288 retur,
2429 2222 2763 2278 contrariam
2787 2237 2852 2276 ac
2881 2220 3150 2276 infensam
3189 2225 3450 2289 expertus
3477 2225 3562 2272 est
3589 2233 3604 2270 ε
3644 2215 3799 2270 Atha-

2222 2317 2413 2371 nasius
2469 2313 2849 2370 Constantiam
2891 2311 3277 2376 Constantini,
3336 2309 3632 2365 Nestorius
3685 2306 3801 2362 Pul-

2223 2407 2468 2463 cheriam
2512 2404 2810 2461 Theodosii
2861 2419 3141 2470 sororem,
3189 2401 3381 2458 ambas
3426 2400 3802 2471 episcoporum

2223 2498 2442 2554 artibus
2476 2497 2760 2568 impulsas.

2295 2591 2539 2661 Uterque
2567 2590 2621 2644 in
2648 2588 2903 2645 exsilium
2931 2589 3126 2659 pulsus
3157 2595 3244 2643 est
3270 2587 3339 2642 ab
3367 2586 3702 2656 imperatore
3719 2598 3803 2638 ar-

2223 2684 2375 2740 tibus
2399 2684 2844 2739 adversariorum
2884 2683 3118 2753 deeepto
3155 2699 3169 2736 :
3206 2680 3544 2736 Athanasius
3593 2679 3803 2750 quidem

2224 2793 2256 2832 a
2283 2775 2667 2840 Constantino,
2699 2791 2864 2846 quem
2900 2774 3090 2828 Ariani
3118 2773 3406 2828 fraudibus
3435 2773 3805 2826 circumvene-

2226 2878 2379 2937 rant;
2426 2869 2716 2926 Nestorius
2757 2885 2788 2923 a
2832 2856 3169 2933 Theodosio,
3207 2865 3712 2936 Apollinariorum,
3751 2869 3807 2917 ut

2225 2961 2450 3032 quidem
2498 2959 2605 3016 sibi
2659 2957 3030 3029 persuadebat
3081 2955 3503 3021 Theodoretus,
3552 2955 3696 3010 dolis
3745 2952 3803 3006 il-

2225 3051 2367 3106 luso.

2149 3177 2192 3237 ο
2292 3141 2538 3212 Uterque
2573 3155 2704 3196 suos
2736 3139 2934 3194 habuit
2955 3148 3177 3210 apertos
3207 3138 3548 3203 defensores,
3586 3139 3680 3194 sed
3707 3152 3808 3208 pne

2226 3231 2566 3288 adversariis
2595 3247 2802 3302 paucos
2837 3248 2850 3284 :
2892 3240 2948 3286 et
2975 3231 3267 3301 utriusque
3297 3231 3624 3287 defensores
3654 3246 3716 3287 ea
3746 3229 3808 3284 de

2227 3339 2392 3379 causa
2446 3323 2891 3394 persecutionem
2928 3323 3106 3394 passi,
3152 3323 3413 3395 depositi,
3454 3326 3622 3397 ejecti
3667 3326 3808 3381 urbi-

2227 3417 2353 3481 bus,
2382 3425 2489 3472 etc.

2297 3509 2470 3565 Porro
2499 3517 2683 3564 autem
2706 3509 2752 3541 ⁹³
2781 3524 2908 3564 cum
2935 3509 3102 3564 vellet
3117 3509 3279 3580 287
3299 3509 3686 3567 Theodoretus
3711 3511 3810 3567 Ne-

2228 3603 2464 3657 storium
2489 3602 2810 3667 defendere,
2830 3617 2934 3658 nec
2965 3601 3235 3656 invidiose
3266 3611 3472 3668 tamen,
3499 3614 3599 3660 aut
3625 3606 3812 3676 impor-

2229 3703 2362 3750 tune
2399 3695 2452 3750 id
2479 3710 2663 3767 agere,
2689 3694 2800 3749 duo
2832 3703 3093 3765 praestare
3115 3697 3309 3750 statuit
3334 3714 3346 3748 :
3374 3696 3636 3761 alterum,
3661 3699 3813 3752 silere

2227 3803 2430 3843 nomen
2451 3787 2713 3852 Nestorii,
2741 3788 2944 3859 quippe
2979 3788 3201 3843 invidize
3225 3789 3471 3860 plenum,
3495 3798 3549 3843 et
3578 3791 3812 3845 alienum

2227 3895 2258 3935 a
2322 3880 2490 3935 rebus
2545 3890 2878 3950 temporum,
2938 3895 3061 3950 qum
3113 3882 3501 3952 persequitur;
3560 3883 3813 3944 alterum,

2228 3973 2528 4028 Diodorum
2563 3974 2888 4029 Tarsensem
2911 3982 2966 4028 et
2989 3975 3341 4030 Theodorum
3378 3975 3815 4046 Mopsuestenum

2227 4073 2453 4134 propter
2479 4064 2602 4119 ﬁdei
2628 4064 2874 4119 studium
2904 4074 2961 4119 et
2985 4063 3252 4119 doctrinae
3276 4063 3697 4129 rectitudinem,
3725 4065 3808 4118 im-

2229 4159 2437 4213 mensis
2490 4157 2750 4213 laudibus
2799 4158 3084 4213 extollere.
3143 4155 3281 4211 Cum
3332 4157 3480 4211 enim
3546 4157 3819 4212 Diodorus

2228 4249 2530 4316 Theodori,
2576 4249 2904 4305 Theodorus
2952 4247 3193 4304 Nestorii
3235 4249 3498 4318 magister
3546 4249 3729 4319 reipsa
3769 4255 3821 4300 et

2229 4341 2448 4406 fuisset,
2476 4354 2532 4396 et
2564 4340 2633 4394 ab
2666 4339 2924 4394 omnibus
2960 4337 3128 4393 fuisse
3157 4347 3610 4409 cognosceretur,
3649 4335 3818 4392 artifi-

2231 4433 2378 4486 ciosa
2405 4430 2509 4486 fuit
2527 4431 2645 4484 haec
2663 4429 2973 4498 callidaque
2995 4437 3050 4483 et
3072 4427 3261 4484 etIicax
3278 4428 3611 4483 defendendi
3631 4430 3820 4485 Nesto-

2159 4524 2199 4579 D
2231 4522 2300 4576 rii
2330 4523 2494 4585 ratio,
2519 4522 2824 4592 przesertim
2851 4536 2974 4574 cum
2999 4520 3237 4593 Cyrillus
3262 4521 3481 4576 audiret
3499 4521 3820 4576 earumdem

2231 4614 2425 4678 trium,
2465 4612 2712 4677 Diodori,
2736 4612 3037 4677 Theodori,
3073 4621 3130 4667 et
3165 4611 3402 4667 Nestorii
3450 4611 3819 4682 impugnator,

2233 4701 2668 4772 eredereturquc
2701 4701 3043 4773 impugnatio
3075 4701 3244 4756 etiam
3277 4717 3308 4755 a
3341 4701 3547 4756 sanctis
3577 4717 3649 4756 ex
3684 4698 3820 4754 invi-

2233 4793 2324 4849 dia
2353 4794 2590 4863 quadam
2616 4795 2789 4849 nasci.

2307 4885 2550 4941 XXXIV.
2598 4887 2727 4941 Visa
2777 4886 2882 4941 fuit
2927 4885 3280 4941 Theodoreto
3317 4885 3626 4941 similitudo
3667 4886 3822 4952 longe

2233 4979 2412 5050 major
2455 4978 2597 5032 inter
2620 4978 2934 5032 Nestorium
2974 4988 3030 5031 et
3069 4977 3525 5048 Chrysostomum
3563 4976 3632 5029 ⁸⁵.
3691 4976 3823 5030 Nam

2238 5081 2470 5141 uterque
2514 5071 2762 5141 ejusdem
2807 5069 2913 5124 loci
2947 5069 3252 5124 monachus
3298 5069 3420 5134 fuit,
3464 5068 3823 5139 ejusdemque

2235 5162 2595 5218 Antiochena:
2619 5163 2878 5240 Ecclesiae
2903 5162 3191 5234 presbyter
3227 5179 3239 5215 :
3278 5171 3511 5231 uterque
3545 5159 3822 5215 dissiden-

2235 5253 2385 5310 tibus
2404 5254 3028 5326 Constantinopolitanis
3059 5254 3276 5310 clericis
3309 5253 3436 5308 inde
3469 5261 3732 5308 evocatus
3757 5247 3821 5303 ad

1939 5379 2258 5439 SCHULZII
2295 5382 2532 5440 NOTE.

603 5492 647 5522 ⁸⁸
671 5489 856 5563 Tacite
887 5505 1019 5563 vero
1039 5489 1144 5563 hoc
1164 5489 1342 5558 egisse
1357 5488 1564 5563 dicitur
1589 5491 1734 5563 μθ.
1810 5493 1856 5524 ⁹⁰
1873 5493 2012 5548 Hist.
2051 5495 2233 5551 mles.
2270 5497 2308 5551 Ι.
2338 5515 2393 5563 v,
2423 5514 2472 5553 c.
2509 5497 2562 5552 5.
2641 5499 2683 5530 ⁹¹
2714 5497 2850 5551 ibid.
2880 5498 2918 5552 l.
2945 5514 2996 5561 v,
3022 5514 3072 5552 c.
3097 5499 3182 5552 II.

3259 5499 3306 5531 ν’
3339 5498 3481 5553 Sane
3505 5513 3616 5551 non
3650 5505 3820 5554 tanta,

539 5573 604 5644 ut
623 5562 909 5644 veritatem
937 5559 1322 5644 hypotheseos,
1356 5561 1409 5614 in
1439 5559 1609 5644 cujus
1623 5561 1868 5644 favorem
1896 5564 2012 5620 haec
2042 5569 2227 5644 omnia
2251 5559 2454 5644 scripta
2478 5568 2826 5644 sunt,__nobis
2857 5559 3190 5644 persuadere
3212 5569 3404 5638 possit.
3483 5568 3690 5644 "Quis
3714 5583 3823 5624 non

534 5634 766 5713 miretur
791 5629 1064 5713 Garnei'ii,
1090 5645 1158 5684 an
1199 5629 1374 5685 dicam
1399 5629 1795 5713 perspicaciam
1831 5635 1886 5688 in
1910 5638 2184 5713 emendis
2227 5629 2449 5694 arcanis
2490 5629 2760 5713 consiliis,
2785 5629 2906 5707 quae
2954 5629 3328 5713 Theodoreto,
3364 5655 3490 5694 cum
3529 5629 3822 5693 Historiam

531 5700 713 5789 eccles.
741 5701 1046 5789 scriberet,
1069 5716 1216 5789 sane
1235 5700 1771 5789 ruonjnﬂin‘entgm
1800 5707 2284 5789 venire'poterant,
2317 5725 2386 5762 an
2419 5700 3070 5789 pertinacissiin_uni_ejus
3098 5711 3153 5764 in
3176 5700 3486 5765 accusando
3527 5710 3825 5771 criminan-

532 5777 714 5841 doque
741 5771 1088 5851 Theodoreto
1111 5771 1412 5851 _stu_di_um‘!
1492 5774 1536 5804 ”'
1568 5775 1646 5828 Ex
1677 5771 2024 5831 Theodoreti
2053 5779 2213 5834 libris
2256 5771 2357 5834 hoc
2402 5771 2624 5850 probari
2667 5781 2876 5851 nequit.
2921 5771 3031 5836 Nec
3075 5781 3264 5838 videre
3295 5782 3468 5838 voluit
3499 5779 3822 5846 Gamerius,

523 5857 697 5915 quam
736 5841 938 5898 distent
968 5858 1075 5898 'era
1110 5842 1330 5913 lupinis.
