4070 6492
416 392 522 454 ἓ39

1541 380 1919 441 GARNERII
1958 378 2457 439 DISSERTATIO
2498 379 2580 439 II.

3578 378 3690 444 240

420 515 680 571 tanquam
729 494 911 568 operis
952 491 1280 564 pervulgati,
1341 497 1506 559 atque
1554 489 1629 543 ita
1679 488 1814 543 editi
1873 495 1998 541 ante
2032 499 2071 545 Α
2104 500 2250 539 anno
2296 486 2421 550 444,
2468 500 2612 541 anno
2654 485 2867 541 scilicet
2903 494 3276 557 consequente
3317 493 3575 543 octavum
3634 500 3695 544 et

422 610 627 651 annum
683 608 850 648 unum
901 600 997 646 aut
1046 588 1301 643 alterum.
1358 584 1648 652 Quomodo
1679 585 1826 639 enim
1872 584 2006 638 alias

422 689 490 743 ad
522 688 717 757 ipsam,
750 684 900 737 velut
929 680 998 735 ad
1028 688 1224 735 testem
1256 691 1370 732 suae
1403 676 1552 740 ﬁdei,
1593 683 1786 729 contra
1814 674 2006 729 adver-

421 779 599 836 sarios
641 786 697 833 et
741 775 957 847 judices
1013 771 1318 843 prudenter
1360 769 1726 841 provocaret?

489 871 579 926 lli.
609 868 729 935 Quo
761 865 1039 921 anteriore
1074 861 1364 932 tempore?
1398 861 1517 916 Non
1560 867 1710 914 certe
1757 866 1885 912 ante
1912 873 2011 911 an-

420 977 553 1018 num
587 961 690 1015 457
730 966 825 1012 aut
864 955 990 1020 458,
1031 970 1143 1024 quo
1172 953 1465 1007 defunctus
1492 950 1603 1003 vita
1641 948 1873 1003 Aeacius
1909 947 2010 1001 Be-

423 1055 655 1111 rtecnsis
690 1071 701 1106 :
746 1051 806 1105 ﬁt
850 1049 997 1105 enim
1040 1052 1193 1101 certa
1225 1043 1294 1099 de
1340 1041 1512 1113 ipsius
1540 1040 1694 1095 obitu
1737 1040 2009 1095 sententia

421 1162 489 1200 ex
520 1160 587 1199 eo
625 1142 771 1212 quod
815 1141 872 1193 in
931 1135 1186 1193 encomio
1233 1134 1421 1189 Jacobi
1467 1132 1716 1187 Nisibeni
1750 1134 1766 1163 ¹
1807 1131 2010 1185 dicitur

423 1236 668 1291 tenuisse
689 1232 1067 1303 episcopatum
1107 1242 1282 1282 annos
1304 1223 1737 1294 quinquaginta’
1762 1231 1818 1277 et
1839 1232 1967 1277 octo
1992 1240 2005 1276 :

424 1327 553 1382 inde
573 1326 721 1380 enim
751 1323 924 1377 scitur
955 1320 1160 1374 obiisse
1185 1332 1331 1371 anno
1354 1317 1456 1371 457
1484 1325 1578 1369 aut
1607 1315 1731 1379 458,
1768 1313 2013 1384 quando-

425 1416 648 1487 quidem
704 1412 995 1466 ordinatus
1026 1415 1111 1462 est
1134 1422 1278 1461 anno
1307 1406 1412 1461 578
1431 1416 1527 1459 aut
1547 1405 1671 1459 579.
1700 1404 1820 1471 Quo
1841 1403 2011 1473 igitur

424 1506 651 1562 deﬁnite
698 1518 842 1558 anno
890 1500 1136 1556 sexennii
1174 1498 1357 1563 illius,
1408 1496 1555 1566 quod
1604 1497 1747 1551 inter
1797 1495 2010 1549 obitum

424 1595 611 1652 Acacii
657 1603 713 1650 et
741 1592 1029 1662 epistolam
1060 1588 1127 1643 ad
1160 1587 1458 1642 Eusebium
1492 1586 1852 1655 interlapsum
1891 1584 2012 1638 est?

427 1686 775 1758 Responderi
816 1683 976 1738 facile
1007 1689 1207 1753 potest,
1246 1680 1291 1734 si
1320 1679 1670 1733 Theodoreto
1701 1676 2008 1732 credimus:

425 1788 445 1802 '
493 1780 718 1836 credere
784 1792 918 1831 vero
963 1790 1063 1845 par
1106 1781 1193 1828 est
1241 1786 1354 1841 prat
1400 1771 1546 1834 aliis,
1595 1769 1867 1838 siquidem
1922 1783 2012 1823 res

425 1868 634 1935 narret,
664 1884 801 1939 quas
825 1867 983 1932 vidit,
1010 1880 1255 1936 quasque
1276 1880 1344 1919 ex
1364 1864 1498 1934 ipsis
1522 1861 1736 1927 didicit,
1771 1875 2008 1931 quorum

424 1962 565 2018 facta
614 1968 821 2015 narrat.

496 2054 584 2109 Ν.
622 2052 761 2107 Cum
777 2049 957 2105 Vitam
983 2047 1249 2103 scriberet
1271 2046 1543 2102 Simeonis
1572 2044 1799 2117 Stylitae,
1831 2044 2011 2113 ipsum

427 2143 596 2199 tradit
642 2140 839 2211 viginti
877 2140 990 2209 jam
1020 2146 1079 2192 et
1119 2145 1245 2191 octo
1293 2152 1470 2193 annos
1511 2135 1841 2205 transegisse
1866 2134 1908 2198 ³,
1944 2149 2010 2187 ex

426 2249 538 2304 quo
604 2231 884 2300 inceperat
933 2226 1354 2299 quadragesimo
1408 2240 1628 2296 quoque
1684 2226 1775 2280 die
1841 2225 2012 2279 semel

426 2324 611 2390 vesci;
657 2322 865 2391 incepit
910 2335 1065 2383 vero,
1109 2328 1396 2389 postquam
1434 2335 1465 2372 a
1511 2318 1871 2373 conversione
1913 2333 2013 2372 sua

428 2415 570 2470 duos
614 2428 740 2468 cum
790 2409 1077 2466 monachis
1119 2406 1451 2479 quibusdam
1494 2425 1689 2475 annos,
1729 2409 1917 2464 decem
1956 2410 2011 2464 in

429 2505 712 2562 Heliodori
788 2503 1121 2558 monasterio
1182 2500 1447 2556 duxisset.
1521 2502 1658 2557 Cum
1723 2517 1855 2573 ergo
1909 2502 2043 2557 do--

428 2605 553 2652 ceat
598 2594 866 2665 Evagrius
923 2592 1239 2648 Simeonem
1292 2591 1495 2645 vixisse
1570 2607 1601 2645 a
1649 2592 2014 2647 conversione

430 2704 528 2743 sex
579 2694 637 2742 et
676 2684 1073 2756 quinquaginta
1124 2699 1319 2749 annos,
1375 2698 1611 2753 cumque
1663 2698 1857 2739 omnes
1901 2683 2014 2737 fere

427 2779 726 2841 fateantur,
772 2783 1023 2831 sanctum
1087 2782 1324 2830 ascetam
1373 2789 1519 2828 anno
1558 2774 1720 2843 290
1750 2774 1857 2829 460
1902 2774 2013 2829 vita

427 2868 713 2933 functum,
764 2881 991 2921 necesse
1042 2875 1127 2921 est
1186 2875 1247 2920 ut
1307 2880 1609 2920 conversus
1655 2865 1823 2919 fuerit
1870 2881 2016 2919 anno

427 2962 555 3016 404.
596 2960 653 3016 Si
694 2973 828 3030 ergo
881 2958 950 3012 ad
1007 2972 1184 3012 annos
1220 2957 1325 3012 404
1365 2955 1637 3009 addantur
1701 2955 2014 3021 duodecim,

428 3052 626 3123 partim
701 3050 849 3105 inter
904 3049 1232 3112 monachos,
1282 3047 1483 3117 partim
1535 3046 1681 3117 apud
1751 3047 2014 3104 Heliodo-

2109 575 2448 631 triccsimum
2483 578 2595 647 jam
2624 579 2923 648 expletum.
2959 579 3086 634 Ilaec
3113 580 3254 634 ratio
3286 580 3551 648 temporis
3570 580 3696 650 plu-

2106 661 2261 715 ribus
2290 664 2686 733 qutestionibus
2722 666 3002 721 solvendis
3045 666 3196 721 utilis
3228 674 3334 733 est,
3380 668 3451 722 de
3486 669 3696 738 quibus

2106 752 2289 808 obiter
2332 762 2540 823 postea.

2179 846 2290 900 Vll.
2333 846 2717 903 Diﬂicultatem
2770 856 2923 904 creat
2965 848 3128 903 unica
3152 865 3262 915 res,
3284 865 3408 921 quas
3427 848 3695 909 illustris-

2108 934 2307 990 simum
2329 936 2620 991 Annalium
2642 938 2967 1008 scriptorem
2997 940 3051 993 in
3085 940 3469 997 admirabilem
3497 957 3699 1013 quam-

2108 1029 2255 1095 dam,
2307 1030 2377 1084 de
2419 1030 2528 1086 vita
2574 1032 2850 1087 Simeonis
2900 1041 3052 1087 extra
3086 1035 3447 1089 centesimum
3483 1048 3698 1091 annum

2109 1122 2485 1192 producenda,
2539 1125 3162 1194 sententiam.impulit.
3215 1124 3407 1180 Credit
3446 1126 3615 1191 enim,
3661 1141 3698 1181 ι

2109 1229 2308 1285 magno
2348 1216 2441 1270 illo
2471 1214 2689 1270 Meletio
2722 1216 3080 1272 Antiochense
3116 1217 3376 1273 Ecclesiae
3403 1218 3693 1301 episcepo,

2110 1310 2206 1379 qui
2244 1309 2715 1380 Constantinopoli
2762 1328 2909 1366 anno
2951 1314 3050 1368 581
3097 1314 3256 1378 obiit,
3293 1308 3420 1367 cum
3450 1316 3700 1385 synodus

2110 1402 2352 1456 secunda
2391 1402 2664 1472 generalis
2718 1402 3035 1469 haberetur,
3071 1404 3353 1459 visitatum
3406 1406 3577 1462 fuisse
3603 1406 3703 1461 Si-

2110 1507 2386 1555 meonem,
2415 1501 2704 1563 postquam
2744 1494 2800 1548 in
2840 1495 3153 1550 columnam
3190 1496 3301 1565 jam
3330 1497 3696 1552 ascendisset.

2111 1585 2297 1640 Utitur
2334 1584 2403 1638 ad
2448 1584 2612 1639 ﬁdem
2640 1585 2751 1640 sibi
2787 1585 3092 1642 faciendam
3141 1587 3469 1642 auctoritate
3510 1589 3700 1642 Theo-

2111 1677 2313 1742 doreti,
2354 1679 2512 1748 cujus
2546 1685 2675 1731 sunt
2723 1684 2839 1733 haec
2880 1678 3051 1732 verba
3089 1695 3103 1731 :
3148 1697 3167 1729 ε
3196 1678 3334 1734 Cum
3354 1695 3487 1734 vero
3511 1680 3701 1734 admi-

2113 1768 2319 1824 randus
2376 1769 2646 1832 Meletius,
2709 1769 2804 1839 qui
2853 1770 3212 1825 Antiochena:
3268 1772 3510 1840 regionis
3564 1780 3705 1827 tunc

2110 1862 2487 1932 episcopatum
2535 1862 2893 1931 regebat,.vir
2923 1861 3217 1931 prudentia
3247 1870 3303 1916 et
3335 1863 3705 1934 intelligentia

2113 1948 2314 2015 clarus,
2350 1949 2667 2021 ingeniique
2685 1950 2908 2005 solertia
2947 1959 3196 2016 ornatus,
3230 1966 3706 2022 supervacaneum

2104 2039 2324 2095 diceret
2364 2040 2571 2095 ferrum
2601 2058 2745 2106 esse,
2786 2057 2909 2097 cum
2962 2042 3030 2096 ad
3073 2043 3307 2098 rationis
3334 2044 3549 2098 vincula
3578 2060 3708 2099 cor-

2113 2131 2234 2201 pori
2273 2131 2568 2203 injicienda
2592 2133 2847 2188 voluntas
2879 2133 3187 2188 sulliceret:
3219 2136 3407 2198 cessit,
3438 2145 3494 2189 et
3513 2136 3710 2190 admo-

2114 2224 2312 2278 nitioni
2339 2226 2460 2295 ejus
2496 2226 2699 2295 paruit,
2733 2227 3018 2296 accithue
3061 2226 3216 2282 fabro
3244 2229 3529 2303 vinculum
3563 2230 3708 2285 solvi

2111 2317 2282 2388 jussit
2305 2319 2347 2371 ⁵.
2381 2337 2399 2369 ι

2184 2430 2321 2485 Vlll.
2341 2430 2455 2485 Hoc
2479 2431 2793 2485 testimonio
2813 2430 2988 2486 fretus
3005 2431 3108 2486 tria
3132 2435 3471 2503 pronuntiat.
3494 2435 3543 2489 Ι.
3561 2435 3708 2492 Con-

2113 2529 2337 2574 ventum
2389 2536 2420 2574 a
2462 2519 2679 2574 Meletio
2716 2520 2900 2590 aliquo
2929 2519 3272 2577 Antiocheno
3317 2523 3575 2594 episcopo
3617 2524 3707 2579 Si-

2114 2627 2388 2676 meonem,
2406 2627 2531 2665 cum
2551 2613 2659 2682 jam
2685 2612 3026 2667 ascendisset
3047 2614 3099 2666 in
3123 2613 3455 2667 columnam.
3471 2614 3525 2667 2.
3548 2614 3707 2670 Hunc

2115 2719 2145 2757 a
2166 2718 2274 2773 quo
2296 2710 2603 2757 conventus
2623 2711 2727 2768 est,
2754 2702 3054 2767 Meletium,
3077 2719 3188 2757 non
3210 2704 3434 2759 diﬂ‘erre
3457 2722 3486 2759 a
3507 2721 3706 2776 magno

2114 2795 2229 2859 illo,
2258 2795 2350 2865 qui
2382 2796 2540 2865 291
2573 2795 3044 2867 Constantinopoli
3064 2798 3203 2852 obiit
3245 2811 3391 2852 anno
3413 2798 3537 2852 581.
3563 2798 3617 2850 5.
3646 2798 3705 2851 In

2116 2888 2372 2942 columna
2445 2889 2664 2942 stetisse
2714 2886 3029 2944 Simeonem
3072 2891 3363 2961 plusquam
3425 2890 3709 2961 octoginta

2119 2995 2314 3043 annos,
2369 2981 2659 3051 Vitamque
2710 2982 2884 3053 ipsius
2950 2998 2981 3038 a
3032 2981 3381 3037 Theodoreto
3442 2984 3706 3053 scriptam

2119 3086 2262 3135 esse,
2305 3086 2430 3126 cum
2482 3073 2727 3126 nondum
2774 3073 3048 3143 explesset
3086 3075 3408 3129 vicesimum
3451 3085 3708 3130 octavum

428 3160 552 3199 mm
590 3143 720 3208 ac“,
769 3141 1046 3236 addam:
1090 3141 1259 3196 etiam
1304 3140 1518 3236 νξείηιί-
1550 3147 1605 3193 εί
1644 3142 1937 3236 οοιονηίιιιί
1986 3155 2017 3195 ³
2045 3173 2085 3230 C
2120 3161 2374 3216 stationis
2409 3176 2634 3216 annum.
2670 3140 2869 3218 Verum
2910 3163 3015 3218 tria
3044 3165 3160 3219 haec
3194 3173 3476 3236 pugnant:
3504 3166 3709 3236 primo,

430 3244 685 3304 suscepto
724 3234 934 3304 jejunio
954 3232 1301 3292 etlluxerant,
1331 3230 1683 3285 Theodoreto
1712 3232 2011 3297 scribente,

430 3329 657 3383 exsistet
703 3341 884 3380 annus
928 3326 1033 3380 4M
1064 3324 1108 3389 ⁸,
1154 3339 1266 3394 quo
1305 3324 1543 3378 Historia
1587 3322 1839 3394 religiosa
1867 3339 2017 3380 com-

432 3419 611 3491 posita
664 3418 755 3472 sit.

501 3534 567 3588 ν.
607 3531 740 3588 Inde
795 3530 1029 3586 solvitur
1074 3527 1312 3583 celebris
1347 3527 1573 3597 quaestio
1610 3527 1678 3582 dc
1711 3544 1878 3595 anno,
1906 3544 2017 3601 quo

433 3626 657 3681 Simeon
702 3625 759 3677 in
809 3622 1119 3677 columnam
1175 3620 1505 3685 ascenderit,
1546 3620 1902 3691 quandiuque
1960 3621 2017 3677 in

433 3733 498 3772 ea
520 3716 755 3773 steterit.
773 3715 911 3769 Nam
932 3728 1056 3768 cum
1074 3712 1129 3766 in
1151 3711 1482 3766 domuncula
1497 3713 1697 3769 vixerit
1716 3722 1827 3768 tres
1843 3729 2018 3768 annos

432 3816 721 3880 postquam
775 3805 844 3860 ab
888 3805 1179 3859 Heliodoro
1225 3802 1470 3867 recessit,
1537 3806 1829 3859 recesserit
1887 3819 2019 3859 vero

433 3913 578 3954 anno
626 3897 750 3953 M6.
797 3910 1025 3949 necesse
1066 3904 1148 3950 cst
1178 3900 1240 3947 ut
1268 3894 1582 3948 columnam
1629 3893 2020 3949 conscenderit

434 4004 577 4045 anno
609 3988 733 4054 419,
771 3992 936 4057 atque
967 3988 1040 4040 ita
1069 3987 1125 4040 in
1163 4000 1228 4040 ea
1255 3984 1560 4054 perstiterit
1588 4000 1759 4039 unum
1787 3992 1845 4039 et
1874 4000 2015 4055 qua-

434 4084 687 4154 draginta
709 4097 901 4138 annos.
925 4079 1207 4152 Siquidem
1230 4079 1298 4134 ad
1319 4080 1536 4135 obitum
1557 4094 1735 4150 usque
1755 4078 2016 4150 perstitit,

434 4175 773 4247 eontigitque
811 4174 997 4230 obitus
1035 4189 1180 4228 anno
1217 4173 1343 4229 460.

502 4266 592 4323 Ἦ.
628 4265 728 4321 Est
767 4272 824 4319 et
868 4264 975 4319 alia
1013 4264 1264 4336 ejusdem
1314 4263 1604 4335 temporis,
1641 4279 1752 4337 quo
1775 4263 2019 4320 Historia

435 4357 688 4428 religiosa
743 4353 996 4410 confecta
1045 4359 1149 4421 est,
1202 4354 1522 4410 inveniendi
1575 4359 1739 4410 ratio.
1783 4355 2020 4411 Iacobus

435 4448 530 4503 ille
561 4446 918 4510 admirabilis,
952 4461 1117 4516 quem
1161 4444 1543 4501 Theodoretus
1592 4447 1770 4517 capite
1801 4446 1865 4501 2t
1903 4446 2022 4501 lau-

2118 3269 2245 3308 cum
2290 3255 2549 3309 omnibus
2591 3255 2716 3310 vitae
2750 3255 3024 3311 Simeonis
3059 3257 3459 3327 scriptoribus,
3505 3259 3710 3314 deinde

2117 3361 2241 3401 cum
2274 3345 2656 3411 Theodoreto,
2681 3347 2918 3417 denique
2942 3364 3078 3415 cum
3109 3349 3341 3418 ipsemet
3374 3350 3631 3405 Baronio.

2188 3436 2279 3491 IX.
2298 3435 2433 3491 Nam
2466 3446 2524 3490 ut
2552 3436 2620 3490 ab
2649 3436 2841 3491 ultimo
2865 3436 3062 3492 ducam
3094 3439 3332 3504 initium,
3359 3440 3403 3493 si
3428 3440 3711 3511 octoginta

2118 3544 2292 3583 annos
2340 3528 2562 3583 Simeon
2588 3529 2898 3583 columnam
2940 3530 3206 3595 incoluit,
3234 3539 3287 3585 et
3308 3540 3514 3599 tamen,
3557 3534 3709 3603 quod

2117 3617 2322 3673 fatetur
2347 3617 2636 3683 Baronius,
2661 3620 2807 3674 diem
2843 3620 3041 3675 clausit
3065 3628 3373 3675 extremum
3401 3638 3546 3676 anno
3567 3623 3708 3678 460:

2119 3726 2343 3765 necesse
2379 3721 2465 3767 est
2499 3721 2560 3766 ut
2607 3712 2917 3767 ascenderit
2946 3713 3001 3767 in
3045 3714 3357 3767 columnam
3400 3730 3547 3768 anno
3577 3714 3707 3779 580,

2120 3802 2420 3857 autetiam
2472 3803 2676 3869 citius;
2735 3819 2958 3857 necesse
3013 3821 3251 3875 quoque,
3303 3814 3364 3859 ut
3421 3807 3713 3876 scripserit

2121 3893 2503 3949 Theodorctus
2542 3893 2817 3949 Simeonis
2869 3897 3183 3950 enconiium
3237 3912 3382 3951 anno
3426 3897 3549 3963 408,
3582 3915 3710 3953 eum

2121 3987 2212 4042 vix
2258 4003 2464 4041 annum
2508 3986 2833 4041 vicesimum
2871 3989 3175 4043 secundum
3227 3991 3515 4060 attigisset,
3561 4002 3712 4048 certe

2120 4079 2365 4135 nondum
2411 4078 2551 4134 foret
2576 4079 2896 4149 episcopus;
2931 4080 3174 4135 nondum
3227 4083 3559 4149 evenissent,
3587 4099 3714 4154 quae

2121 4171 2190 4227 de
2242 4168 2499 4226 Simeone
2548 4179 2757 4235 narrat,
2810 4172 2877 4226 ad
2931 4187 2989 4226 se
3035 4188 3174 4242 quos
3205 4184 3557 4229 converterat
3584 4176 3717 4230 mit-

2123 4273 2294 4331 tente,
2343 4272 2403 4319 ut
2447 4263 2845 4319 sacerdotalem
2888 4264 3331 4322 benedictionem
3374 4267 3708 4338 acciperent.

2121 4356 2248 4413 Haec
2288 4365 2474 4413 autem
2520 4355 2737 4427 aliaque
2782 4357 2911 4412 inde
2965 4359 3358 4428 consequentia
3400 4360 3708 4430 complura,

2120 4449 2399 4521 quomodo
2432 4449 2578 4504 inter
2600 4465 2681 4516 se,
2720 4450 2998 4521 quomodo
3021 4466 3146 4505 cum
3171 4451 3394 4505 Baronii
3427 4452 3713 4507 relationi-

436 4538 552 4604 dat,
576 4536 821 4593 exerceri
844 4537 1031 4607 carpit,
1056 4551 1167 4607 quo
1202 4544 1447 4607 tempore
1468 4537 1644 4592 Isauri
1679 4537 2020 4608 populaban-
2051 4554 2099 4610 ι)
2123 4539 2230 4595 bus
2256 4539 2325 4594 de
2359 4540 2528 4609 gestis
2569 4539 2901 4596 Theodoreti
2950 4551 3005 4595 et
3060 4537 3337 4596 Simeonis
3392 4541 3715 4597 cohaerent?

416 4638 529 4684 tur
572 4627 784 4684 vicinas
833 4627 1107 4699 regiones.
1161 4627 1457 4696 Populatos
1507 4642 1653 4683 anno
1701 4627 1806 4683 405
1852 4628 2025 4683 tradit

435 4719 787 4776 Marcellinus
834 4720 891 4774 in
931 4719 1208 4784 Chronica,
1231 4726 1556 4788 constatque
1578 4726 1694 4773 tum
1721 4734 1786 4773 ex
1820 4718 2025 4775 litteris

434 4811 831 4883 Cbrysostomi,
901 4818 1016 4865 tum
1077 4808 1402 4864 indubitatis
1452 4808 1575 4862 aliis
1603 4809 2017 4877 monumentis;

436 4902 588 4973 atqui
630 4900 1014 4957 Thcodoretus
1051 4900 1129 4953 ait
1158 4899 1424 4955 Iacobum
1471 4905 1727 4952 octavum
1775 4905 1832 4952 et
1857 4898 2021 4954 trice-

435 4993 633 5049 simum
661 4992 1073 5048 exercitationis
1093 5004 1299 5044 annum
1319 4988 1646 5059 explevisse,
1670 5004 1795 5043 cum
1837 4989 2016 5044 Histo-

436 5089 574 5140 riam
602 5084 905 5157 religiosam
948 5081 1233 5137 scriberet.
1274 5100 1293 5132 ι
1323 5079 1592 5135 lnitorum
1628 5080 1731 5135 sub
1763 5079 1855 5136 dio
1900 5097 2019 5137 ecr-

437 5177 704 5232 taminum
765 5174 941 5244 ipsius
980 5168 1256 5242 (Limnaei)
1300 5177 1358 5224 et
1401 5169 1582 5240 magni
1629 5169 1819 5226 Jacobi
1870 5171 2015 5225 idem

435 5278 519 5324 est
563 5266 830 5336 temporis
874 5262 1110 5334 spatium
1150 5279 1163 5316 :
1214 5269 1467 5316 octavum
1501 5261 1648 5316 enim
1700 5269 1755 5316 ct
1796 5263 2014 5318 tricesi-

436 5381 587 5422 mum
640 5376 845 5419 annum
894 5362 1007 5433 jam
1055 5360 1434 5431 expleverunt.
1474 5379 1492 5409 r
1557 5359 1791 5431 Scripsit
1846 5361 2017 5428 igitur

2194 4630 2263 4685 Χ.
2308 4629 2416 4686 Sed
2454 4632 2732 4701 quomodo
2760 4633 2907 4703 quod
2948 4633 3022 4687 ait
3063 4632 3130 4687 de
3174 4632 3393 4688 Meletio
3439 4633 3712 4689 invisente

2126 4722 2461 4789 Simeonem,
2528 4741 2654 4780 cum
2704 4725 2817 4796 jam
2873 4725 3213 4780 ascendisset
3262 4725 3315 4779 in
3370 4725 3707 4786 columnam,

2123 4816 2383 4870 convenit
2442 4831 2566 4871 cum
2627 4814 2964 4870 Theodoreti
3015 4815 3334 4870 narratione
3395 4815 3462 4869 de
3490 4812 3710 4869 Meletio

2123 4903 2437 4961 Simeonem
2475 4907 2766 4969 invisente,
2815 4906 3158 4977 ferreamquc
3207 4916 3455 4961 catenam
3501 4904 3709 4962 auferri

2121 4996 2428 5054 suadente?
2492 4998 2550 5053 ld
2603 4998 2753 5054 enim
2796 4993 3187 5053 Theodoretus
3259 4999 3466 5068 apertis
3522 4997 3710 5054 verbis

2120 5088 2289 5142 tradit
2339 5088 2626 5154 accidisse,
2660 5098 2954 5160 antequam
2987 5088 3043 5143 in
3080 5089 3390 5144 columnam
3425 5088 3709 5145 ascendis-

2119 5190 2222 5234 set.
2278 5180 2546 5245 cTribus,
2600 5181 2860 5251 inquit‘,
2917 5180 2972 5235 in
3020 5181 3351 5236 domuncula
3420 5181 3712 5235 transactis

2119 5273 2279 5329 annis
2300 5273 2370 5328 ad
2398 5274 2823 5329 celeberrimum
2849 5274 2997 5328 hunc
3020 5274 3221 5328 montis
3244 5273 3506 5328 verticem
3531 5272 3708 5336 venit,

2119 5368 2415 5424 maceriam
2450 5366 2790 5423 circumduci
2821 5367 3168 5438 praecipiens,
3194 5375 3497 5437 catenaque
3529 5363 3711 5419 ferrea

1838 5562 2157 5620 SCllULZIl
2194 5564 2429 5622 NOTAE.

504 5705 522 5735 ¹
555 5703 719 5758 Nisib.
750 5703 848 5759 Vel
872 5702 1055 5828 potius
1089 5700 1316 5756 alterius
1349 5700 1556 5768 Jacobi,
1592 5700 1660 5756 de
1695 5717 1807 5773 quo
1842 5703 1955 5760 vid.
1992 5703 2249 5771 Philoth.,
2295 5722 2342 5760 c.
2383 5705 2472 5761 2i.

509 5776 539 5828 tl
571 5772 839 5828 udinus.
899 5814 913 5827 .
945 5789 1017 5828 c..
1038 5788 1092 5828 ι).
1122 5772 1278 5828 1094.
1315 5771 1481 5827 habet
1510 5772 1889 5828 auadraainta.
1967 5776 1987 5807 ³
2018 5775 2143 5828 Vid.
2180 5774 2413 5828 Philoth.
2456 5791 2472 5828 (

431 5774 539 5830 Sed
571 5772 839 5837 udinus,

430 5846 717 5914 astruitur,
769 5845 858 5900 vit:
908 5842 1193 5900 aute'ann.
1229 5844 1333 5900 H5
1359 5842 1623 5913 scriptum
1652 5842 1773 5927 esse
1798 5842 2152 5901 Philotheum.
2230 5848 2251 5879 ⁵
2278 5845 2510 5902 Philam.
2541 5863 2588 5903 c.
2616 5847 2703 5902 26.

2573 5704 2595 5778 ξ
2630 5704 2958 5778 φάγρῳδῑο
3001 5723 3223 5778 quoque
3267 5705 3528 5778 infra,_p.
3571 5704 3701 5778 397.

945 5789 1017 5837 οη
1038 5788 1092 5844 ρ,
1122 5771 1481 5850 109s,__habc_t
1510 5771 1921 5850 quadraginta.”
1967 5776 1995 5850 '_

2115 5777 2143 5830 l.
2180 5774 2413 5850 Ρζιὶέοῑῇ.
2456 5791 2504 5850 c.
2533 5775 2639 5850 26._
2663 5776 2719 5850 _‘
2749 5771 2876 5850 Vid.
2906 5771 3093 5850 supra,
3195 5779 3321 5837 279.
3349 5771 3456 5834 Sed
3473 5771 3539 5849 ᾖ.
3570 5776 3701 5846 264,

2795 5849 2814 5881 ⁸
2842 5847 2980 5903 ibid.
