4070 6450
312 387 430 450 245

1499 385 1598 445 DE
1639 381 1896 444 LIBRIS
1929 379 2440 444 THEODORETI.

3503 396 3605 459 246

315 496 433 551 diis
457 493 612 549 falsis
634 491 853 548 divinos
879 499 1128 546 mortuos
1152 499 1540 561 opponentem.
1570 491 1708 545 'l‘um
1739 490 1914 555 addit,
1948 497 1988 548 A
2021 488 2390 562 Hieronymus
2439 491 2770 565 intelligeret
2807 496 2990 555 adhuc
3023 499 3299 572 Syriacam
3333 501 3608 575 linguam?

314 603 434 657 quo
463 585 760 640 confirmet
784 584 1188 638 invocationem
1211 590 1526 638 sanctorum
1558 602 1572 637 :
1616 603 1634 635 ‹
1672 583 1920 650 Quorum

314 678 539 733 utinam
572 676 1075 732 intercessionibus
1108 674 1409 746 contingat,
1432 683 1488 730 et
1525 676 1675 730 hunc
1706 674 1772 728 ad
1803 690 1922 730 cer-

315 769 598 824 taminum
629 777 856 833 metam,
878 766 1072 822 eadem
1099 782 1224 821 cum
1264 767 1494 822 victoria
1524 767 1838 837 pervenire,
1864 775 1922 822 et

310 876 424 915 nos
462 859 535 914 ab
561 859 670 923 his,
722 858 872 913 etab
919 858 1016 911 illo
1066 857 1284 928 adjutos
1333 857 1533 912 divinae
1558 857 1921 928 philosophiae

313 951 698 1006 certaminum
720 949 980 1003 ardentes
1011 947 1128 1003 ﬁeri
1152 947 1502 1002 amatores".
1541 966 1558 999 ι
1588 945 1728 1012 Quid
1760 947 1921 1017 plura

313 1057 633 1114 prosequar
664 1040 870 1109 ubique
897 1038 1101 1109 passim
1130 1037 1331 1092 obvia?

459 1187 897 1230 OBSERVATIONES
928 1187 994 1226 Αι)
1025 1187 1248 1226 summa
1277 1185 1458 1226 carm
1492 1169 1772 1224 Philotimi.

387 1310 621 1366 LCirca
660 1308 904 1380 primum
949 1314 1137 1378 caput,
1179 1306 1328 1378 quod
1383 1305 1451 1360 de
1491 1313 1680 1361 sancto
1713 1302 1918 1360 Iacobo

312 1403 592 1459 Nisibeno
619 1411 727 1466 est,
758 1400 1165 1457 observandum
1193 1409 1278 1455 est
1311 1398 1509 1469 primo,
1539 1397 1807 1452 memoria
1836 1397 1918 1452 la-

313 1511 626 1571 psumcsse
657 1493 1076 1549 Theodoretum
1107 1493 1164 1547 in
1197 1493 1284 1557 iis,
1322 1507 1443 1562 qua:
1467 1490 1536 1546 de
1570 1499 1749 1546 morte
1801 1489 1920 1544 Arii

322 1590 522 1644 scribit
539 1590 605 1642 ’⁸.
634 1586 729 1641 Ait
745 1587 896 1642 enim
930 1585 1127 1641 Nicane
1149 1583 1378 1655 periisse
1402 1583 1585 1638 statim
1610 1597 1641 1636 a
1661 1580 1916 1646 concilio,

325 1681 528 1738 Jacobo
545 1679 821 1752 jejunium
843 1677 1104 1733 omnibus
1129 1675 1519 1748 persuadente,
1542 1689 1667 1730 cum
1684 1673 1920 1728 Alexan-

321 1774 426 1828 der
454 1771 720 1828 Ecclesia:
738 1770 1125 1826 Alexandrina:
1168 1770 1482 1840 episcopus,
1515 1774 1775 1821 renueret
1804 1766 1917 1820 hae-

2019 579 2102 634 An
2138 595 2405 637 conversa
2450 582 2679 638 fuerunt
2722 597 2912 655 postea
2964 599 3020 645 ct
3063 590 3120 645 in
3165 591 3409 648 Graecam
3461 605 3518 651 et
3552 597 3602 651 iu

2019 669 2270 726 Latinam
2296 673 2563 744 linguam,
2586 682 2647 728 ut
2670 675 3015 734 innotescere
3047 693 3272 751 possent
3299 684 3606 749 Gennadio,

2018 780 2128 819 non
2165 765 2522 835 peritissimo,
2560 776 2618 822 ut
2645 770 2884 836 videtur,
2907 772 3107 843 linguae
3135 773 3373 831 Griecae?
3396 776 3451 831 Si
3477 793 3609 832 con-

2019 874 2178 914 versa
2201 867 2328 914 sunt
2379 859 2434 914 in
2485 869 2777 932 utramque
2819 863 3084 934 linguam,
3117 868 3395 936 quomodo
3423 869 3607 938 perie-

2021 961 2154 1005 runt
2183 951 2432 1018 omnino,
2465 969 2590 1008 cum
2615 953 2799 1010 lor-ent
2824 955 2877 1009 in
2916 957 3185 1028 triplicem
3214 960 3370 1029 quasi
3415 961 3607 1016 orbem

2023 1059 2234 1114 sparsa,
2274 1045 2554 1111 Latinum,
2583 1046 2834 1102 Graecum
2867 1056 2923 1102 et
2949 1048 3144 1120 Syrum
3165 1051 3188 1104 ?
3209 1050 3322 1106 Cur
3346 1052 3484 1106 nulli
3507 1069 3606 1108 ve-

2021 1145 2200 1192 terum
2254 1147 2417 1205 nota;
2464 1153 2534 1194 ne
2569 1138 2768 1195 Photio
2790 1140 3038 1210 quidem,
3096 1149 3246 1198 tanto
3271 1143 3607 1214 scriptorum

2019 1238 2270 1285 veterum
2314 1238 2536 1302 tamque
2577 1232 2799 1288 curioso
2835 1235 3093 1289 censori?
3141 1235 3387 1307 Augetur
3433 1253 3500 1292 ex
3539 1253 3608 1293 eo

2020 1322 2284 1392 suspicio,
2326 1321 2476 1392 quod
2503 1321 2826 1377 Gennadius
2868 1335 3293 1393 cognomentum
3344 1324 3608 1394 sapientis

2018 1413 2224 1469 Jacobo
2266 1414 2475 1469 tribuat
2536 1422 2796 1484 tanquam
2851 1415 3156 1485 vulgatum,
3210 1417 3368 1488 cujus
3423 1425 3606 1472 tamen

2018 1519 2182 1560 nemo
2241 1505 2516 1570 meminit,
2556 1505 2664 1560 nisi
2725 1505 2821 1576 qui
2879 1505 3227 1562 Gennadium
3292 1508 3604 1578 exscripsit.

2019 1595 2176 1652 Unde
2237 1598 2570 1653 crediderim
2631 1597 2789 1654 facile
2839 1598 3123 1668 supposita
3186 1598 3356 1654 fuisse
3403 1599 3607 1654 Jacobo

2018 1690 2282 1746 Nisibeno
2304 1691 2527 1762 scripta,
2564 1707 2686 1761 qua:
2713 1691 2902 1747 Jacobi
2927 1692 3177 1756 alterius,
3215 1699 3276 1746 ut
3303 1699 3433 1762 puta
3455 1691 3608 1746 Ami-

2020 1780 2150 1835 deni
2181 1781 2426 1836 eremita:
2454 1781 2765 1846 clarissimi,
2806 1781 3008 1837 forent.
3036 1781 3141 1837 Sed
3163 1782 3218 1836 in
3239 1789 3386 1837 tanta
3411 1781 3609 1837 obscu-

317 1867 665 1921 resiarcham
694 1865 966 1935 recipere.
1005 1862 1172 1934 Atqui
1210 1868 1426 1916 constat
1455 1860 1624 1915 certis
1664 1857 1914 1914 testimo-
1949 1847 1992 1903 Β
2020 1872 2182 1927 mare
2203 1872 2295 1927 cui
2323 1871 2652 1938 adimi-eam,
2675 1872 2860 1929 “unus
2895 1873 3032 1928 scio,

312 1958 429 2014 niis
483 1957 684 2012 Arium
729 1953 1212 2025 Constantinopoli
1260 1954 1510 2023 periisse,
1543 1952 1760 2008 decimo
1793 1961 1918 2023 post

310 2051 624 2108 concilium
661 2065 829 2115 anno,
880 2048 1088 2103 Jacobo
1125 2047 1316 2118 procul
1356 2047 1560 2117 posito,
1603 2045 1918 2102 Alexandro

305 2140 834 2210 Constantinopolis
861 2139 1094 2210 praesule
1124 2148 1390 2193 renuente
1421 2137 1614 2192 Arium
1653 2138 1709 2192 in
1732 2138 1920 2193 Eccle-

308 2235 456 2289 siam
521 2233 801 2302 recipere,
869 2231 1108 2285 Macario
1167 2228 1539 2284 Alexandrino
1597 2228 1919 2300 presbytero

305 2342 512 2397 preces
547 2341 680 2380 suas
705 2323 956 2394 praesulis
997 2321 1592 2392 Constantinopolitani
1612 2322 1776 2393 296
1796 2337 1921 2392 pre-

304 2421 471 2476 cibus
500 2418 862 2490 adjungente.
890 2415 1175 2473 Videndus
1201 2415 1475 2481 Socrates,
1504 2415 1601 2470 lib.
1629 2431 1668 2482 ι,
1687 2430 1806 2485 cap.
1824 2414 1915 2482 25;

305 2514 692 2578 Sozomenus,
719 2511 816 2566 lib.
866 2527 932 2577 ιι,
969 2525 1090 2580 cap.
1121 2509 1221 2575 28;
1255 2516 1312 2563 et
1363 2507 1748 2564 Theodoretus
1801 2507 1920 2578 ipse

303 2607 502 2661 libro:
539 2604 684 2658 Hist.
729 2603 936 2667 eccles.,
970 2601 1068 2656 ubi
1111 2616 1274 2656 suum
1330 2599 1562 2670 hujusce
1597 2597 1704 2653 loci
1757 2612 1918 2654 erro-

307 2711 431 2750 rem
455 2695 644 2750 allatis
684 2692 972 2750 Athanasii
1006 2706 1121 2746 rem
1171 2697 1344 2744 totam
1379 2687 1660 2742 narrantis
1714 2685 1919 2741 litteris

311 2787 382 2842 ad
406 2786 688 2856 Apionem
719 2784 886 2840 tacite
914 2792 1154 2839 revocat.
1178 2782 1379 2836 Mirum
1421 2779 1670 2852 profecto
1703 2788 1918 2834 tantum

318 2876 660 2932 Theodoreti
706 2890 960 2932 errorem
989 2891 1102 2928 non
1155 2873 1326 2929 fuisse
1363 2871 1720 2928 observatum
1743 2887 1774 2926 a
1811 2869 1918 2924 Ba-

324 2969 502 3035 ronio,
526 2969 646 3024 viro
685 2977 800 3024 tam
832 2967 1136 3038 perspicaci
1169 2984 1182 3018 :
1216 2965 1419 3020 mirum
1453 2979 1673 3034 quoque
1708 2977 1805 3032 per
1837 2961 1920 3016 in-

315 3063 679 3134 cogitantiam
703 3079 736 3118 a
758 3062 996 3128 Valesio,
1014 3060 1207 3115 Latino
1231 3059 1555 3129 interprete,
1573 3057 1718 3112 etab
1741 3057 1917 3111 inter-

313 3164 471 3226 prete
497 3153 740 3218 Gallico,
775 3152 1058 3208 Valesium
1090 3159 1303 3216 secuto,
1341 3149 1398 3204 in
1451 3164 1510 3204 re
1569 3159 1680 3203 tam
1727 3155 1918 3219 aperta

308 3254 774 3318 peccatumess‘e.
805 3245 1097 3300 Historiam
1127 3243 1274 3299 enim
1325 3241 1739 3297 ecclesiasticam
1788 3256 1916 3296 cum

311 3341 592 3411 Religiosa
655 3339 1031 3395 confuderunt
1062 3354 1075 3390 :
1103 3337 1160 3391 in
1187 3337 1291 3392 hac
1325 3334 1600 3405 siquidem
1630 3340 1714 3388 est
1736 3347 1915 3400 error,

310 3449 483 3504 quem
517 3433 601 3488 illi
633 3432 975 3498 tribuerunt,
1005 3432 1063 3484 in
1099 3444 1208 3500 qua
1264 3437 1450 3483 tamen
1478 3426 1547 3482 de
1587 3425 1706 3480 Arii
1739 3432 1919 3480 morte

310 3526 477 3592 nihil,
513 3526 628 3581 nisi
676 3523 965 3580 Athanasii
1020 3523 1228 3589 verbis,
1270 3528 1461 3576 exacte
1505 3517 1575 3574 ad
1621 3517 1919 3574 veritatem

311 3621 582 3675 refertur.

380 3710 818 3768 Observandum
854 3709 1102 3766 secundo
1138 3709 1353 3780 lapsum
1388 3721 1610 3778 quoque
1653 3702 1919 3760 memoria

313 3805 738 3859 'l'heodoretum
782 3803 840 3857 in
877 3801 1198 3856 narratione
1226 3798 1532 3855 obsidionis
1582 3797 1858 3852 Nisibena:
1886 3811 1920 3851 a

313 3897 524 3952 Persis.
564 3895 706 3951 Cum
751 3895 902 3950 enim
931 3903 1045 3950 tres
1096 3893 1418 3948 obsidiones
1475 3890 1699 3956 fuerint,
1741 3889 1920 3959 prima

313 4005 465 4044 anno
498 3989 627 4054 538,
661 3989 835 4043 altera
865 4003 1014 4042 anno
1041 3985 1166 4051 550,
1192 3992 1472 4055 postrema
1499 3997 1645 4036 anno
1684 3981 1810 4046 359,
1862 3979 1919 4034 in

317 4100 486 4138 unam
519 4083 740 4154 priores
762 4083 900 4137 duas
929 4080 1200 4146 confudit,
1226 4079 1296 4134 de
1324 4071 1490 4132 tertia
1512 4076 1684 4141 siluit,
1714 4074 1918 4144 quippe

313 4194 438 4248 qua:
460 4188 588 4248 post
611 4178 826 4232 obitum
855 4173 1047 4231 Jacobi
1068 4173 1316 4244 contigit.
1348 4158 1634 4227 Videndus
1662 4167 1920 4224 Petavius

317 4271 372 4326 in
403 4270 558 4325 notis
586 4269 656 4324 ad
681 4269 951 4323 rationem
981 4267 1015 4320 4
1041 4263 1246 4320 Juliani
1281 4259 1651 4331 imperatoris.

386 4363 818 4418 Observandum
868 4359 1057 4424 tertio,
1093 4359 1162 4413 de
1213 4356 1468 4412 doctrinm
1499 4353 1768 4422 librisque
1823 4352 1919 4408 Ja-

317 4458 446 4513 cobi
467 4458 513 4488 ²⁸
546 4455 795 4511 Nisibeni
827 4453 972 4508 nihil
999 4467 1030 4506 a
1067 4449 1420 4505 Theodoreto
1448 4446 1718 4517 scriptum
1763 4459 1916 4510 esse,

2092 1964 2158 2018 ll.
2189 1962 2349 2019 Circa
2384 1963 2692 2020 secundum
2723 1973 2910 2034 caput,
2942 1963 3091 2034 quod
3141 1963 3210 2019 de
3235 1963 3474 2028 Juliano,
3503 1965 3616 2026 ob-:

2022 2052 2352 2109 servandum
2378 2052 2576 2122 primo,
2603 2053 2876 2108 celebrem
2895 2053 3049 2108 illum
3066 2053 3272 2109 Berteae
3285 2054 3615 2124 episcopum-

2020 2145 2282 2200 Acacium
2310 2145 2413 2200 sub
2440 2145 2656 2201 Asterio
2676 2145 2880 2201 Juliani
2917 2145 3191 2215 discipulo
3211 2186 3224 2211 ,
3253 2145 3423 2200 vitam
3449 2161 3606 2201 asce-

2019 2237 2184 2292 ticam
2243 2237 2421 2309 egisse
2475 2236 2532 2291 in
2589 2237 2925 2292 monasterio
2982 2237 3144 2307 297
3197 2237 3460 2301 Gandari,
3497 2239 3606 2295 vici

2020 2347 2194 2402 prope
2245 2330 2596 2386 Antiochiam
2661 2329 2875 2400 positi;
2924 2345 3104 2400 neque
3160 2330 3304 2386 hanc
3342 2331 3510 2385 vitam
3550 2333 3610 2386 in

2018 2420 2342 2490 episcopatu
2375 2419 2727 2485 deseruisse;
2779 2419 3021 2474 tenuisse
3046 2434 3179 2474 vero
3228 2421 3612 2492 episcopatum

2019 2519 2147 2564 octo
2170 2518 2228 2564 et
2285 2509 2684 2579 quinquaginta
2715 2524 2891 2564 annos
2916 2511 2962 2541 “
2999 2528 3012 2562 :
3057 2510 3205 2564 unde
3233 2519 3452 2566 constat
3495 2511 3608 2567 fato

2019 2599 2272 2655 functum
2322 2615 2444 2656 esse
2490 2616 2638 2656 anno
2669 2601 2796 2666 436,
2845 2616 2974 2655 nam
3005 2602 3294 2658 ordinatus
3337 2611 3420 2659 est
3463 2620 3612 2659 anno

2020 2692 2144 2748 578.
2166 2693 2364 2747 Mirum
2401 2708 2554 2758 vero,
2591 2693 2872 2749 hominem
2907 2694 3032 2749 vitae
3064 2702 3172 2749 tam
3201 2704 3405 2751 sancta:
3428 2704 3610 2752 tantos

2021 2785 2080 2840 in
2101 2785 2353 2850 Ecclesia
2400 2786 2692 2851 tumultus,
2724 2795 2822 2842 aut
2858 2787 3187 2853 concitasse,
3235 2797 3331 2843 aut
3369 2789 3604 2855 fovisse;

2022 2877 2118 2933 sed
2147 2885 2340 2932 notum
2367 2878 2453 2933 vel
2475 2879 2594 2949 ipso
2622 2881 2636 2898 '
2665 2877 2999 2934 Theodoreti
3025 2879 3296 2950 exemplo,
3321 2881 3454 2951 quid
3483 2897 3611 2951 pos-

2021 2967 2093 3023 sit
2119 2968 2312 3039 religio
2343 2969 2523 3024 illusa.

2091 3058 2510 3117 Observandum
2542 3063 2808 3128 secundo,
2840 3064 3176 3120 mentionem
3212 3065 3330 3121 ﬁeri
3364 3066 3608 3137 praefecti

1946 3189 1989 3248 ο
2021 3153 2308 3248 cujusdam
2335 3155 2596 3248 praetorio
2646 3156 2892 3213 Orientis
2910 3157 2978 3210 "’.
3008 3157 3134 3214 Fuit
3185 3158 3276 3215 hic
3301 3160 3606 3226 Modestus.

2021 3259 2187 3316 quem
2217 3245 2276 3300 in
2311 3245 2518 3303 codicis
2552 3249 2598 3280 ’⁸
2624 3248 3098 3320 Prosopographia
3137 3250 3374 3320 legimus
3407 3250 3608 3321 prazfe-

2021 3345 2236 3393 cturam
2265 3338 2499 3410 gessisse
2530 3339 2635 3396 sub
2668 3340 2914 3407 Valente,
2955 3356 3102 3396 anno
3147 3341 3273 3407 570,
3300 3358 3410 3412 quo
3465 3358 3614 3398 anno

2021 3426 2238 3483 scilicet
2281 3426 2607 3498 Aphraates,
2649 3429 2996 3485 admirabilis
3021 3430 3112 3485 ille
3144 3431 3466 3498 monachus,
3501 3432 3610 3488 du-

2021 3519 2182 3576 cibus
2205 3518 2407 3576 Acacio
2432 3529 2565 3577 tunc
2592 3522 2943 3594 presbytero,
2974 3524 3266 3580 etJuliano
3305 3525 3608 3580 monacho-

2021 3626 2143 3666 rum
2183 3621 2358 3682 patre,
2389 3611 2737 3668 Antiochiam
2787 3613 2961 3681 venit,
2994 3615 3321 3685 Valentique
3359 3614 3610 3672 Catholi-

2022 3718 2213 3760 corum
2241 3703 2662 3762 insectationem
2677 3705 2901 3778 objecit.

2092 3797 2513 3854 Observandum
2549 3799 2735 3864 tertio,
2777 3808 2904 3855 ante
2943 3800 3234 3867 lsidorum,
3290 3801 3384 3872 qui
3424 3802 3608 3858 Theo-

2021 3889 2278 3946 doretum
2335 3889 2656 3961 praecessit,
2713 3891 2971 3948 Ecclesia:
3040 3892 3266 3963 Cyrensi
3326 3893 3608 3963 praefuisse

2020 3983 2326 4049 Asterium,
2356 3983 2620 4040 Arianum
2647 3984 2873 4055 quidem
2924 3985 3261 4054 sophistam;
3302 4001 3412 4039 non
3449 3985 3607 4040 illum

2021 4085 2207 4132 tamen
2260 4075 2640 4147 Cappadocem
2662 4117 2676 4142 ,
2712 4077 2807 4146 qui
2842 4084 2899 4131 et
2936 4077 3052 4146 ipse
3093 4076 3338 4145 scphista
3367 4076 3606 4134 Arianus

2019 4167 2127 4223 fuit
2153 4185 2165 4220 :
2198 4183 2382 4237 neque
2411 4166 2560 4221 enim
2586 4167 2655 4221 ad
2691 4167 2808 4222 haec
2839 4175 3087 4238 tempora
3111 4170 3432 4238 pervenisse
3492 4173 3605 4230 dici

2021 4265 2225 4328 potest,
2280 4256 2391 4312 nisi
2440 4256 2794 4312 centenarias
2841 4265 2937 4312 aut
2963 4260 3280 4316 centenario
3311 4264 3606 4331 proximus

2021 4350 2254 4421 periisse
2285 4348 2624 4416 allirmetur;
2663 4350 2936 4420 siquidem
2994 4349 3048 4404 in
3076 4354 3459 4422 persecutione
3490 4356 3604 4410 Ma-

2023 4443 2251 4498 ximiani
2297 4442 2543 4498 Herculii
2609 4451 2776 4514 atque
2823 4443 3170 4512 Diocletiani,
3210 4461 3333 4516 quae
3376 4451 3607 4521 contigit

317 4566 445 4604 cum
478 4557 668 4602 tamen
694 4546 763 4601 ad
783 4542 1324 4602 commendationem
1349 4539 1648 4610 plurimum
1675 4539 1914 4594 faceret:
1949 4540 1995 4597 D
2019 4551 2165 4590 anno
2197 4534 2323 4600 503,
2357 4535 2676 4590 immolavit.
2711 4535 2844 4602 Quis
2869 4545 3052 4592 autem
3075 4539 3265 4594 credat
3302 4557 3427 4595 eum
3454 4552 3603 4608 tunc,

316 4641 460 4695 nihil
495 4640 568 4693 ab
595 4639 953 4709 Hieronymo,
982 4636 1097 4691 sive
1132 4636 1188 4690 in
1217 4634 1495 4699 Chronico,
1521 4632 1637 4687 sive
1670 4631 1728 4686 in
1753 4631 1919 4687 Cata-

319 4730 439 4801 logo
503 4730 824 4798 scriptorum
904 4726 1377 4780 ecclesiasticarum
1432 4739 1452 4778 :
1513 4723 1651 4778 nihil
1706 4722 1917 4792 pariter

319 4823 388 4876 ab
458 4821 839 4881 llebed-Jesu.
889 4819 1153 4890 diligente
1233 4815 1574 4886 czeteroquin
1644 4814 1915 4869 librorum

321 4916 591 4987 Syrorum
621 4914 950 4984 inquisitore
979 4929 992 4965 :
1018 4912 1155 4966 nihil
1176 4911 1243 4966 ab
1271 4911 1382 4964 ullo
1411 4917 1684 4972 veterum,
1718 4916 1919 4977 praeter

322 5025 498 5064 unum
532 5007 906 5069 Gennadium,
953 5004 1048 5074 qui
1087 5001 1279 5074 viginti
1327 5007 1567 5070 quatuor
1600 4999 1774 5054 libros
1826 5013 1920 5054 re-

321 5111 535 5158 censet.
602 5101 808 5156 Verum
858 5097 1130 5153 Gennadii
1189 5095 1493 5150 auctoritas
1539 5109 1650 5147 non
1698 5092 1920 5148 videtur

321 5197 458 5251 mihi
499 5203 676 5257 tanta,
719 5202 780 5246 ut
838 5206 1060 5246 omnem
1116 5188 1442 5258 scrupulum
1493 5185 1712 5241 evellat.
1764 5183 1921 5240 Unde

320 5289 472 5343 enim
497 5285 659 5340 novit
713 5283 940 5354 Syriaca
983 5296 1172 5351 opera,
1200 5280 1297 5350 qui
1342 5278 1432 5333 vix
1487 5276 1644 5331 novit
1675 5275 1860 5331 Graeca
1895 5274 1921 5327 ?_

325 5381 479 5436 Unde
505 5378 699 5434 scitab
723 5377 1058 5446 Hieronymo
1093 5372 1400 5444 praeterita,
1435 5379 1730 5440 propterea
1770 5367 1920 5439 quod

322 5472 576 5528 nondum
629 5470 687 5524 in
734 5467 983 5524 Grmcam
1043 5465 1286 5536 linguam
1341 5477 1504 5518 versa
1558 5469 1771 5526 essent,
1816 5475 1921 5516 nec

2021 4625 2244 4697 quando
2281 4617 2608 4690 immolavit,
2663 4626 2934 4682 minorem
2971 4628 3194 4700 triginta
3240 4633 3402 4688 annis
3435 4636 3604 4689 exsti-

2023 4720 2178 4784 tisse,
2207 4733 2334 4774 cum
2360 4735 2472 4774 non
2497 4719 2651 4789 parvi
2675 4719 3045 4792 nominisjam
3072 4724 3254 4778 esset?

2094 4811 2366 4868 Assentiri
2421 4828 2555 4883 ergo
2587 4827 2697 4866 non
2729 4828 2954 4882 possum
3006 4815 3260 4881 Baronio,
3313 4829 3608 4891 utrumque

2025 4903 2305 4959 Asterium
2335 4901 2695 4958 confundenti
2723 4921 2734 4956 :
2763 4913 2826 4960 et
2841 4920 2974 4961 vero
3003 4906 3293 4978 Cappadox
3326 4926 3607 4981 nunquam

2026 4994 2286 5066 Cyrensis
2331 4996 2624 5066 episcopus
2674 4996 2808 5061 fuit,
2865 4996 2977 5052 imo
3019 5015 3123 5054 nec
3184 5003 3489 5074 presbyter,
3561 5007 3608 5060 si

2028 5087 2332 5144 Athanasio
2382 5087 2682 5143 credimus.
2726 5089 2852 5144 Fuit
2903 5107 3036 5146 vero
3085 5093 3197 5157 ille,
3246 5094 3315 5148 de
3360 5112 3472 5164 quo
3517 5097 3608 5152 hic

2020 5197 2205 5236 sermo
2223 5189 2342 5248 est;
2371 5180 2517 5236 unde
2540 5181 2747 5236 dicitur
2775 5198 2806 5236 a
2830 5183 3178 5239 Theodoreto
3219 5186 3395 5255 Cyrus
3435 5187 3608 5243 bene-

2023 5273 2208 5330 licium
2261 5273 2541 5342 accepisse
2575 5289 2674 5342 per
2709 5273 3164 5328 intercessionem
3200 5275 3403 5330 Juliani
3428 5279 3494 5342 ",
3544 5288 3604 5334 ut

2023 5383 2145 5437 quae
2169 5366 2400 5421 liberata
2423 5374 2571 5420 esset
2590 5365 2660 5420 ab
2681 5365 2886 5419 Ariano
2930 5374 3170 5433 pastore.
3205 5367 3402 5423 Mansit
3440 5385 3605 5439 porro

2022 5460 2186 5515 vidua
2212 5468 2336 5513 octo
2368 5458 2480 5512 fere
2510 5471 2701 5520 annos,
2766 5456 2940 5510 donec
2982 5457 3052 5511 ab
3085 5458 3324 5514 Eusebio
3353 5460 3604 5516 Samosa-

1709 5603 2030 5661 SCHULZH
2068 5601 2302 5658 ΝΟΤίΕ.

393 5759 443 5789 ¹³
483 5755 624 5812 Ibid.
667 5772 715 5810 c.
751 5756 840 5809 28.
921 5755 967 5785 "
995 5753 1118 5808 Vid.
1153 5762 1284 5808 tom.
1318 5751 1406 5816 111,

321 5829 633 5883 Garncrius
685 5828 906 5881 fatetur.
984 5826 1030 5855 "
1059 5824 1256 5892 Supra,

1443 5765 1496 5818 ι).
1539 5747 1690 5802 HN.

1308 5837 1361 5890 p.
1394 5812 1543 5880 72-89,
1581 5835 1707 5890 ann.
1743 5819 1842 5872 157
1884 5827 1979 5882 aut
2010 5812 2132 5882 4'58,
2166 5814 2367 5874 ubiissc
2402 5812 2629 5871 dicitur-

1779 5748 1825 5778 ’⁵
1848 5746 2116 5817 Librisquc
2151 5744 2272 5817 Jac.
2320 5740 2744 5817 Scil__o_liscuram
2768 5756 2888 5817 esse
2918 5757 3108 5817 eorum
3146 5743 3463 5817 memoriam
3487 5744 3599 5817 ipsc

2704 5814 2744 5844 υ
2778 5814 2892 5869 Vid.
2934 5813 3082 5880 l.l||,
3129 5830 3180 5883 p.
3226 5814 3380 5870 nsi.
3425 5815 3467 5846 η
3496 5813 3598 5871 (Io--

320 5902 473 5968 ditis,
516 5897 886 5955 Theodosiani
918 5889 1202 5952 nimirum.
1280 5889 1322 5924 ’θ
1355 5891 1475 5948 Vid.
1511 5889 1642 5945 ibid.
1682 5905 1734 5959 p.
1778 5890 1909 5944 1155
1939 5905 2053 5958 seq.
