4070 6450
484 382 588 446 247

1615 377 1992 440 GARNERII
2034 378 2531 442 DISSERTATIO
2569 383 2650 442 II.

3651 376 3762 444 248

491 494 629 550 tensi
662 489 925 555 Isidorus,
951 488 1144 561 synodi
1198 487 1558 542 Antiocheam
1590 488 1942 553 auctoritate,
1974 504 2069 543 or-
2099 492 2146 549 Α
2172 488 2241 544 de
2290 489 2636 559 simplicibus
2663 489 3020 563 presbyteris,
3070 490 3167 546 sed
3199 491 3266 547 de
3318 490 3757 562 chorepiscopis.

486 586 710 641 dinatus
736 590 839 639 est.

554 678 643 732 III.
678 676 837 731 Circa
866 672 1087 729 tertium
1134 678 1320 742 caput,
1349 671 1495 741 quod
1538 671 1606 726 de
1651 671 1927 726 Marciano
1959 679 2063 737 est,

489 768 626 822 nihil
680 763 1088 819 observandum
1163 761 1409 817 occurrit
1480 770 1680 831 prmter
1731 768 2066 817 conventum

490 859 732 931 quinque
763 856 1151 926 episcoporum
1210 854 1546 909 Marcianum
1600 854 1975 919 invisentium,
2010 852 2067 908 id

485 962 588 1018 est,
614 950 861 1006 Flaviani
904 950 1230 1013 Antiochiae,
1262 949 1441 1002 Acacii
1475 948 1701 1012 Benene,
1743 948 1937 1003 Isidori
1965 947 2070 1018 Cy-

490 1046 556 1110 ri,
588 1043 815 1098 Eusebii
838 1041 1136 1104 Chalcidis,
1185 1038 1455 1099 Theodoti
1502 1037 1858 1109 llierapolcos
1885 1056 1899 1092 :
1930 1053 2066 1093 con-

488 1136 607 1206 tigit
638 1134 785 1188 enim
820 1148 919 1203 pro
942 1140 1095 1186 certo
1150 1140 1273 1200 post
1299 1144 1503 1183 annum
1554 1129 1678 1194 581,
1712 1144 1823 1199 quo
1858 1129 2070 1183 Flavia-

485 1244 589 1281 nus
621 1226 906 1280 ordinatus
946 1230 1031 1279 est
1064 1222 1121 1276 in
1150 1220 1390 1277 secunda
1417 1220 1627 1292 synodo
1657 1219 1927 1291 generali;
1957 1235 2067 1274 non

488 1328 672 1374 tamen
711 1318 804 1373 diu
832 1325 983 1388 post,
1021 1315 1282 1386 quoniam
1328 1313 1647 1369 Theodotus
1700 1313 2068 1383 Hierapolita-

486 1424 592 1464 nus
616 1408 816 1479 exiguo
835 1415 961 1476 post
998 1414 1248 1474 tempore
1306 1403 1561 1459 decessit.
1611 1404 1792 1469 Quare
1846 1402 2070 1458 videtur

486 1515 554 1554 eo
590 1499 711 1569 ipso
755 1513 900 1553 anno
944 1497 1042 1553 581
1092 1494 1379 1560 accidisse,
1411 1510 1521 1564 quo
1580 1509 1778 1564 nempe
1804 1509 1952 1549 anno
1986 1509 2071 1548 re-

487 1592 659 1646 duces
700 1590 777 1643 illi
827 1590 1087 1659 prazsules
1129 1603 1157 1641 a
1204 1602 1239 1640 ιι
1280 1585 1519 1659 synodo,
1564 1585 1743 1640 virum
1780 1585 2069 1640 sanctitate

486 1684 762 1739 celebrem
789 1697 958 1753 prope
991 1681 1337 1735 Antiochiam
1367 1680 1627 1752 positum,
1655 1676 1877 1747 pietatis
1895 1677 2070 1748 gratia

486 1776 799 1831 visitarunt.

2171 578 2272 633 Hic
2319 579 2474 634 locus
2504 580 2649 634 valet
2681 579 2749 635 ad
2783 580 3223 636 conﬁrmandum
3265 580 3414 652 quod
3464 588 3624 634 antea
3666 580 3756 635 di—
3849 563 3865 577 ’

2170 668 2351 723 ximus
2380 669 2449 723 de
2481 669 2704 726 Meletio
2734 670 3154 742 chorepiscopo.

2240 762 2449 827 Tertio,
2477 763 2804 833 stupendam
2829 762 3124 833 Aphraatis
3162 764 3513 834 aliorumque
3548 778 3757 833 praece-

2171 857 2422 913 dentium
2472 858 2941 932 Θαυματουργιαν.
2987 860 3155 915 etiam
3213 861 3359 916 circa
3400 860 3593 915 brutus
3637 859 3759 914 ani—

2175 959 2409 1005 mantes.

2241 1043 2467 1110 Quarto,
2511 1044 2712 1099 vixisse
2740 1043 2833 1099 diu
2865 1052 3112 1099 sanetum
3144 1055 3422 1111 ascetam;
3453 1055 3575 1103 erat
3605 1049 3757 1105 enim

2167 1137 2279 1207 jam
2337 1136 2545 1199 senior,
2582 1151 2708 1191 cum
2748 1136 3038 1193 Valentem
3089 1138 3270 1208 arguit
3317 1153 3462 1193 anno
3517 1140 3641 1205 576,
3700 1149 3763 1196 et

2173 1226 2353 1281 adhuc
2377 1226 2573 1296 agebat
2599 1226 2767 1280 vitam
2802 1242 2946 1282 anno
2981 1226 3105 1293 595,
3133 1243 3259 1282 cum
3284 1244 3412 1283 eum
3440 1228 3761 1286 Theodore-

2176 1328 2264 1373 tus
2287 1319 2571 1389 puerulus,
2598 1326 2773 1373 matre
2800 1320 3119 1385 comitante,
3150 1320 3362 1376 invisit.

2243 1410 2379 1465 Vlll.
2432 1410 2491 1465 In
2540 1410 2719 1480 elogio
2760 1410 2907 1465 Petri
2943 1410 3013 1477 '°,
3079 1419 3279 1481 praeter
3340 1414 3760 1469 conversionem

2172 1502 2624 1571 curationemque
2656 1503 2851 1557 matris
2881 1501 3239 1567 Theodoreti,
3274 1503 3555 1573 ipsiusque
3580 1503 3763 1559 Theo-

2172 1588 2349 1641 doreti
2406 1588 2748 1643 sanationem
2802 1604 2907 1659 ope
2960 1604 3109 1645 zona:
3155 1592 3328 1659 Petri,
3381 1593 3621 1647 notanda
3672 1601 3761 1648 est

2172 1680 2383 1736 mentio
2430 1681 2699 1752 Pergamii
2749 1682 2998 1753 praefecti
3062 1684 3320 1753 praetorio
3367 1683 3629 1751 Orientis,
3658 1686 3758 1756 qui

2173 1788 2318 1826 anno
2346 1772 2452 1826 564
2472 1774 2512 1836 θ,
2549 1781 2642 1825 aut
2671 1771 2795 1838 565,
2856 1783 2952 1828 aut
3003 1774 3127 1839 566,
3156 1775 3537 1846 magistratum
3589 1777 3762 1846 gessit

559 1869 650 1923 IV.
677 1868 736 1922 In
763 1873 981 1937 quarto,
1022 1866 1170 1937 quod
1196 1865 1422 1920 Eusebii
1467 1864 1570 1920 viri
1622 1863 1953 1920 sanctissimi
1987 1863 2071 1918 di-
2100 1851 2142 1906 Β
2173 1863 2275 1918 sub
2299 1863 2525 1919 Valente
2560 1880 2572 1916 :
2608 1878 2785 1917 annus
2803 1879 2937 1918 vero
2957 1865 3308 1936 magistratus
3331 1866 3404 1920 ita
3437 1865 3757 1921 invenitur:

486 1959 828 2030 scipulorum
858 1959 1051 2013 laudes
1079 1958 1356 2023 continet,
1390 1958 1450 2012 ﬁt
1473 1958 1683 2013 mentio
1712 1957 1887 2012 sancti
1923 1956 2070 2011 illius

488 2054 544 2107 in
566 2068 678 2122 quo
707 2051 984 2117 vivebant,
1021 2050 1252 2121 tugurii,
1283 2050 1488 2105 visitati
1518 2065 1548 2104 a
1609 2048 1963 2104 Theodoreto
2013 2054 2070 2102 et

487 2142 651 2196 sociis
687 2142 933 2212 ejusdem
966 2142 1224 2196 instituti.
1250 2140 1370 2207 Quo
1399 2151 1646 2211 tempore
1671 2148 1853 2195 autem
1885 2140 2069 2196 Theo-

488 2234 717 2289 doretus
756 2232 969 2294 Abbam
1023 2232 1232 2297 invisit,
1282 2232 1448 2303 298
1511 2232 1836 2286 vicesimum
1895 2231 2072 2286 aetatis

487 2340 693 2379 annum
720 2325 995 2395 attigerat,
1033 2332 1181 2380 certe
1207 2341 1319 2378 non
1343 2324 1581 2378 multum
1615 2332 1926 2379 excesserat
1957 2342 1970 2376 :
2013 2322 2071 2377 id

487 2431 619 2487 ergo
642 2417 873 2487 contigit
900 2432 1047 2471 anno
1080 2415 1203 2470 406.
1249 2417 1384 2482 Nam
1410 2415 1614 2480 Abbas,
1672 2415 2070 2486 discipulorqu

489 2525 654 2573 unus,
687 2517 813 2563 octo
831 2518 887 2562 et
919 2508 1144 2578 triginta
1173 2507 1423 2561 ascetiea:
1445 2507 1573 2561 vitae
1591 2523 1767 2562 annos
1790 2515 2068 2578 exegerat,

488 2615 615 2653 cum
668 2600 873 2668 scripta
921 2606 1005 2651 est
1055 2597 1292 2651 Historia
1341 2597 1620 2668 religiosa;
1655 2596 1913 2667 scriptam
1940 2610 2073 2650 vero

489 2690 995 2746 demonstravimus
1016 2706 1161 2744 anno
1196 2692 1320 2747 m.

560 2782 624 2836 V.
660 2782 720 2836 In
749 2783 1003 2837 encomio
1049 2782 1251 2847 Publii,
1282 2780 1429 2851 quod
1468 2789 1634 2851 caput
1673 2781 1931 2852 quintum
1957 2789 2062 2846 est,

490 2874 900 2931 observandum
923 2876 1123 2945 primo,
1150 2874 1297 2929 unde
1344 2873 1478 2928 urbs
1530 2873 1843 2944 Zeugmatis
1870 2887 2073 2928 nomen

490 2968 785 3037 acceperit,
810 2983 1004 3037 nempe
1047 2984 1077 3021 a
1123 2968 1381 3038 junctura
1429 2966 1828 3035 pontis,quem
1861 2965 2075 3019 Xerxes

490 3059 759 3129 Euphrati
798 3060 1082 3130 imposuit.

562 3151 839 3216 Secundo,
865 3151 922 3206 in
949 3151 1222 3207 asceterio
1246 3149 1426 3205 Publii
1459 3149 1652 3204 laudes
1682 3150 1794 3205 Deo
1820 3149 1995 3203 dictas
2042 3163 2073 3202 a

490 3242 778 3298 monachis
794 3242 981 3297 Graeca
1011 3242 1176 3298 simul
1203 3249 1260 3296 et
1282 3241 1419 3314 Syra
1448 3242 1652 3313 lingua,
1678 3242 1907 3296 alternis
1936 3242 2073 3297 cho-

492 3332 590 3393 ris,
619 3331 787 3401 idque
817 3339 1094 3385 servatura
1139 3330 1329 3395 etiam,
1373 3347 1485 3401 quo
1532 3341 1778 3400 tempore
1815 3331 2074 3387 Theodo-

492 3434 649 3480 retus
669 3424 1008 3479 Philotimum
1038 3422 1334 3478 scribebat.

563 3517 773 3582 Tertio,
802 3515 1186 3587 Aphthonium
1206 3513 1384 3569 Publii
1405 3515 1760 3587 discipulum,
1780 3521 2075 3585 postquam

492 3623 670 3663 annos
715 3606 1082 3677 quadraginta
1125 3603 1358 3660 rexisset
1410 3606 1765 3670 asceterium,
1811 3604 2079 3674 Zeugma-

493 3701 636 3755 tensi
666 3699 925 3754 Ecclesiae
971 3698 1274 3768 praefuisse.
1312 3698 1611 3755 Ordinatus
1644 3712 1778 3769 ergo
1813 3705 1900 3752 est
1948 3710 2076 3766 sep.

496 3794 821 3863 tnagenario
851 3794 1066 3863 major:
1103 3793 1229 3862 quis
1276 3793 1425 3848 enim
1472 3792 1662 3847 credat
1701 3800 1826 3846 ante
1857 3789 2076 3845 tricesi-

494 3900 647 3939 mum
680 3900 885 3939 annum
926 3899 1085 3941 sacro
1120 3885 1288 3941 εωιυὶ
1324 3884 1645 3956 praelectum
1668 3876 1849 3940 esse?
1874 3882 2077 3938 Felicia

494 3976 780 4031 enimvero
810 3984 1056 4046 tempora
1085 3978 1100 4031 l

566 4070 652 4123 Vl.
688 4070 749 4124 In
803 4078 958 4125 sexto
985 4070 1188 4139 capite,
1235 4069 1386 4140 quod
1431 4068 1714 4124 Slmeonis
1745 4068 1922 4127 Prisci
1962 4068 2081 4123 elo.

493 4163 643 4233 gium
687 4169 793 4225 est,
830 4160 1061 4219 observa
1125 4160 1445 4232 religiosum
1502 4160 1669 4233 hujus
1714 4161 1892 4218 astatis
1953 4175 2079 4215 mo-

494 4268 613 4308 rem
647 4252 918 4308 invisendi
943 4252 1149 4308 montis
1180 4252 1332 4317 Sina,
1357 4252 1455 4307 ubi
1497 4253 1674 4324 legem
1711 4252 1890 4309 Moses
1916 4267 2080 4309 acce-

495 4343 597 4413 pit.

566 4435 679 4492 VII.
710 4434 771 4490 In
811 4436 993 4508 elogio
1042 4434 1357 4505 Aphraatis,
1409 4434 1556 4503 quod
1584 4444 1839 4490 octavum
1887 4441 2075 4507 caput,

2170 1958 2344 2013 Natus
2398 1964 2483 2010 est
2536 1955 2918 2012 Theodoretus
2967 1972 3113 2012 anno
3162 1957 3287 2022 586,
3344 1964 3553 2027 septem
3602 1958 3763 2013 annis

2171 2059 2352 2114 antea,
2383 2049 2490 2104 hoc
2510 2058 2614 2116 est,
2650 2065 2796 2104 anno
2849 2050 2971 2105 579.
3017 2049 3213 2105 Petrus
3242 2057 3475 2104 matrem
3500 2049 3761 2104 Theodo-

2173 2144 2277 2199 reti
2332 2143 2593 2197 liberavit
2635 2143 2922 2197 oculorum
2976 2143 3205 2207 morbo;
3275 2141 3614 2196 liberaverat
3665 2141 3762 2197 ille

2172 2235 2384 2305 aliquot
2409 2234 2567 2288 annis
2599 2232 2762 2303 299
2785 2244 2945 2288 antea
2986 2233 3257 2304 Pcrgamii
3307 2233 3472 2287 tiliam
3503 2232 3573 2286 ab
3604 2231 3765 2303 aegri-

2173 2326 2366 2381 tudine
2396 2345 2409 2380 :
2444 2341 2574 2396 ergo
2600 2325 2683 2379 vel
2735 2341 2880 2379 anno
2911 2325 3036 2387 574,
3090 2325 3176 2380 vel
3221 2325 3345 2388 575,
3386 2325 3473 2379 vel
3516 2323 3642 2389 576,
3671 2323 3763 2379 vel

2172 2417 2311 2473 577.
2352 2416 2422 2471 At
2469 2416 2754 2471 Modestus
2805 2414 3193 2485 praefecturam
3226 2414 3394 2484 gessit
3454 2428 3601 2467 anno
3632 2412 3759 2467 577.

2173 2509 2364 2563 Restat
2397 2507 2564 2577 igitur
2596 2514 2659 2560 ut
2683 2504 3005 2576 Pergamius
3036 2503 3231 2559 eadem
3254 2502 3487 2573 gesserit
3529 2516 3641 2557 uno
3692 2500 3763 2556 de

2175 2600 2353 2654 tribus
2380 2599 2535 2665 aliis;
2563 2597 2907 2668 probabilius
2938 2597 3085 2666 quod
3108 2595 3231 2649 576.
3411 2649 3415 2652 .

2246 2691 2339 2746 1X.
2394 2691 2455 2744 In
2509 2690 2692 2761 elogio
2745 2688 3047 2743 Theodosii
3089 2689 3131 2719 ³⁸
3200 2687 3611 2742 observandum
3677 2695 3766 2742 est

2174 2784 2378 2857 primo,
2428 2784 2606 2852 ipsum
2641 2781 2847 2837 obiisse
2899 2781 3064 2851 paulo
3110 2788 3402 2851 postquam
3450 2794 3508 2835 se
3552 2778 3768 2848 recepit

2175 2878 2540 2941 Antiochiam,
2565 2883 2715 2929 metu
2739 2874 3191 2945 depopulantium
3214 2872 3399 2927 omnia
3421 2873 3763 2934 Isaurorum,

2175 2971 2281 3025 hoc
2308 2977 2413 3035 est,
2442 2983 2587 3021 anno
2621 2965 2759 3031 £05;
2795 2963 3141 3035 praecedente
3163 2964 3312 3019 enim
3347 2977 3491 3017 anno
3538 2976 3764 3033 grassao

2175 3062 2377 3119 bantur
2409 3059 2599 3116 Isauri.

2248 3152 2527 3217 Secundo,
2561 3150 2754 3206 eadem
2803 3163 2927 3203 arca
2965 3146 3272 3212 conditum,
3309 3161 3418 3216 qua
3475 3143 3767 3199 mirandus

2178 3246 2505 3319 Aphraates,
2534 3260 2630 3301 sex
2674 3252 2770 3299 aut
2829 3251 3039 3313 septem
3070 3244 3231 3296 annis
3267 3241 3421 3311 prius
3463 3238 3577 3294 vita
3636 3238 3767 3292 Iun-

2178 3348 2319 3397 ctus.
2343 3339 2468 3394 Hzec
2491 3337 2732 3408 sepulcri
2768 3335 3086 3393 communio
3134 3334 3239 3389 fuit
3285 3331 3373 3387 bis
3422 3331 3771 3402 temporibus

2178 3428 2437 3485 amicitia:
2461 3437 2519 3483 et
2544 3427 2871 3482 reverentia:
2894 3426 3133 3496 signum.
3196 3424 3337 3478 Hinc
3369 3422 3606 3479 Iacobus
3650 3422 3770 3486 ille,

2178 3522 2246 3575 de
2285 3534 2394 3589 quo
2420 3519 2625 3573 dicitur
2649 3517 2828 3588 capite
2848 3516 2937 3582 2|,
2974 3531 3099 3570 cum
3127 3513 3539 3569 Theodoretum
3571 3511 3774 3582 dilige-

2178 3619 2281 3675 ret,
2314 3610 2507 3666 eadem
2539 3609 2749 3679 optavit
2779 3623 2907 3662 arca
2940 3606 3127 3661 condi.

2250 3701 2469 3765 Tertio,
2501 3699 2811 3755 Helladium
2855 3698 3207 3763 Tarsensem,
3238 3698 3334 3768 qui
3376 3696 3481 3752 fuit
3505 3707 3652 3749 unus
3695 3693 3774 3750 de

2180 3789 2565 3855 sehismaticis,
2592 3789 2816 3860 rejectis
2854 3803 2885 3843 a
2912 3787 3329 3843 conditionibus
3380 3787 3584 3858 quibus
3628 3776 3775 3838 inita

2178 3900 2283 3957 pax
2309 3882 2704 3946 Ecclesiarum,
2726 3882 2830 3936 sub
2850 3880 3165 3936 Theodosio
3197 3879 3395 3951 partim
3416 3893 3573 3934 sacro
3595 3875 3774 3932 εωιυί

2180 3976 2499 4049 praefectus,
2537 3975 2819 4045 sexaginta
2836 3988 3013 4028 annos
3064 3973 3356 4027 ascetieam
3393 3970 3562 4025 vitam
3596 3967 3774 4023 mira-

2180 4068 2373 4123 biliter
2406 4066 2650 4129 duxisse,
2682 4080 2785 4119 nec
2808 4079 2929 4119 eam
2985 4063 3043 4117 in
3077 4062 3400 4133 episcopatu
3443 4058 3773 4125 demisisse;

2181 4179 2355 4235 quare
2382 4176 2508 4217 eum
2540 4160 2793 4231 dejectus
2818 4167 2903 4214 est
2925 4157 3078 4223 sede,
3105 4172 3217 4212 non
3257 4154 3554 4211 admodum
3615 4160 3780 4208 octo-

2180 4256 2404 4327 genario
2433 4253 2613 4307 minor
2636 4250 2867 4306 exstitit.
2908 4249 3043 4316 Quis
3069 4264 3201 4304 vero
3243 4264 3356 4303 non
3412 4247 3643 4301 miretur
3671 4252 3780 4300 aut

2180 4362 2291 4403 non
2330 4353 2549 4416 stupent
2577 4345 2770 4415 magis,
2809 4343 2945 4397 tanti
2969 4342 3073 4396 viri
3103 4341 3436 4405 caecitatem,
3466 4339 3553 4393 vel
3585 4337 3775 4409 potius

2182 4446 2569 4510 prazsumptam
2594 4436 2661 4490 de
2688 4435 2945 4490 Nestorio
2981 4433 3345 4503 opinionem?

496 4525 907 4581 observandum
961 4525 1165 4596 primo,
1218 4525 1368 4595 quod
1392 4524 1636 4579 refertur
1678 4526 1748 4581 de
1801 4526 2076 4596 legatione
2109 4552 2154 4607 υ
2251 4530 2321 4584 Χ.
2351 4529 2543 4599 Operae
2569 4529 2809 4598 pretium
2858 4536 2964 4592 est,
3022 4527 3091 4582 ad
3139 4525 3407 4580 rationem
3454 4532 3772 4593 temporum

495 4618 715 4671 Persica
730 4615 1033 4681 Anthemii,
1056 4616 1153 4686 qui
1180 4615 1757 4687 magisteroﬂlciorum
1782 4631 1930 4670 anno
1949 4615 2077 4679 404,
2181 4622 2621 4686 subducendam,
2651 4622 2890 4692 elogium
2924 4620 3162 4675 Zenonis
3195 4619 3238 4651 "
3263 4619 3320 4672 in
3372 4615 3773 4687 compendium

384 4760 395 4770 .
495 4708 687 4762 consul
741 4722 887 4763 anno
918 4707 1044 4783 465,
1080 4707 1377 4778 praefectus
1420 4708 1682 4779 prastorio
1712 4707 1957 4763 Orientis
1987 4722 2085 4761 co-
2180 4714 2530 4771 contrahere.
2563 4713 2869 4783 Antequam
2890 4711 3195 4766 monachus
3223 4709 3400 4767 ﬁeret.
3444 4708 3593 4763 inter
3611 4722 3778 4762 vere-

496 4800 624 4854 dem
663 4816 828 4866 anno,
864 4809 922 4855 et
972 4800 1447 4869 consequentibus
1475 4799 1688 4865 decem.
1726 4815 1839 4855 uno
1868 4806 2083 4854 tantum
2181 4806 2368 4863 darios
2389 4805 2668 4865 militavit,
2721 4813 2962 4875 tuncque
3016 4802 3286 4874 temporis
3319 4802 3390 4856 de
3436 4801 3606 4856 rebus
3638 4798 3772 4854 ﬁdei

496 4902 746 4963 excepto.
779 4894 1054 4949 Functum
1085 4909 1212 4948 eum
1261 4894 1365 4949 hac
1414 4892 1687 4965 legatione
1736 4892 1867 4948 alibi
1902 4892 2071 4963 legere

2183 4902 2472 4957 institutus
2489 4908 2573 4955 est
2599 4915 2629 4953 a
2662 4897 2865 4953 Basilio
2894 4911 3115 4968 magno,
3152 4896 3247 4966 qui
3269 4911 3415 4950 anno
3442 4894 3548 4949 578
3573 4905 3773 4948 exces-

496 4995 584 5035 me
603 4996 714 5036 non
745 4982 968 5037 memini
995 4999 1008 5047 ;
1031 4982 1230 5053 legatio
1264 4999 1398 5040 vero
1425 4983 1544 5037 haec
1567 4981 1673 5037 sub
1686 4981 1923 5038 Arcadio
1951 4997 2084 5039 con-
2190 4994 2261 5049 sit
2286 5009 2316 5048 ο
2341 4994 2452 5047 vim
2483 5011 2497 5045 ε
2527 4990 2729 5046 deinde
2761 4989 3042 5061 cingulum
3091 4986 3297 5059 posuit,
3338 4987 3522 5042 statim
3582 4984 3776 5041 occiso

498 5072 642 5142 tigit,
665 5087 790 5127 cum
814 5073 994 5129 lendus
1008 5074 1205 5129 Persas
1220 5074 1364 5129 inter
1382 5081 1439 5129 et
1456 5073 1735 5129 Romanos
1758 5072 2071 5129 innovatum

2188 5086 2433 5148 Valente,
2460 5083 2512 5138 id
2539 5094 2645 5147 est,
2675 5096 2821 5137 anno
2837 5082 2962 5146 578,
2985 5088 3047 5135 υι
3070 5096 3128 5136 se
3152 5080 3311 5135 daret
3336 5078 3606 5134 asceticm.
3626 5077 3777 5132 Con-

497 5176 602 5223 θδί·
2097 5224 2108 5234 .
2186 5186 2387 5232 ventus
2406 5185 2542 5230 esta
2573 5173 2924 5229 Theodoreto
2951 5189 3090 5244 pene
3132 5172 3354 5236 investi,
3415 5169 3510 5226 sed
3534 5171 3646 5241 jam
3689 5168 3776 5223 le-

570 5259 847 5325 Secundo,
873 5258 1193 5314 Flavianum
1232 5268 1288 5313 et
1316 5259 1617 5313 Diodorum
1663 5258 1771 5314 dici
1807 5261 2071 5331 temperi—

2187 5279 2359 5335 ctore,
2390 5268 2496 5321 hoc
2556 5274 2661 5329 est,
2715 5272 2847 5320 nato
2893 5264 2965 5319 22
3020 5279 3194 5319 annos
3249 5262 3492 5318 circiter.
3519 5259 3773 5329 Denique

498 5351 605 5408 bus
630 5360 794 5407 motae
825 5367 857 5407 a
877 5351 1106 5407 Valente
1136 5351 1543 5422 persecutionis
1572 5352 1782 5409 honore
1820 5355 2079 5411 secundm
2189 5358 2355 5429 paulo
2383 5365 2510 5411 ante
2535 5364 2767 5410 mortem
2796 5353 3082 5425 pecunias,
3101 5369 3166 5408 ex
3191 5351 3523 5423 patrimonio
3544 5348 3776 5405 vendito

496 5443 775 5500 cathedrae
815 5444 1042 5500 aﬂ'ectos
1083 5444 1273 5509 fuisse,
1308 5444 1409 5513 τῆς
1448 5445 1705 5515 δευτέρας
1745 5446 2071 5518 ἠξιωμένους

2188 5455 2517 5513 contractas,
2550 5443 2775 5501 tradidit
2807 5444 3119 5500 Alexandro
3143 5441 3456 5499 Antiochiae
3478 5440 3774 5512 episeopo,

498 5536 788 5607 καθέδρας.
813 5535 871 5589 ld
892 5536 1040 5589 enim
1063 5536 1282 5591 videtur
1304 5536 1437 5591 mihi
1457 5536 1951 5608 interpretandum,
1968 5556 2079 5596 non
2188 5539 2600 5598 distribuendas
2634 5538 2991 5611 pauperibus.

1820 5699 1996 5758 SCHU
2007 5699 2137 5757 LZII
2175 5700 2408 5759 NOTAE.

578 5833 622 5869 ⁸⁸
653 5829 881 5888 Philam.
912 5849 960 5889 c.
993 5836 1043 5891 9.
1122 5836 1161 5870 ³¹
1198 5836 1330 5893 ibid.
1369 5852 1415 5892 ε.
1456 5837 1535 5896 lO.
1618 5837 1660 5870 ³²
1688 5835 1823 5921 ibid.
1856 5852 1903 5893 ς.
1941 5836 2027 5893 12.
