4070 6460
321 405 436 470 249

1509 401 1605 462 DE
1644 401 1900 460 LIBRIS
1935 399 2443 460 THEODORETI.

3491 395 3598 458 250

401 521 484 574 Ex
517 518 606 574 his
633 517 970 592 colliguntur
999 518 1129 572 duo.
1161 516 1404 572 Primum
1429 559 1442 584 ,
1474 535 1505 572 a
1567 518 1920 574 Theodoreto
1950 523 1992 578 Α
2025 518 2120 570 tim
2175 517 2354 586 capite
2379 521 2398 536 "
2421 517 2598 586 primo
2648 513 2878 584 hujusce
2939 508 3341 568 dissertationis
3363 507 3408 538 ³⁸
3454 524 3468 562 :
3505 511 3599 564 vix

325 721 456 760 mus
482 703 766 760 secundus
817 703 1174 774 Theodoreti,
1219 703 1422 772 quippe
1453 703 1568 755 nati
1611 717 1755 756 anno
1793 701 1916 754 586.

324 793 676 858 Secundum,
709 792 1098 862 corrigendum
1121 805 1244 846 esse
1279 799 1509 856 textum,
1562 792 1656 845 ubi
1719 791 1922 844 dicitur

321 886 482 941 Zeno
497 885 750 954 exegisse
771 891 888 936 tum
913 883 1162 937 asceticae
1181 884 1304 944 vita:
1335 883 1696 954 quadraginta
1725 897 1918 948 annos,

321 991 456 1030 cum
489 991 522 1029 a
555 974 904 1029 Theodoreto
927 973 1258 1026 iuviseretur
1299 991 1310 1026 :
1343 989 1466 1026 nam
1501 987 1602 1041 pro
1654 972 1921 1042 τεσσαρά-

321 1084 496 1119 κοντα
527 1065 912 1136 reponendum
947 1073 1034 1119 est
1089 1063 1424 1134 τριάκοντας
1463 1065 1708 1134 alioquin
1743 1079 1920 1118 annus

321 1157 792 1228 quadragesimus
825 1155 1234 1212 aconversione
1271 1155 1510 1209 Zenonis
1559 1154 1828 1208 incideret
1863 1155 1918 1208 in

321 1265 536 1304 annum
601 1248 808 1302 Christi
854 1249 988 1311 “8;
1047 1261 1158 1316 quo
1212 1261 1356 1300 anno
1399 1245 1509 1299 dici
1557 1259 1670 1298 non
1739 1253 1921 1314 potest

323 1341 722 1396 Theodoretus
761 1339 943 1409 prima
999 1337 1257 1408 lanugine
1319 1337 1410 1391 vix
1457 1352 1622 1407 genas
1649 1337 1914 1400 induisse,

321 1431 604 1502 siquidem
647 1446 796 1485 anno
831 1429 936 1483 420
981 1417 1277 1499 episcopus
1337 1429 1623 1482 ordinatus
1653 1437 1772 1492 est;
1803 1427 1915 1482 uti-

323 1539 436 1592 que
475 1539 724 1594 congrua
771 1530 953 1588 aetate,
1017 1522 1072 1576 id
1115 1529 1200 1576 est
1237 1521 1463 1592 triginta
1507 1521 1698 1574 saltem
1740 1535 1917 1574 anno-

331 1633 476 1672 rum.

405 1704 490 1758 XI.
523 1705 832 1759 Macedonii
867 1705 1107 1774 elogium
1159 1704 1238 1768 ³³,
1287 1705 1442 1774 quasi
1488 1705 1911 1770 eucharisticon,

329 1796 554 1864 scripsit
579 1796 1004 1850 Theodoretus:
1029 1795 1202 1866 ipsius
1228 1797 1376 1850 enim
1427 1797 1686 1866 precibus
1729 1797 1914 1851 editus

215 597 228 606 ’
323 620 673 669 conventum
705 627 851 665 anno
881 611 1006 666 408.
1037 610 1162 664 Fu-it
1188 610 1337 664 enim
1391 625 1570 665 annus
1601 609 1694 664 ille
1722 609 1924 664 vicesi-
2023 608 2174 662 enim
2211 609 2358 662 ullus
2387 613 2472 660 est
2503 605 2756 675 pluribus
2781 611 3090 672 temporum
3111 600 3260 655 notis
3285 597 3499 669 plenior
3521 599 3602 652 lo-

2023 713 2142 752 CllS.

2092 789 2508 845 Observandum
2529 803 2660 842 vero
2683 785 3110 846 Theodoretum,
3129 783 3292 852 paulo
3307 791 3599 850 antequam

2023 881 2322 946 laberetur,
2357 890 2452 936 aut
2485 890 2616 935 tunc
2639 893 2764 934 cum
2793 877 2903 930 labi
2932 876 3218 944 inciperet,
3256 875 3456 930 adiisse
3507 873 3598 928 Ja—

2022 975 2220 1027 cobum
2249 975 2586 1027 laborantem
2615 972 2830 1026 morbo.

2091 1065 2230 1120 XVI.
2251 1065 2442 1136 Capite
2477 1065 2739 1119 vicesimo
2767 1061 3010 1118 secundo
3041 1063 3110 1116 de
3139 1062 3378 1114 Limnaeo
3419 1073 3598 1112 sermo

2021 1155 2100 1220 iit,
2127 1156 2242 1224 qui,
2282 1171 2406 1210 eum
2429 1156 2634 1210 dicitur
2659 1154 2850 1208 eodem
2883 1161 3152 1222 tempore,
3201 1165 3310 1219 quo
3337 1147 3594 1209 Iacobus,

2019 1248 2312 1302 ascetieam
2363 1248 2534 1300 vitam
2571 1246 2880 1308 inchoasse,
2915 1251 2972 1298 et
3015 1259 3123 1313 quo
3169 1251 3414 1309 tempore
3457 1237 3596 1292 scri-

2017 1338 2184 1393 bebat
2245 1338 2627 1393 Theodoretus
2674 1336 3016 1409 trigesimum
3045 1343 3101 1388 et
3136 1343 3386 1386 octavum
3439 1344 3597 1383 exer—

2019 1428 2300 1484 citationis
2353 1442 2558 1482 annum
2611 1425 2956 1496 explevisse,
3002 1421 3244 1478 ostendit
3288 1419 3590 1481 manifeste,

2018 1513 2130 1591 quo
2185 1528 2434 1589 tempore
2498 1517 2733 1572 historia
2789 1515 3046 1585 religiosa
3108 1511 3420 1579 conscripta
3481 1509 3590 1572 sit,

2017 1615 2464 1687 quandoquidem
2487 1614 2732 1668 exerceri
2759 1612 2928 1681 coepit
2989 1609 3228 1666 Iacobus
3279 1621 3424 1660 anno
3457 1602 3586 1660 405;

2017 1710 2105 1763 cui
2132 1709 2176 1761 si
2202 1708 2572 1778 adjungantur
2601 1705 2729 1758 anni
2751 1704 2818 1759 58
2833 1704 2945 1774 jam
2963 1702 3188 1771 expleti,
3209 1699 3436 1754 exsistet
3464 1700 3594 1754 anni

2016 1802 2122 1855 4-H
2161 1800 2400 1852 initium.

321 1886 498 1938 estin
551 1886 733 1940 lucem
774 1902 806 1940 a
837 1895 1035 1950 matre,
1082 1895 1372 1956 postquam
1417 1857 1694 1941 sexdecim
1741 1903 1914 1942 annos
1949 1857 1989 1916 Β
2085 1889 2249 1946 XVII.
2273 1887 2466 1958 Capite
2489 1887 2754 1942 vicesimo
2783 1884 2946 1940 tertio
2973 1883 3174 1938 dicitur
3219 1881 3457 1937 Joannes
3481 1880 3594 1948 jam

320 1975 544 2028 steriles
570 1975 626 2028 in
647 1975 1006 2028 matrimonio
1023 1975 1343 2044 peregisset.
1361 1973 1802 2042 Thaumaturgus
1823 1973 1914 2027 ille

317 2081 465 2134 pene
493 2067 850 2120 centenarias
881 2066 1116 2120 excessit
1143 2082 1172 2120 e
1203 2067 1332 2128 vita,
1382 2079 1507 2119 cum
1529 2064 1755 2119 vixisset
1778 2079 1914 2133 qua-

317 2158 580 2230 draginta
609 2159 774 2228 300
795 2160 1038 2230 quinque
1061 2175 1234 2214 annos
1257 2159 1374 2214 sine
1393 2157 1634 2230 tugurio,
1664 2156 1918 2228 viginti"

316 2253 574 2321 quinque
606 2253 710 2306 sub
742 2253 1042 2322 tuguriolo,
1077 2252 1303 2321 triginta
1339 2251 1559 2306 circiter
1591 2265 1717 2304 cum
1757 2265 1916 2304 exer-

313 2341 432 2395 ceri
465 2341 752 2410 coepisset.
787 2341 950 2395 Anno
977 2341 1083 2396 582
1111 2357 1142 2396 a
1170 2340 1429 2394 Flaviano
1462 2340 1806 2396 Antiocheno
1824 2357 1914 2394 or-

315 2433 550 2486 dinatus
570 2440 660 2486 est
681 2434 990 2504 presbyter,
1023 2432 1278 2488 nesciens
1301 2432 1434 2500 quid
1473 2432 1656 2500 ﬁeret;
1689 2435 1916 2488 retinuit

313 2541 466 2580 auito
513 2525 622 2579 588
649 2527 944 2596 magistros
969 2525 1208 2580 militum
1238 2541 1270 2580 a
1313 2523 1624 2580 Theodosio
1676 2526 1915 2596 impera-

315 2629 439 2672 tore
481 2621 706 2682 missos,
737 2619 806 2672 ad
839 2619 1106 2674 ultionem
1153 2632 1473 2673 eversarum
1503 2625 1810 2672 statuarum
1845 2619 1914 2673 de

315 2709 688 2764 Antiochcnis
717 2709 1064 2764 sumendam.
1101 2709 1308 2764 Monila
1332 2706 1461 2764 vitae
1481 2710 1728 2764 sanctius
1751 2709 1912 2764 insti-

321 2801 544 2856 tuenda:
569 2801 924 2856 Theodoreto
953 2803 1204 2870 septenni
1257 2803 1426 2858 dabat
1474 2815 1620 2854 anno
1647 2801 1774 2863 595,
1811 2801 1911 2854 de-

331 2893 546 2948 functus
567 2893 798 2947 circiter
817 2909 964 2948 anno
991 2893 1114 2956 595,
1135 2893 1204 2948 ad
1225 2895 1506 2958 eumdem,
1531 2891 1912 2960 cumAphraa—

333 2993 386 3038 te
405 2995 460 3038 et
479 2984 794 3040 Theodosio
820 2985 1038 3054 pridem
1059 2985 1126 3040 ad
1158 3001 1388 3056 superos
1433 2987 1612 3052 elatis,
1641 2986 1910 3041 tumulum

323 3075 572 3132 humeris
601 3085 922 3147 magnatum
957 3077 1164 3132 illatus.

2016 1983 2280 2054 attigisse,
2331 1989 2427 2034 aut
2463 1981 2630 2033 etiam
2669 1978 2975 2048 explevisse
3039 1975 3362 2030 vicesimum
3431 1971 3594 2040 quin-

2017 2080 2132 2122 tum
2157 2069 2568 2124 exercitationis
2595 2083 2799 2122 annum
2841 2085 2854 2119 :
2880 2066 3048 2135 cmpit
3099 2065 3265 2134 igitur
3289 2076 3434 2115 anno
3465 2060 3590 2115 419.

2085 2163 2240 2232 301
2273 2163 2360 2216 Fit
2387 2163 2442 2216 in
2499 2155 2694 2215 eodem
2739 2159 2918 2228 capite
2957 2157 3164 2210 mentio
3191 2155 3424 2208 aliorum
3455 2151 3592 2205 insi-

2015 2257 2202 2324 guium
2230 2256 2394 2309 trium
2419 2261 2752 2316 aseetarum,
2791 2249 2981 2314 Musis,
3013 2246 3291 2309 Antiochi,
3341 2251 3398 2298 et
3422 2243 3594 2298 Anto-

2013 2350 2151 2414 nini,
2183 2351 2554 2418 continuoque
2583 2347 2737 2402 addit
2763 2345 3148 2399 Theodoretus
3175 2359 3188 2394 :
3221 2361 3238 2392 ι
3273 2339 3424 2394 Alios
3450 2353 3587 2408 prat-

2015 2449 2164 2496 terea
2195 2441 2510 2509 complures
2539 2439 2594 2492 in
2623 2437 2827 2491 ﬁnibus
2846 2435 3072 2498 nostris,
3099 2431 3490 2498 montibusque
3536 2435 3593 2482 et

2013 2535 2224 2603 campis
2273 2534 2508 2588 athletas
2562 2531 2732 2585 habet
2785 2528 3008 2582 virtutis
3063 2525 3394 2596 agonotheta
3423 2522 3592 2584 Deus,

2015 2639 2156 2692 quos
2201 2624 2287 2678 vel
2319 2635 2646 2678 enumerem
2685 2618 2904 2673 dilﬁeile
2945 2617 3036 2682 sit,
3083 2614 3287 2670 nedum
3347 2611 3595 2680 singulo-

2011 2731 2132 2770 rum
2165 2717 2334 2770 vitam
2385 2713 2758 2770 conscribere.
2791 2729 2806 2762 ι
2841 2709 2972 2765 Inde
3019 2709 3374 2762 vehementer
3422 2703 3594 2756 miror

2011 2809 2290 2862 hominem
2323 2816 2404 2862 tot
2439 2806 2574 2860 viris
2605 2803 2890 2873 stupendae
2923 2801 3230 2856 sanctitatis
3277 2796 3452 2852 veluti
3479 2794 3592 2848 cir-

2011 2903 2330 2957 cumdatum
2363 2909 2419 2954 et
2451 2900 2711 2968 stipatum
2754 2897 3012 2950 aberrare
3061 2893 3306 2962 potuisse
3357 2906 3386 2943 a
3433 2897 3585 2942 recta

2014 2993 2134 3048 ﬁdei
2164 2993 2270 3046 via.
2303 2991 2347 3046 Ο
2377 2989 2774 3060 investigabilia
2809 2987 2906 3041 Dei
2930 2985 3162 3058 judicia!

2111 3081 2294 3136 XVIII.
2345 3079 2536 3148 Capite
2591 3078 2858 3131 vicesimo
2920 3083 3158 3144 quarto,
3229 3070 3326 3124 ubi
3389 3067 3594 3122 texitur

387 3169 504 3222 XII.
533 3169 596 3222 In
624 3170 806 3238 capite
839 3169 1056 3223 decimo
1083 3177 1280 3238 quarto
1307 3169 1446 3224 nihil
1499 3168 1905 3224 observandum

2012 3175 2248 3244 elogium
2292 3169 2664 3241 Pulychronii,
2715 3168 2854 3222 nihil
2887 3164 3294 3220 observandum
3343 3163 3592 3224 videtur,

313 3262 586 3324 occurrit,
609 3260 1078 3330 quemadmodum
1101 3277 1202 3316 nec
1219 3262 1272 3316 in
1295 3262 1654 3331 sequentibus
1667 3261 1904 3326 duobus,

311 3352 426 3406 nisi
449 3351 604 3422 quod
632 3351 934 3423 Cyrcnsem
969 3353 1252 3423 regionem
1281 3354 1608 3408 illustrarint
1629 3393 1644 3418 ,
1669 3353 1765 3423 qui
1795 3361 1908 3408 tres

311 3444 658 3510 laudantur;
717 3445 1026 3506 Maisimas,
1055 3445 1372 3515 Acepsimas
1403 3453 1458 3502 et
1511 3448 1660 3502 Maro
1691 3464 1703 3500 :
1735 3446 1910 3516 quod-

309 3551 424 3607 que
457 3537 786 3606 Acepsimas
815 3537 884 3592 ab
931 3537 1144 3592 Isidoro
1183 3537 1514 3594 Theodoreti
1577 3552 1908 3607 praecessore

311 3630 612 3684 ordinatus
643 3630 716 3684 sit
745 3629 800 3684 in
831 3631 1240 3700 presbyterum,
1276 3645 1400 3684 eum
1427 3630 1600 3700 probe
1624 3629 1842 3684 abesset
1877 3645 1908 3684 a

313 3729 540 3787 morte;
567 3730 624 3776 et
655 3721 804 3791 quod
843 3722 1083 3792 denique
1105 3721 1257 3776 Maro
1291 3721 1459 3778 fuerit
1491 3731 1683 3776 auctor
1705 3728 1910 3776 exacta

315 3815 470 3868 illius
495 3813 770 3876 asceticae,
815 3827 982 3881 quam
1041 3812 1098 3866 in
1129 3811 1406 3884 Cyrestica
1437 3812 1660 3882 regione
1711 3825 1908 3866 conse-

313 3913 558 3975 quentes
591 3904 686 3957 alii
714 3903 917 3958 imitati
947 3912 1100 3959 sunt.

389 3996 534 4050 XIII.
569 3995 762 4065 Capite
789 3995 1008 4052 decimo
1043 3997 1282 4067 septimo
1320 3996 1638 4054 continetur
1667 3998 1906 4068 elogium

313 4088 631 4152 Abraamis,
688 4089 783 4157 qui
815 4104 884 4143 ex
915 4089 1188 4144 monacho
1233 4089 1412 4144 factus
1463 4089 1758 4144 Carrarum
1793 4089 1910 4158 epi-

315 4195 554 4250 scopus,
597 4179 868 4234 asceticos
915 4179 1136 4234 labores
1175 4195 1285 4234 non
1332 4179 1628 4244 imminuit,
1673 4180 1770 4236 sed
1807 4180 1907 4234 ad-

315 4274 476 4329 auxit
511 4292 525 4328 :
570 4289 736 4343 quam
767 4273 894 4328 vitae
937 4273 1206 4328 rationem
1243 4272 1476 4328 laudans
1529 4273 1908 4329 Theodoretus

315 4364 568 4420 ostendit
587 4363 722 4418 satis
753 4377 813 4418 se
840 4379 952 4417 non
983 4363 1292 4418 absimilem
1319 4363 1580 4418 Abraami
1605 4364 1903 4422 exstitisse.

317 4456 626 4511 Defunctus
669 4463 752 4508 est
809 4453 1317 4525 Constantinopoli,
1378 4471 1490 4525 quo
1537 4469 1665 4510 eum
1724 4456 1906 4512 Theo-

2011 3275 2372 3337 praeterquam
2423 3262 2570 3332 quod
2633 3261 2704 3315 de
2761 3258 3050 3314 sacerdote
3108 3257 3206 3324 τῆς
3273 3254 3592 3323 Ἀντιοχέων

2009 3356 2192 3428 χώρας
2243 3355 2436 3424 κώμας
2471 3353 2669 3415 πολλὰς
2711 3351 3025 3420 ποιμαίνειν
3072 3346 3412 3416 τεταγμένῳ.
3438 3343 3594 3399 Unde

2011 3450 2316 3504 illustratur
2339 3447 2495 3500 locus
2513 3445 2852 3513 alter,'cujus
2877 3441 3190 3496 obscuritas
3211 3437 3444 3492 Baronio
3465 3433 3596 3488 fecit

2009 3541 2358 3596 occasionem
2395 3537 2744 3592 incredibilia
2801 3535 2870 3590 de
2931 3534 3188 3588 Simeone
3223 3529 3418 3600 Stylita
3457 3527 3594 3582 scri-

2017 3632 2188 3688 bendi
2211 3631 2276 3685 ³³.

2079 3723 2222 3777 XIX.
2253 3722 2446 3792 Capite
2472 3719 2738 3776 vicesimo
2755 3719 2973 3790 quinto,
2999 3715 3146 3787 quod
3173 3721 3258 3770 est
3279 3713 3592 3768 encomium

2007 3815 2266 3882 Asclepii,
2316 3813 2372 3866 id
2417 3828 2590 3866 unum
2619 3809 3046 3874 observandum,
3103 3806 3220 3860 ﬁeri
3259 3805 3592 3860 mentionem

2007 3907 2196 3963 Jacobi
2215 3913 2410 3961 ascetae
2440 3899 2804 3966 admirabilis,
2833 3901 2928 3972 qui
2955 3899 3286 3955 domuncula
3345 3897 3594 3950 inclusus

2009 4000 2189 4054 adhuc
2217 3999 2426 4052 viveret
2455 3995 2829 4066 nonagenario
2860 3994 3054 4062 major,
3098 3993 3341 4059 alterque
3389 3988 3531 4042 foret
3559 4001 3591 4040 a

2007 4094 2212 4150 Iacobo
2257 4093 2716 4159 Thaumaturgo,
2751 4088 2819 4142 de
2853 4101 2964 4155 quo
3009 4101 3130 4153 cap.
3179 4083 3267 4136 21.
3322 4081 3594 4134 Thauma-

2013 4195 2208 4254 turgus
2235 4183 2382 4238 enim
2411 4182 2530 4235 sine
2557 4179 2802 4250 tugurio,
2833 4178 2926 4232 hic
2979 4176 3040 4230 in
3065 4173 3400 4230 domuncula
3430 4171 3590 4226 habi-

2011 4277 2186 4331 tabat.

2074 4367 2191 4420 ΧΧ.
2223 4365 2414 4435 Capite
2479 4362 2750 4418 vicesimo
2803 4369 2962 4416 sexto
3007 4366 3268 4416 narratur
3321 4356 3588 4426 stupenda

2009 4457 2280 4513 Sitneouis
2301 4457 2510 4528 Stylitae
2533 4455 2668 4509 vita.
2703 4455 2909 4510 Praeter
2927 4463 3085 4508 notas
3111 4461 3442 4521 temporum,
3466 4449 3590 4519 qui-

319 4547 534 4611 dosius,
565 4555 660 4600 aut
685 4545 976 4601 Pulcheria
1015 4546 1198 4615 potius
1217 4563 1344 4602 cum
1377 4548 1662 4602 sororibus
1705 4549 1908 4619 reginis
1939 4531 1982 4585 D
2013 4551 2115 4605 bus
2139 4551 2222 4604 usi
2251 4563 2464 4612 sumus,
2492 4547 2838 4601 observanda
2876 4553 3114 4614 quatuor
3151 4561 3164 4596 ε

317 4645 604 4694 evocarat.

387 4728 530 4784 XIV.
568 4727 976 4782 Posterioribus
1007 4728 1188 4782 tribus
1219 4729 1494 4797 capitibus
1525 4729 1590 4794 3",
1613 4729 1816 4799 quibus
1839 4728 1909 4784 de

319 4819 584 4884 Eusebio,
621 4817 912 4872 Salamane
949 4828 1008 4874 et
1067 4819 1216 4882 Mare
1279 4820 1522 4876 narratio
1575 4821 1904 4884 instituitur,

319 4927 422 4966 nec
465 4911 678 4982 aliquid
728 4909 936 4980 pariter
1003 4909 1412 4964 observandum
1465 4919 1666 4980 praeter
1718 4911 1910 4966 insoli-

319 5013 428 5058 tam
455 5003 610 5056 illam
633 5002 871 5072 liturgiae
893 5001 1187 5066 rationem,
1235 5019 1342 5072 qua
1384 5003 1792 5068 Theodoretus,
1845 5012 1904 5059 ut

317 5095 485 5150 Maris
515 5092 708 5163 pietati
729 5092 985 5156 serviret,
1005 5092 1260 5147 manibus
1282 5092 1642 5148 diaconorum
1669 5109 1802 5148 usus
1822 5101 1907 5150 est

315 5201 414 5256 pro
443 5185 630 5242 altari.

383 5277 502 5332 XV.
527 5275 721 5345 Capite
753 5275 1017 5330 vicesimo
1043 5275 1222 5344 primo
1277 5274 1471 5343 incipit
1524 5276 1905 5332 Theodoretus

319 5378 504 5425 texere
559 5369 852 5423 historiam
891 5375 1236 5430 sanctorum,
1273 5367 1367 5435 qui
1413 5367 1598 5422 adhuc
1647 5369 1704 5422 in
1764 5369 1905 5423 vivis

313 5471 496 5524 erant,
519 5475 648 5515 cum
679 5458 980 5523 scriberet;
1009 5465 1066 5512 et
1095 5474 1124 5511 a
1183 5457 1386 5512 Jacobn
1415 5459 1640 5528 quidem
1684 5460 1900 5518 initium

315 5551 489 5616 ducit,
530 5549 598 5604 de
629 5564 741 5620 quo
797 5547 1040 5604 diximus
1071 5548 1263 5612 multa,
1295 5548 1492 5617 partim
1521 5549 1575 5603 in
1602 5549 1746 5612 Vita,
1777 5568 1900 5621 par-

2082 4643 2132 4696 1.
2161 4639 2318 4707 Quod
2353 4638 2422 4694 de
2451 4639 2620 4692 Basso
2641 4649 2899 4692 narratur
2926 4654 2939 4689 :
2967 4636 3095 4691 inde
3139 4635 3286 4690 enim
3335 4633 3592 4705 intelligi-

2008 4748 2100 4793 tur
2120 4737 2190 4798 ³⁷,
2241 4733 2392 4804 quod
2419 4733 2490 4787 de
2521 4732 2740 4786 Meletio
2765 4732 2986 4786 dicetur
3013 4738 3202 4800 postea
3233 4747 3246 4782 :
3281 4728 3464 4782 Πείθει
3501 4728 3592 4782 τὸν

2009 4829 2315 4899 θαυμάσιον
2341 4827 2571 4888 Βάσσον,
2599 4825 2656 4888 ὃς
2681 4822 2982 4894 τηνικαῦτα
3011 4821 3212 4886 πολλὰς
3259 4820 3591 4891 περιώδευσε

2009 4919 2222 4990 κώμας,
2259 4921 2372 4980 τοῖς
2407 4919 2552 4970 κατὰ
2579 4917 2772 4987 κώμην
2811 4915 3052 4987 ἱερεῦσιν
3082 4914 3412 4968 ἐπιστατῶν.

2074 5013 2131 5066 2.
2157 5012 2386 5066 Bassum
2410 5009 2678 5072 Simeoni,
2717 5017 2945 5080 prepter
2971 5008 3330 5079 quadraginta
3375 5005 3592 5060 dierum

2012 5100 2336 5156 continuum
2364 5098 2634 5169 jejunium
2662 5098 2994 5163 semianimi,
3021 5097 3336 5152 divinorum
3385 5103 3590 5164 myste-

2011 5193 2224 5247 riorum
2245 5191 2514 5264 symbola,
2541 5191 2625 5245 ori
2649 5191 2872 5259 quidem
2903 5188 3203 5244 madefacta
3244 5187 3400 5254 prius
3421 5199 3590 5254 spon-

2008 5281 2096 5352 gia
2123 5281 2460 5344 humectato,
2489 5279 2586 5334 sed
2622 5279 2942 5348 priusquam
2969 5276 3096 5330 cibo
3117 5275 3456 5336 reﬁceretur,
3497 5273 3592 5326 in-

2007 5375 2211 5430 didisse
2245 5392 2259 5427 :
2297 5373 2444 5428 unde
2483 5371 2760 5440 colligitur
2803 5385 2868 5422 ea
2903 5367 3070 5421 etiam
3130 5371 3452 5434 tempestate
3479 5363 3589 5418 Eu-

2013 5460 2336 5515 charistiam
2372 5467 2428 5514 et
2450 5457 2797 5512 moribundis
2817 5465 2870 5510 et
2895 5455 3098 5526 jejunis
3127 5454 3430 5524 praebitam.

2080 5557 2132 5610 5.
2186 5553 2508 5609 Columnam
2563 5560 2917 5619 postremam,
2975 5561 3098 5600 cum
3155 5561 3186 5600 a
3225 5545 3343 5600 solo
3367 5544 3585 5613 triginta

1659 5665 1974 5722 SCllUllll
2017 5666 2247 5723 NOTJE.

383 5781 428 5812 ’³
461 5780 626 5843 lbid.,
661 5797 711 5836 (ξ.
757 5779 839 5833 l5.

313 5851 355 5882 ⁸⁸
395 5851 516 5906 Vid.
549 5867 734 5922 supra,
764 5865 816 5919 p.
841 5848 1011 5918 (ἑξῆς
1047 5851 1126 5904 iri.
1207 5851 1248 5884 ³⁷
1283 5852 1402 5908 Vid.
1431 5853 1564 5908 ibid.
1598 5851 1624 5924 ἓ
1660 5848 1738 5907 13.

955 5779 1008 5856 3':
1029 5779 1247 5856 ηιξκιενὲ
1273 5781 1502 5856 {ﬁcilicet
1529 5783 1891 5856 libriipritui.
1931 5785 2052 5843 Vid.
2085 5799 2270 5856 supra,
2312 5801 2364 5854 [ι-
2407 5782 2531 5848 295,
2559 5781 2584 5850 §
2617 5781 2696 5836 ίδσ

2804 5781 2846 5814 ³⁸
2881 5780 2999 5836 Vid.
3043 5791 3226 5848 supra,
3255 5791 3306 5846 Ι)-
3332 5774 3457 5844 ’Ξθθν
3481 5773 3578 5848 ξδ’
