4070 6464
489 375 589 439 251

1623 370 2002 432 GARNERII
2043 367 2542 430 DISSERTATIO
2580 367 2662 430 II.

3665 363 3778 426 2ἴὲ

493 500 594 542 sex
612 485 832 543 cubitos
847 485 1215 549 attolleretur,
1239 485 1343 541 hoc
1364 494 1469 550 cst,
1491 486 1890 557 quinquaginta
1913 499 2080 555 quam
2112 491 2156 544 Α
2187 481 2414 538 solitum
2439 485 2637 550 sciret;
2669 480 2816 537 unde
2848 480 3184 538 Theodoreti
3219 479 3550 535 abstinentia
3617 479 3778 534 miri-

495 579 787 634 minimum
820 579 1077 650 pedibus,
1134 597 1244 634 non
1273 580 1442 634 fuisse
1464 580 1532 634 ab
1568 581 1761 634 infimo
1813 580 1881 633 ad
1925 593 2078 633 sum-

495 686 647 724 mum
671 663 1017 739 uniusmodi;
1046 672 1144 727 sed
1173 689 1302 728 suos
1321 672 1584 727 habuisse
1607 673 1764 742 quasi
1778 671 2000 742 gradus,
2026 676 2084 724 et

495 761 725 832 proinde
755 763 998 818 minores
1033 763 1208 818 moles
1239 762 1543 833 majoribus
1582 761 1886 832 impositas,
1917 759 1992 813 ita
2022 767 2084 814 ut

495 850 562 903 ad
595 849 907 906 Simeonem
939 862 1146 921 posset,
1201 853 1421 907 admota
1449 851 1724 922 superiori
1753 850 1885 904 moli
1913 848 2080 913 scala,

494 942 674 998 facilis
703 958 822 999 esse
847 959 1111 1001 ascensus
1138 945 1253 1001 :sic
1277 946 1427 1000 enim
1454 943 1884 1013 alloquentibus,
1921 956 1987 996 ac
2014 941 2084 996 de

497 1033 762 1103 religione
807 1035 1227 1090 consulentibus
1285 1034 1620 1105 respondere
1669 1040 1904 1103 poterat,
1955 1045 2083 1086 cum

495 1135 640 1181 esset
663 1127 795 1182 exili
825 1143 983 1193 voce,
1035 1136 1097 1182 ut
1143 1128 1238 1199 qui
1291 1127 1610 1183 eomederet
1657 1134 1890 1190 tantum,
1923 1124 2084 1180 initio

497 1217 743 1285 quidem,
793 1220 1218 1291 quadragesimo
1267 1236 1487 1291 quoque
1515 1219 1607 1274 die
1643 1235 1656 1272 :
1707 1226 1897 1289 postea
1928 1231 2082 1282 vero,

497 1316 712 1361 octavo.

571 1397 624 1450 4.
661 1398 805 1452 Fieri
841 1401 1067 1470 quidem
1091 1402 1424 1457 mentionem
1450 1418 1481 1457 a
1504 1402 1851 1460 Theodoreto
1879 1400 2089 1455 littera-

500 1502 624 1541 rum
648 1504 678 1542 a
705 1489 962 1547 Simeone
985 1492 1050 1548 ad
1078 1494 1470 1564 imperatorem
1493 1494 1868 1549 Theodosium
1884 1491 2084 1548 Junio-

501 1592 618 1632 rem
655 1580 722 1635 de
751 1583 1014 1654 religione
1034 1586 1366 1656 scriptarum
1393 1604 1408 1652 ;
1441 1601 1551 1642 non
1576 1595 1759 1641 tamen
1792 1585 2088 1642 missarum

500 1669 570 1723 ab
606 1669 940 1741 imperatore
969 1678 1036 1730 ad
1065 1676 1377 1732 Simeonem
1411 1676 1478 1730 de
1507 1692 1641 1746 pace
1691 1674 2085 1737 Ecclesiarum,

500 1769 625 1828 post
653 1763 948 1818 concilium
981 1765 1318 1834 Ephesinum
1363 1784 1376 1819 :
1414 1782 1479 1820 ea
1525 1765 1673 1819 enim
1701 1780 1805 1834 pax
1834 1762 2091 1818 Theodo-

2183 573 2285 629 fice
2318 584 2566 645 apparet.

2257 665 2372 721 Sub
2405 666 2572 721 finem
2623 667 2796 723 totius
2843 667 3032 738 operis
3081 663 3465 720 Theodoretus
3511 677 3577 717 ea
3611 661 3773 726 dicit,

2183 762 2388 832 quibus
2412 762 2612 832 prodat
2646 763 2873 818 insitum
2899 761 3086 817 animo
3114 775 3217 815 suo
3269 757 3490 829 pietatis
3524 771 3774 822 sensum,

2184 867 2510 922 oppressum
2542 853 2768 923 quidem
2802 863 2860 909 et
2900 868 3043 924 pene
3077 851 3435 922 prtefoeatum
3466 847 3778 918 impatienti

2186 944 2426 1014 quadam
2468 946 2722 1001 caecitate
2750 946 2815 1011 ³⁸,
2847 961 2954 1015 qua
2978 944 3140 999 ﬁdem
3188 943 3284 998 ubi
3329 953 3450 998 erat
3477 942 3544 1007 '9,
3573 949 3631 994 et
3663 939 3776 993 lia—,-

2187 1037 2338 1092 resin
2369 1037 2463 1093 ubi
2494 1053 2605 1092 non
2633 1046 2773 1103 erat,
2823 1037 3014 1092 videre
3049 1037 3153 1091 sibi
3186 1035 3500 1098 videbatur,
3548 1031 3646 1086 sed
3680 1045 3780 1083 ex—

2186 1143 2372 1184 serere
2411 1144 2470 1184 se
2490 1138 2805 1195 conantem,
2856 1129 2901 1183 si
2929 1127 3152 1207 quando
3185 1143 3313 1182 vera
3345 1127 3438 1180 lux
3473 1123 3782 1194 prtestigias

2187 1222 2414 1292 superbi
2483 1221 2770 1290 cujusdam
2801 1221 2998 1277 fascini
3025 1221 3348 1292 depelleret.
3412 1237 3430 1270 ι
3475 1218 3622 1283 Illos,
3689 1216 3780 1269 in-

2187 1314 2329 1384 quit,
2354 1330 2591 1384 quorum
2629 1314 2799 1368 vitam
2838 1313 3123 1377 contexui,
3160 1327 3230 1367 ne
3269 1327 3354 1366 me
3379 1309 3572 1380 procul
3601 1324 3630 1362 a
3659 1307 3781 1376 spi-

2188 1402 2376 1457 rituali
2412 1417 2606 1457 eorum
2639 1403 2812 1458 choro
2846 1403 3088 1472 positum
3120 1402 3470 1473 despiciant;
3502 1399 3598 1455 sed
3632 1398 3784 1452 infra

2184 1495 2461 1566 iacentem
2495 1496 2736 1561 trahant,
2785 1505 2843 1551 et
2858 1496 2926 1551 ad
2961 1497 3182 1551 culmen
3220 1495 3445 1552 virtutis
3475 1491 3786 1564 perducant

2190 1601 2403 1657 suoque
2426 1587 2592 1642 coetui
2622 1587 2940 1658 adjungant,
2969 1596 3030 1641 ut
3057 1604 3167 1641 non
3197 1587 3408 1641 alienas
3431 1584 3624 1639 laudes
3661 1592 3789 1638 tan--

2193 1686 2308 1733 tum
2334 1679 2592 1746 laudent;
2617 1678 2722 1740 sed
2751 1693 2852 1749 ego
2876 1679 3043 1733 etiam
3074 1678 3256 1734 laudis
3306 1678 3550 1747 aliquam
3609 1683 3789 1728 mate-

2191 1770 2329 1825 riem
2359 1787 2686 1840 consequar,
2711 1784 2878 1838 opere
2902 1810 2917 1834 ,
2949 1770 3154 1834 verbis,
3180 1781 3237 1825 et
3258 1777 3442 1824 mente
3467 1764 3787 1837 gloriﬁcans

501 1860 620 1906 relo
664 1856 755 1909 vix
796 1873 1038 1926 unquam
1090 1859 1320 1928 probata
1365 1867 1467 1914 est.
1528 1859 1684 1913 Tunc
1723 1857 1885 1927 302
1936 1864 2086 1911 certe
2118 1872 2160 1925 Β
2189 1862 2578 1918 universorum
2621 1861 2972 1917 Servatorem
3023 1861 3307 1918 Christum
3353 1859 3646 1916 Dominum
3682 1871 3788 1911 no—

500 1945 765 2013 temporis
818 1963 928 2001 non
976 1949 1247 2018 placebat,
1305 1966 1432 2005 eum
1487 1949 1780 2004 historiam
1825 1955 2082 2002 texeret:

497 2051 814 2108 quanquam
841 2041 1092 2110 epistola,
1127 2059 1249 2112 qua:
1275 2043 1520 2098 Simeoni
1578 2041 1903 2098 inscribitur
1946 2040 2002 2094 in
2031 2055 2086 2094 ιιι

497 2137 652 2196 parte
683 2133 907 2186 concilii
943 2133 1231 2203 Ephesini,
1264 2135 1490 2190 videtur
1507 2134 1575 2189 ad
1607 2134 1868 2189 Acacium
1915 2133 2088 2204 perti-

497 2234 662 2288 nere;
690 2237 812 2291 qua:
860 2239 992 2278 vero
1021 2227 1292 2296 sequitur,
1325 2228 1518 2282 mutila
1547 2235 1652 2293 est,
1688 2235 1743 2282 et
1776 2227 1843 2282 ad
1870 2227 2086 2282 Simeo-

495 2329 622 2368 nem
653 2331 766 2370 non
788 2317 1150 2388 singulariter
1176 2320 1323 2375 data.

566 2403 648 2458 Ad
694 2405 811 2460 haec
873 2405 1036 2472 addo,
1092 2408 1332 2464 Leonem
1382 2409 1796 2481 imperatorem,
1843 2425 1970 2465 eum
2017 2409 2086 2465 de

495 2496 732 2550 concilio
755 2496 1193 2556 Chalcedonensi
1217 2501 1284 2556 ad
1316 2503 1611 2573 episcopos
1662 2504 1875 2558 litteras
1901 2503 2081 2568 daret,

495 2587 786 2657 scripsisse
815 2605 1034 2659 quoque
1058 2591 1127 2646 ad
1149 2593 1394 2650 illustres
1422 2596 1742 2659 monachos,
1789 2605 1845 2651 et
1894 2596 1950 2650 in
1976 2597 2089 2666 pri-

496 2682 604 2735 mis
630 2681 696 2735 ad
723 2683 1102 2740 sanctissimos
1131 2694 1262 2751 tres,
1298 2687 1635 2752 Simeonem,
1680 2689 1970 2753 Iacobum,
2031 2699 2088 2744 et

497 2772 863 2841 Baradatum,
904 2776 972 2831 de
1020 2794 1133 2848 quo
1184 2788 1269 2835 est
1315 2769 1482 2852 caput
1554 2784 1646 2849 27,
1699 2783 1847 2854 quod
1902 2782 2088 2853 sequi-

499 2874 607 2920 tur.

567 2959 709 3015 XXI.
737 2961 915 3032 Caput
945 2965 1271 3021 vicesimum
1321 2967 1621 3037 septimum
1649 2967 1902 3023 continet
1968 2967 2088 3021 lau-

496 3050 594 3106 des
628 3053 906 3123 Baradati,
950 3059 1045 3128 qui
1080 3057 1185 3114 fuit
1209 3075 1352 3114 unus
1384 3060 1452 3114 de
1498 3060 1678 3115 tribus
1729 3059 2089 3115 sanctissimis

495 3144 715 3209 aseetis,
772 3146 841 3201 ad
896 3164 1037 3218 quos
1097 3150 1429 3212 nominatim
1490 3160 1761 3207 memorat
1819 3152 2088 3222 Evagrius

495 3237 783 3307 scripsisse
829 3238 1070 3296 Leonem
1120 3243 1540 3313 imperatorem,
1585 3244 1656 3300 de
1701 3260 1867 3300 causa
1901 3244 2088 3299 Timo-
2113 3224 2156 3283 (ἶ

499 3328 615 3382 thei
646 3329 1004 3387 Alexandrini
1029 3342 1085 3388 et
1111 3335 1334 3390 concilii
1365 3335 1851 3392 Chalcedonensis.

567 3420 760 3477 Exstat
812 3423 869 3478 in
916 3425 1060 3480 libro
1092 3427 1375 3498 encyclico
1429 3429 1685 3484 Baradati
1733 3427 2092 3484 rescribentis

496 3514 752 3584 epistola,
785 3531 1014 3587 magna},
1060 3518 1157 3574 sed
1193 3527 1398 3575 sancta:
1452 3520 1825 3591 simplicitatis
1882 3520 2088 3591 plena:

496 3605 736 3660 aliorum
766 3607 1003 3662 duorum
1035 3608 1234 3674 littera:
1259 3611 1565 3680 perierunt.
1604 3611 2090 3681 Quanquam'apud

497 3694 794 3766 Evagrium
834 3705 919 3752 est
941 3697 1216 3755 Simeonis
1245 3699 1480 3770 epistola
1512 3700 1581 3755 ad
1607 3701 1870 3755 Basilium
1898 3701 2093 3756 Antio-

498 3787 760 3854 chenum,
815 3789 1032 3843 Maximi
1085 3793 1157 3846 ob
1206 3791 1631 3846 fornicationem
1679 3791 1917 3861 depositi
1963 3808 2090 3848 suc-

497 3892 797 3946 cessorem,
830 3881 885 3934 in
918 3897 1026 3951 qua
1059 3882 1119 3938 fit
1155 3882 1367 3940 mentio
1407 3883 1590 3938 missae
1613 3883 1844 3940 alterius
1884 3885 1951 3940 ad
1984 3885 2092 3940 im-

497 3975 812 4034 peratorem
823 4011 835 4024 .

572 4059 738 4116 XXII.
765 4063 842 4119 De
887 4064 1188 4131 Thalelaao,
1229 4067 1389 4138 cujus
1418 4067 1734 4123 encomium
1787 4069 1970 4139 capite
2020 4069 2092 4124 28

498 4153 757 4220 habetur,
805 4158 945 4213 nihil
975 4160 1384 4215 observandum
1429 4161 1672 4228 videtur,
1724 4163 1832 4218 nisi
1868 4163 1989 4219 leve
2020 4164 2090 4218 il-

496 4247 614 4313 lud,
667 4249 956 4306 inclusisse
981 4269 1039 4308 se
1074 4270 1271 4324 nempe
1322 4254 1635 4311 admirabili
1688 4256 1781 4311 illa
1832 4258 2091 4313 machina

496 4340 840 4397 clathrorum
873 4343 928 4398 in
953 4360 1162 4400 morem
1197 4346 1361 4411 facta,
1397 4363 1544 4404 anno
1560 4348 1686 4402 454.
1741 4349 1801 4402 In
1853 4365 1918 4404 ea
1939 4351 2089 4404 enim

497 4442 758 4505 exegerat
810 4437 974 4508 ‘jam
1028 4438 1220 4494 decem
1277 4455 1474 4507 annos,
1525 4456 1650 4496 cum
1702 4440 2090 4498 Theodoretus

498 4527 793 4582 scriberet.

569 4617 759 4674 XXIII.
788 4621 1018 4692 Reliqua
1050 4623 1161 4680 duo
1202 4625 1383 4697 capita
1412 4625 1742 4681 feminarum
1771 4625 1960 4690 trium,
1979 4625 2092 4679 Ma-

498 4725 665 4775 ranar,
687 4711 862 4783 Cyrae,
887 4721 943 4768 et
969 4715 1252 4772 Domninae
1279 4717 1607 4788 stupendam
1637 4717 2089 4773 exercitationem

498 4799 842 4856 describunt.
879 4803 1216 4861 Habitabant
1239 4806 1403 4862 simul
1429 4806 1644 4876 priores
1683 4806 1828 4871 duae,
1858 4814 1915 4860 et
1933 4822 2093 4860 exer-

499 4892 614 4946 ceri
669 4904 952 4964 coeperant
995 4897 1105 4967 jam
1143 4896 1274 4952 inde
1324 4897 1394 4952 ab
1433 4912 1580 4951 anno
1610 4897 1733 4951 402.
1783 4897 1910 4950 Erat
1941 4895 2090 4950 enim

499 4984 952 5056 quadragesimus
985 4989 1265 5043 secundus
1288 4987 1705 5043 exercitationis
1735 5002 1935 5053 annus,
1962 5003 2088 5044 eum

499 5077 772 5133 scriberet
792 5079 1198 5136 Theodoretus.

573 5169 840 5227 Domnina
859 5189 983 5227 cum
1006 5172 1450 5228 soleretadvenis
1469 5171 1780 5227 necessaria
1796 5172 1863 5226 ad
1883 5172 2089 5228 victum

501 5263 774 5330 sufﬁcere,
810 5265 1160 5320 Theodoreto
1186 5265 1255 5320 ad
1280 5280 1402 5320 eam
1437 5273 1651 5334 partem
1680 5265 1944 5330 venienti,
1970 5282 2091 5335 quae

500 5355 797 5428 Cyresticaa
830 5357 1044 5427 regioni
1075 5356 1144 5410 ad
1188 5365 1438 5412 austrum
1473 5355 1577 5409 sita
1609 5364 1714 5420 est,
1751 5375 1768 5406 ι
1803 5365 1861 5410 et
1894 5372 2088 5426 panes,

502 5459 558 5504 et
593 5450 827 5515 fructus,
851 5458 908 5504 et
935 5450 1140 5504 lentem
1179 5449 1542 5504 madefactam
1589 5447 1862 5503 mittebat.
1905 5468 1923 5501 ι
1967 5450 2086 5506 Νοη

504 5542 611 5598 alia
647 5543 837 5605 procul
873 5540 1046 5596 dubio
1093 5541 1162 5597 de
1215 5557 1402 5607 causa,
1441 5555 1606 5611 quam
1646 5541 1776 5610 quia
1822 5541 1909 5596 his
1944 5543 2089 5602 vesci

2190 1963 2386 2009 strum.
2422 1973 2441 2007 ι

2506 2097 2666 2170 303
2691 2099 2717 2171 §
2744 2099 2832 2156 IV.
2860 2099 3044 2156 Oratio
3068 2099 3130 2151 de
3159 2097 3439 2152 charitate.

2260 2233 2302 2288 I.
2366 2233 2529 2289 Ducit
2603 2235 2894 2290 exordium
2942 2243 3139 2290 auctor
3196 2233 3266 2288 ab
3305 2231 3455 2286 hisce
3521 2227 3712 2283 verbis
3766 2242 3781 2278 ;

2196 2342 2215 2376 ‹
2245 2325 2446 2391 Quanti
2477 2325 2588 2380 sint
2616 2327 2839 2382 virtutis
2861 2327 3102 2392 athletae,
3131 2334 3368 2396 etquam
3399 2319 3612 2386 multis,
3640 2334 3781 2389 qua-

2187 2417 2445 2488 libusque
2483 2419 2709 2475 coronis
2741 2418 3010 2490 fulgeant,
3047 2417 3343 2490 perspicue
3374 2415 3444 2469 de
3477 2411 3587 2468 illis
3615 2427 3647 2466 a
3681 2426 3784 2464 no-

2189 2509 2276 2564 bis
2297 2511 2629 2581 conscriptaa
2666 2512 3020 2567 narrationes
3053 2510 3277 2565 docent.
3317 2527 3336 2560 ι
3370 2508 3435 2562 Et
3464 2505 3631 2576 paulo
3653 2513 3784 2557 ante

2190 2602 2356 2658 finem
2387 2621 2400 2657 :
2439 2623 2457 2656 ι
2489 2604 2664 2675 Hujus
2680 2605 3116 2675 pulchritudinis
3146 2618 3335 2658 amore
3353 2600 3502 2670 capti
3526 2607 3786 2653 recentes

2188 2697 2412 2752 virtutis
2455 2699 2697 2765 athletae,
2735 2715 2974 2770 quorum
3017 2715 3048 2754 a
3103 2698 3264 2754 nobis
3295 2693 3628 2767 compendio
3656 2692 3785 2748 Vita

2189 2788 2470 2860 descripta
2497 2800 2602 2855 est,
2642 2791 2710 2846 ad
2729 2808 2922 2863 magna
2952 2792 3044 2846 illa
3076 2800 3329 2846 naturam
3356 2790 3653 2844 humanam
3681 2801 3783 2839 ex—

2190 2882 2444 2936 cedentia
2489 2882 2747 2954 prodiere
2789 2881 3115 2938 certamina.
3144 2901 3164 2933 »
3200 2881 3316 2936 Sub
3364 2879 3608 2934 medium
3639 2877 3785 2931 allu—

2190 2974 2329 3030 dens
2367 2974 2435 3029 ad
2464 2991 2666 3031 nomen
2689 3017 2704 3041 ,
2745 2992 2857 3046 quo
2906 2975 3232 3048 Religiosum
3281 2975 3561 3029 historiam
3589 2971 3787 3026 inscri-

2189 3075 2422 3138 pscrat:
2466 3087 2484 3119 ‹
2535 3067 2639 3134 Qui
2673 3068 2842 3138 igitur
2879 3084 3011 3124 vere
3065 3077 3151 3123 est
3199 3068 3599 3138 philosophus,
3644 3065 3691 3118 is
3730 3073 3789 3118 et

2190 3157 2512 3228 pbilotheus
2533 3159 2656 3229 jure
2682 3159 2994 3229 appelletur
3028 3159 3095 3213 "°.
3126 3178 3143 3211 ι

2260 3251 2325 3305 ll.
2357 3250 2490 3305 Inde
2533 3260 2752 3306 constat
2795 3251 3055 3306 eumdem
3096 3267 3220 3307 esse
3267 3261 3555 3306 auctorem
3601 3246 3790 3304 Philo-

2192 3344 2296 3397 thei
2321 3359 2387 3399 ac
2405 3341 2675 3398 Sermonis
2706 3347 2768 3397 de
2804 3346 3086 3406 charitate,
3114 3359 3316 3413 nempe
3344 3341 3786 3398 Theodoretum.

2189 3433 2420 3491 Constat
2448 3444 2506 3490 et
2534 3434 2841 3491 Sermonem
2879 3446 3005 3506 post
3033 3437 3370 3492 Philotimum
3408 3434 3786 3503 conscriptum

2189 3541 2332 3591 esse,
2366 3535 2532 3597 atque
2574 3527 2647 3581 ita
2673 3527 2776 3598 ipsi
2803 3543 2914 3582 non
2945 3528 3044 3584 abs
3071 3544 3130 3582 re
3155 3528 3211 3582 in
3235 3525 3568 3597 quibusdam
3593 3540 3788 3580 exem-

2189 3619 2440 3689 plaribus
2462 3620 2662 3690 subjici
2690 3620 2733 3652 ⁶¹
2773 3639 2786 3674 :
2821 3621 3094 3690 siquidem
3127 3635 3349 3676 causam
3384 3617 3790 3686 ostendat,qua

2190 3711 2414 3781 impulsi
2437 3711 2798 3767 admirabiles
2830 3713 2909 3766 illi
2940 3713 3046 3766 viri
3073 3712 3139 3766 ad
3163 3710 3466 3767 certamina
3487 3710 3791 3764 humanam

2189 3812 2448 3858 naturam
2466 3803 2790 3858 excedentia
2827 3803 3158 3874 prodierint.

2263 3896 2354 3950 III.
2384 3895 2514 3949 Fuit
2540 3904 2724 3950 tamen
2761 3896 2937 3951 altera
2979 3897 3146 3951 etiam
3186 3895 3466 3952 scribendi
3502 3909 3689 3957 causa,
3727 3902 3794 3949 ut

2189 3986 2560 4042 constantiam
2590 3985 2760 4040 animi
2793 3988 2903 4053 sui,
2947 3987 3080 4042 dum
3113 3987 3490 4043 calamitatum
3520 3986 3663 4040 mole
3687 3985 3796 4040 ob-

2190 4085 2467 4143 rueretur,
2484 4093 2595 4133 non
2610 4086 2918 4134 ascetarum
2937 4080 3122 4145 modo,
3145 4081 3243 4134 sed
3260 4089 3575 4136 sanctorum
3592 4079 3788 4142 etiam,

2189 4187 2428 4242 quorum
2488 4171 2779 4242 Scriptura
2855 4172 3123 4238 meminit,
3211 4172 3505 4242 ipsiusque
3569 4170 3787 4226 Christi

2189 4263 2458 4333 exemplis
2475 4270 2837 4318 sustentaret.
2858 4262 2998 4317 Hinc
3015 4262 3276 4317 laudibus
3294 4262 3511 4317 extollit
3535 4262 3788 4330 ipsorum

2189 4353 2724 4426 magnanimitatem,
2753 4354 2809 4409 in
2838 4355 3192 4421 carceribus,
3226 4355 3446 4418 exsilio,
3468 4353 3786 4416 calumniis,

2190 4446 2717 4517 direptionibusque
2764 4447 3042 4502 bonorum
3089 4447 3468 4517 perpetiendis
3504 4445 3787 4503 alacriter.

2194 4547 2424 4609 prepter
2479 4539 2770 4596 eharitatis
2817 4540 3112 4605 ardorem,
3183 4555 3296 4611 quo
3355 4539 3680 4595 ferebantur
3732 4539 3788 4592 in

2197 4629 2392 4684 Deum.
2430 4629 2571 4684 llinc
2608 4639 2665 4686 ct
2705 4631 2910 4701 seipse,
2955 4632 3207 4710 aliosque
3258 4638 3548 4686 consortes
3577 4629 3682 4684 sub
3723 4629 3786 4683 Ii—

2196 4737 2325 4776 nem
2372 4721 2648 4788 hortatur,
2683 4741 2701 4772 σ
2738 4731 2800 4777 ιιι
2856 4723 3007 4777 hunc
3065 4721 3471 4792 amplectantur
3517 4735 3786 4782 amorem,

2197 4812 2498 4883 sponsique
2533 4812 2951 4888 pulchritudine
2996 4811 3204 4878 illecti,
3267 4819 3325 4866 et
3381 4808 3787 4881 promissorum

2198 4903 2470 4959 bonorum
2523 4905 2802 4959 desiderio
2833 4905 3002 4975 capti,
3047 4903 3558 4973 beneficiorum-que
3603 4902 3791 4957 multi-

2200 4995 2448 5051 tudinem
2501 5003 2841 5058 reverentes,
2895 5004 2950 5050 et
2984 4995 3404 5066 ingratitudinis
3434 5011 3628 5064 poenas
3671 5010 3789 5049 rne-

2198 5096 2439 5152 tuentes,
2471 5095 2721 5142 amantes
2752 5087 2848 5142 Dci
2889 5088 3186 5158 legumque
3227 5087 3404 5158 ipsius
3441 5087 3703 5142 custodes
3732 5102 3790 5142 se

2196 5177 2496 5246 praebeant.
2527 5194 2545 5227 ›

2270 5267 2357 5324 IV.
2392 5269 2471 5322 Ex
2491 5267 2581 5323 his
2615 5277 2866 5338 apparet,
2891 5267 3040 5339 quod
3071 5277 3128 5324 et
3156 5267 3382 5323 aliunde
3408 5277 3644 5333 constat,
3668 5283 3792 5322 ora-

2197 5361 2406 5416 tionem
2463 5361 2624 5416 istam
2671 5361 3033 5432 compositam
3081 5376 3204 5416 esse
3255 5371 3381 5431 post
3434 5361 3790 5416 latrocinium

2197 5452 2561 5522 Ephesinum,
2582 5453 2689 5506 hoc
2711 5461 2816 5518 est,
2843 5453 2948 5508 sub
2992 5451 3157 5506 finem
3180 5452 3310 5512 anni
3335 5451 3464 5516 449,
3499 5459 3598 5505 aut
3629 5451 3789 5505 initio

2198 5544 2503 5614 sequentis.
2543 5543 2759 5598 Missam
2784 5543 2992 5613 opinor
3013 5543 3080 5598 ad
3110 5543 3340 5605 amicos,
3373 5557 3515 5612 quos
3555 5558 3671 5597 sua:
3707 5555 3794 5596 so-

1845 5661 2168 5719 SCllULZII
2209 5661 2442 5718 ΝΟΤίΕ.

581 5772 734 5851 ad
783 5773 920 5851 h.__l_.
954 5774 1602 5851 vid.Ilupitiiilgiiyfioth.
1640 5787 1780 5830 auct.
1813 5777 2092 5851 errtcsn‘t.
2123 5779 2211 5844 IV,
2243 5796 2295 5850 p.
2335 5778 2451 5836 IOO.
2517 5781 2558 5812 ³τ¹
2591 5780 2967 5851 Supplendum
3011 5796 3130 5836 csse
3163 5779 3378 5836 videtur
3418 5796 3520 5833 non
3565 5778 3788 5833 ridebat.

510 5843 555 5876 ⁸⁸
580 5842 702 5900 Vid.
749 5851 786 5899 t.
835 5844 924 5913 ill,
969 5861 1023 5916 p.
1072 5842 1227 5903 1511.
1305 5846 1344 5878 δ’
1374 5847 1493 5904 Ἥᾱ.
1538 5863 1723 5919 supra,
1765 5864 1818 5919 p.
1861 5849 1985 5917 ‘259,
2013 5849 2114 5922 ξι.
