4070 6444
263 409 382 475 ’253

1466 411 1564 474 DE
1594 413 1852 474 LIBRIS
1891 411 2397 476 THEODORETI.

3475 406 3581 472 255

277 525 449 579 cietas
499 526 669 574 SOI'lIS
719 527 778 573 et
823 516 1237 575 commiseratio
1293 518 1584 592 tangebat,
1632 527 1694 573 ut
1740 519 1876 589 ipsis
1905 536 1944 589 Α
1975 523 2166 579 codice
2206 525 2396 579 Grreco
2423 535 2608 576 versas
2634 519 2929 574 Annalibus
2970 517 3225 585 inseruit,
3269 517 3448 574 sicubi
3487 521 3582 575 lux

269 611 650 671 constantiam
684 611 944 669 suaderet
975 656 992 680 ,
1039 615 1132 668 vel
1159 629 1217 669 se
1249 613 1408 669 malis
1436 613 1705 668 invictum
1748 627 1877 684 pro-

277 705 452 762 baret.

344 795 413 851 V.
449 795 611 850 Edita
640 803 732 850 est
757 795 999 866 primum
1027 795 1214 851 Roma
1239 810 1384 849 anno
1418 794 1556 850 {580
1581 810 1611 849 a
1632 791 1880 850 Gerardo

277 886 476 943 Vossio
504 885 695 942 Graece
728 895 785 942 et
815 887 1026 953 Latine,
1050 887 1146 956 qui
1170 894 1225 942 et
1255 886 1535 942 variantes
1553 884 1728 941 Graeci
1762 892 1882 938 tex-

281 988 372 1034 tus
416 980 714 1046 lectiones,
749 979 1071 1050 scholiaque
1097 980 1367 1051 adjunxit.
1401 978 1724 1035 Versionem
1748 977 1885 1030 Vos-

280 1073 346 1127 sii
383 1073 662 1142 expolivit
702 1072 1056 1138 Sirmondus,
1096 1072 1291 1142 paucis
1329 1071 1629 1126 admodum
1654 1109 1669 1134 ,
1703 1069 1883 1126 sicubi

286 1170 518 1224 Vossius
547 1187 576 1224 a
611 1169 802 1226 Graeco
835 1167 1155 1236 deﬂexerat,
1181 1169 1428 1225 mutatis.

353 1262 445 1316 Vl.
508 1262 570 1316 In
623 1263 732 1316 hoc
778 1277 971 1332 opere,
1031 1262 1179 1332 quod
1230 1263 1562 1333 eloquentia:
1598 1263 1881 1333 specimen

287 1353 569 1435 quoddam
609 1363 724 1420 est,
782 1354 921 1409 nihil
966 1356 1190 1426 quidem
1241 1355 1490 1411 historia:
1541 1355 1882 1421 continetur,

286 1447 436 1520 quod
465 1449 736 1502 lectorem
769 1448 1012 1511 erudiat,
1043 1450 1140 1503 sed
1179 1456 1380 1519 pneter
1434 1449 1715 1503 incentiva
1770 1449 1889 1520 pie-

291 1542 442 1604 tatis,
480 1539 691 1611 quibus
741 1539 1010 1594 refertntn
1061 1549 1166 1604 est,
1201 1541 1255 1595 id
1285 1541 1452 1595 habet
1499 1539 1772 1611 dogmatis
1819 1539 1888 1594 de

299 1631 481 1692 Petro,
515 1630 606 1685 cui
655 1631 894 1700 loquens
917 1628 1172 1685 Christus
1198 1629 1542 1685 inducitur"
1579 1647 1592 1683 :
1634 1649 1651 1680 ι
1679 1628 1886 1696 Quem-

298 1722 588 1777 admodum
628 1739 733 1794 ego
756 1731 808 1776 te
837 1721 1193 1778 fluctuantem
1228 1739 1339 1777 non
1373 1722 1620 1792 despexi,
1654 1722 1729 1776 ita
1752 1730 1807 1776 et
1829 1729 1888 1776 tu

293 1813 732 1869 sustentaculum
786 1823 908 1868 esto
946 1813 1210 1871 fratribus
1264 1814 1645 1880 conturbatis;
1695 1820 1752 1867 et
1781 1829 1890 1884 quo

1989 614 2118 669 inde
2173 614 2416 669 historiae
2467 611 2746 665 afferenda
2804 609 2926 664 fuit.
2965 609 3199 664 Metiana
3254 609 3440 664 versio
3469 625 3582 663 non

1988 712 2210 768 exstat,
2254 704 2465 778 melior.
2497 701 2784 757 successit.
2834 701 2970 756 Nam
3021 699 3351 756 Sirmondus
3405 700 3581 755 altera

1988 805 2144 868 parte
2173 796 2303 851 tomi
2334 795 2478 851 tertii
2505 804 2728 850 centum
2757 793 3119 865 quadraginta
3147 802 3360 863 septem
3382 793 3578 858 edidit,

1990 900 2129 956 quas
2174 901 2242 941 ex
2287 885 2597 955 copiosiore
2653 884 2759 939 alio
2811 885 3002 940 codice
3049 885 3316 940 Vaticano
3351 883 3584 940 Latinas

1991 977 2139 1034 fecit.

2063 1069 2154 1124 lll.
2200 1069 2420 1125 Addere
2453 1069 2635 1141 potuit
2669 1069 2737 1124 ad
2770 1085 2930 1124 suum
2967 1086 3262 1125 numerum
3289 1071 3422 1125 alias
3448 1079 3582 1136 tres,

1993 1179 2132 1234 quas
2175 1165 2368 1234 rejecit
2396 1165 2452 1218 in
2483 1163 2845 1233 appendicem
2872 1163 3004 1217 tomi
3029 1163 3116 1228 IV;
3145 1179 3309 1217 unam
3333 1163 3400 1217 ad
3443 1162 3584 1232 Spo-

1993 1255 2206 1310 racium
2221 1255 2290 1310 de
2313 1254 2571 1310 Nestorio
2599 1254 2679 1320 “;
2713 1254 2942 1308 alteram
2972 1253 3039 1307 ad
3063 1253 3329 1308 Joannem
3354 1253 3584 1309 Genna-

1994 1345 2155 1401 nicice
2175 1345 2498 1416 episc0pum
2521 1346 2565 1376 “
2589 1361 2603 1412 ;
2642 1345 2862 1399 tertiam
2889 1344 2958 1399 ad
2987 1345 3252 1400 Joannem
3283 1345 3586 1400 Antioche-

1994 1452 2128 1491 num
2156 1437 2222 1501 ⁸⁷,
2251 1451 2373 1506 qua:
2392 1435 2924 1506 reprehensionibus
2957 1435 3202 1505 capitum
3232 1433 3422 1506 Cyrilli
3451 1450 3589 1505 prae-

1994 1528 2243 1599 ponitur,
2262 1543 2571 1598 quanquam
2599 1527 2776 1596 prima
2796 1526 3147 1597 supposititia
3173 1533 3277 1580 est.

2069 1619 2155 1672 IV.
2188 1618 2452 1673 Omisisse
2486 1618 2728 1682 videtur,
2785 1627 2900 1672 tum
2949 1633 3086 1687 quas
3117 1616 3344 1671 Latinas
3373 1624 3587 1670 tantum

1998 1709 2228 1778 reperit,
2255 1709 2528 1779 siquidem
2556 1709 2852 1764 accurabat
2875 1708 3177 1763 editionem
3209 1706 3587 1763 Grmco-Lati-

1999 1817 2163 1866 nam;
2199 1809 2315 1854 tum
2361 1817 2498 1871 quas
2543 1801 2724 1856 alieno
2775 1800 3000 1854 nomine
3031 1799 3415 1853 Theodoretus
3447 1797 3588 1853 scri-

289 1911 545 1958 servatus
577 1919 638 1958 es
671 1903 907 1968 auxilio,
951 1905 1060 1960 hoc
1092 1905 1207 1975 ipse
1260 1905 1383 1961 aliis
1416 1905 1742 1976 impertire;
1793 1919 1890 1958 ne-

2006 1892 2150 1962 psit,
2217 1893 2526 1963 cuiusmodi
2583 1901 2669 1947 est
2737 1891 2806 1947 ad
2858 1890 3065 1947 Rufum
3127 1890 3588 1946 Thessalonicen-

285 2007 392 2062 que
425 1993 780 2049 Iabascentes
831 1993 1102 2065 impellas,
1139 1995 1234 2050 sed
1267 1996 1418 2068 erige
1467 1996 1885 2067 periclitantes:

285 2084 497 2140 idcirco
522 2085 675 2140 cnim
706 2095 762 2141 et
791 2094 842 2142 te
869 2087 1058 2144 labare
1082 2088 1225 2154 sino,
1256 2097 1312 2144 et
1367 2089 1566 2144 cadere
1614 2105 1726 2143 non
1757 2103 1888 2158 per-

283 2179 468 2242 mitto,
500 2178 671 2250 304
712 2180 1072 2235 stabilitatem
1104 2197 1203 2252 per
1243 2189 1295 2236 te
1335 2179 1731 2236 fluctuantibus
1758 2196 1890 2250 pro-

284 2284 508 2323 curans.
545 2267 638 2324 Sic
692 2269 883 2325 orbem
920 2277 1195 2325 terrarum
1244 2271 1567 2325 universum
1616 2268 1890 2324 fluctuan-

284 2368 416 2423 tem,
452 2369 626 2428 atque
657 2359 939 2414 labantem
985 2345 1181 2432 magna
1237 2362 1353 2416 ιιωο
1386 2359 1639 2415 columna
1683 2356 1891 2414 confir-

283 2451 474 2514 mavit,
513 2459 574 2506 et
615 2459 678 2505 ut
704 2459 994 2506 corrueret
1032 2450 1280 2515 omnino,
1305 2466 1416 2505 non
1460 2448 1751 2520 permisit;
1793 2447 1890 2504 sed

280 2543 495 2606 erexit,
549 2542 919 2613 stabilemque
952 2541 1223 2609 reddidit;
1255 2557 1389 2596 oves
1418 2541 1636 2595 divinas
1664 2554 1890 2610 pascere

275 2631 487 2702 jussus,
522 2651 542 2682 ι
576 2639 686 2685 etc.

359 2722 468 2777 Vll.
513 2721 643 2777 llaec
687 2720 757 2775 de
805 2720 974 2775 Petro
1019 2720 1316 2784 sententia,
1351 2726 1411 2774 ut
1457 2727 1543 2776 est
1583 2719 1762 2775 amnis
1801 2719 1888 2785 iis,

288 2829 410 2884 qua:
441 2813 497 2867 in
532 2813 775 2883 epistola
819 2814 924 2869 115
967 2813 1328 2885 appellatoria
1362 2812 1431 2867 ad
1460 2821 1712 2868 sanctum
1747 2812 1891 2867 Leo-

298 2921 425 2960 nem
468 2906 769 2971 habentur,
811 2906 889 2962 ita
948 2922 1062 2962 non
1114 2905 1350 2961 obscure
1401 2904 1648 2960 ostendit
1693 2903 1891 2958 eodem

294 2999 413 3054 fere
457 3007 705 3070 tempore
749 3010 809 3056 et
840 3000 1152 3056 orationem
1193 3008 1251 3056 et
1291 2998 1584 3069 epistolam
1627 2995 1892 3068 scriptam

289 3108 411 3148 esse

360 3185 500 3240 Vlll.
535 3186 663 3242 Non
693 3193 779 3242 est
815 3184 1262 3256 praetereundum
1314 3182 1557 3249 silentio,
1613 3181 1761 3253 quod
1815 3189 1894 3237 ta-

1995 2000 2133 2048 sem,
2160 1992 2270 2040 εις.

2067 2077 2229 2147 305
2252 2079 2313 2134 V.
2335 2077 2538 2133 Omnes
2566 2093 2668 2148 ego
2690 2077 3165 2148 rcprmsentandas
3185 2077 3372 2143 credo,
3391 2077 3588 2147 partim

1995 2184 2066 2224 ne
2089 2169 2221 2238 quid
2253 2170 2466 2224 auctori
2496 2185 2597 2224 suo
2625 2170 2970 2236 detrahatur;
3003 2169 3227 2240 partim,
3274 2178 3331 2224 ct
3371 2185 3440 2224 eo
3469 2169 3593 2239 qui-

1997 2263 2124 2317 dem
2154 2263 2410 2326 maxime,
2438 2261 2589 2332 quod
2618 2262 2885 2318 addenda:
2907 2263 3020 2317 sint
3048 2262 3259 2332 plures,
3293 2262 3408 2317 sive
3454 2278 3595 2332 quas

1997 2354 2270 2410 Mercator
2301 2354 2539 2410 inseruit
2560 2355 2676 2409 suis
2710 2354 3087 2418 eollectaneis,
3126 2356 3242 2410 sive
3266 2370 3388 2426 qua:
3410 2355 3464 2409 in
3491 2362 3595 2410 ter-

1999 2446 2088 2501 tia:
2107 2455 2163 2500 et
2192 2445 2399 2514 quintae
2433 2443 2626 2516 synodi
2654 2443 2806 2498 Actis
2835 2444 3211 2515 reperiuntur.

2070 2537 2158 2592 Vl.
2188 2537 2378 2592 Visum
2409 2551 2630 2607 quoque
2657 2545 2743 2590 est
2776 2535 2829 2589 id
2875 2544 3160 2606 praestare,
3195 2536 3343 2606 quod
3399 2536 3493 2590 alii
3537 2535 3594 2591 in

2000 2627 2330 2698 colligendis
2355 2626 2590 2680 aliorum
2626 2625 2962 2696 scriptorum
2990 2626 3242 2695 epistolis
3271 2626 3471 2690 solent,
3493 2625 3594 2680 da-

2000 2727 2084 2776 tas
2135 2722 2347 2777 scilicet
2384 2720 2454 2776 ad
2515 2719 2927 2774 Theodoretum
2977 2719 3221 2775 inserere
3275 2737 3287 2772 :
3330 2719 3384 2773 id
3442 2718 3596 2774 enim

1999 2813 2248 2869 historia:
2294 2829 2406 2867 non
2443 2811 2798 2868 mediocriter
2829 2812 3088 2882 prodest;
3119 2828 3436 2882 quanquam
3464 2811 3596 2868 inde

1999 2922 2110 2962 non
2141 2905 2434 2978 augebitur
2455 2905 2754 2960 admodum
2774 2905 3147 2975 Epistolarum
3171 2905 3330 2970 liber,
3356 2920 3484 2960 cum
3505 2905 3597 2959 vix

2001 3007 2116 3054 tres
2143 3006 2239 3053 aut
2267 3005 2506 3069 quatuor
2532 2998 2777 3068 reperire
2800 2998 3099 3068 potuerim.

2072 3093 2184 3149 VII.
2211 3092 2326 3148 Etsi
2350 3108 2518 3163 porro
2539 3091 2792 3146 ordinem
2818 3107 3226 3160 numerumque
3251 3108 3282 3146 a
3303 3091 3599 3147 Sirmondo

2002 3184 2366 3240 constitutum
2385 3182 2638 3254 religiose
2669 3181 3022 3237 retinendum
3057 3191 3214 3252 puto,
3244 3183 3443 3252 partim
3470 3199 3600 3254 pro-

285 3295 415 3335 mcn
469 3295 641 3334 nemo
677 3293 788 3334 non
839 3285 1023 3348 potest
1061 3277 1206 3332 inter
1238 3275 1532 3348 legendum
1573 3275 1890 3339 observare,
1921 3277 1964 3337 ϐ
1998 3287 2122 3348 pter
2157 3276 2364 3332 citandi
2400 3292 2560 3332 usum
2612 3277 2681 3332 ab
2727 3277 2966 3332 eruditis
3008 3286 3329 3347 receptum:
3363 3277 3599 3332 alterum

284 3370 342 3426 in
400 3371 509 3426 hac
559 3370 812 3426 oratione
865 3369 1151 3425 charitatis
1182 3376 1462 3433 naturam,
1496 3368 1892 3439 prmstantiam,

284 3461 514 3526 ellccta,
540 3470 600 3516 et
617 3463 844 3516 eausas‘
871 3460 1094 3530 copiose
1109 3457 1344 3529 exponi;
1375 3458 1584 3512 nullam
1606 3465 1789 3513 tamen
1811 3457 1897 3511 in-

286 3566 374 3610 ter
421 3569 627 3609 causas
671 3552 1012 3607 mentionem
1051 3551 1171 3606 ﬁeri
1213 3549 1404 3621 gratia:
1443 3549 1750 3614 interioris,
1788 3565 1896 3620 qua

285 3645 637 3702 diﬂ‘unditnr
671 3644 914 3698 cbaritas
948 3643 1006 3696 in
1049 3641 1312 3698 cordibus
1358 3641 1563 3696 nostris
1611 3657 1642 3710 ξι
1685 3641 1896 3711 Spiritu

286 3747 513 3802 sancto,
550 3737 648 3792 sed
677 3735 997 3790 memoriam
1015 3734 1283 3788 duntaxat
1310 3740 1662 3803 acceptorum
1690 3731 1900 3787 benefi-

287 3834 537 3896 ciorum,
565 3829 948 3900 exemplorum
974 3827 1180 3884 Christi
1205 3835 1262 3882 et
1289 3836 1632 3890 sanctorum,
1661 3826 1900 3896 promis-

291 3926 521 3980 sionum
559 3933 615 3979 et
647 3924 853 3993 legum,
883 3938 1005 3993 quae
1027 3920 1306 3992 pertinent
1335 3919 1521 3974 omnia
1555 3918 1625 3973 ad
1668 3919 1899 3989 gratiam

293 4018 473 4072 solam
504 4016 644 4087 legis
683 4023 739 4070 et
767 4013 1054 4070 doctrinae.
1080 4013 1284 4067 Verum
1315 4011 1384 4067 de
1418 4011 1525 4066 hoc
1553 4010 1897 4084 diligentius,

291 4125 425 4166 cum
453 4108 524 4164 de
568 4107 678 4164 fide
717 4105 1055 4163 Theodoreti
1091 4105 1330 4160 dicetur.

721 4243 750 4317 §
783 4245 847 4300 V.
874 4241 1133 4314 Epistola:
1153 4241 1480 4297 Theodoreti.

367 4379 413 4435 I.
439 4377 794 4448 Nieephorns
825 4375 1086 4432 Callistus
1123 4375 1318 4430 scribit
1340 4389 1399 4430 se
1421 4373 1686 4445 epistolas
1716 4372 1902 4430 Theo-

296 4470 485 4527 doreti
534 4486 703 4540 supra
745 4469 1078 4539 quingentas
1128 4474 1352 4522 nactum
1394 4480 1537 4530 esse,
1591 4479 1798 4535 easque
1847 4472 1904 4519 et

297 4564 514 4635 Optime
545 4569 602 4617 et
630 4561 700 4616 ad
734 4559 911 4616 Graeci
958 4558 1234 4615 sermonis
1259 4558 1501 4613 nitorem
1544 4557 1899 4628 compositas.

2000 3379 2183 3426 tamen
2227 3369 2617 3442 chronologica
2661 3369 2886 3442 synopsi
2929 3369 3307 3425 exhibendum
3355 3386 3504 3436 reor,
3539 3379 3602 3425 ut

1999 3462 2128 3518 inde
2154 3463 2331 3533 majus
2356 3462 2543 3517 lumen
2567 3463 2814 3518 historiae
2835 3463 3174 3518 afl‘undatur.
3204 3464 3418 3534 Aliquae
3444 3473 3596 3529 sunt,

1998 3554 2197 3621 fateor,
2233 3555 2301 3610 de
2336 3555 2541 3626 quibus
2564 3555 2730 3611 statui
2750 3556 2840 3611 vix
2871 3556 3103 3626 aliquid,
3143 3565 3239 3612 aut
3271 3556 3464 3621 refert,
3505 3565 3602 3611 aut

2000 3647 2166 3702 etiam
2194 3656 2393 3718 potest.
2424 3647 2560 3704 Tres
2587 3655 2771 3704 autem
2800 3650 3150 3705 characteres
3170 3650 3225 3704 in
3247 3650 3480 3721 singulis
3504 3649 3605 3705 ob-

2001 3737 2302 3793 servandos
2331 3738 2521 3806 credo,
2545 3739 2699 3806 anni,
2728 3739 2858 3796 festi
2895 3749 2951 3795 et
2976 3757 3246 3811 personae.
3287 3741 3434 3796 Festi
3464 3741 3600 3804 dixi,

2001 3840 2228 3902 propter
2258 3832 2626 3888 hcortasticas
2645 3875 2659 3899 ,
2693 3851 2832 3904 quas
2855 3835 3126 3905 plurimas
3148 3836 3373 3906 scripsit
3409 3835 3604 3890 amicis

2003 3925 2072 3981 de
2095 3941 2268 3989 more,
2294 3933 2356 3980 ut
2380 3933 2632 3996 peractos
2663 3925 2783 3981 dies
2807 3925 2978 3981 festos
2994 3927 3390 3996 gratularetur.

2074 4017 2210 4072 Vlll.
2266 4017 2533 4071 Distribui
2577 4017 2867 4072 commode
2911 4027 3145 4087 possunt
3177 4035 3390 4083 omnes,
3419 4021 3602 4089 quoad

2003 4119 2256 4165 nostrum
2287 4108 2593 4179 negotium,
2621 4109 2758 4163 duas
2783 4109 2838 4162 in
2862 4117 3050 4178 partes
3081 4108 3145 4173 ⁵⁸,
3182 4109 3596 4176 historicarum,

2005 4210 2064 4257 et
2111 4200 2673 4256 non-historicarum.
2719 4199 3020 4255 Historicas
3075 4199 3220 4266 dico,
3277 4216 3418 4271 quin,
3476 4217 3604 4255 cum

2005 4293 2248 4348 habeant
2303 4293 2570 4363 temporis
2611 4301 2707 4347 aut
2730 4308 2982 4364 personae
3030 4301 3216 4348 notam
3239 4335 3253 4359 ,
3291 4293 3604 4349 conducere

2005 4393 2239 4454 possunt
2268 4385 2338 4439 ad
2374 4383 2709 4438 Theodoreti
2763 4383 3170 4439 ecclesiasticas
3223 4383 3602 4439 illustrandas.

2007 4474 2124 4529 Hoc
2156 4489 2358 4544 genere
2382 4474 2720 4546 dogmaticas
2755 4491 2977 4545 quoque
3009 4475 3369 4545 complector.

2079 4564 2170 4620 IX.
2203 4565 2263 4620 In
2291 4565 2503 4633 codice,
2529 4582 2640 4636 quo
2673 4581 2808 4622 usus
2847 4574 2935 4622 est
2965 4567 3254 4633 Baronius,
3300 4575 3357 4622 et
3388 4567 3443 4620 in
3483 4566 3608 4622 aliis

300 4656 549 4711 Dubium
572 4695 588 4718 ,
618 4669 690 4708 an
717 4661 936 4708 certum
966 4666 1261 4707 numerum
1306 4650 1597 4721 designare
1642 4649 1902 4715 νοιυθτίῐ,
1934 4627 1985 4686 D
2011 4673 2151 4728 quos
2167 4657 2302 4720 vidi,
2331 4659 2564 4728 epistola
2586 4658 2653 4714 ad
2682 4659 3007 4729 Sporacium
3049 4659 3118 4713 de
3147 4659 3404 4714 Nestorio
3425 4659 3603 4713 omni-

301 4757 400 4803 aut
423 4747 761 4818 quingentas
781 4744 1006 4809 dixerit,
1035 4759 1148 4814 quo
1181 4757 1332 4798 more
1359 4741 1542 4796 Latini
1574 4742 1754 4797 solent
1780 4758 1907 4798 sex-

303 4850 500 4896 centas
549 4854 651 4908 pro
685 4837 960 4907 plurimis,
1003 4849 1239 4906 quarum
1265 4849 1536 4890 numerus
1573 4833 1664 4888 vix
1689 4832 1909 4889 definiri

305 4941 495 5002 queat.
546 4930 684 4987 Utut
702 4939 809 4995 est,
852 4929 1057 4984 multas
1101 4935 1318 4983 constat
1372 4928 1626 4998 periisse,
1671 4943 1907 4998 quarum

304 5025 700 5082 Theodoretus
750 5024 868 5094 ipse
903 5023 1178 5079 meminit.
1232 5023 1527 5078 Perierunt
1563 5029 1738 5089 certe,
1770 5037 1908 5093 quas

307 5118 604 5188 scripsisse
638 5131 698 5170 se
749 5115 916 5169 tradit
965 5122 1022 5168 et
1052 5114 1122 5168 ad
1169 5112 1456 5185 Cyrillum,
1491 5121 1548 5168 et
1593 5113 1662 5167 ad
1704 5129 1908 5185 anony-

305 5225 460 5265 muin
492 5209 565 5274 ⁸³,
596 5208 688 5263 cui
710 5206 973 5278 legendos
1000 5205 1443 5260 Commentarios
1462 5204 1518 5258 in
1546 5205 1778 5260 Paulum
1803 5205 1907 5259 mi-

307 5311 458 5356 serat
479 5301 550 5364 ⁵³,
587 5308 646 5354 et
669 5297 738 5353 ad
765 5297 1140 5369 Eugraphiam
1201 5304 1262 5352 et
1307 5295 1377 5350 ad
1405 5297 1733 5354 Dioscorum
1759 5298 1903 5365 dum,

302 5403 413 5451 εις.

379 5485 446 5540 ll.
474 5485 677 5540 Plures
698 5482 973 5539 Baronius
1001 5497 1033 5537 a
1056 5478 1324 5536 Federico
1353 5478 1520 5538 Metio
1548 5497 1616 5537 ex
1642 5483 1907 5540 Vaticano

2012 4750 2119 4806 bus
2151 4751 2526 4822 praeponitur;
2557 4752 2655 4808 sed
2681 4769 2712 4807 a
2741 4752 3042 4808 Sirmondo
3075 4752 3279 4823 rejecta
3307 4752 3470 4806 estin
3508 4767 3609 4822 ap-

2013 4841 2328 4912 pendicem,
2363 4849 2420 4896 et
2455 4842 2680 4913 quidem
2717 4843 2942 4909 merito,
2968 4857 3097 4898 cum
3133 4841 3484 4913 supposititia
3514 4841 3605 4908 sit,

2018 4941 2078 4987 ut
2103 4948 2205 4988 suo
2229 4933 2350 4988 loco
2374 4932 2788 4988 demonstratur
2809 4935 2875 4988 δ’.

2005 5093 2008 5095 Α
2089 5022 2160 5078 Χ.
2196 5023 2346 5078 Nihil
2372 5023 2553 5078 hocin
2583 5038 2787 5094 genere
2815 5022 3095 5078 scribendi
3121 5021 3458 5094 perfectius:
3481 5035 3610 5074 nam

2013 5132 2138 5186 quae
2163 5125 2293 5171 sunt
2319 5116 2679 5186 epistolarqu
2703 5116 2954 5180 virtutes,
2996 5115 3260 5180 brevitas,
3306 5112 3611 5185 perspicui-

2015 5220 2117 5273 tas,
2159 5207 2452 5278 elcgantia,
2472 5208 2779 5273 urbanitas,
2812 5207 3101 5272 modestia,
3135 5204 3482 5260 observantia
3507 5203 3609 5257 de»

2013 5301 2151 5366 cori,
2177 5307 2234 5356 et
2274 5300 2554 5372 ingeniosa
2592 5300 2944 5371 prudensque
2993 5315 3059 5354 ac
3087 5298 3305 5353 erudita
3344 5294 3608 5366 simplici.-

2016 5403 2119 5460 tas,
2149 5394 2205 5448 in
2227 5395 2475 5464 epistolis
2493 5391 2826 5448 Theodoreti
2848 5392 3246 5447 admirabiliter
3265 5392 3339 5446 ita
3363 5390 3604 5455 elucent,

2016 5493 2079 5540 ut
2111 5485 2482 5542 scribentibus
2505 5484 2758 5556 exemplo
2785 5499 2906 5539 esse
2927 5484 3161 5554 possint.

1717 5619 2037 5678 SCIIULZII
2079 5620 2312 5678 NOTAE.

379 5763 423 5844 δξ
447 5762 576 5844 Vid.
601 5769 643 5816 t.
674 5761 847 5844 ΙΙΙ-,αρε
1085 5763 1468 5844 uepist.
1696 5761 1819 5818 Vid.
1863 5761 2036 5844 epist_._
2189 5761 2234 5794 ⁸⁸
2270 5761 2597 5844 ᾼρήξροναε.
2627 5761 2980 5844 Vid._supra,
3021 5769 3058 5815 t.
3083 5760 3172 5844 IV,
3201 5761 3422 5844 ρξ’]ρῇ
3449 5777 3603 5844 seng

307 5835 352 5907 ξ
381 5835 464 5907 ΑΔ
501 5833 708 5887 Joauu.
736 5834 856 5887 Vid.
887 5835 1020 5907 ibid.
1060 5852 1112 5907 p7.
1149 5837 1286 5907 “75
1324 5833 1478 5907 seqq.

305 5903 560 5960 Biblioth.
607 5914 752 5958 auct.
794 5905 973 5962 cedes.
1011 5903 1179 5968 ιξιν,
1210 5923 1264 5980 p.
1312 5903 1417 5963 lll'
1443 5903 1564 5979 seq.

1555 5836 1599 5866 ³⁷
1632 5833 1783 5905 Hanc
1803 5833 1956 5905 Avide
2002 5833 2161 5896 ibid.,
2192 5849 2253 5905 p.
2280 5833 2416 5905 I288
2437 5848 2589 5905 seqq.

1645 5905 1688 5937 η
1716 5903 1838 5962 Vid.
1877 5903 2038 5974 infra,
2082 5903 2202 5976 cap.
2229 5903 2282 5974 8,
2311 5904 2411 5978 §2.

2669 5832 2714 5866 ”
2736 5832 2884 5890 Duas
2919 5833 2974 5890 in
3001 5841 3198 5908 partes.
3235 5833 3357 5890 Vid.
3385 5832 3607 5904 Dupinii
