4070 6450
537 346 643 412 255

746 458 999 529 Epistolw
1026 466 1231 534 priores
1266 466 1386 522 dua:
1415 468 1487 522 ad
1518 485 1862 542 anonymum.

604 570 645 625 l.
680 571 758 626 Ad
789 575 1026 629 amicum
1045 577 1283 647 aliquem
1310 580 1534 637 miserat
1556 563 1938 643 Theod'oretus
1955 587 2117 644 Com-

538 663 833 719 mentarios
860 681 989 721 suos
1033 668 1089 722 in
1118 670 1462 740 Apostolum,
1505 675 1706 733 litteris
1747 690 2024 749 precatus,
2054 692 2117 739 ut

537 753 1020 822 ferretjudicium;
1046 761 1258 816 remisit
1287 762 1377 817 ille
1402 766 1696 834 perlectos,
1726 786 1830 826 nec
1843 772 2115 843 judicium

534 840 876 913 significavit.
931 847 1223 905 Silentium
1254 852 1649 925 interpretatus
1680 871 1766 917 est
1796 840 2114 919 Theodore-

537 941 623 986 tus
665 933 815 989 velut
856 936 1144 995 honestam
1193 942 1681 1017 improbationem;
1743 953 1880 1021 petit
1925 956 2115 1012 alteris

537 1020 733 1077 litteris
759 1025 1049 1095 judicium,
1099 1033 1475 1105 cujuscunque
1515 1040 1663 1094 modi
1701 1020 1891 1109 fuerit,
1937 1045 2007 1101 ad
2053 1062 2112 1102 se

537 1111 696 1165 mitti.
726 1115 1029 1187 Rescripsit
1059 1122 1269 1178 amicus
1316 1123 1612 1186 immensas
1652 1134 1835 1202 operis
1879 1135 2109 1205 laudes;

534 1200 632 1256 bas
683 1204 883 1261 minuit
927 1210 1103 1266 tertiis
1146 1213 1345 1270 litteris
1371 1200 1768 1289 Theodorctus,
1813 1240 1881 1279 ex
1909 1200 2111 1284 affectu

535 1293 699 1348 animi
744 1295 1022 1356 laudantis
1061 1305 1245 1372 potius
1295 1322 1457 1376 quam
1500 1326 1568 1363 ex
1616 1313 1800 1382 operis
1848 1315 2111 1386 dignitate

533 1384 803 1450 profectas
836 1402 1110 1448 causatus.
1154 1395 1490 1453 lnterierunt
1520 1401 1713 1471 prima:
1746 1421 1759 1457 :
1804 1384 1929 1460 aliis
1970 1406 2111 1462 dua-

533 1473 656 1568 bus,
687 1475 850 1550 306
872 1484 1173 1549 praesertim
1196 1490 1616 1560 posterioribus,
1646 1495 1787 1549 nihil
1806 1496 2112 1568 elegantius

530 1577 587 1621 et
619 1566 979 1639 ingeniosius.

600 1658 665 1713 ll.
703 1659 920 1752 Certam
966 1666 1171 1724 habent
1197 1672 1349 1738 anni,
1402 1675 1497 1730 sed
1555 1676 1779 1733 dubiam
1806 1682 1822 1701 ⁶
1862 1695 2110 1752 pel-sonte

532 1753 713 1800 notam
752 1767 764 1802 :
812 1751 950 1808 datm
995 1766 1124 1811 sunt
1163 1760 1312 1813 enim
1365 1763 1529 1831 paulo
1574 1774 1698 1834 post
1728 1751 2012 1825 absolutos
2052 1771 2108 1826 in

532 1838 847 1906 Apostolum
881 1846 1342 1917 Commentarios,
1388 1853 1440 1908 id
1471 1864 1593 1921 est,
1628 1858 1849 1914 circiter
1900 1876 2104 1916 annum
2142 1825 2180 1877 Β

528 1927 651 1983 453.
679 1931 813 1987 Nam
844 1937 1231 1994 Commentarii
1263 1944 1544 2011 pertinent
1574 1949 1642 2003 ad
1683 1949 1831 2005 hunc
1878 1967 2106 2021 annum,

530 2025 590 2069 ut
611 2034 710 2073 suo
738 2021 859 2075 loco
887 2024 1195 2081 confectum
1226 2040 1311 2084 est
1338 2032 1403 2085 ³ο.

599 2111 686 2166 ΙΙΙ.
718 2114 974 2173 Divinare
1009 2120 1099 2173 vix
1126 2122 1257 2177 licet
1289 2124 1357 2178 ad
1382 2141 1547 2194 quem
1592 2128 1774 2183 missa:
1802 2128 1911 2183 sint
1941 2147 1954 2183 :
1984 2145 2106 2185 cre-

528 2204 696 2259 dibile
736 2214 948 2262 tantum
985 2219 1067 2266 est
1119 2212 1284 2269 fuisse
1316 2216 1656 2287 episcopum,
1698 2220 1900 2290 quippe
1942 2236 2106 2290 quem

529 2296 833 2354 sanctitatis
855 2301 1075 2358 nomine
1099 2306 1406 2374 compellat.
1437 2308 1602 2375 Quid,
1627 2310 1673 2365 si
1700 2310 1871 2366 fuerit
1894 2313 2106 2369 Euthe—

529 2382 644 2436 rius
699 2383 1031 2456 Tyanensis,
1076 2406 1316 2460 quocum
1370 2409 1562 2466 magna
1614 2396 1718 2451 fuit
1757 2398 2107 2455 Theodorcto

530 2472 838 2531 studiorum
869 2479 1124 2546 societas,
1150 2490 1206 2536 et
1227 2483 1483 2540 amicitiae
1511 2488 1896 2544 necessitudo?

794 2591 1036 2663 Epistula
1068 2596 1101 2649 5
1129 2596 1200 2650 ad
1237 2596 1500 2652 Ircnwum
1523 2600 1842 2672 episcopum.

596 2724 635 2780 l.
669 2726 806 2782 Nota
831 2745 1079 2799 persona:
1108 2732 1254 2787 clara
1278 2741 1361 2789 est
1395 2753 1405 2787 :
1436 2751 1561 2790 nam
1620 2736 1945 2794 inscribitur
1983 2738 2101 2795 Ire-

526 2835 638 2871 meo
669 2821 924 2893 episcopo.
958 2824 1083 2877 Fuit
1116 2824 1207 2879 ille
1247 2826 1485 2896 primum
1516 2842 1720 2895 comes,
1754 2837 1867 2885 tum
1900 2826 1967 2887 ex
2006 2847 2102 2887 co-

525 2912 655 2966 mite
686 2914 979 2985 cpiscopus
1024 2915 1241 2989 Tyrius.
1295 2918 1472 2989 ipsius
1504 2924 1712 2977 mentio
1761 2923 1821 2978 ﬁt
1863 2924 1918 2979 in
1952 2926 2103 2982 Actis

522 3003 741 3056 concilii
765 3004 1048 3074 Ephesini,
1080 3007 1147 3062 ad
1192 3008 1338 3079 quod
1368 3026 1493 3065 cum
1522 3013 1696 3069 altero
1724 3017 1924 3071 comite
1957 3016 2102 3073 Can-

521 3090 747 3149 didiano
777 3096 961 3163 venit,
996 3097 1109 3168 ipse
1143 3099 1364 3170 quidem
1415 3102 1566 3158 velut
1594 3106 1805 3162 amicus
1841 3108 2099 3175 Nestorii,

518 3186 890 3245 (Iandidianus
919 3208 1049 3247 vero
1081 3209 1205 3248 cum
1236 3204 1506 3266 potestate
1550 3199 1868 3270 cognituris.
1914 3201 2103 3258 Partes

521 3276 688 3345 igitur
728 3278 966 3335 Nestorii
1011 3285 1264 3349 consilio,
1298 3285 1591 3353 industria,
1617 3297 1673 3344 et
1698 3290 1963 3363 dignitate
1997 3309 2100 3348 no-

522 3368 685 3424 minis
703 3370 962 3441 ardentcr
990 3373 1151 3441 fovit;
1185 3393 1294 3431 non
1322 3378 1522 3449 Ephesi
1551 3388 1781 3449 tantum,
1807 3384 1903 3440 sed
1934 3385 2099 3441 etiam

518 3460 1011 3533 Constantinopoli,
1045 3481 1154 3535 quo
1198 3469 1399 3525 missus
1431 3480 1515 3526 est
1546 3488 1575 3527 a
1608 3474 2004 3543 schismaticis,
2029 3477 2098 3533 ad

519 3548 890 3606 deludcndum
935 3554 1321 3624 imperatorem
1343 3601 1356 3625 ,
1386 3560 1514 3616 dum
1555 3563 1757 3635 Ephesi
1790 3582 1878 3622 res
1907 3584 2099 3640 agere-

523 3649 630 3694 tur.

588 3728 652 3783 Il.
682 3732 942 3788 Eamdem
975 3734 1267 3793 factionem
1292 3758 1401 3796 non
1430 3744 1612 3801 minus
1633 3746 1775 3817 juvit
1793 3747 2098 3805 Antiochia:

518 3832 728 3892 postea,
761 3841 871 3894 quo
898 3836 1142 3899 tempore
1177 3832 1434 3891 infandus
1463 3838 1552 3893 ille
1580 3839 1827 3910 Deiparae
1853 3839 2094 3895 Christi-

519 3927 627 3982 que
655 3914 828 3971 hostis
855 3917 1139 3976 Nestorius
1163 3938 1193 3977 e
1232 3938 1333 3979 suo
1362 3928 1539 3983 sancti
1578 3928 1841 3998 Euprepii
1872 3945 2094 3985 secessu

520 4003 707 4060 turbas
728 4006 872 4063 ciere
901 4012 1181 4081 pergebat.
1204 4014 1285 4069 Ob
1311 4017 1461 4073 hunc
1487 4019 1716 4089 impium
1739 4020 1982 4075 favorem
2016 4021 2097 4077 of-

514 4093 691 4151 fendit
731 4097 1081 4170 imperatoris
1133 4106 1416 4176 animum;
1469 4110 1704 4180 ideoque
1743 4113 1999 4168 redactus
2038 4114 2092 4168 in

515 4186 788 4252 ordinem,
837 4200 893 4245 et
935 4193 1144 4263 ejectus
1173 4197 1317 4263 aula,
1359 4200 1416 4253 in
1449 4198 1661 4271 Syriam
1719 4206 1966 4272 secessit,
1997 4205 2091 4261 ubi

516 4278 807 4336 Phoenicim
830 4284 1211 4356 episcoporum
1241 4289 1485 4357 decreto,
1520 4293 1812 4350 ordinante
1842 4294 2094 4353 Theodo-

442 4436 455 4446 ~
514 4380 653 4435 reto,
680 4371 857 4443 Tyria:
884 4376 1122 4435 civitatis
1140 4382 1519 4453 episcopatum
1542 4388 1855 4455 capessivit.

583 4463 672 4518 lli.
702 4466 878 4536 [psum
904 4478 1083 4525 tamen
1110 4488 1221 4529 non
1255 4474 1348 4529 diu
1384 4477 1596 4531 tenuit:
1624 4492 1749 4532 nam
1792 4477 2092 4551 imperator
2126 4500 2169 4554 ι)

509 4571 651 4626 aegre
676 4554 858 4613 ferens
877 4561 1200 4618 Phoenicum
1227 4574 1284 4620 et
1312 4565 1647 4623 Theodoreti
1676 4570 1904 4637 tactum,
1929 4573 2093 4643 jussit

508 4645 773 4701 Irenaeum
799 4650 1038 4721 deponi;
1069 4655 1331 4725 primum,
1365 4658 1514 4727 quod
1547 4658 1894 4729 imperatori,
1924 4678 2090 4732 quem

508 4735 831 4806 offenderat,
859 4736 1059 4798 e‘xosus
1088 4754 1271 4810 esset;
1311 4745 1533 4811 deinde,
1560 4749 1709 4818 quod
1732 4750 1959 4806 haeresis
1982 4751 2093 4807 Ne-

507 4830 763 4886 storiante
807 4835 1030 4891 nomine
1076 4847 1397 4908 suspectus;
1451 4839 1713 4912 denique,
1742 4842 1890 4913 quod
1937 4843 2092 4914 diga-

508 4938 648 4978 lilUS.

577 5016 663 5072 lV.
698 5019 1050 5088 Imperatoris
1090 5019 1170 5074 ira
1202 5020 1259 5075 in
1301 5022 1506 5077 [remeo
1542 5039 1654 5079 non
1687 5025 1858 5090 stetit,
1891 5027 1988 5082 sed
2017 5028 2086 5084 ad

506 5106 795 5166 l’bmnices
839 5111 1130 5182 episcopos
1189 5120 1246 5166 et
1291 5112 1710 5170 Theodoretum
1765 5119 2033 5187 pertinuit
2069 5140 2081 5175 :

505 5198 627 5255 illos
645 5201 793 5255 enim
821 5201 1067 5272 jnssitde
1095 5201 1202 5257 ﬁde
1229 5205 1434 5260 sentire
1465 5216 1674 5276 aperte,
1700 5209 1847 5278 quod
1876 5210 1931 5264 in
1959 5228 2084 5267 san-

503 5288 699 5344 cienda
722 5304 856 5360 pace
878 5298 1144 5347 statutum
1160 5301 1298 5347 erat.
1332 5294 1501 5349 Istum
1535 5300 1708 5352 vetuit
1732 5301 1920 5370 egredi
1946 5302 2082 5358 ﬁnes

501 5380 647 5451 Cyri,
683 5395 806 5451 qum
838 5382 1020 5436 omnia
1063 5384 1449 5456 intelliguntur
1496 5404 1564 5443 ex
1604 5391 1835 5461 epistola
1873 5394 1974 5448 ΗΟ
2024 5404 2083 5450 et

501 5472 642 5528 aliis.
1386 5516 1391 5520 ε
1840 5528 1841 5531 η

577 5560 907 5635 “Contigit
940 5563 1127 5622 lrentei
1176 5569 1449 5628 ordinatio
1502 5590 1646 5631 anno
1687 5577 1910 5634 circiter
1950 5579 2079 5643 4—H,

1674 361 2050 427 GARNERII
2090 366 2588 433 DISSERTATIO
2619 373 2701 434 II.

3696 386 3805 453 256

2142 479 2189 535 Α
2215 474 2486 547 depositio
2526 489 2652 550 post
2696 482 3158 555 quadriennium;
3185 488 3548 560 depositionis
3581 502 3806 567 tempus

2218 568 2572 638 consignatur
2599 573 2783 630 edicto
2820 584 3138 646 przetorum,
3188 579 3380 636 indict.
3421 584 3470 648 l,
3501 600 3646 642 anno
3666 586 3802 644 Dio-

2216 658 2438 715 cletiani
2470 663 2589 731 164,
2627 668 2721 736 qui
2751 676 2836 723 est
2862 668 3066 725 Christi
3095 672 3219 727 448.
3245 671 3533 732 Ordinatio
3576 690 3803 748 peracta

2216 761 2301 805 est
2326 762 2453 808 ante
2485 755 2698 812 obitum
2734 760 2937 826 Procli,
2972 762 3067 832 qui
3097 763 3334 820 decessit
3380 781 3526 823 anno
3558 769 3681 835 ω,
3706 770 3800 826 die

2215 840 2285 899 24
2316 842 2607 916 Octobris;
2644 849 2755 904 imo
2802 859 2928 907 ante
2968 855 3328 922 sanctionem,
3384 875 3493 928 qua
3547 861 3800 918 Theodo-

2216 945 2367 992 retus
2409 938 2554 1010 Cyro
2609 943 3077 1013 concludebatur;
3130 947 3256 1003 data
3295 966 3431 1006 vero
3461 961 3546 1007 est
3587 955 3801 1010 sanctio

2215 1043 2360 1084 anno
2403 1031 2528 1096 «545,
2584 1033 2688 1087 sub
2737 1032 2921 1089 ﬁnem.
2948 1036 3084 1091 Nam
3114 1038 3343 1095 Proclus
3384 1043 3798 1104 ordinationem

2214 1119 2485 1186 probavit,
2511 1130 2566 1175 et
2597 1121 2980 1179 'l‘heodoretus
3004 1134 3128 1195 post
3164 1131 3502 1187 sanctionem
3530 1149 3590 1189 se
3619 1139 3800 1193 conti-

2213 1210 2334 1263 nuit
2360 1208 2519 1281 Cyro,
2549 1227 2651 1266 nec
2668 1215 2902 1282 proinde
2938 1214 3137 1286 Tyrum
3168 1220 3448 1287 profectus
3465 1235 3567 1280 est.

2285 1292 2371 1352 VI.
2404 1298 2482 1354 Ex
2503 1302 2605 1356 hac
2626 1302 2876 1370 historia,
2906 1308 3135 1379 ipsoque
3164 1312 3410 1381 cpistola:
3447 1327 3797 1386 argumento,

2213 1384 2689 1463 innotescit307
2717 1403 2951 1466 tempus,
3000 1415 3111 1469 quo
3162 1401 3288 1457 data
3315 1411 3402 1459 est
3452 1422 3465 1458 ε
3506 1384 3632 1460 nam
3667 1384 3799 1474 cum

2212 1481 2569 1550 qutestionem
2599 1483 2738 1540 hanc
2759 1487 3158 1559 :enigmaticam
3180 1492 3421 1549 lrentens
3444 1494 3802 1552 Theodoreto

2210 1572 2636 1641 proposuisset:
2674 1594 2691 1626 ι
2747 1574 2803 1632 Si
2838 1577 3007 1649 judex
3050 1580 3254 1651 impius
3311 1583 3528 1640 duobus
3573 1587 3803 1655 pietatis

2210 1659 2433 1718 athletis
2457 1665 2736 1735 cptionem
2779 1667 3032 1736 dederit,
3085 1681 3147 1727 ut
3175 1673 3410 1731 duorum
3440 1675 3674 1732 alterum
3716 1680 3804 1735 fa-

2210 1750 2377 1817 ciant,
2405 1764 2499 1810 aut
2538 1757 2848 1814 sacriﬁcent
2868 1759 3232 1827 daemonibus,
3262 1775 3359 1820 aut
3396 1781 3516 1822 sese
3545 1767 3599 1821 in
3642 1784 3803 1826 mare

2210 1842 2344 1898 dent
2367 1848 2674 1917 praecipites
2702 1868 2714 1903 :
2749 1860 2915 1921 atque
2949 1853 3145 1909 horum
3178 1873 3323 1912 unus
3354 1861 3633 1927 posterius
3656 1864 3804 1917 arri-

2212 1934 2416 2002 puerit,
2443 1937 2814 2009 alacriterque
2849 1941 2906 1995 in
2934 1942 3272 2012 profundum
3315 1944 3616 2015 desilierit;
3652 1950 3801 2004 alter

2211 2037 2342 2077 vero
2361 2034 2617 2080 neutrum
2643 2028 2891 2099 elegerit,
2917 2031 3011 2086 sed
3043 2032 3314 2088 idolorum
3332 2036 3555 2106 quidem
3580 2039 3796 2094 cultum

2208 2113 2414 2182 prioris
2434 2119 2684 2188 exemplo
2711 2123 3007 2191 respuerit,
3032 2126 3271 2195 seipsum
3304 2136 3487 2184 tamen
3530 2129 3797 2188 fluctibus

2208 2222 2320 2261 non
2364 2209 2663 2280 objecerit,
2713 2213 2810 2268 sed
2852 2219 3274 2286 exspectaverit,
3338 2230 3397 2275 ut
3442 2237 3539 2290 per
3578 2224 3690 2276 vim
3718 2224 3793 2278 ab

2209 2298 2316 2354 alio
2340 2314 2703 2373 mergeretur,
2738 2316 2861 2361 uter
2892 2308 3113 2363 illorum
3145 2311 3350 2366 rectius
3377 2313 3575 2369 fecisse
3603 2315 3795 2372 videa-

2210 2396 2333 2456 tur;
2398 2411 2416 2444 ι
2482 2398 2778 2466 respondet
2831 2398 3214 2459 Theodoretus
3280 2404 3502 2460 laudata
3563 2408 3791 2477 quidem

2205 2479 2410 2549 prioris
2474 2484 2792 2553 alacritate,
2854 2489 2952 2545 sed
3001 2492 3328 2560 posterioris
3395 2497 3622 2566 praelata
3681 2498 3798 2553 vir-

2209 2578 2343 2637 tute,
2385 2589 2550 2643 quam
2590 2580 2856 2650 exemplis
2902 2590 3218 2638 sanctorum
3246 2583 3564 2658 Christique
3616 2589 3797 2659 ipsius

2203 2665 2545 2733 comprobat.

2276 2778 2387 2834 VII.
2436 2781 2589 2838 Hanc
2649 2786 3073 2855 responsionem
3130 2799 3357 2847 secutus
3398 2793 3639 2851 lrenaeus
3674 2810 3793 2853 non

2203 2880 2401 2940 sponte
2445 2876 2671 2931 recessit
2696 2893 2728 2931 a
2757 2878 2908 2945 sede,
2961 2881 3059 2936 sed
3090 2886 3449 2954 exspectavit,
3489 2888 3665 2943 donec
3690 2904 3795 2957 per

2202 2960 2318 3015 vim
2347 2963 2661 3034 ejiceretur.
2694 2967 2928 3040 Urgente
2955 2972 3103 3026 enim
3146 2972 3498 3043 imperatoris
3532 2978 3793 3036 mandato

2209 3060 2268 3105 ut
2297 3054 2380 3106 vel
2409 3054 2635 3110 Mariam
2670 3059 2939 3127 virginem
2973 3061 3299 3133 simpliciter
3332 3081 3396 3121 ac
3444 3066 3562 3122 sine
3594 3069 3793 3124 restri-

2131 3158 2172 3216 α
2204 3144 2387 3199 ctione
2442 3145 2731 3216 Deiparam
2790 3150 3020 3219 diceret,
3069 3155 3159 3210 vel
3208 3156 3338 3212 sedc
3396 3167 3631 3225 careret,
3689 3175 3794 3230 per

2202 3239 2599 3310 tenigmaticam
2639 3243 3000 3311 quaestionem
3040 3264 3070 3302 a
3112 3248 3464 3307 Theodoreto
3493 3252 3791 3308 consilium

2202 3329 2475 3400 petierat;
2512 3332 2670 3401 petiit
2693 3333 2862 3403 Igitur
2897 3335 3119 3394 circiter
3145 3356 3351 3395 annum
3381 3342 3504 3406 446,
3539 3352 3634 3397 aut
3660 3344 3788 3397 447.

2202 3420 2471 3484 Pependit
2511 3423 2660 3477 enim
2693 3424 2788 3479 diu
2821 3425 3017 3483 Irenaei
3063 3446 3250 3498 causa,
3311 3442 3374 3488 ut
3406 3435 3686 3505 colligitur
3718 3452 3790 3491 ex

2200 3515 2431 3585 epistola
2455 3515 2539 3571 16.

2270 3609 2404 3663 Vill.
2440 3610 2612 3666 Porro
2640 3620 2823 3668 autem
2851 3615 2908 3670 in
2946 3614 3206 3685 Catalogo
3247 3616 3514 3672 librorum
3562 3618 3791 3689 Syriaca

2198 3699 2385 3770 lingua
2429 3703 2868 3773 conscriptorum
2895 3707 3118 3778 legitur,
3155 3708 3301 3778 apud
3329 3710 3735 3765 Hebed-Jesum
3773 3730 3788 3766 :

2206 3810 2225 3844 ‹
2260 3792 2499 3849 [renatus
2531 3794 2729 3866 Tyrius
2759 3800 3064 3868 composuit
3084 3801 3579 3856 ecclesiasticarum
3607 3802 3790 3859 histo-

2196 3884 2402 3940 riarum
2435 3887 2606 3944 libros
2636 3890 2882 3961 quinque
2907 3890 2976 3946 de
3009 3891 3286 3963 ejectione
3334 3894 3611 3962 Nestorii;
3645 3910 3787 3951 nec-

2196 3992 2307 4032 non
2340 3978 2407 4034 de
2439 3980 2695 4036 omnibus
2741 3983 2810 4037 iis
2853 3999 2975 4053 quae
3008 3984 3063 4038 in
3116 3983 3225 4039 illis
3260 3984 3581 4054 regionibus
3622 3995 3786 4057 gesta

2196 4078 2342 4126 sunt.
2385 4089 2403 4122 ι
2444 4072 2680 4128 Dubium
2721 4073 2962 4140 videtur,
3018 4090 3202 4130 annon
3259 4077 3364 4132 iste
3420 4077 3786 4136 historiarum

2194 4160 2431 4233 scriptor
2456 4165 2528 4220 sit
2551 4164 2791 4220 Irenteus
2844 4167 2957 4231 ille,
3005 4167 3074 4223 de
3120 4184 3232 4237 quo
3264 4184 3448 4223 sermo
3468 4176 3552 4223 est
3583 4186 3595 4222 :
3625 4182 3784 4225 certe

2194 4268 2319 4308 cum
2351 4254 2700 4311 Theodoreto
2722 4258 2874 4312 velut
2913 4258 3108 4329 :equali
3147 4260 3417 4331 jungitur,
3452 4276 3574 4330 quae
3602 4261 3783 4315 videri

2192 4353 2372 4415 potest
2397 4345 2702 4402 atﬂrmandi
2743 4350 2927 4404 ratio:
2963 4365 3104 4421 opus
3144 4352 3251 4407 hoc
3282 4351 3526 4407 nondum
3554 4352 3612 4407 in
3662 4352 3782 4407 Eu-

2193 4453 2330 4507 ropa
2356 4437 2537 4493 visura
2566 4448 2672 4504 est,
2708 4441 2856 4511 quod
2891 4443 3115 4513 quidem
3147 4444 3337 4499 sciam.

2650 4551 2894 4622 Epistula
2916 4556 2951 4609 4
2975 4557 3317 4612 heartastica.

2259 4660 2301 4715 l.
2332 4660 2552 4718 Nullum
2582 4664 2747 4721 habet
2779 4668 3153 4725 characterem
3179 4670 3294 4726 sive
3320 4672 3471 4739 anni,
3496 4673 3613 4728 sive
3642 4689 3777 4744 per-

2189 4764 2358 4817 sonae,
2394 4753 2557 4810 habet
2592 4758 2916 4813 nonnullum
2958 4759 3105 4827 festi,
3135 4777 3335 4832 nempe
3367 4763 3729 4819 Pentecostes
3757 4780 3773 4819 :

2192 4842 2252 4897 ﬁt
2282 4845 2428 4899 enim
2479 4849 2687 4904 mentio
2717 4850 2916 4920 pluviae
2948 4862 3254 4923 opportune
3294 4854 3453 4919 datae,
3484 4870 3611 4910 cum
3642 4869 3775 4911 san—

2191 4935 2497 4992 ctissimum
2525 4942 2724 4995 festum
2750 4952 3026 5013 ageretur.
3059 4946 3327 5015 Optabilis
3359 4963 3493 5002 vero
3520 4948 3777 5019 frugibus

2188 5027 2375 5096 pluvia
2400 5031 2542 5086 solet
2574 5047 2692 5087 esse
2729 5042 2976 5103 tempore
3009 5035 3380 5093 Pentecostes.

2256 5119 2323 5174 ll.
2356 5120 2587 5176 Ficbant
2624 5138 2793 5192 porro
2820 5124 3101 5183 festivales
3144 5130 3504 5185 salutationes
3535 5129 3590 5184 in
3616 5127 3775 5187 festis

2186 5211 2524 5267 solemnibus
2547 5254 2560 5278 ,
2610 5230 2745 5284 quas
2775 5217 2966 5285 ἑορτὰς
2991 5221 3261 5291 κ’)ρεακὰς
3284 5222 3301 5239 ⁴
3329 5220 3504 5276 Graeci
3529 5228 3768 5290 vocant;

2189 5318 2297 5357 non
2327 5310 2508 5359 tamen
2550 5305 2607 5359 in
2647 5307 2924 5370 omnibus.
2964 5309 3059 5364 sed
3106 5310 3163 5363 in
3220 5312 3509 5381 praecipuis
3569 5313 3768 5378 tribus,

2191 5393 2563 5464 Theophania,
2609 5396 2872 5453 Paschate
2927 5408 2982 5454 et
3018 5401 3360 5457 Pentecoste.
3396 5403 3771 5474 Theophanim

2188 5488 2431 5551 nomine,
2462 5497 2729 5557 quantum
2756 5490 2865 5546 huc
2895 5492 3153 5561 pertinet,
3178 5493 3529 5550 Nativitatem
3559 5495 3768 5553 Christi

2187 5587 2245 5633 et
2276 5579 2638 5651 Epiphaniam
2674 5583 3182 5653 complectebantur
3235 5605 3247 5641 :
3297 5588 3775 5657 quemadmodum

1850 5732 2171 5792 SCHULZII
2209 5732 2439 5790 NOTJE.

571 5784 614 5817 ⁵η
647 5784 761 5842 Vid.
787 5802 969 5861 supra,
1001 5810 1053 5867 p.
1084 5795 1207 5853 9.76.
