  <div class='ocr_page' id='page_1' title='image "/cluster/home/n/w/nwhite01/storage/ocr_20150623/84:no.5/coo.31924054869858/136.png"; bbox 0 0 4070 6456; ppageno 0'>
   <div class='ocr_carea' id='block_1_1' title="bbox 268 386 382 451">
    <p class='ocr_par' dir='ltr' id='par_1_1' title="bbox 268 386 382 451">
     <span class='ocr_line' id='line_1_1' title="bbox 268 386 382 451; baseline -0.026 0"><span class='ocrx_word' id='word_1_1' title='bbox 268 386 382 451; x_wconf 77' lang='grc'><strong>257</strong></span> 
     </span>
    </p>
   </div>
   <div class='ocr_carea' id='block_1_2' title="bbox 1451 383 2390 449">
    <p class='ocr_par' dir='ltr' id='par_1_2' title="bbox 1451 383 2390 449">
     <span class='ocr_line' id='line_1_2' title="bbox 1451 383 2390 449; baseline 0.001 -2"><span class='ocrx_word' id='word_1_2' title='bbox 1451 387 1547 447; x_wconf 91' lang='lat' dir='ltr'><strong>DE</strong></span> <span class='ocrx_word' id='word_1_3' title='bbox 1587 383 1845 447; x_wconf 83' lang='lat' dir='ltr'><strong>LIBRIS</strong></span> <span class='ocrx_word' id='word_1_4' title='bbox 1880 384 2390 449; x_wconf 81' lang='lat' dir='ltr'><strong>THEODORETI.</strong></span> 
     </span>
    </p>
   </div>
   <div class='ocr_carea' id='block_1_3' title="bbox 3441 398 3544 458">
    <p class='ocr_par' dir='ltr' id='par_1_3' title="bbox 3441 398 3544 458">
     <span class='ocr_line' id='line_1_3' title="bbox 3441 398 3544 458; baseline 0 0"><span class='ocrx_word' id='word_1_5' title='bbox 3441 398 3544 458; x_wconf 71' lang='lat'><strong>9.58</strong></span> 
     </span>
    </p>
   </div>
   <div class='ocr_carea' id='block_1_4' title="bbox 270 497 1872 578">
    <p class='ocr_par' dir='ltr' id='par_1_4' title="bbox 270 500 1862 573">
     <span class='ocr_line' id='line_1_4' title="bbox 270 500 1862 573; baseline -0.004 -12"><span class='ocrx_word' id='word_1_6' title='bbox 270 504 507 561; x_wconf 83' lang='lat' dir='ltr'><strong>nomine</strong></span> <span class='ocrx_word' id='word_1_7' title='bbox 560 502 844 559; x_wconf 85' lang='lat' dir='ltr'><strong>Paschatis</strong></span> <span class='ocrx_word' id='word_1_8' title='bbox 913 502 1174 573; x_wconf 72' lang='lat' dir='ltr'><strong>prawiam</strong></span> <span class='ocrx_word' id='word_1_9' title='bbox 1228 501 1581 572; x_wconf 81' lang='lat' dir='ltr'><strong>passionem;</strong></span> <span class='ocrx_word' id='word_1_10' title='bbox 1639 500 1862 556; x_wconf 83' lang='lat' dir='ltr'><strong>nomine</strong></span> 
     </span>
    </p>
   </div>
   <div class='ocr_carea' id='block_1_5' title="bbox 1973 497 3545 578">
    <p class='ocr_par' dir='ltr' id='par_1_5' title="bbox 1973 497 3545 578">
     <span class='ocr_line' id='line_1_5' title="bbox 1973 497 3545 578; baseline 0.008 -29"><span class='ocrx_word' id='word_1_11' title='bbox 1973 497 2153 551; x_wconf 76' lang='grc' dir='ltr'><strong>σέϐεια</strong></span> <span class='ocrx_word' id='word_1_12' title='bbox 2170 501 2321 570; x_wconf 77' lang='grc' dir='ltr'><strong>ὑμῶν</strong></span> <span class='ocrx_word' id='word_1_13' title='bbox 2334 501 2693 574; x_wconf 69' lang='grc' dir='ltr'><strong>δυσχεραίνει,</strong></span> <span class='ocrx_word' id='word_1_14' title='bbox 2712 510 2815 559; x_wconf 90' lang='lat' dir='ltr'><strong>etc.</strong></span> <span class='ocrx_word' id='word_1_15' title='bbox 2830 505 2981 572; x_wconf 73' lang='lat' dir='ltr'><strong>Qum,</strong></span> <span class='ocrx_word' id='word_1_16' title='bbox 3000 504 3216 575; x_wconf 83' lang='lat' dir='ltr'><strong>Opinor,</strong></span> <span class='ocrx_word' id='word_1_17' title='bbox 3234 506 3372 561; x_wconf 87' lang='lat' dir='ltr'><strong>verti</strong></span> <span class='ocrx_word' id='word_1_18' title='bbox 3387 523 3545 578; x_wconf 78' lang='lat' dir='ltr'><strong>opor—</strong></span> 
     </span>
    </p>
   </div>
   <div class='ocr_carea' id='block_1_6' title="bbox 273 594 1551 666">
    <p class='ocr_par' dir='ltr' id='par_1_6' title="bbox 273 594 1551 666">
     <span class='ocr_line' id='line_1_6' title="bbox 273 594 1551 666; baseline -0.004 -13"><span class='ocrx_word' id='word_1_19' title='bbox 273 598 660 663; x_wconf 84' lang='lat' dir='ltr'><strong>Pentecostes,</strong></span> <span class='ocrx_word' id='word_1_20' title='bbox 695 594 986 666; x_wconf 71' lang='grc' dir='ltr'><strong>ἀνάληψιν,</strong></span> <span class='ocrx_word' id='word_1_21' title='bbox 1015 595 1129 650; x_wconf 80' lang='lat' dir='ltr'><strong>sive</strong></span> <span class='ocrx_word' id='word_1_22' title='bbox 1154 595 1551 649; x_wconf 84' lang='lat' dir='ltr'><strong>ascensionem.</strong></span> 
     </span>
    </p>
   </div>
   <div class='ocr_carea' id='block_1_7' title="bbox 342 683 1869 757">
    <p class='ocr_par' dir='ltr' id='par_1_7' title="bbox 342 683 1869 757">
     <span class='ocr_line' id='line_1_7' title="bbox 342 683 1869 757; baseline -0.004 -15"><span class='ocrx_word' id='word_1_23' title='bbox 342 688 443 742; x_wconf 82' lang='lat' dir='ltr'><strong>Ill.</strong></span> <span class='ocrx_word' id='word_1_24' title='bbox 476 688 777 757; x_wconf 70' lang='lat' dir='ltr'><strong>Praecipuus</strong></span> <span class='ocrx_word' id='word_1_25' title='bbox 828 701 959 741; x_wconf 90' lang='lat' dir='ltr'><strong>vero</strong></span> <span class='ocrx_word' id='word_1_26' title='bbox 1003 694 1061 740; x_wconf 87' lang='lat' dir='ltr'><strong>et</strong></span> <span class='ocrx_word' id='word_1_27' title='bbox 1103 701 1204 755; x_wconf 89' lang='lat' dir='ltr'><strong>per</strong></span> <span class='ocrx_word' id='word_1_28' title='bbox 1255 685 1633 740; x_wconf 79' lang='lat' dir='ltr'><strong>excellentiam</strong></span> <span class='ocrx_word' id='word_1_29' title='bbox 1686 683 1869 753; x_wconf 73' lang='grc' dir='ltr'><strong>ἑορταὶ</strong></span> 
     </span>
    </p>
   </div>
   <div class='ocr_carea' id='block_1_8' title="bbox 274 772 1870 852">
    <p class='ocr_par' dir='ltr' id='par_1_8' title="bbox 274 772 1870 852">
     <span class='ocr_line' id='line_1_8' title="bbox 274 772 1870 852; baseline -0.004 -17"><span class='ocrx_word' id='word_1_30' title='bbox 274 781 547 852; x_wconf 74' lang='grc' dir='ltr'><strong>κυριακαὶ</strong></span> <span class='ocrx_word' id='word_1_31' title='bbox 593 772 944 843; x_wconf 80' lang='lat' dir='ltr'><strong>dicebantur,</strong></span> <span class='ocrx_word' id='word_1_32' title='bbox 971 778 1056 832; x_wconf 83' lang='lat' dir='ltr'><strong>vel</strong></span> <span class='ocrx_word' id='word_1_33' title='bbox 1085 793 1152 832; x_wconf 91' lang='lat' dir='ltr'><strong>eo</strong></span> <span class='ocrx_word' id='word_1_34' title='bbox 1188 779 1423 833; x_wconf 79' lang='lat' dir='ltr'><strong>maxime</strong></span> <span class='ocrx_word' id='word_1_35' title='bbox 1445 818 1459 842; x_wconf 95' lang='lat'><strong>,</strong></span> <span class='ocrx_word' id='word_1_36' title='bbox 1495 777 1642 847; x_wconf 90' lang='lat' dir='ltr'><strong>quod</strong></span> <span class='ocrx_word' id='word_1_37' title='bbox 1670 775 1870 831; x_wconf 88' lang='lat' dir='ltr'><strong>Orien-</strong></span> 
     </span>
    </p>
   </div>
   <div class='ocr_carea' id='block_1_9' title="bbox 272 870 1866 941">
    <p class='ocr_par' dir='ltr' id='par_1_9' title="bbox 272 870 1866 941">
     <span class='ocr_line' id='line_1_9' title="bbox 272 870 1866 941; baseline -0.005 -13"><span class='ocrx_word' id='word_1_38' title='bbox 272 873 347 928; x_wconf 89' lang='lat' dir='ltr'><strong>tis</strong></span> <span class='ocrx_word' id='word_1_39' title='bbox 372 887 533 927; x_wconf 90' lang='lat' dir='ltr'><strong>more</strong></span> <span class='ocrx_word' id='word_1_40' title='bbox 584 871 852 927; x_wconf 86' lang='lat' dir='ltr'><strong>solemnis</strong></span> <span class='ocrx_word' id='word_1_41' title='bbox 879 870 1187 940; x_wconf 88' lang='lat' dir='ltr'><strong>baptismus</strong></span> <span class='ocrx_word' id='word_1_42' title='bbox 1218 871 1275 925; x_wconf 91' lang='lat' dir='ltr'><strong>in</strong></span> <span class='ocrx_word' id='word_1_43' title='bbox 1321 871 1455 941; x_wconf 83' lang='lat' dir='ltr'><strong>ipsis</strong></span> <span class='ocrx_word' id='word_1_44' title='bbox 1475 870 1866 925; x_wconf 67' lang='lat' dir='ltr'><strong>celebraretur.</strong></span> 
     </span>
    </p>
   </div>
   <div class='ocr_carea' id='block_1_10' title="bbox 272 960 1866 1033">
    <p class='ocr_par' dir='ltr' id='par_1_10' title="bbox 272 960 1866 1033">
     <span class='ocr_line' id='line_1_10' title="bbox 272 960 1866 1033; baseline -0.004 -14"><span class='ocrx_word' id='word_1_45' title='bbox 272 963 418 1019; x_wconf 73' lang='lat' dir='ltr'><strong>Vide</strong></span> <span class='ocrx_word' id='word_1_46' title='bbox 445 964 757 1018; x_wconf 90' lang='lat' dir='ltr'><strong>orationem</strong></span> <span class='ocrx_word' id='word_1_47' title='bbox 787 961 1167 1033; x_wconf 86' lang='lat' dir='ltr'><strong>Chrysostomi</strong></span> <span class='ocrx_word' id='word_1_48' title='bbox 1201 961 1272 1016; x_wconf 92' lang='lat' dir='ltr'><strong>de</strong></span> <span class='ocrx_word' id='word_1_49' title='bbox 1305 970 1496 1017; x_wconf 87' lang='lat' dir='ltr'><strong>sancto</strong></span> <span class='ocrx_word' id='word_1_50' title='bbox 1522 960 1866 1031; x_wconf 80' lang='lat' dir='ltr'><strong>Philogonio,</strong></span> 
     </span>
    </p>
   </div>
   <div class='ocr_carea' id='block_1_11' title="bbox 273 1049 1331 1107">
    <p class='ocr_par' dir='ltr' id='par_1_11' title="bbox 273 1049 1331 1107">
     <span class='ocr_line' id='line_1_11' title="bbox 273 1049 1331 1107; baseline -0.001 -1"><span class='ocrx_word' id='word_1_51' title='bbox 273 1060 333 1106; x_wconf 90' lang='lat' dir='ltr'><strong>et</strong></span> <span class='ocrx_word' id='word_1_52' title='bbox 360 1051 591 1107; x_wconf 87' lang='lat' dir='ltr'><strong>tertiam</strong></span> <span class='ocrx_word' id='word_1_53' title='bbox 615 1050 799 1105; x_wconf 79' lang='lat' dir='ltr'><strong>Procli</strong></span> <span class='ocrx_word' id='word_1_54' title='bbox 828 1049 899 1105; x_wconf 91' lang='lat' dir='ltr'><strong>de</strong></span> <span class='ocrx_word' id='word_1_55' title='bbox 930 1050 1331 1106; x_wconf 88' lang='lat' dir='ltr'><strong>Incarnatione.</strong></span> 
     </span>
    </p>
   </div>
   <div class='ocr_carea' id='block_1_12' title="bbox 728 1164 1405 1236">
    <p class='ocr_par' dir='ltr' id='par_1_12' title="bbox 728 1164 1405 1236">
     <span class='ocr_line' id='line_1_12' title="bbox 728 1164 1405 1236; baseline 0 -17"><span class='ocrx_word' id='word_1_56' title='bbox 728 1164 976 1236; x_wconf 80' lang='lat' dir='ltr'><strong>Epistula</strong></span> <span class='ocrx_word' id='word_1_57' title='bbox 1008 1164 1040 1220; x_wconf 85' lang='lat'><strong>5</strong></span> <span class='ocrx_word' id='word_1_58' title='bbox 1066 1166 1405 1220; x_wconf 79' lang='lat' dir='ltr'><strong>heortastica.</strong></span> 
     </span>
    </p>
   </div>
   <div class='ocr_carea' id='block_1_13' title="bbox 345 1275 1871 1348">
    <p class='ocr_par' dir='ltr' id='par_1_13' title="bbox 345 1275 1871 1348">
     <span class='ocr_line' id='line_1_13' title="bbox 345 1275 1871 1348; baseline -0.003 -14"><span class='ocrx_word' id='word_1_59' title='bbox 345 1279 581 1334; x_wconf 81' lang='lat' dir='ltr'><strong>Nullum</strong></span> <span class='ocrx_word' id='word_1_60' title='bbox 604 1278 758 1343; x_wconf 90' lang='lat' dir='ltr'><strong>anni,</strong></span> <span class='ocrx_word' id='word_1_61' title='bbox 788 1277 1029 1348; x_wconf 84' lang='lat' dir='ltr'><strong>aliquem</strong></span> <span class='ocrx_word' id='word_1_62' title='bbox 1058 1276 1182 1333; x_wconf 89' lang='lat' dir='ltr'><strong>festi</strong></span> <span class='ocrx_word' id='word_1_63' title='bbox 1204 1290 1559 1347; x_wconf 82' lang='lat' dir='ltr'><strong>personaeque</strong></span> <span class='ocrx_word' id='word_1_64' title='bbox 1592 1275 1871 1331; x_wconf 84' lang='lat' dir='ltr'><strong>characte-</strong></span> 
     </span>
    </p>
   </div>
   <div class='ocr_carea' id='block_1_14' title="bbox 278 1367 1870 1438">
    <p class='ocr_par' dir='ltr' id='par_1_14' title="bbox 278 1367 1870 1438">
     <span class='ocr_line' id='line_1_14' title="bbox 278 1367 1870 1438; baseline -0.003 -12"><span class='ocrx_word' id='word_1_65' title='bbox 278 1387 401 1426; x_wconf 87' lang='lat' dir='ltr'><strong>rem</strong></span> <span class='ocrx_word' id='word_1_66' title='bbox 446 1371 697 1426; x_wconf 75' lang='lat' dir='ltr'><strong>exhibet.</strong></span> <span class='ocrx_word' id='word_1_67' title='bbox 737 1369 970 1425; x_wconf 74' lang='lat' dir='ltr'><strong>Videtur</strong></span> <span class='ocrx_word' id='word_1_68' title='bbox 1024 1370 1172 1424; x_wconf 88' lang='lat' dir='ltr'><strong>enim</strong></span> <span class='ocrx_word' id='word_1_69' title='bbox 1222 1368 1422 1438; x_wconf 88' lang='lat' dir='ltr'><strong>scripta</strong></span> <span class='ocrx_word' id='word_1_70' title='bbox 1479 1367 1534 1422; x_wconf 91' lang='lat' dir='ltr'><strong>in</strong></span> <span class='ocrx_word' id='word_1_71' title='bbox 1576 1367 1870 1423; x_wconf 81' lang='lat' dir='ltr'><strong>Nativitatc</strong></span> 
     </span>
    </p>
   </div>
   <div class='ocr_carea' id='block_1_15' title="bbox 273 1458 1873 1533">
    <p class='ocr_par' dir='ltr' id='par_1_15' title="bbox 273 1458 1873 1533">
     <span class='ocr_line' id='line_1_15' title="bbox 273 1458 1873 1533; baseline -0.003 -14"><span class='ocrx_word' id='word_1_72' title='bbox 273 1463 510 1527; x_wconf 83' lang='lat' dir='ltr'><strong>Christi,</strong></span> <span class='ocrx_word' id='word_1_73' title='bbox 542 1478 655 1533; x_wconf 90' lang='lat' dir='ltr'><strong>quo</strong></span> <span class='ocrx_word' id='word_1_74' title='bbox 686 1471 936 1532; x_wconf 87' lang='lat' dir='ltr'><strong>tempore</strong></span> <span class='ocrx_word' id='word_1_75' title='bbox 964 1481 981 1513; x_wconf 72' lang='grc' dir='ltr'>ι</span> <span class='ocrx_word' id='word_1_76' title='bbox 1011 1462 1155 1517; x_wconf 83' lang='lat' dir='ltr'><strong>Deus</strong></span> <span class='ocrx_word' id='word_1_77' title='bbox 1189 1460 1336 1516; x_wconf 88' lang='lat' dir='ltr'><strong>curis</strong></span> <span class='ocrx_word' id='word_1_78' title='bbox 1362 1460 1526 1530; x_wconf 78' lang='lat'><strong>308</strong></span> <span class='ocrx_word' id='word_1_79' title='bbox 1551 1458 1873 1530; x_wconf 79' lang='lat' dir='ltr'><strong>angoribus-</strong></span> 
     </span>
    </p>
   </div>
   <div class='ocr_carea' id='block_1_16' title="bbox 276 1551 1863 1625">
    <p class='ocr_par' dir='ltr' id='par_1_16' title="bbox 276 1551 1863 1625">
     <span class='ocr_line' id='line_1_16' title="bbox 276 1551 1863 1625; baseline -0.004 -16"><span class='ocrx_word' id='word_1_80' title='bbox 276 1571 390 1625; x_wconf 85' lang='lat' dir='ltr'><strong>que</strong></span> <span class='ocrx_word' id='word_1_81' title='bbox 412 1554 617 1619; x_wconf 78' lang='lat' dir='ltr'><strong>nostris</strong></span> <span class='ocrx_word' id='word_1_82' title='bbox 638 1552 989 1608; x_wconf 82' lang='lat' dir='ltr'><strong>occasionem</strong></span> <span class='ocrx_word' id='word_1_83' title='bbox 1010 1551 1403 1607; x_wconf 86' lang='lat' dir='ltr'><strong>consolationis</strong></span> <span class='ocrx_word' id='word_1_84' title='bbox 1422 1551 1811 1620; x_wconf 79' lang='lat' dir='ltr'><strong>suppeditavit.</strong></span> <span class='ocrx_word' id='word_1_85' title='bbox 1845 1568 1863 1601; x_wconf 83' lang='grc'>›</span> 
     </span>
    </p>
   </div>
   <div class='ocr_carea' id='block_1_17' title="bbox 278 1640 1871 1710">
    <p class='ocr_par' dir='ltr' id='par_1_17' title="bbox 278 1640 1871 1710">
     <span class='ocr_line' id='line_1_17' title="bbox 278 1640 1871 1710; baseline -0.002 -15"><span class='ocrx_word' id='word_1_86' title='bbox 278 1641 514 1695; x_wconf 69' lang='lat' dir='ltr'><strong>Videtur</strong></span> <span class='ocrx_word' id='word_1_87' title='bbox 561 1641 731 1695; x_wconf 89' lang='lat' dir='ltr'><strong>etiam</strong></span> <span class='ocrx_word' id='word_1_88' title='bbox 770 1640 839 1695; x_wconf 90' lang='lat' dir='ltr'><strong>ad</strong></span> <span class='ocrx_word' id='word_1_89' title='bbox 895 1641 1163 1695; x_wconf 82' lang='lat' dir='ltr'><strong>illustrem</strong></span> <span class='ocrx_word' id='word_1_90' title='bbox 1210 1640 1390 1694; x_wconf 87' lang='lat' dir='ltr'><strong>virum</strong></span> <span class='ocrx_word' id='word_1_91' title='bbox 1420 1641 1625 1703; x_wconf 89' lang='lat' dir='ltr'><strong>missa,</strong></span> <span class='ocrx_word' id='word_1_92' title='bbox 1671 1640 1871 1710; x_wconf 87' lang='lat' dir='ltr'><strong>quippe</strong></span> 
     </span>
    </p>
   </div>
   <div class='ocr_carea' id='block_1_18' title="bbox 285 1730 1873 1803">
    <p class='ocr_par' dir='ltr' id='par_1_18' title="bbox 285 1730 1873 1803">
     <span class='ocr_line' id='line_1_18' title="bbox 285 1730 1873 1803; baseline -0.002 -16"><span class='ocrx_word' id='word_1_93' title='bbox 285 1748 448 1802; x_wconf 86' lang='lat' dir='ltr'><strong>quem</strong></span> <span class='ocrx_word' id='word_1_94' title='bbox 489 1730 913 1803; x_wconf 54' lang='lat' dir='ltr'><strong>magniﬁcentia</strong></span> <span class='ocrx_word' id='word_1_95' title='bbox 958 1732 1178 1786; x_wconf 87' lang='lat' dir='ltr'><strong>nomine</strong></span> <span class='ocrx_word' id='word_1_96' title='bbox 1227 1730 1518 1801; x_wconf 84' lang='lat' dir='ltr'><strong>compellat</strong></span> <span class='ocrx_word' id='word_1_97' title='bbox 1560 1748 1574 1784; x_wconf 89' lang='lat'><strong>:</strong></span> <span class='ocrx_word' id='word_1_98' title='bbox 1624 1731 1873 1801; x_wconf 84' lang='lat' dir='ltr'><strong>suspicor</strong></span> 
     </span>
    </p>
   </div>
   <div class='ocr_carea' id='block_1_19' title="bbox 281 1821 1757 1895">
    <p class='ocr_par' dir='ltr' id='par_1_19' title="bbox 281 1821 1757 1895">
     <span class='ocr_line' id='line_1_19' title="bbox 281 1821 1757 1895; baseline 0.001 -19"><span class='ocrx_word' id='word_1_99' title='bbox 281 1823 451 1878; x_wconf 89' lang='lat' dir='ltr'><strong>fuisse</strong></span> <span class='ocrx_word' id='word_1_100' title='bbox 477 1823 805 1894; x_wconf 77' lang='lat' dir='ltr'><strong>przefectum</strong></span> <span class='ocrx_word' id='word_1_101' title='bbox 833 1822 1148 1895; x_wconf 71' lang='lat' dir='ltr'><strong>Cyresticae,</strong></span> <span class='ocrx_word' id='word_1_102' title='bbox 1181 1830 1277 1878; x_wconf 92' lang='lat' dir='ltr'><strong>aut</strong></span> <span class='ocrx_word' id='word_1_103' title='bbox 1304 1824 1468 1877; x_wconf 88' lang='lat' dir='ltr'><strong>etiam</strong></span> <span class='ocrx_word' id='word_1_104' title='bbox 1498 1821 1757 1878; x_wconf 80' lang='lat' dir='ltr'><strong>Orientis.</strong></span> 
     </span>
    </p>
   </div>
   <div class='ocr_carea' id='block_1_20' title="bbox 718 1934 1392 2006">
    <p class='ocr_par' dir='ltr' id='par_1_20' title="bbox 718 1934 1392 2006">
     <span class='ocr_line' id='line_1_20' title="bbox 718 1934 1392 2006; baseline -0.001 -16"><span class='ocrx_word' id='word_1_105' title='bbox 718 1934 968 2006; x_wconf 82' lang='lat' dir='ltr'><strong>Epistula</strong></span> <span class='ocrx_word' id='word_1_106' title='bbox 991 1936 1023 1991; x_wconf 83' lang='lat'><strong>6</strong></span> <span class='ocrx_word' id='word_1_107' title='bbox 1053 1935 1392 1990; x_wconf 84' lang='lat' dir='ltr'><strong>hcortastica.</strong></span> 
     </span>
    </p>
   </div>
   <div class='ocr_carea' id='block_1_21' title="bbox 344 2045 1876 2119">
    <p class='ocr_par' dir='ltr' id='par_1_21' title="bbox 344 2045 1876 2119">
     <span class='ocr_line' id='line_1_21' title="bbox 344 2045 1876 2119; baseline -0.003 -15"><span class='ocrx_word' id='word_1_108' title='bbox 344 2049 589 2105; x_wconf 78' lang='lat' dir='ltr'><strong>Videtur</strong></span> <span class='ocrx_word' id='word_1_109' title='bbox 615 2051 788 2105; x_wconf 89' lang='lat' dir='ltr'><strong>missa</strong></span> <span class='ocrx_word' id='word_1_110' title='bbox 812 2056 941 2119; x_wconf 90' lang='lat' dir='ltr'><strong>post</strong></span> <span class='ocrx_word' id='word_1_111' title='bbox 963 2048 1256 2104; x_wconf 83' lang='lat' dir='ltr'><strong>Paschales</strong></span> <span class='ocrx_word' id='word_1_112' title='bbox 1281 2047 1402 2102; x_wconf 90' lang='lat' dir='ltr'><strong>dies</strong></span> <span class='ocrx_word' id='word_1_113' title='bbox 1427 2064 1441 2100; x_wconf 90' lang='lat'><strong>:</strong></span> <span class='ocrx_word' id='word_1_114' title='bbox 1474 2046 1554 2101; x_wconf 88' lang='lat' dir='ltr'><strong>illi</strong></span> <span class='ocrx_word' id='word_1_115' title='bbox 1583 2046 1732 2102; x_wconf 88' lang='lat' dir='ltr'><strong>enim</strong></span> <span class='ocrx_word' id='word_1_116' title='bbox 1764 2045 1876 2101; x_wconf 81' lang='lat' dir='ltr'><strong>fre-</strong></span> 
     </span>
    </p>
   </div>
   <div class='ocr_carea' id='block_1_22' title="bbox 272 2137 1875 2214">
    <p class='ocr_par' dir='ltr' id='par_1_22' title="bbox 272 2137 1875 2214">
     <span class='ocr_line' id='line_1_22' title="bbox 272 2137 1875 2214; baseline -0.003 -16"><span class='ocrx_word' id='word_1_117' title='bbox 272 2143 550 2214; x_wconf 89' lang='lat' dir='ltr'><strong>quentius</strong></span> <span class='ocrx_word' id='word_1_118' title='bbox 594 2158 627 2197; x_wconf 88' lang='lat' dir='ltr'><strong>a</strong></span> <span class='ocrx_word' id='word_1_119' title='bbox 664 2141 1013 2197; x_wconf 86' lang='lat' dir='ltr'><strong>Theodoreto</strong></span> <span class='ocrx_word' id='word_1_120' title='bbox 1069 2141 1334 2196; x_wconf 90' lang='lat' dir='ltr'><strong>dicuntur</strong></span> <span class='ocrx_word' id='word_1_121' title='bbox 1383 2140 1670 2194; x_wconf 88' lang='lat' dir='ltr'><strong>salutares.</strong></span> <span class='ocrx_word' id='word_1_122' title='bbox 1711 2137 1875 2193; x_wconf 86' lang='lat' dir='ltr'><strong>Certe</strong></span> 
     </span>
    </p>
   </div>
   <div class='ocr_carea' id='block_1_23' title="bbox 273 2231 1801 2307">
    <p class='ocr_par' dir='ltr' id='par_1_23' title="bbox 273 2231 1801 2307">
     <span class='ocr_line' id='line_1_23' title="bbox 273 2231 1801 2307; baseline -0.003 -17"><span class='ocrx_word' id='word_1_123' title='bbox 273 2237 453 2292; x_wconf 85' lang='lat' dir='ltr'><strong>festos</strong></span> <span class='ocrx_word' id='word_1_124' title='bbox 487 2237 615 2291; x_wconf 84' lang='lat' dir='ltr'><strong>dies</strong></span> <span class='ocrx_word' id='word_1_125' title='bbox 642 2236 822 2307; x_wconf 82' lang='lat' dir='ltr'><strong>egisse</strong></span> <span class='ocrx_word' id='word_1_126' title='bbox 851 2250 910 2289; x_wconf 90' lang='lat' dir='ltr'><strong>se</strong></span> <span class='ocrx_word' id='word_1_127' title='bbox 934 2250 1061 2289; x_wconf 89' lang='lat' dir='ltr'><strong>cum</strong></span> <span class='ocrx_word' id='word_1_128' title='bbox 1100 2234 1305 2305; x_wconf 89' lang='lat' dir='ltr'><strong>populo</strong></span> <span class='ocrx_word' id='word_1_129' title='bbox 1333 2248 1434 2288; x_wconf 89' lang='lat' dir='ltr'><strong>suo</strong></span> <span class='ocrx_word' id='word_1_130' title='bbox 1456 2232 1581 2304; x_wconf 88' lang='lat' dir='ltr'><strong>Cyri</strong></span> <span class='ocrx_word' id='word_1_131' title='bbox 1602 2231 1801 2286; x_wconf 88' lang='lat' dir='ltr'><strong>innuit.</strong></span> 
     </span>
    </p>
   </div>
   <div class='ocr_carea' id='block_1_24' title="bbox 454 2342 1660 2417">
    <p class='ocr_par' dir='ltr' id='par_1_24' title="bbox 454 2342 1660 2417">
     <span class='ocr_line' id='line_1_24' title="bbox 454 2342 1660 2417; baseline -0.004 -16"><span class='ocrx_word' id='word_1_132' title='bbox 454 2345 713 2417; x_wconf 82' lang='lat' dir='ltr'><strong>Epistula</strong></span> <span class='ocrx_word' id='word_1_133' title='bbox 746 2347 777 2399; x_wconf 88' lang='grc'>7</span> <span class='ocrx_word' id='word_1_134' title='bbox 807 2344 1185 2411; x_wconf 75' lang='lat' dir='ltr'><strong>consolatoria,</strong></span> <span class='ocrx_word' id='word_1_135' title='bbox 1217 2344 1287 2398; x_wconf 87' lang='lat' dir='ltr'><strong>ad</strong></span> <span class='ocrx_word' id='word_1_136' title='bbox 1314 2342 1660 2398; x_wconf 83' lang='lat' dir='ltr'><strong>Theunillam.</strong></span> 
     </span>
    </p>
   </div>
   <div class='ocr_carea' id='block_1_25' title="bbox 339 2458 1874 2529">
    <p class='ocr_par' dir='ltr' id='par_1_25' title="bbox 339 2458 1874 2529">
     <span class='ocr_line' id='line_1_25' title="bbox 339 2458 1874 2529; baseline -0.002 -14"><span class='ocrx_word' id='word_1_137' title='bbox 339 2461 571 2515; x_wconf 80' lang='lat' dir='ltr'><strong>Nullam</strong></span> <span class='ocrx_word' id='word_1_138' title='bbox 614 2460 785 2516; x_wconf 86' lang='lat' dir='ltr'><strong>habet</strong></span> <span class='ocrx_word' id='word_1_139' title='bbox 822 2460 951 2515; x_wconf 91' lang='lat' dir='ltr'><strong>anni</strong></span> <span class='ocrx_word' id='word_1_140' title='bbox 995 2467 1216 2526; x_wconf 89' lang='lat' dir='ltr'><strong>notam;</strong></span> <span class='ocrx_word' id='word_1_141' title='bbox 1256 2474 1505 2529; x_wconf 64' lang='lat' dir='ltr'><strong>personm</strong></span> <span class='ocrx_word' id='word_1_142' title='bbox 1541 2474 1673 2514; x_wconf 80' lang='lat' dir='ltr'><strong>vero</strong></span> <span class='ocrx_word' id='word_1_143' title='bbox 1725 2458 1874 2513; x_wconf 88' lang='lat' dir='ltr'><strong>illam</strong></span> 
     </span>
    </p>
   </div>
   <div class='ocr_carea' id='block_1_26' title="bbox 275 2549 1874 2623">
    <p class='ocr_par' dir='ltr' id='par_1_26' title="bbox 275 2549 1874 2623">
     <span class='ocr_line' id='line_1_26' title="bbox 275 2549 1874 2623; baseline -0.001 -17"><span class='ocrx_word' id='word_1_144' title='bbox 275 2553 583 2615; x_wconf 73' lang='lat' dir='ltr'><strong>duntaxat,</strong></span> <span class='ocrx_word' id='word_1_145' title='bbox 625 2568 735 2622; x_wconf 86' lang='lat' dir='ltr'><strong>qua</strong></span> <span class='ocrx_word' id='word_1_146' title='bbox 789 2552 1113 2623; x_wconf 77' lang='lat' dir='ltr'><strong>designatur</strong></span> <span class='ocrx_word' id='word_1_147' title='bbox 1148 2551 1376 2606; x_wconf 85' lang='lat' dir='ltr'><strong>illustris</strong></span> <span class='ocrx_word' id='word_1_148' title='bbox 1409 2550 1634 2615; x_wconf 83' lang='lat' dir='ltr'><strong>femina,</strong></span> <span class='ocrx_word' id='word_1_149' title='bbox 1682 2549 1874 2620; x_wconf 86' lang='lat' dir='ltr'><strong>pietati</strong></span> 
     </span>
    </p>
   </div>
   <div class='ocr_carea' id='block_1_27' title="bbox 274 2643 1872 2716">
    <p class='ocr_par' dir='ltr' id='par_1_27' title="bbox 274 2643 1872 2716">
     <span class='ocr_line' id='line_1_27' title="bbox 274 2643 1872 2716; baseline -0.002 -16"><span class='ocrx_word' id='word_1_150' title='bbox 274 2645 487 2710; x_wconf 87' lang='lat' dir='ltr'><strong>dedita,</strong></span> <span class='ocrx_word' id='word_1_151' title='bbox 523 2645 632 2699; x_wconf 78' lang='lat' dir='ltr'><strong>viri</strong></span> <span class='ocrx_word' id='word_1_152' title='bbox 684 2644 1215 2716; x_wconf 80' lang='lat' dir='ltr'><strong>magniticentissimi</strong></span> <span class='ocrx_word' id='word_1_153' title='bbox 1248 2661 1406 2710; x_wconf 79' lang='lat' dir='ltr'><strong>uxor,</strong></span> <span class='ocrx_word' id='word_1_154' title='bbox 1439 2645 1597 2715; x_wconf 80' lang='lat' dir='ltr'><strong>cujus</strong></span> <span class='ocrx_word' id='word_1_155' title='bbox 1639 2643 1692 2698; x_wconf 90' lang='lat' dir='ltr'><strong>in</strong></span> <span class='ocrx_word' id='word_1_156' title='bbox 1716 2643 1872 2699; x_wconf 88' lang='lat' dir='ltr'><strong>obitu</strong></span> 
     </span>
    </p>
   </div>
   <div class='ocr_carea' id='block_1_28' title="bbox 273 2737 1469 2793">
    <p class='ocr_par' dir='ltr' id='par_1_28' title="bbox 273 2737 1469 2793">
     <span class='ocr_line' id='line_1_28' title="bbox 273 2737 1469 2793; baseline -0.001 -1"><span class='ocrx_word' id='word_1_157' title='bbox 273 2737 682 2793; x_wconf 85' lang='lat' dir='ltr'><strong>consolatorias</strong></span> <span class='ocrx_word' id='word_1_158' title='bbox 704 2737 1091 2793; x_wconf 89' lang='lat' dir='ltr'><strong>Theodoretus</strong></span> <span class='ocrx_word' id='word_1_159' title='bbox 1121 2738 1214 2793; x_wconf 89' lang='lat' dir='ltr'><strong>dat</strong></span> <span class='ocrx_word' id='word_1_160' title='bbox 1237 2738 1469 2793; x_wconf 88' lang='lat' dir='ltr'><strong>litteras.</strong></span> 
     </span>
    </p>
   </div>
   <div class='ocr_carea' id='block_1_29' title="bbox 285 2842 1878 2972">
    <p class='ocr_par' dir='ltr' id='par_1_29' title="bbox 285 2842 1878 2972">
     <span class='ocr_line' id='line_1_29' title="bbox 285 2842 1878 2972; baseline 0 -71"><span class='ocrx_word' id='word_1_161' title='bbox 285 2847 521 2918; x_wconf 80' lang='lat' dir='ltr'><strong>Epistula</strong></span> <span class='ocrx_word' id='word_1_162' title='bbox 554 2849 589 2904; x_wconf 90' lang='lat'>8</span> <span class='ocrx_word' id='word_1_163' title='bbox 626 2847 992 2904; x_wconf 84' lang='lat' dir='ltr'><strong>consolatoria</strong></span> <span class='ocrx_word' id='word_1_164' title='bbox 1013 2848 1175 2972; x_wconf 62' lang='lat' dir='ltr'><strong>sinltttl</strong></span> <span class='ocrx_word' id='word_1_165' title='bbox 1198 2867 1262 2904; x_wconf 85' lang='lat' dir='ltr'><strong>ac</strong></span> <span class='ocrx_word' id='word_1_166' title='bbox 1292 2849 1633 2913; x_wconf 82' lang='lat' dir='ltr'><strong>heurtastica,</strong></span> <span class='ocrx_word' id='word_1_167' title='bbox 1665 2842 1737 2900; x_wconf 87' lang='lat' dir='ltr'><strong>ad</strong></span> <span class='ocrx_word' id='word_1_168' title='bbox 1767 2843 1878 2901; x_wconf 76' lang='lat' dir='ltr'><strong>Eu-</strong></span> 
     </span>
     <span class='ocr_line' id='line_1_30' title="bbox 946 2936 1245 2972; baseline 0 0"><span class='ocrx_word' id='word_1_169' title='bbox 946 2936 1245 2972; x_wconf 80' lang='lat' dir='ltr'><strong>araouam.</strong></span> 
     </span>
    </p>
   </div>
   <div class='ocr_carea' id='block_1_30' title="bbox 946 2936 1245 2992">
    <p class='ocr_par' dir='ltr' id='par_1_30' title="bbox 946 2936 1245 2992">
     <span class='ocr_line' id='line_1_31' title="bbox 946 2936 1245 2992; baseline 0.007 -20"><span class='ocrx_word' id='word_1_170' title='bbox 946 2936 1245 2992; x_wconf 85' lang='lat' dir='ltr'><strong>grapmam.</strong></span> 
     </span>
    </p>
   </div>
   <div class='ocr_carea' id='block_1_31' title="bbox 358 3030 1875 3109">
    <p class='ocr_par' dir='ltr' id='par_1_31' title="bbox 358 3030 1875 3109">
     <span class='ocr_line' id='line_1_32' title="bbox 358 3030 1875 3109; baseline 0.009 -25"><span class='ocrx_word' id='word_1_171' title='bbox 358 3030 400 3084; x_wconf 87' lang='lat' dir='ltr'><strong>l.</strong></span> <span class='ocrx_word' id='word_1_172' title='bbox 431 3030 623 3087; x_wconf 87' lang='lat' dir='ltr'><strong>Certus</strong></span> <span class='ocrx_word' id='word_1_173' title='bbox 651 3041 741 3087; x_wconf 91' lang='lat' dir='ltr'><strong>est</strong></span> <span class='ocrx_word' id='word_1_174' title='bbox 772 3034 1038 3104; x_wconf 88' lang='lat' dir='ltr'><strong>temporis</strong></span> <span class='ocrx_word' id='word_1_175' title='bbox 1055 3034 1343 3091; x_wconf 88' lang='lat' dir='ltr'><strong>character</strong></span> <span class='ocrx_word' id='word_1_176' title='bbox 1367 3078 1381 3104; x_wconf 88' lang='lat'><strong>,</strong></span> <span class='ocrx_word' id='word_1_177' title='bbox 1434 3035 1562 3092; x_wconf 88' lang='lat' dir='ltr'><strong>data</strong></span> <span class='ocrx_word' id='word_1_178' title='bbox 1603 3038 1875 3109; x_wconf 90' lang='lat' dir='ltr'><strong>siquidem</strong></span> 
     </span>
    </p>
   </div>
   <div class='ocr_carea' id='block_1_32' title="bbox 1975 588 3547 667">
    <p class='ocr_par' dir='ltr' id='par_1_32' title="bbox 1975 588 3547 667">
     <span class='ocr_line' id='line_1_33' title="bbox 1975 588 3547 667; baseline 0.006 -24"><span class='ocrx_word' id='word_1_179' title='bbox 1975 590 2098 655; x_wconf 90' lang='lat' dir='ltr'><strong>tuit,</strong></span> <span class='ocrx_word' id='word_1_180' title='bbox 2119 588 2300 645; x_wconf 76' lang='lat' dir='ltr'><strong>Pietas</strong></span> <span class='ocrx_word' id='word_1_181' title='bbox 2328 602 2498 647; x_wconf 81' lang='lat' dir='ltr'><strong>vestra</strong></span> <span class='ocrx_word' id='word_1_182' title='bbox 2518 594 2851 664; x_wconf 81' lang='lat' dir='ltr'><strong>indignatur,</strong></span> <span class='ocrx_word' id='word_1_183' title='bbox 2876 606 2984 651; x_wconf 86' lang='lat' dir='ltr'><strong>etc.</strong></span> <span class='ocrx_word' id='word_1_184' title='bbox 3013 597 3201 667; x_wconf 84' lang='lat' dir='ltr'><strong>Neque</strong></span> <span class='ocrx_word' id='word_1_185' title='bbox 3230 597 3379 651; x_wconf 86' lang='lat' dir='ltr'><strong>enim</strong></span> <span class='ocrx_word' id='word_1_186' title='bbox 3410 598 3547 653; x_wconf 84' lang='lat' dir='ltr'><strong>solet</strong></span> 
     </span>
    </p>
   </div>
   <div class='ocr_carea' id='block_1_33' title="bbox 1971 681 3546 760">
    <p class='ocr_par' dir='ltr' id='par_1_33' title="bbox 1971 681 3546 760">
     <span class='ocr_line' id='line_1_34' title="bbox 1971 681 3546 760; baseline 0.007 -26"><span class='ocrx_word' id='word_1_187' title='bbox 1971 681 2352 737; x_wconf 90' lang='lat' dir='ltr'><strong>Theodoretus</strong></span> <span class='ocrx_word' id='word_1_188' title='bbox 2403 684 2597 753; x_wconf 85' lang='lat' dir='ltr'><strong>plurali</strong></span> <span class='ocrx_word' id='word_1_189' title='bbox 2632 701 2872 742; x_wconf 80' lang='lat' dir='ltr'><strong>numero</strong></span> <span class='ocrx_word' id='word_1_190' title='bbox 2917 704 3017 758; x_wconf 92' lang='lat' dir='ltr'><strong>pro</strong></span> <span class='ocrx_word' id='word_1_191' title='bbox 3065 690 3335 760; x_wconf 80' lang='lat' dir='ltr'><strong>singulari</strong></span> <span class='ocrx_word' id='word_1_192' title='bbox 3381 692 3460 745; x_wconf 88' lang='lat' dir='ltr'><strong>uti</strong></span> <span class='ocrx_word' id='word_1_193' title='bbox 3489 692 3546 747; x_wconf 90' lang='lat' dir='ltr'><strong>in</strong></span> 
     </span>
    </p>
   </div>
   <div class='ocr_carea' id='block_1_34' title="bbox 1970 772 3544 850">
    <p class='ocr_par' dir='ltr' id='par_1_34' title="bbox 1970 772 3544 850">
     <span class='ocr_line' id='line_1_35' title="bbox 1970 772 3544 850; baseline 0.006 -24"><span class='ocrx_word' id='word_1_194' title='bbox 1970 772 2286 844; x_wconf 87' lang='lat' dir='ltr'><strong>hujusmodi</strong></span> <span class='ocrx_word' id='word_1_195' title='bbox 2328 776 2485 830; x_wconf 86' lang='lat' dir='ltr'><strong>locis.</strong></span> <span class='ocrx_word' id='word_1_196' title='bbox 2527 775 2790 847; x_wconf 83' lang='lat' dir='ltr'><strong>Suspicor</strong></span> <span class='ocrx_word' id='word_1_197' title='bbox 2818 779 2985 845; x_wconf 90' lang='lat' dir='ltr'><strong>hunc,</strong></span> <span class='ocrx_word' id='word_1_198' title='bbox 3024 781 3090 835; x_wconf 90' lang='lat' dir='ltr'><strong>ad</strong></span> <span class='ocrx_word' id='word_1_199' title='bbox 3118 797 3280 850; x_wconf 86' lang='lat' dir='ltr'><strong>quem</strong></span> <span class='ocrx_word' id='word_1_200' title='bbox 3308 782 3544 847; x_wconf 88' lang='lat' dir='ltr'><strong>scribit,</strong></span> 
     </span>
    </p>
   </div>
   <div class='ocr_carea' id='block_1_35' title="bbox 1969 866 3545 943">
    <p class='ocr_par' dir='ltr' id='par_1_35' title="bbox 1969 866 3545 943">
     <span class='ocr_line' id='line_1_36' title="bbox 1969 866 3545 943; baseline 0.004 -23"><span class='ocrx_word' id='word_1_201' title='bbox 1969 880 2090 920; x_wconf 89' lang='lat' dir='ltr'><strong>esse</strong></span> <span class='ocrx_word' id='word_1_202' title='bbox 2141 866 2395 936; x_wconf 84' lang='lat' dir='ltr'><strong>Alypium</strong></span> <span class='ocrx_word' id='word_1_203' title='bbox 2447 868 2842 923; x_wconf 87' lang='lat' dir='ltr'><strong>monachorum</strong></span> <span class='ocrx_word' id='word_1_204' title='bbox 2876 869 3170 942; x_wconf 74' lang='lat' dir='ltr'><strong>Cyrestiea:</strong></span> <span class='ocrx_word' id='word_1_205' title='bbox 3209 873 3381 927; x_wconf 87' lang='lat' dir='ltr'><strong>totius</strong></span> <span class='ocrx_word' id='word_1_206' title='bbox 3412 888 3545 943; x_wconf 92' lang='lat' dir='ltr'><strong>pro-</strong></span> 
     </span>
    </p>
   </div>
   <div class='ocr_carea' id='block_1_36' title="bbox 1968 955 2969 1031">
    <p class='ocr_par' dir='ltr' id='par_1_36' title="bbox 1968 955 2969 1031">
     <span class='ocr_line' id='line_1_37' title="bbox 1968 955 2969 1031; baseline 0.005 -20"><span class='ocrx_word' id='word_1_207' title='bbox 1968 955 2183 1023; x_wconf 75' lang='lat' dir='ltr'><strong>vinciae,</strong></span> <span class='ocrx_word' id='word_1_208' title='bbox 2205 967 2301 1012; x_wconf 89' lang='lat' dir='ltr'><strong>aut</strong></span> <span class='ocrx_word' id='word_1_209' title='bbox 2324 968 2476 1013; x_wconf 88' lang='lat' dir='ltr'><strong>certe</strong></span> <span class='ocrx_word' id='word_1_210' title='bbox 2494 959 2621 1031; x_wconf 85' lang='lat' dir='ltr'><strong>Cyri</strong></span> <span class='ocrx_word' id='word_1_211' title='bbox 2651 960 2969 1018; x_wconf 84' lang='lat' dir='ltr'><strong>exarchum.</strong></span> 
     </span>
    </p>
   </div>
   <div class='ocr_carea' id='block_1_37' title="bbox 1971 1069 3544 1142">
    <p class='ocr_par' dir='ltr' id='par_1_37' title="bbox 1971 1069 3544 1142">
     <span class='ocr_line' id='line_1_38' title="bbox 1971 1069 3544 1142; baseline 0.005 -18"><span class='ocrx_word' id='word_1_212' title='bbox 1971 1069 2216 1141; x_wconf 86' lang='lat' dir='ltr'><strong>Epistula</strong></span> <span class='ocrx_word' id='word_1_213' title='bbox 2246 1072 2314 1127; x_wconf 84' lang='grc'><strong>10</strong></span> <span class='ocrx_word' id='word_1_214' title='bbox 2342 1075 2780 1131; x_wconf 85' lang='lat' dir='ltr'><strong>commendatitia</strong></span> <span class='ocrx_word' id='word_1_215' title='bbox 2800 1117 2814 1142; x_wconf 94' lang='lat'><strong>,</strong></span> <span class='ocrx_word' id='word_1_216' title='bbox 2848 1077 2917 1131; x_wconf 86' lang='lat' dir='ltr'><strong>ad</strong></span> <span class='ocrx_word' id='word_1_217' title='bbox 2947 1076 3128 1131; x_wconf 86' lang='lat' dir='ltr'><strong>Eliam</strong></span> <span class='ocrx_word' id='word_1_218' title='bbox 3159 1077 3544 1133; x_wconf 71' lang='lat' dir='ltr'><strong>scholasticam.</strong></span> 
     </span>
    </p>
   </div>
   <div class='ocr_carea' id='block_1_38' title="bbox 2041 1187 3549 1262">
    <p class='ocr_par' dir='ltr' id='par_1_38' title="bbox 2041 1187 3549 1262">
     <span class='ocr_line' id='line_1_39' title="bbox 2041 1187 3549 1262; baseline 0.005 -22"><span class='ocrx_word' id='word_1_219' title='bbox 2041 1187 2234 1241; x_wconf 89' lang='lat' dir='ltr'><strong>Datam</strong></span> <span class='ocrx_word' id='word_1_220' title='bbox 2301 1194 2520 1257; x_wconf 87' lang='lat' dir='ltr'><strong>oportet</strong></span> <span class='ocrx_word' id='word_1_221' title='bbox 2566 1197 2686 1258; x_wconf 92' lang='lat' dir='ltr'><strong>post</strong></span> <span class='ocrx_word' id='word_1_222' title='bbox 2732 1205 2935 1245; x_wconf 89' lang='lat' dir='ltr'><strong>annum</strong></span> <span class='ocrx_word' id='word_1_223' title='bbox 2977 1191 3102 1247; x_wconf 68' lang='grc'><strong>445.</strong></span> <span class='ocrx_word' id='word_1_224' title='bbox 3163 1192 3351 1262; x_wconf 87' lang='lat' dir='ltr'><strong>Neque</strong></span> <span class='ocrx_word' id='word_1_225' title='bbox 3401 1193 3549 1247; x_wconf 88' lang='lat' dir='ltr'><strong>enim</strong></span> 
     </span>
    </p>
   </div>
   <div class='ocr_carea' id='block_1_39' title="bbox 1972 1279 3549 1355">
    <p class='ocr_par' dir='ltr' id='par_1_39' title="bbox 1972 1279 3549 1355">
     <span class='ocr_line' id='line_1_40' title="bbox 1972 1279 3549 1355; baseline 0.003 -20"><span class='ocrx_word' id='word_1_226' title='bbox 1972 1279 2356 1336; x_wconf 89' lang='lat' dir='ltr'><strong>Theodoretus</strong></span> <span class='ocrx_word' id='word_1_227' title='bbox 2378 1291 2503 1336; x_wconf 88' lang='lat' dir='ltr'><strong>ante</strong></span> <span class='ocrx_word' id='word_1_228' title='bbox 2526 1282 2632 1336; x_wconf 91' lang='lat' dir='ltr'><strong>hoc</strong></span> <span class='ocrx_word' id='word_1_229' title='bbox 2655 1290 2868 1353; x_wconf 86' lang='lat' dir='ltr'><strong>tempus</strong></span> <span class='ocrx_word' id='word_1_230' title='bbox 2890 1291 2987 1337; x_wconf 90' lang='lat' dir='ltr'><strong>aut</strong></span> <span class='ocrx_word' id='word_1_231' title='bbox 3014 1284 3068 1337; x_wconf 93' lang='lat' dir='ltr'><strong>in</strong></span> <span class='ocrx_word' id='word_1_232' title='bbox 3086 1286 3179 1354; x_wconf 90' lang='lat' dir='ltr'><strong>jus</strong></span> <span class='ocrx_word' id='word_1_233' title='bbox 3213 1301 3245 1339; x_wconf 89' lang='lat' dir='ltr'><strong>a</strong></span> <span class='ocrx_word' id='word_1_234' title='bbox 3274 1300 3549 1355; x_wconf 88' lang='lat' dir='ltr'><strong>quoquam</strong></span> 
     </span>
    </p>
   </div>
   <div class='ocr_carea' id='block_1_40' title="bbox 1970 1372 3551 1443">
    <p class='ocr_par' dir='ltr' id='par_1_40' title="bbox 1970 1372 3551 1443">
     <span class='ocr_line' id='line_1_41' title="bbox 1970 1372 3551 1443; baseline 0.004 -19"><span class='ocrx_word' id='word_1_235' title='bbox 1970 1378 2199 1425; x_wconf 87' lang='lat' dir='ltr'><strong>vocatus</strong></span> <span class='ocrx_word' id='word_1_236' title='bbox 2237 1379 2341 1435; x_wconf 90' lang='lat' dir='ltr'><strong>est,</strong></span> <span class='ocrx_word' id='word_1_237' title='bbox 2387 1381 2483 1426; x_wconf 88' lang='lat' dir='ltr'><strong>aut</strong></span> <span class='ocrx_word' id='word_1_238' title='bbox 2517 1372 2772 1443; x_wconf 86' lang='lat' dir='ltr'><strong>cuiquam</strong></span> <span class='ocrx_word' id='word_1_239' title='bbox 2808 1374 3048 1429; x_wconf 87' lang='lat' dir='ltr'><strong>intendit</strong></span> <span class='ocrx_word' id='word_1_240' title='bbox 3070 1374 3260 1442; x_wconf 86' lang='lat' dir='ltr'><strong>litem;</strong></span> <span class='ocrx_word' id='word_1_241' title='bbox 3310 1376 3423 1431; x_wconf 90' lang='lat' dir='ltr'><strong>imo</strong></span> <span class='ocrx_word' id='word_1_242' title='bbox 3449 1391 3551 1430; x_wconf 89' lang='lat' dir='ltr'><strong>nec</strong></span> 
     </span>
    </p>
   </div>
   <div class='ocr_carea' id='block_1_41' title="bbox 1973 1459 3554 1536">
    <p class='ocr_par' dir='ltr' id='par_1_41' title="bbox 1973 1459 3554 1536">
     <span class='ocr_line' id='line_1_42' title="bbox 1973 1459 3554 1536; baseline 0.006 -24"><span class='ocrx_word' id='word_1_243' title='bbox 1973 1459 2118 1514; x_wconf 90' lang='lat' dir='ltr'><strong>ullus</strong></span> <span class='ocrx_word' id='word_1_244' title='bbox 2139 1459 2393 1533; x_wconf 82' lang='lat' dir='ltr'><strong>Cyrensis</strong></span> <span class='ocrx_word' id='word_1_245' title='bbox 2414 1462 2674 1518; x_wconf 71' lang='lat' dir='ltr'><strong>Ecclesiae</strong></span> <span class='ocrx_word' id='word_1_246' title='bbox 2704 1465 2958 1530; x_wconf 86' lang='lat' dir='ltr'><strong>clericus,</strong></span> <span class='ocrx_word' id='word_1_247' title='bbox 2984 1474 3044 1518; x_wconf 90' lang='lat' dir='ltr'><strong>ut</strong></span> <span class='ocrx_word' id='word_1_248' title='bbox 3063 1467 3339 1536; x_wconf 76' lang='lat' dir='ltr'><strong>expressis</strong></span> <span class='ocrx_word' id='word_1_249' title='bbox 3366 1466 3554 1521; x_wconf 82' lang='lat' dir='ltr'><strong>verbis</strong></span> 
     </span>
    </p>
   </div>
   <div class='ocr_carea' id='block_1_42' title="bbox 1971 1548 3555 1623">
    <p class='ocr_par' dir='ltr' id='par_1_42' title="bbox 1971 1548 3555 1623">
     <span class='ocr_line' id='line_1_43' title="bbox 1971 1548 3555 1623; baseline 0.004 -17"><span class='ocrx_word' id='word_1_250' title='bbox 1971 1551 2135 1623; x_wconf 82' lang='lat'><strong>309</strong></span> <span class='ocrx_word' id='word_1_251' title='bbox 2162 1553 2411 1608; x_wconf 89' lang='lat' dir='ltr'><strong>scribens</strong></span> <span class='ocrx_word' id='word_1_252' title='bbox 2433 1555 2500 1608; x_wconf 89' lang='lat' dir='ltr'><strong>ad</strong></span> <span class='ocrx_word' id='word_1_253' title='bbox 2524 1548 2758 1610; x_wconf 81' lang='lat' dir='ltr'><strong>Nomum</strong></span> <span class='ocrx_word' id='word_1_254' title='bbox 2781 1557 3060 1611; x_wconf 88' lang='lat' dir='ltr'><strong>consulem</strong></span> <span class='ocrx_word' id='word_1_255' title='bbox 3090 1558 3338 1612; x_wconf 73' lang='lat' dir='ltr'><strong>tradit”.</strong></span> <span class='ocrx_word' id='word_1_256' title='bbox 3366 1559 3423 1611; x_wconf 86' lang='lat' dir='ltr'><strong>in</strong></span> <span class='ocrx_word' id='word_1_257' title='bbox 3451 1558 3555 1612; x_wconf 87' lang='lat' dir='ltr'><strong>hac</strong></span> 
     </span>
    </p>
   </div>
   <div class='ocr_carea' id='block_1_43' title="bbox 1975 1645 3549 1715">
    <p class='ocr_par' dir='ltr' id='par_1_43' title="bbox 1975 1645 3549 1715">
     <span class='ocr_line' id='line_1_44' title="bbox 1975 1645 3549 1715; baseline 0.003 -16"><span class='ocrx_word' id='word_1_258' title='bbox 1975 1652 2155 1699; x_wconf 84' lang='lat' dir='ltr'><strong>tamen</strong></span> <span class='ocrx_word' id='word_1_259' title='bbox 2200 1645 2434 1715; x_wconf 85' lang='lat' dir='ltr'><strong>epistola</strong></span> <span class='ocrx_word' id='word_1_260' title='bbox 2478 1648 2832 1703; x_wconf 86' lang='lat' dir='ltr'><strong>manifestum</strong></span> <span class='ocrx_word' id='word_1_261' title='bbox 2873 1658 2977 1713; x_wconf 88' lang='lat' dir='ltr'><strong>est,</strong></span> <span class='ocrx_word' id='word_1_262' title='bbox 3024 1649 3284 1705; x_wconf 88' lang='lat' dir='ltr'><strong>Abraami</strong></span> <span class='ocrx_word' id='word_1_263' title='bbox 3330 1651 3549 1706; x_wconf 86' lang='lat' dir='ltr'><strong>cuidam</strong></span> 
     </span>
    </p>
   </div>
   <div class='ocr_carea' id='block_1_44' title="bbox 1974 1735 3557 1813">
    <p class='ocr_par' dir='ltr' id='par_1_44' title="bbox 1974 1735 3557 1813">
     <span class='ocr_line' id='line_1_45' title="bbox 1974 1735 3557 1813; baseline 0.006 -23"><span class='ocrx_word' id='word_1_264' title='bbox 1974 1735 2233 1792; x_wconf 84' lang='lat' dir='ltr'><strong>Ecclesiae</strong></span> <span class='ocrx_word' id='word_1_265' title='bbox 2250 1736 2510 1810; x_wconf 87' lang='lat' dir='ltr'><strong>Cyrensis</strong></span> <span class='ocrx_word' id='word_1_266' title='bbox 2533 1740 2899 1810; x_wconf 81' lang='lat' dir='ltr'><strong>depraedatori</strong></span> <span class='ocrx_word' id='word_1_267' title='bbox 2934 1741 3086 1796; x_wconf 85' lang='lat' dir='ltr'><strong>litem</strong></span> <span class='ocrx_word' id='word_1_268' title='bbox 3112 1741 3229 1797; x_wconf 83' lang='lat' dir='ltr'><strong>ﬁeri</strong></span> <span class='ocrx_word' id='word_1_269' title='bbox 3255 1743 3400 1813; x_wconf 87' lang='lat' dir='ltr'><strong>apud</strong></span> <span class='ocrx_word' id='word_1_270' title='bbox 3425 1759 3557 1812; x_wconf 71' lang='lat' dir='ltr'><strong>prte-</strong></span> 
     </span>
    </p>
   </div>
   <div class='ocr_carea' id='block_1_45' title="bbox 1902 1826 3553 1898">
    <p class='ocr_par' dir='ltr' id='par_1_45' title="bbox 1902 1826 3553 1898">
     <span class='ocr_line' id='line_1_46' title="bbox 1902 1826 3553 1898; baseline 0.004 -17"><span class='ocrx_word' id='word_1_271' title='bbox 1902 1836 1950 1896; x_wconf 78' lang='grc' dir='ltr'><strong>Β</strong></span> <span class='ocrx_word' id='word_1_272' title='bbox 1977 1826 2177 1883; x_wconf 87' lang='lat' dir='ltr'><strong>fectum</strong></span> <span class='ocrx_word' id='word_1_273' title='bbox 2199 1828 2439 1886; x_wconf 87' lang='lat' dir='ltr'><strong>Orientis</strong></span> <span class='ocrx_word' id='word_1_274' title='bbox 2464 1831 2770 1886; x_wconf 66' lang='lat' dir='ltr'><strong>Antiochiae</strong></span> <span class='ocrx_word' id='word_1_275' title='bbox 2796 1833 3151 1898; x_wconf 89' lang='lat' dir='ltr'><strong>residentem,</strong></span> <span class='ocrx_word' id='word_1_276' title='bbox 3198 1842 3254 1889; x_wconf 91' lang='lat' dir='ltr'><strong>et</strong></span> <span class='ocrx_word' id='word_1_277' title='bbox 3297 1833 3553 1889; x_wconf 86' lang='lat' dir='ltr'><strong>advocari</strong></span> 
     </span>
    </p>
   </div>
   <div class='ocr_carea' id='block_1_46' title="bbox 1976 1919 3555 1995">
    <p class='ocr_par' dir='ltr' id='par_1_46' title="bbox 1976 1919 3555 1995">
     <span class='ocr_line' id='line_1_47' title="bbox 1976 1919 3555 1995; baseline 0.003 -21"><span class='ocrx_word' id='word_1_278' title='bbox 1976 1919 2153 1975; x_wconf 88' lang='lat' dir='ltr'><strong>Eliam</strong></span> <span class='ocrx_word' id='word_1_279' title='bbox 2199 1922 2609 1988; x_wconf 83' lang='lat' dir='ltr'><strong>scholasticum,</strong></span> <span class='ocrx_word' id='word_1_280' title='bbox 2650 1934 2710 1980; x_wconf 88' lang='lat' dir='ltr'><strong>ut</strong></span> <span class='ocrx_word' id='word_1_281' title='bbox 2750 1941 2968 1979; x_wconf 88' lang='lat' dir='ltr'><strong>causam</strong></span> <span class='ocrx_word' id='word_1_282' title='bbox 3015 1926 3184 1980; x_wconf 87' lang='lat' dir='ltr'><strong>dicat.</strong></span> <span class='ocrx_word' id='word_1_283' title='bbox 3227 1925 3361 1991; x_wconf 87' lang='lat' dir='ltr'><strong>Quis</strong></span> <span class='ocrx_word' id='word_1_284' title='bbox 3390 1940 3555 1995; x_wconf 88' lang='lat' dir='ltr'><strong>porro</strong></span> 
     </span>
    </p>
   </div>
   <div class='ocr_carea' id='block_1_47' title="bbox 1975 2011 3553 2084">
    <p class='ocr_par' dir='ltr' id='par_1_47' title="bbox 1975 2011 3553 2084">
     <span class='ocr_line' id='line_1_48' title="bbox 1975 2011 3553 2084; baseline 0.003 -18"><span class='ocrx_word' id='word_1_285' title='bbox 1975 2011 2145 2067; x_wconf 87' lang='lat' dir='ltr'><strong>fuerit</strong></span> <span class='ocrx_word' id='word_1_286' title='bbox 2179 2012 2497 2078; x_wconf 84' lang='lat' dir='ltr'><strong>Abraames,</strong></span> <span class='ocrx_word' id='word_1_287' title='bbox 2527 2025 2622 2069; x_wconf 89' lang='lat' dir='ltr'><strong>aut</strong></span> <span class='ocrx_word' id='word_1_288' title='bbox 2643 2016 2767 2084; x_wconf 89' lang='lat' dir='ltr'><strong>quis</strong></span> <span class='ocrx_word' id='word_1_289' title='bbox 2798 2016 2962 2081; x_wconf 84' lang='lat' dir='ltr'><strong>Elias,</strong></span> <span class='ocrx_word' id='word_1_290' title='bbox 2989 2016 3288 2071; x_wconf 87' lang='lat' dir='ltr'><strong>obscurum</strong></span> <span class='ocrx_word' id='word_1_291' title='bbox 3308 2022 3413 2081; x_wconf 89' lang='lat' dir='ltr'><strong>est,</strong></span> <span class='ocrx_word' id='word_1_292' title='bbox 3444 2015 3553 2070; x_wconf 86' lang='lat' dir='ltr'><strong>nisi</strong></span> 
     </span>
    </p>
   </div>
   <div class='ocr_carea' id='block_1_48' title="bbox 1975 2103 3556 2179">
    <p class='ocr_par' dir='ltr' id='par_1_48' title="bbox 1975 2103 3556 2179">
     <span class='ocr_line' id='line_1_49' title="bbox 1975 2103 3556 2179; baseline 0.004 -23"><span class='ocrx_word' id='word_1_293' title='bbox 1975 2103 2121 2173; x_wconf 90' lang='lat' dir='ltr'><strong>quod</strong></span> <span class='ocrx_word' id='word_1_294' title='bbox 2148 2104 2238 2157; x_wconf 91' lang='lat' dir='ltr'><strong>ille</strong></span> <span class='ocrx_word' id='word_1_295' title='bbox 2289 2105 2731 2174; x_wconf 85' lang='lat' dir='ltr'><strong>improbissimus</strong></span> <span class='ocrx_word' id='word_1_296' title='bbox 2771 2106 2959 2172; x_wconf 86' lang='lat' dir='ltr'><strong>fuerit,</strong></span> <span class='ocrx_word' id='word_1_297' title='bbox 3012 2107 3115 2162; x_wconf 89' lang='lat' dir='ltr'><strong>iste</strong></span> <span class='ocrx_word' id='word_1_298' title='bbox 3147 2108 3293 2179; x_wconf 88' lang='lat' dir='ltr'><strong>juris</strong></span> <span class='ocrx_word' id='word_1_299' title='bbox 3314 2116 3371 2162; x_wconf 90' lang='lat' dir='ltr'><strong>et</strong></span> <span class='ocrx_word' id='word_1_300' title='bbox 3418 2106 3556 2162; x_wconf 87' lang='lat' dir='ltr'><strong>artis</strong></span> 
     </span>
    </p>
   </div>
   <div class='ocr_carea' id='block_1_49' title="bbox 1976 2196 2482 2267">
    <p class='ocr_par' dir='ltr' id='par_1_49' title="bbox 1976 2196 2482 2267">
     <span class='ocr_line' id='line_1_50' title="bbox 1976 2196 2482 2267; baseline 0.004 -17"><span class='ocrx_word' id='word_1_301' title='bbox 1976 2196 2233 2250; x_wconf 76' lang='lat' dir='ltr'><strong>oratoriae</strong></span> <span class='ocrx_word' id='word_1_302' title='bbox 2252 2196 2482 2267; x_wconf 86' lang='lat' dir='ltr'><strong>peritus.</strong></span> 
     </span>
    </p>
   </div>
   <div class='ocr_carea' id='block_1_50' title="bbox 1976 2331 3555 2403">
    <p class='ocr_par' dir='ltr' id='par_1_50' title="bbox 1976 2331 3555 2403">
     <span class='ocr_line' id='line_1_51' title="bbox 1976 2331 3555 2403; baseline 0.001 -17"><span class='ocrx_word' id='word_1_303' title='bbox 1976 2331 2218 2402; x_wconf 83' lang='lat' dir='ltr'><strong>Epistula</strong></span> <span class='ocrx_word' id='word_1_304' title='bbox 2256 2334 2319 2387; x_wconf 77' lang='grc' dir='ltr'>Η</span> <span class='ocrx_word' id='word_1_305' title='bbox 2354 2333 2711 2403; x_wconf 74' lang='lat' dir='ltr'><strong>gratulatoria</strong></span> <span class='ocrx_word' id='word_1_306' title='bbox 2745 2335 2814 2389; x_wconf 85' lang='lat' dir='ltr'><strong>ad</strong></span> <span class='ocrx_word' id='word_1_307' title='bbox 2842 2335 3154 2388; x_wconf 70' lang='lat' dir='ltr'><strong>Flavianum</strong></span> <span class='ocrx_word' id='word_1_308' title='bbox 3180 2333 3555 2389; x_wconf 82' lang='lat' dir='ltr'><strong>Constantinu-</strong></span> 
     </span>
    </p>
   </div>
   <div class='ocr_carea' id='block_1_51' title="bbox 2432 2403 3090 2476">
    <p class='ocr_par' dir='ltr' id='par_1_51' title="bbox 2432 2403 3090 2476">
     <span class='ocr_line' id='line_1_52' title="bbox 2432 2403 3090 2476; baseline 0.002 -19"><span class='ocrx_word' id='word_1_309' title='bbox 2432 2403 2735 2473; x_wconf 48' lang='lat' dir='ltr'><strong>p&#39;olitanum</strong></span> <span class='ocrx_word' id='word_1_310' title='bbox 2774 2406 3090 2476; x_wconf 75' lang='lat' dir='ltr'><strong>episcopum.</strong></span> 
     </span>
    </p>
   </div>
   <div class='ocr_carea' id='block_1_52' title="bbox 2047 2492 3553 2566">
    <p class='ocr_par' dir='ltr' id='par_1_52' title="bbox 2047 2492 3553 2566">
     <span class='ocr_line' id='line_1_53' title="bbox 2047 2492 3553 2566; baseline 0.002 -21"><span class='ocrx_word' id='word_1_311' title='bbox 2047 2492 2086 2546; x_wconf 94' lang='grc'><strong>1.</strong></span> <span class='ocrx_word' id='word_1_312' title='bbox 2115 2493 2457 2549; x_wconf 76' lang='lat' dir='ltr'><strong>Manifestum</strong></span> <span class='ocrx_word' id='word_1_313' title='bbox 2486 2496 2649 2550; x_wconf 87' lang='lat' dir='ltr'><strong>habet</strong></span> <span class='ocrx_word' id='word_1_314' title='bbox 2671 2496 2800 2549; x_wconf 90' lang='lat' dir='ltr'><strong>anni</strong></span> <span class='ocrx_word' id='word_1_315' title='bbox 2818 2504 2874 2550; x_wconf 92' lang='lat' dir='ltr'><strong>et</strong></span> <span class='ocrx_word' id='word_1_316' title='bbox 2897 2510 3142 2566; x_wconf 71' lang='lat' dir='ltr'><strong>personae</strong></span> <span class='ocrx_word' id='word_1_317' title='bbox 3162 2495 3553 2550; x_wconf 86' lang='lat' dir='ltr'><strong>characterem.</strong></span> 
     </span>
    </p>
   </div>
   <div class='ocr_carea' id='block_1_53' title="bbox 1978 2585 3555 2659">
    <p class='ocr_par' dir='ltr' id='par_1_53' title="bbox 1978 2585 3555 2659">
     <span class='ocr_line' id='line_1_54' title="bbox 1978 2585 3555 2659; baseline 0.001 -21"><span class='ocrx_word' id='word_1_318' title='bbox 1978 2585 2357 2642; x_wconf 83' lang='lat' dir='ltr'><strong>Theodoretus</strong></span> <span class='ocrx_word' id='word_1_319' title='bbox 2405 2588 2553 2641; x_wconf 88' lang='lat' dir='ltr'><strong>enim</strong></span> <span class='ocrx_word' id='word_1_320' title='bbox 2618 2588 2878 2644; x_wconf 86' lang='lat' dir='ltr'><strong>Flaviano</strong></span> <span class='ocrx_word' id='word_1_321' title='bbox 2936 2588 3244 2659; x_wconf 79' lang='lat' dir='ltr'><strong>gratulatur</strong></span> <span class='ocrx_word' id='word_1_322' title='bbox 3297 2586 3555 2656; x_wconf 87' lang='lat' dir='ltr'><strong>adeptum</strong></span> 
     </span>
    </p>
   </div>
   <div class='ocr_carea' id='block_1_54' title="bbox 1977 2677 3556 2748">
    <p class='ocr_par' dir='ltr' id='par_1_54' title="bbox 1977 2677 3556 2748">
     <span class='ocr_line' id='line_1_55' title="bbox 1977 2677 3556 2748; baseline 0.002 -18"><span class='ocrx_word' id='word_1_323' title='bbox 1977 2677 2133 2733; x_wconf 83' lang='lat' dir='ltr'><strong>urbis</strong></span> <span class='ocrx_word' id='word_1_324' title='bbox 2170 2678 2330 2748; x_wconf 71' lang='lat' dir='ltr'><strong>regite</strong></span> <span class='ocrx_word' id='word_1_325' title='bbox 2355 2678 2752 2747; x_wconf 85' lang='lat' dir='ltr'><strong>episcopatum,</strong></span> <span class='ocrx_word' id='word_1_326' title='bbox 2785 2680 2840 2733; x_wconf 90' lang='lat' dir='ltr'><strong>in</strong></span> <span class='ocrx_word' id='word_1_327' title='bbox 2872 2681 2887 2699; x_wconf 84' lang='lat'><strong>‘</strong></span> <span class='ocrx_word' id='word_1_328' title='bbox 2912 2694 3075 2748; x_wconf 85' lang='lat' dir='ltr'><strong>quem</strong></span> <span class='ocrx_word' id='word_1_329' title='bbox 3114 2679 3379 2733; x_wconf 86' lang='lat' dir='ltr'><strong>successit</strong></span> <span class='ocrx_word' id='word_1_330' title='bbox 3419 2679 3556 2733; x_wconf 87' lang='lat' dir='ltr'><strong>Pro-</strong></span> 
     </span>
    </p>
   </div>
   <div class='ocr_carea' id='block_1_55' title="bbox 1976 2770 3558 2838">
    <p class='ocr_par' dir='ltr' id='par_1_55' title="bbox 1976 2770 3558 2838">
     <span class='ocr_line' id='line_1_56' title="bbox 1976 2770 3558 2838; baseline 0.003 -15"><span class='ocrx_word' id='word_1_331' title='bbox 1976 2770 2082 2833; x_wconf 91' lang='lat' dir='ltr'><strong>clo,</strong></span> <span class='ocrx_word' id='word_1_332' title='bbox 2135 2770 2230 2838; x_wconf 91' lang='lat' dir='ltr'><strong>qui</strong></span> <span class='ocrx_word' id='word_1_333' title='bbox 2279 2770 2426 2825; x_wconf 88' lang='lat' dir='ltr'><strong>diem</strong></span> <span class='ocrx_word' id='word_1_334' title='bbox 2462 2779 2770 2827; x_wconf 81' lang='lat' dir='ltr'><strong>extremum</strong></span> <span class='ocrx_word' id='word_1_335' title='bbox 2815 2771 3011 2826; x_wconf 87' lang='lat' dir='ltr'><strong>clausit</strong></span> <span class='ocrx_word' id='word_1_336' title='bbox 3042 2786 3187 2826; x_wconf 87' lang='lat' dir='ltr'><strong>anno</strong></span> <span class='ocrx_word' id='word_1_337' title='bbox 3216 2772 3340 2838; x_wconf 69' lang='lat' dir='ltr'><strong>M7,</strong></span> <span class='ocrx_word' id='word_1_338' title='bbox 3372 2771 3462 2826; x_wconf 89' lang='lat' dir='ltr'><strong>die</strong></span> <span class='ocrx_word' id='word_1_339' title='bbox 3487 2772 3558 2827; x_wconf 68' lang='grc'><strong>24</strong></span> 
     </span>
    </p>
   </div>
   <div class='ocr_carea' id='block_1_56' title="bbox 1976 2859 2248 2916">
    <p class='ocr_par' dir='ltr' id='par_1_56' title="bbox 1976 2859 2248 2916">
     <span class='ocr_line' id='line_1_57' title="bbox 1976 2859 2248 2916; baseline 0 0"><span class='ocrx_word' id='word_1_340' title='bbox 1976 2859 2248 2916; x_wconf 89' lang='lat' dir='ltr'><strong>Octobris.</strong></span> 
     </span>
    </p>
   </div>
   <div class='ocr_carea' id='block_1_57' title="bbox 2049 2953 3558 3023">
    <p class='ocr_par' dir='ltr' id='par_1_57' title="bbox 2049 2953 3558 3023">
     <span class='ocr_line' id='line_1_58' title="bbox 2049 2953 3558 3023; baseline 0.003 -17"><span class='ocrx_word' id='word_1_341' title='bbox 2049 2953 2112 3007; x_wconf 91' lang='lat' dir='ltr'><strong>ll.</strong></span> <span class='ocrx_word' id='word_1_342' title='bbox 2166 2954 2243 3007; x_wconf 92' lang='lat' dir='ltr'><strong>De</strong></span> <span class='ocrx_word' id='word_1_343' title='bbox 2280 2953 2558 3016; x_wconf 84' lang='lat' dir='ltr'><strong>Flaviano,</strong></span> <span class='ocrx_word' id='word_1_344' title='bbox 2606 2954 2700 3023; x_wconf 86' lang='lat' dir='ltr'><strong>qui</strong></span> <span class='ocrx_word' id='word_1_345' title='bbox 2754 2964 2878 3023; x_wconf 90' lang='lat' dir='ltr'><strong>post</strong></span> <span class='ocrx_word' id='word_1_346' title='bbox 2927 2953 3324 3023; x_wconf 89' lang='lat' dir='ltr'><strong>depositionem</strong></span> <span class='ocrx_word' id='word_1_347' title='bbox 3365 2971 3395 3010; x_wconf 90' lang='lat' dir='ltr'><strong>a</strong></span> <span class='ocrx_word' id='word_1_348' title='bbox 3427 2956 3558 3011; x_wconf 86' lang='lat' dir='ltr'><strong>Dio-</strong></span> 
     </span>
    </p>
   </div>
   <div class='ocr_carea' id='block_1_58' title="bbox 1978 3046 3560 3118">
    <p class='ocr_par' dir='ltr' id='par_1_58' title="bbox 1978 3046 3560 3118">
     <span class='ocr_line' id='line_1_59' title="bbox 1978 3046 3560 3118; baseline -0.001 -16"><span class='ocrx_word' id='word_1_349' title='bbox 1978 3061 2136 3102; x_wconf 87' lang='lat' dir='ltr'><strong>scoro</strong></span> <span class='ocrx_word' id='word_1_350' title='bbox 2177 3046 2233 3100; x_wconf 91' lang='lat' dir='ltr'><strong>in</strong></span> <span class='ocrx_word' id='word_1_351' title='bbox 2257 3046 2562 3101; x_wconf 90' lang='lat' dir='ltr'><strong>latrocinali</strong></span> <span class='ocrx_word' id='word_1_352' title='bbox 2587 3047 2821 3102; x_wconf 88' lang='lat' dir='ltr'><strong>concilio</strong></span> <span class='ocrx_word' id='word_1_353' title='bbox 2848 3047 3065 3111; x_wconf 86' lang='lat' dir='ltr'><strong>factam,</strong></span> <span class='ocrx_word' id='word_1_354' title='bbox 3098 3047 3269 3101; x_wconf 90' lang='lat' dir='ltr'><strong>nobili</strong></span> <span class='ocrx_word' id='word_1_355' title='bbox 3297 3048 3560 3118; x_wconf 80' lang='lat' dir='ltr'><strong>martyrio</strong></span> 
     </span>
    </p>
   </div>
   <div class='ocr_carea' id='block_1_59' title="bbox 280 3125 3557 3232">
    <p class='ocr_par' dir='ltr' id='par_1_59' title="bbox 280 3125 3557 3232">
     <span class='ocr_line' id='line_1_60' title="bbox 280 3125 3557 3232; baseline 0.005 -55"><span class='ocrx_word' id='word_1_356' title='bbox 280 3132 508 3225; x_wconf 74' lang='lat' dir='ltr'><strong>estpost</strong></span> <span class='ocrx_word' id='word_1_357' title='bbox 525 3126 763 3232; x_wconf 67' lang='lat' dir='ltr'><strong>alteram</strong></span> <span class='ocrx_word' id='word_1_358' title='bbox 793 3143 807 3179; x_wconf 88' lang='lat'><strong>:</strong></span> <span class='ocrx_word' id='word_1_359' title='bbox 893 3125 1370 3232; x_wconf 49' lang='lat' dir='ltr'><strong>‘Supervae‘aneum</strong></span> <span class='ocrx_word' id='word_1_360' title='bbox 1393 3127 1534 3183; x_wconf 92' lang='lat' dir='ltr'><strong>duco</strong></span> <span class='ocrx_word' id='word_1_361' title='bbox 1574 3131 1875 3200; x_wconf 89' lang='lat' dir='ltr'><strong>spiritualia</strong></span> <span class='ocrx_word' id='word_1_362' title='bbox 1903 3173 1947 3232; x_wconf 72' lang='lat' dir='ltr'><strong><em>C</em></strong></span> <span class='ocrx_word' id='word_1_363' title='bbox 1979 3138 2271 3193; x_wconf 84' lang='lat' dir='ltr'><strong>defunctus</strong></span> <span class='ocrx_word' id='word_1_364' title='bbox 2312 3148 2421 3204; x_wconf 86' lang='lat' dir='ltr'><strong>est,</strong></span> <span class='ocrx_word' id='word_1_365' title='bbox 2451 3138 2663 3209; x_wconf 80' lang='lat' dir='ltr'><strong>egimus</strong></span> <span class='ocrx_word' id='word_1_366' title='bbox 2705 3137 2919 3208; x_wconf 88' lang='lat' dir='ltr'><strong>prolixe</strong></span> <span class='ocrx_word' id='word_1_367' title='bbox 2956 3137 3013 3191; x_wconf 90' lang='lat' dir='ltr'><strong>in</strong></span> <span class='ocrx_word' id='word_1_368' title='bbox 3038 3138 3188 3193; x_wconf 91' lang='lat' dir='ltr'><strong>notis</strong></span> <span class='ocrx_word' id='word_1_369' title='bbox 3219 3137 3288 3192; x_wconf 91' lang='lat' dir='ltr'><strong>ad</strong></span> <span class='ocrx_word' id='word_1_370' title='bbox 3318 3138 3557 3194; x_wconf 82' lang='lat' dir='ltr'><strong>Liberali</strong></span> 
     </span>
    </p>
   </div>
   <div class='ocr_carea' id='block_1_60' title="bbox 277 3215 1878 3279">
    <p class='ocr_par' dir='ltr' id='par_1_60' title="bbox 277 3215 1878 3279">
     <span class='ocr_line' id='line_1_61' title="bbox 277 3215 1878 3279; baseline 0.006 -10"><span class='ocrx_word' id='word_1_371' title='bbox 277 3215 480 3270; x_wconf 83' lang='lat' dir='ltr'><strong>iterum</strong></span> <span class='ocrx_word' id='word_1_372' title='bbox 517 3216 772 3272; x_wconf 90' lang='lat' dir='ltr'><strong>remedia</strong></span> <span class='ocrx_word' id='word_1_373' title='bbox 818 3217 998 3272; x_wconf 91' lang='lat' dir='ltr'><strong>dolori</strong></span> <span class='ocrx_word' id='word_1_374' title='bbox 1037 3217 1323 3274; x_wconf 89' lang='lat' dir='ltr'><strong>adhibere.</strong></span> <span class='ocrx_word' id='word_1_375' title='bbox 1369 3237 1387 3271; x_wconf 72' lang='grc' dir='ltr'><strong><em>ι</em></strong></span> <span class='ocrx_word' id='word_1_376' title='bbox 1438 3220 1565 3276; x_wconf 68' lang='lat' dir='ltr'><strong>Haec</strong></span> <span class='ocrx_word' id='word_1_377' title='bbox 1593 3230 1777 3278; x_wconf 87' lang='lat' dir='ltr'><strong>autem</strong></span> <span class='ocrx_word' id='word_1_378' title='bbox 1800 3224 1878 3279; x_wconf 87' lang='lat' dir='ltr'><strong>al-</strong></span> 
     </span>
    </p>
   </div>
   <div class='ocr_carea' id='block_1_61' title="bbox 274 3309 1875 3382">
    <p class='ocr_par' dir='ltr' id='par_1_61' title="bbox 274 3309 1875 3382">
     <span class='ocr_line' id='line_1_62' title="bbox 274 3309 1875 3382; baseline 0.006 -20"><span class='ocrx_word' id='word_1_379' title='bbox 274 3316 419 3371; x_wconf 82' lang='lat' dir='ltr'><strong>tera,</strong></span> <span class='ocrx_word' id='word_1_380' title='bbox 461 3324 590 3377; x_wconf 64' lang='lat' dir='ltr'><strong>quae</strong></span> <span class='ocrx_word' id='word_1_381' title='bbox 617 3309 803 3364; x_wconf 89' lang='lat' dir='ltr'><strong>alieno</strong></span> <span class='ocrx_word' id='word_1_382' title='bbox 841 3310 964 3364; x_wconf 91' lang='lat' dir='ltr'><strong>loco</strong></span> <span class='ocrx_word' id='word_1_383' title='bbox 996 3310 1197 3381; x_wconf 89' lang='lat' dir='ltr'><strong>posita,</strong></span> <span class='ocrx_word' id='word_1_384' title='bbox 1226 3311 1563 3382; x_wconf 76' lang='lat' dir='ltr'><strong>sexagesima</strong></span> <span class='ocrx_word' id='word_1_385' title='bbox 1592 3330 1738 3370; x_wconf 88' lang='lat' dir='ltr'><strong>nona</strong></span> <span class='ocrx_word' id='word_1_386' title='bbox 1772 3332 1875 3370; x_wconf 89' lang='lat' dir='ltr'><strong>nu—</strong></span> 
     </span>
    </p>
   </div>
   <div class='ocr_carea' id='block_1_62' title="bbox 271 3402 1876 3474">
    <p class='ocr_par' dir='ltr' id='par_1_62' title="bbox 271 3402 1876 3474">
     <span class='ocr_line' id='line_1_63' title="bbox 271 3402 1876 3474; baseline 0.005 -18"><span class='ocrx_word' id='word_1_387' title='bbox 271 3412 546 3464; x_wconf 85' lang='lat' dir='ltr'><strong>meratur,</strong></span> <span class='ocrx_word' id='word_1_388' title='bbox 597 3402 807 3471; x_wconf 87' lang='lat' dir='ltr'><strong>scripta</strong></span> <span class='ocrx_word' id='word_1_389' title='bbox 857 3410 983 3467; x_wconf 92' lang='lat' dir='ltr'><strong>est,</strong></span> <span class='ocrx_word' id='word_1_390' title='bbox 1032 3418 1144 3472; x_wconf 90' lang='lat' dir='ltr'><strong>quo</strong></span> <span class='ocrx_word' id='word_1_391' title='bbox 1195 3412 1443 3474; x_wconf 88' lang='lat' dir='ltr'><strong>tempore</strong></span> <span class='ocrx_word' id='word_1_392' title='bbox 1489 3405 1876 3464; x_wconf 89' lang='lat' dir='ltr'><strong>Theodoretus</strong></span> 
     </span>
    </p>
   </div>
   <div class='ocr_carea' id='block_1_63' title="bbox 269 3491 1873 3564">
    <p class='ocr_par' dir='ltr' id='par_1_63' title="bbox 269 3491 1873 3564">
     <span class='ocr_line' id='line_1_64' title="bbox 269 3491 1873 3564; baseline 0.005 -16"><span class='ocrx_word' id='word_1_393' title='bbox 269 3492 396 3564; x_wconf 61' lang='lat' dir='ltr'><strong>Cyri</strong></span> <span class='ocrx_word' id='word_1_394' title='bbox 439 3493 807 3549; x_wconf 87' lang='lat' dir='ltr'><strong>detinebatnr</strong></span> <span class='ocrx_word' id='word_1_395' title='bbox 828 3494 871 3525; x_wconf 87' lang='grc'>⁸¹</span> <span class='ocrx_word' id='word_1_396' title='bbox 903 3512 916 3547; x_wconf 88' lang='lat'><strong>:</strong></span> <span class='ocrx_word' id='word_1_397' title='bbox 955 3513 972 3546; x_wconf 70' lang='grc' dir='ltr'><strong>α</strong></span> <span class='ocrx_word' id='word_1_398' title='bbox 1001 3491 1116 3550; x_wconf 84' lang='lat' dir='ltr'><strong>Nisi</strong></span> <span class='ocrx_word' id='word_1_399' title='bbox 1141 3510 1228 3550; x_wconf 92' lang='lat' dir='ltr'><strong>me</strong></span> <span class='ocrx_word' id='word_1_400' title='bbox 1263 3498 1614 3554; x_wconf 88' lang='lat' dir='ltr'><strong>necessitatis</strong></span> <span class='ocrx_word' id='word_1_401' title='bbox 1652 3500 1873 3557; x_wconf 87' lang='lat' dir='ltr'><strong>vincula</strong></span> 
     </span>
    </p>
   </div>
   <div class='ocr_carea' id='block_1_64' title="bbox 278 3588 1878 3659">
    <p class='ocr_par' dir='ltr' id='par_1_64' title="bbox 278 3588 1878 3659">
     <span class='ocr_line' id='line_1_65' title="bbox 278 3588 1878 3659; baseline 0.004 -16"><span class='ocrx_word' id='word_1_402' title='bbox 278 3588 671 3650; x_wconf 84' lang='lat' dir='ltr'><strong>retinuissent,</strong></span> <span class='ocrx_word' id='word_1_403' title='bbox 695 3588 1058 3643; x_wconf 89' lang='lat' dir='ltr'><strong>accurrissem</strong></span> <span class='ocrx_word' id='word_1_404' title='bbox 1082 3604 1113 3643; x_wconf 90' lang='lat' dir='ltr'><strong>e</strong></span> <span class='ocrx_word' id='word_1_405' title='bbox 1130 3589 1361 3659; x_wconf 79' lang='lat' dir='ltr'><strong>vestigio</strong></span> <span class='ocrx_word' id='word_1_406' title='bbox 1380 3590 1545 3645; x_wconf 89' lang='lat' dir='ltr'><strong>simul</strong></span> <span class='ocrx_word' id='word_1_407' title='bbox 1567 3607 1632 3646; x_wconf 91' lang='lat' dir='ltr'><strong>ac</strong></span> <span class='ocrx_word' id='word_1_408' title='bbox 1658 3591 1727 3646; x_wconf 90' lang='lat' dir='ltr'><strong>de</strong></span> <span class='ocrx_word' id='word_1_409' title='bbox 1761 3607 1878 3649; x_wconf 79' lang='lat' dir='ltr'><strong>ma-</strong></span> 
     </span>
    </p>
   </div>
   <div class='ocr_carea' id='block_1_65' title="bbox 278 3675 1878 3751">
    <p class='ocr_par' dir='ltr' id='par_1_65' title="bbox 278 3675 1878 3751">
     <span class='ocr_line' id='line_1_66' title="bbox 278 3675 1878 3751; baseline 0.004 -22"><span class='ocrx_word' id='word_1_410' title='bbox 278 3675 462 3746; x_wconf 72' lang='lat' dir='ltr'><strong>gniﬁci</strong></span> <span class='ocrx_word' id='word_1_411' title='bbox 496 3690 567 3730; x_wconf 89' lang='lat' dir='ltr'><strong>ac</strong></span> <span class='ocrx_word' id='word_1_412' title='bbox 606 3675 832 3746; x_wconf 77' lang='lat' dir='ltr'><strong>gloriosi</strong></span> <span class='ocrx_word' id='word_1_413' title='bbox 879 3675 1130 3747; x_wconf 79' lang='lat' dir='ltr'><strong>conjugis</strong></span> <span class='ocrx_word' id='word_1_414' title='bbox 1178 3677 1257 3730; x_wconf 90' lang='lat' dir='ltr'><strong>tui</strong></span> <span class='ocrx_word' id='word_1_415' title='bbox 1290 3677 1622 3735; x_wconf 87' lang='lat' dir='ltr'><strong>dormitione</strong></span> <span class='ocrx_word' id='word_1_416' title='bbox 1672 3694 1878 3751; x_wconf 80' lang='lat' dir='ltr'><strong>cogno-</strong></span> 
     </span>
    </p>
   </div>
   <div class='ocr_carea' id='block_1_66' title="bbox 277 3766 553 3831">
    <p class='ocr_par' dir='ltr' id='par_1_66' title="bbox 277 3766 553 3831">
     <span class='ocr_line' id='line_1_67' title="bbox 277 3766 553 3831; baseline 0.018 -13"><span class='ocrx_word' id='word_1_417' title='bbox 277 3766 347 3831; x_wconf 68' lang='grc' dir='ltr'><strong>τὶ,</strong></span> <span class='ocrx_word' id='word_1_418' title='bbox 375 3786 398 3818; x_wconf 73' lang='grc' dir='ltr'><strong><em>ι</em></strong></span> <span class='ocrx_word' id='word_1_419' title='bbox 432 3776 553 3823; x_wconf 86' lang='lat' dir='ltr'><strong>etc.</strong></span> 
     </span>
    </p>
   </div>
   <div class='ocr_carea' id='block_1_67' title="bbox 342 3860 1877 3930">
    <p class='ocr_par' dir='ltr' id='par_1_67' title="bbox 342 3860 1877 3930">
     <span class='ocr_line' id='line_1_68' title="bbox 342 3860 1877 3930; baseline 0.003 -16"><span class='ocrx_word' id='word_1_420' title='bbox 342 3860 412 3914; x_wconf 88' lang='lat' dir='ltr'><strong>ll.</strong></span> <span class='ocrx_word' id='word_1_421' title='bbox 448 3860 755 3930; x_wconf 86' lang='lat' dir='ltr'><strong>Epistulam</strong></span> <span class='ocrx_word' id='word_1_422' title='bbox 791 3860 917 3915; x_wconf 90' lang='lat' dir='ltr'><strong>dico</strong></span> <span class='ocrx_word' id='word_1_423' title='bbox 963 3860 1385 3916; x_wconf 85' lang='lat' dir='ltr'><strong>consolatoriam</strong></span> <span class='ocrx_word' id='word_1_424' title='bbox 1418 3863 1579 3918; x_wconf 87' lang='lat' dir='ltr'><strong>simul</strong></span> <span class='ocrx_word' id='word_1_425' title='bbox 1616 3872 1673 3919; x_wconf 89' lang='lat' dir='ltr'><strong>et</strong></span> <span class='ocrx_word' id='word_1_426' title='bbox 1711 3863 1877 3919; x_wconf 89' lang='lat' dir='ltr'><strong>heur-</strong></span> 
     </span>
    </p>
   </div>
   <div class='ocr_carea' id='block_1_68' title="bbox 272 3952 1863 4025">
    <p class='ocr_par' dir='ltr' id='par_1_68' title="bbox 272 3952 1863 4025">
     <span class='ocr_line' id='line_1_69' title="bbox 272 3952 1863 4025; baseline 0.003 -18"><span class='ocrx_word' id='word_1_427' title='bbox 272 3952 535 4008; x_wconf 84' lang='lat' dir='ltr'><strong>tasticam</strong></span> <span class='ocrx_word' id='word_1_428' title='bbox 573 3952 784 4007; x_wconf 89' lang='lat' dir='ltr'><strong>:missa</strong></span> <span class='ocrx_word' id='word_1_429' title='bbox 831 3952 979 4006; x_wconf 90' lang='lat' dir='ltr'><strong>enim</strong></span> <span class='ocrx_word' id='word_1_430' title='bbox 1013 3962 1097 4008; x_wconf 91' lang='lat' dir='ltr'><strong>est</strong></span> <span class='ocrx_word' id='word_1_431' title='bbox 1135 3964 1260 4025; x_wconf 87' lang='lat' dir='ltr'><strong>post</strong></span> <span class='ocrx_word' id='word_1_432' title='bbox 1301 3955 1609 4024; x_wconf 87' lang='lat' dir='ltr'><strong>passionem</strong></span> <span class='ocrx_word' id='word_1_433' title='bbox 1633 3955 1863 4011; x_wconf 86' lang='lat' dir='ltr'><strong>Christi.</strong></span> 
     </span>
    </p>
   </div>
   <div class='ocr_carea' id='block_1_69' title="bbox 275 4041 1878 4113">
    <p class='ocr_par' dir='ltr' id='par_1_69' title="bbox 275 4041 1878 4113">
     <span class='ocr_line' id='line_1_70' title="bbox 275 4041 1878 4113; baseline 0.004 -18"><span class='ocrx_word' id='word_1_434' title='bbox 275 4062 297 4095; x_wconf 73' lang='grc' dir='ltr'><strong><em>ι</em></strong></span> <span class='ocrx_word' id='word_1_435' title='bbox 339 4044 525 4107; x_wconf 84' lang='lat' dir='ltr'><strong>Unde,</strong></span> <span class='ocrx_word' id='word_1_436' title='bbox 578 4042 760 4113; x_wconf 89' lang='lat' dir='ltr'><strong>inquit</strong></span> <span class='ocrx_word' id='word_1_437' title='bbox 786 4041 855 4107; x_wconf 72' lang='grc'><strong>³⁸,</strong></span> <span class='ocrx_word' id='word_1_438' title='bbox 898 4043 1117 4105; x_wconf 85' lang='lat' dir='ltr'><strong>sullicit,</strong></span> <span class='ocrx_word' id='word_1_439' title='bbox 1167 4046 1253 4099; x_wconf 90' lang='lat' dir='ltr'><strong>vel</strong></span> <span class='ocrx_word' id='word_1_440' title='bbox 1291 4045 1358 4099; x_wconf 86' lang='lat' dir='ltr'><strong>ad</strong></span> <span class='ocrx_word' id='word_1_441' title='bbox 1400 4061 1672 4101; x_wconf 86' lang='lat' dir='ltr'><strong>summam</strong></span> <span class='ocrx_word' id='word_1_442' title='bbox 1707 4047 1878 4103; x_wconf 83' lang='lat' dir='ltr'><strong>tristi-</strong></span> 
     </span>
    </p>
   </div>
   <div class='ocr_carea' id='block_1_70' title="bbox 273 4132 1878 4205">
    <p class='ocr_par' dir='ltr' id='par_1_70' title="bbox 273 4132 1878 4205">
     <span class='ocr_line' id='line_1_71' title="bbox 273 4132 1878 4205; baseline 0.003 -16"><span class='ocrx_word' id='word_1_443' title='bbox 273 4135 409 4189; x_wconf 86' lang='lat' dir='ltr'><strong>tiam</strong></span> <span class='ocrx_word' id='word_1_444' title='bbox 442 4132 848 4205; x_wconf 83' lang='lat' dir='ltr'><strong>proﬂigandam</strong></span> <span class='ocrx_word' id='word_1_445' title='bbox 894 4136 1219 4190; x_wconf 86' lang='lat' dir='ltr'><strong>salutarium</strong></span> <span class='ocrx_word' id='word_1_446' title='bbox 1256 4136 1602 4192; x_wconf 87' lang='lat' dir='ltr'><strong>cruciatuum</strong></span> <span class='ocrx_word' id='word_1_447' title='bbox 1637 4138 1752 4193; x_wconf 88' lang='lat' dir='ltr'><strong>sola</strong></span> <span class='ocrx_word' id='word_1_448' title='bbox 1784 4154 1878 4195; x_wconf 69' lang='lat' dir='ltr'><strong>re~</strong></span> 
     </span>
    </p>
   </div>
   <div class='ocr_carea' id='block_1_71' title="bbox 274 4226 1875 4300">
    <p class='ocr_par' dir='ltr' id='par_1_71' title="bbox 274 4226 1875 4300">
     <span class='ocr_line' id='line_1_72' title="bbox 274 4226 1875 4300; baseline 0.005 -19"><span class='ocrx_word' id='word_1_449' title='bbox 274 4226 533 4281; x_wconf 87' lang='lat' dir='ltr'><strong>cordatio</strong></span> <span class='ocrx_word' id='word_1_450' title='bbox 562 4244 577 4278; x_wconf 88' lang='lat'><strong>:</strong></span> <span class='ocrx_word' id='word_1_451' title='bbox 607 4242 709 4296; x_wconf 90' lang='lat' dir='ltr'><strong>pro</strong></span> <span class='ocrx_word' id='word_1_452' title='bbox 731 4235 929 4281; x_wconf 86' lang='lat' dir='ltr'><strong>natura</strong></span> <span class='ocrx_word' id='word_1_453' title='bbox 948 4228 1096 4282; x_wconf 87' lang='lat' dir='ltr'><strong>enim</strong></span> <span class='ocrx_word' id='word_1_454' title='bbox 1119 4229 1359 4284; x_wconf 86' lang='lat' dir='ltr'><strong>humana</strong></span> <span class='ocrx_word' id='word_1_455' title='bbox 1376 4228 1433 4283; x_wconf 91' lang='lat' dir='ltr'><strong>hi</strong></span> <span class='ocrx_word' id='word_1_456' title='bbox 1460 4230 1706 4300; x_wconf 87' lang='lat' dir='ltr'><strong>suscepti</strong></span> <span class='ocrx_word' id='word_1_457' title='bbox 1722 4240 1875 4289; x_wconf 89' lang='lat' dir='ltr'><strong>sunt.</strong></span> 
     </span>
    </p>
   </div>
   <div class='ocr_carea' id='block_1_72' title="bbox 275 4319 1876 4394">
    <p class='ocr_par' dir='ltr' id='par_1_72' title="bbox 275 4319 1876 4394">
     <span class='ocr_line' id='line_1_73' title="bbox 275 4319 1876 4394; baseline 0.004 -21"><span class='ocrx_word' id='word_1_458' title='bbox 275 4319 513 4374; x_wconf 67' lang='lat' dir='ltr'><strong>Mortem</strong></span> <span class='ocrx_word' id='word_1_459' title='bbox 549 4320 699 4373; x_wconf 88' lang='lat' dir='ltr'><strong>enim</strong></span> <span class='ocrx_word' id='word_1_460' title='bbox 735 4320 1005 4375; x_wconf 88' lang='lat' dir='ltr'><strong>Dominus</strong></span> <span class='ocrx_word' id='word_1_461' title='bbox 1032 4319 1343 4387; x_wconf 77' lang='lat' dir='ltr'><strong>destruxit,</strong></span> <span class='ocrx_word' id='word_1_462' title='bbox 1400 4337 1512 4377; x_wconf 89' lang='lat' dir='ltr'><strong>non</strong></span> <span class='ocrx_word' id='word_1_463' title='bbox 1571 4331 1633 4377; x_wconf 93' lang='lat' dir='ltr'><strong>ut</strong></span> <span class='ocrx_word' id='word_1_464' title='bbox 1672 4338 1876 4394; x_wconf 84' lang='lat' dir='ltr'><strong>corpus</strong></span> 
     </span>
    </p>
   </div>
   <div class='ocr_carea' id='block_1_73' title="bbox 280 4411 1878 4482">
    <p class='ocr_par' dir='ltr' id='par_1_73' title="bbox 280 4411 1878 4482">
     <span class='ocr_line' id='line_1_74' title="bbox 280 4411 1878 4482; baseline 0.004 -18"><span class='ocrx_word' id='word_1_465' title='bbox 280 4427 453 4467; x_wconf 87' lang='lat' dir='ltr'><strong>unum</strong></span> <span class='ocrx_word' id='word_1_466' title='bbox 505 4411 578 4468; x_wconf 87' lang='lat' dir='ltr'><strong>de</strong></span> <span class='ocrx_word' id='word_1_467' title='bbox 603 4420 782 4467; x_wconf 89' lang='lat' dir='ltr'><strong>morte</strong></span> <span class='ocrx_word' id='word_1_468' title='bbox 822 4412 1193 4482; x_wconf 89' lang='lat' dir='ltr'><strong>triumphasse</strong></span> <span class='ocrx_word' id='word_1_469' title='bbox 1250 4413 1605 4478; x_wconf 88' lang='lat' dir='ltr'><strong>ostenderet,</strong></span> <span class='ocrx_word' id='word_1_470' title='bbox 1653 4415 1752 4470; x_wconf 89' lang='lat' dir='ltr'><strong>sed</strong></span> <span class='ocrx_word' id='word_1_471' title='bbox 1817 4424 1878 4470; x_wconf 91' lang='lat' dir='ltr'><strong>ut</strong></span> 
     </span>
    </p>
   </div>
   <div class='ocr_carea' id='block_1_74' title="bbox 1998 3231 2356 3289">
    <p class='ocr_par' dir='ltr' id='par_1_74' title="bbox 1998 3231 2356 3289">
     <span class='ocr_line' id='line_1_75' title="bbox 1998 3231 2356 3289; baseline -0.008 0"><span class='ocrx_word' id='word_1_472' title='bbox 1998 3231 2356 3289; x_wconf 71' lang='lat' dir='ltr'><strong>Breuiarium.</strong></span> 
     </span>
    </p>
   </div>
   <div class='ocr_carea' id='block_1_75' title="bbox 2050 3321 3561 3392">
    <p class='ocr_par' dir='ltr' id='par_1_75' title="bbox 2050 3321 3561 3392">
     <span class='ocr_line' id='line_1_76' title="bbox 2050 3321 3561 3392; baseline -0.001 -13"><span class='ocrx_word' id='word_1_473' title='bbox 2050 3324 2140 3380; x_wconf 76' lang='lat' dir='ltr'><strong>ill.</strong></span> <span class='ocrx_word' id='word_1_474' title='bbox 2171 3323 2329 3378; x_wconf 89' lang='lat' dir='ltr'><strong>Nunc</strong></span> <span class='ocrx_word' id='word_1_475' title='bbox 2357 3322 2602 3379; x_wconf 85' lang='lat' dir='ltr'><strong>breviter</strong></span> <span class='ocrx_word' id='word_1_476' title='bbox 2632 3321 2867 3378; x_wconf 86' lang='lat' dir='ltr'><strong>dicenda</strong></span> <span class='ocrx_word' id='word_1_477' title='bbox 2890 3323 3165 3379; x_wconf 87' lang='lat' dir='ltr'><strong>sententia</strong></span> <span class='ocrx_word' id='word_1_478' title='bbox 3198 3323 3267 3378; x_wconf 91' lang='lat' dir='ltr'><strong>de</strong></span> <span class='ocrx_word' id='word_1_479' title='bbox 3301 3322 3561 3392; x_wconf 67' lang='lat' dir='ltr'><strong>quaestio~</strong></span> 
     </span>
    </p>
   </div>
   <div class='ocr_carea' id='block_1_76' title="bbox 1976 3414 3562 3485">
    <p class='ocr_par' dir='ltr' id='par_1_76' title="bbox 1976 3414 3562 3485">
     <span class='ocr_line' id='line_1_77' title="bbox 1976 3414 3562 3485; baseline -0.002 -14"><span class='ocrx_word' id='word_1_480' title='bbox 1976 3416 2142 3472; x_wconf 89' lang='lat' dir='ltr'><strong>nibus</strong></span> <span class='ocrx_word' id='word_1_481' title='bbox 2178 3416 2414 3480; x_wconf 88' lang='lat' dir='ltr'><strong>duabus,</strong></span> <span class='ocrx_word' id='word_1_482' title='bbox 2467 3430 2621 3485; x_wconf 78' lang='lat' dir='ltr'><strong>quas.</strong></span> <span class='ocrx_word' id='word_1_483' title='bbox 2647 3414 2851 3471; x_wconf 84' lang='lat' dir='ltr'><strong>eruditi</strong></span> <span class='ocrx_word' id='word_1_484' title='bbox 2896 3424 3121 3469; x_wconf 87' lang='lat' dir='ltr'><strong>movent</strong></span> <span class='ocrx_word' id='word_1_485' title='bbox 3154 3432 3168 3468; x_wconf 88' lang='lat'>:</span> <span class='ocrx_word' id='word_1_486' title='bbox 3218 3420 3353 3484; x_wconf 87' lang='lat' dir='ltr'><strong>quot</strong></span> <span class='ocrx_word' id='word_1_487' title='bbox 3387 3429 3562 3469; x_wconf 87' lang='lat' dir='ltr'><strong>annos</strong></span> 
     </span>
    </p>
   </div>
   <div class='ocr_carea' id='block_1_77' title="bbox 1976 3505 3560 3579">
    <p class='ocr_par' dir='ltr' id='par_1_77' title="bbox 1976 3505 3560 3579">
     <span class='ocr_line' id='line_1_78' title="bbox 1976 3505 3560 3579; baseline -0.003 -15"><span class='ocrx_word' id='word_1_488' title='bbox 1976 3523 2175 3579; x_wconf 86' lang='lat' dir='ltr'><strong>nempe</strong></span> <span class='ocrx_word' id='word_1_489' title='bbox 2217 3507 2510 3563; x_wconf 79' lang='lat' dir='ltr'><strong>Flavianus</strong></span> <span class='ocrx_word' id='word_1_490' title='bbox 2543 3507 2768 3572; x_wconf 87' lang='lat' dir='ltr'><strong>sederit,</strong></span> <span class='ocrx_word' id='word_1_491' title='bbox 2814 3507 2909 3561; x_wconf 85' lang='lat' dir='ltr'><strong>ubi</strong></span> <span class='ocrx_word' id='word_1_492' title='bbox 2935 3515 2992 3561; x_wconf 89' lang='lat' dir='ltr'><strong>et</strong></span> <span class='ocrx_word' id='word_1_493' title='bbox 3013 3507 3232 3576; x_wconf 86' lang='lat' dir='ltr'><strong>quando</strong></span> <span class='ocrx_word' id='word_1_494' title='bbox 3258 3507 3329 3561; x_wconf 87' lang='lat' dir='ltr'><strong>sit</strong></span> <span class='ocrx_word' id='word_1_495' title='bbox 3361 3505 3560 3561; x_wconf 88' lang='lat' dir='ltr'><strong>defun-</strong></span> 
     </span>
    </p>
   </div>
   <div class='ocr_carea' id='block_1_78' title="bbox 1977 3597 3563 3666">
    <p class='ocr_par' dir='ltr' id='par_1_78' title="bbox 1977 3597 3563 3666">
     <span class='ocr_line' id='line_1_79' title="bbox 1977 3597 3563 3666; baseline -0.001 -13"><span class='ocrx_word' id='word_1_496' title='bbox 1977 3606 2120 3654; x_wconf 91' lang='lat' dir='ltr'><strong>ctus.</strong></span> <span class='ocrx_word' id='word_1_497' title='bbox 2179 3597 2285 3653; x_wconf 87' lang='lat' dir='ltr'><strong>Sed</strong></span> <span class='ocrx_word' id='word_1_498' title='bbox 2337 3597 2495 3666; x_wconf 88' lang='lat' dir='ltr'><strong>prius</strong></span> <span class='ocrx_word' id='word_1_499' title='bbox 2546 3598 2889 3652; x_wconf 88' lang='lat' dir='ltr'><strong>observanda</strong></span> <span class='ocrx_word' id='word_1_500' title='bbox 2947 3597 3092 3660; x_wconf 87' lang='lat' dir='ltr'><strong>duo,</strong></span> <span class='ocrx_word' id='word_1_501' title='bbox 3146 3597 3400 3661; x_wconf 86' lang='lat' dir='ltr'><strong>alterum,</strong></span> <span class='ocrx_word' id='word_1_502' title='bbox 3453 3612 3563 3666; x_wconf 86' lang='lat' dir='ltr'><strong>qua</strong></span> 
     </span>
    </p>
   </div>
   <div class='ocr_carea' id='block_1_79' title="bbox 1977 3688 3561 3753">
    <p class='ocr_par' dir='ltr' id='par_1_79' title="bbox 1977 3688 3561 3753">
     <span class='ocr_line' id='line_1_80' title="bbox 1977 3688 3561 3753; baseline -0.002 -8"><span class='ocrx_word' id='word_1_503' title='bbox 1977 3689 2363 3745; x_wconf 76' lang='lat' dir='ltr'><strong>Theodoretus</strong></span> <span class='ocrx_word' id='word_1_504' title='bbox 2381 3696 2499 3744; x_wconf 85' lang='lat' dir='ltr'><strong>arte</strong></span> <span class='ocrx_word' id='word_1_505' title='bbox 2523 3688 2840 3743; x_wconf 86' lang='lat' dir='ltr'><strong>Flavianum</strong></span> <span class='ocrx_word' id='word_1_506' title='bbox 2864 3688 3071 3753; x_wconf 85' lang='lat' dir='ltr'><strong>laudet;</strong></span> <span class='ocrx_word' id='word_1_507' title='bbox 3100 3689 3178 3743; x_wconf 89' lang='lat' dir='ltr'><strong>ait</strong></span> <span class='ocrx_word' id='word_1_508' title='bbox 3200 3689 3346 3744; x_wconf 90' lang='lat' dir='ltr'><strong>enim</strong></span> <span class='ocrx_word' id='word_1_509' title='bbox 3366 3728 3380 3752; x_wconf 90' lang='lat'><strong>,</strong></span> <span class='ocrx_word' id='word_1_510' title='bbox 3420 3707 3438 3740; x_wconf 73' lang='grc' dir='ltr'><strong><em>ι</em></strong></span> <span class='ocrx_word' id='word_1_511' title='bbox 3459 3688 3561 3743; x_wconf 89' lang='lat' dir='ltr'><strong>oh-</strong></span> 
     </span>
    </p>
   </div>
   <div class='ocr_carea' id='block_1_80' title="bbox 1977 3780 3561 3850">
    <p class='ocr_par' dir='ltr' id='par_1_80' title="bbox 1977 3780 3561 3850">
     <span class='ocr_line' id='line_1_81' title="bbox 1977 3780 3561 3850; baseline -0.003 -12"><span class='ocrx_word' id='word_1_512' title='bbox 1977 3796 2195 3838; x_wconf 88' lang='lat' dir='ltr'><strong>scuram</strong></span> <span class='ocrx_word' id='word_1_513' title='bbox 2240 3790 2460 3835; x_wconf 88' lang='lat' dir='ltr'><strong>noctem</strong></span> <span class='ocrx_word' id='word_1_514' title='bbox 2502 3780 2558 3835; x_wconf 91' lang='lat' dir='ltr'><strong>in</strong></span> <span class='ocrx_word' id='word_1_515' title='bbox 2604 3796 2801 3850; x_wconf 90' lang='lat' dir='ltr'><strong>puram</strong></span> <span class='ocrx_word' id='word_1_516' title='bbox 2852 3780 3141 3836; x_wconf 91' lang='lat' dir='ltr'><strong>meridiem</strong></span> <span class='ocrx_word' id='word_1_517' title='bbox 3189 3780 3260 3835; x_wconf 84' lang='lat' dir='ltr'><strong>ab</strong></span> <span class='ocrx_word' id='word_1_518' title='bbox 3291 3781 3409 3850; x_wconf 88' lang='lat' dir='ltr'><strong>ipso</strong></span> <span class='ocrx_word' id='word_1_519' title='bbox 3439 3790 3561 3834; x_wconf 89' lang='lat' dir='ltr'><strong>tan-</strong></span> 
     </span>
    </p>
   </div>
   <div class='ocr_carea' id='block_1_81' title="bbox 1976 3869 3562 3942">
    <p class='ocr_par' dir='ltr' id='par_1_81' title="bbox 1976 3869 3562 3942">
     <span class='ocr_line' id='line_1_82' title="bbox 1976 3869 3562 3942; baseline -0.001 -16"><span class='ocrx_word' id='word_1_520' title='bbox 1976 3887 2140 3942; x_wconf 90' lang='lat' dir='ltr'><strong>quam</strong></span> <span class='ocrx_word' id='word_1_521' title='bbox 2188 3871 2494 3926; x_wconf 86' lang='lat' dir='ltr'><strong>clarissimo</strong></span> <span class='ocrx_word' id='word_1_522' title='bbox 2533 3871 2685 3925; x_wconf 86' lang='lat' dir='ltr'><strong>orbis</strong></span> <span class='ocrx_word' id='word_1_523' title='bbox 2726 3870 2934 3926; x_wconf 87' lang='lat' dir='ltr'><strong>lumine</strong></span> <span class='ocrx_word' id='word_1_524' title='bbox 2987 3886 3331 3927; x_wconf 82' lang='lat' dir='ltr'><strong>conversam.</strong></span> <span class='ocrx_word' id='word_1_525' title='bbox 3367 3890 3384 3922; x_wconf 73' lang='grc' dir='ltr'><strong><em>ι</em></strong></span> <span class='ocrx_word' id='word_1_526' title='bbox 3441 3869 3562 3936; x_wconf 83' lang='lat' dir='ltr'><strong>Quo</strong></span> 
     </span>
    </p>
   </div>
   <div class='ocr_carea' id='block_1_82' title="bbox 1976 3957 3562 4028">
    <p class='ocr_par' dir='ltr' id='par_1_82' title="bbox 1976 3957 3562 4028">
     <span class='ocr_line' id='line_1_83' title="bbox 1976 3957 3562 4028; baseline -0.003 -13"><span class='ocrx_word' id='word_1_527' title='bbox 1976 3960 2126 4016; x_wconf 88' lang='lat' dir='ltr'><strong>dicto</strong></span> <span class='ocrx_word' id='word_1_528' title='bbox 2176 3960 2396 4014; x_wconf 87' lang='lat' dir='ltr'><strong>videtur</strong></span> <span class='ocrx_word' id='word_1_529' title='bbox 2437 3958 2600 4012; x_wconf 88' lang='lat' dir='ltr'><strong>tacite</strong></span> <span class='ocrx_word' id='word_1_530' title='bbox 2640 3958 2894 4013; x_wconf 90' lang='lat' dir='ltr'><strong>Proclum</strong></span> <span class='ocrx_word' id='word_1_531' title='bbox 2933 3972 3186 4028; x_wconf 79' lang='lat' dir='ltr'><strong>arguere,</strong></span> <span class='ocrx_word' id='word_1_532' title='bbox 3214 3957 3367 4025; x_wconf 89' lang='lat' dir='ltr'><strong>quasi</strong></span> <span class='ocrx_word' id='word_1_533' title='bbox 3394 3970 3562 4011; x_wconf 80' lang='lat' dir='ltr'><strong>vexa-</strong></span> 
     </span>
    </p>
   </div>
   <div class='ocr_carea' id='block_1_83' title="bbox 1975 4047 3561 4118">
    <p class='ocr_par' dir='ltr' id='par_1_83' title="bbox 1975 4047 3561 4118">
     <span class='ocr_line' id='line_1_84' title="bbox 1975 4047 3561 4118; baseline -0.006 -10"><span class='ocrx_word' id='word_1_534' title='bbox 1975 4054 2144 4108; x_wconf 85' lang='lat' dir='ltr'><strong>tionis</strong></span> <span class='ocrx_word' id='word_1_535' title='bbox 2171 4067 2283 4106; x_wconf 59' lang='lat' dir='ltr'><strong>sum</strong></span> <span class='ocrx_word' id='word_1_536' title='bbox 2301 4058 2581 4105; x_wconf 86' lang='lat' dir='ltr'><strong>auctorem</strong></span> <span class='ocrx_word' id='word_1_537' title='bbox 2608 4066 2622 4113; x_wconf 89' lang='lat'>;</span> <span class='ocrx_word' id='word_1_538' title='bbox 2659 4048 2863 4118; x_wconf 90' lang='lat' dir='ltr'><strong>quippe</strong></span> <span class='ocrx_word' id='word_1_539' title='bbox 2889 4048 2983 4117; x_wconf 90' lang='lat' dir='ltr'><strong>qui</strong></span> <span class='ocrx_word' id='word_1_540' title='bbox 3031 4067 3050 4098; x_wconf 71' lang='grc' dir='ltr'><em>α</em></span> <span class='ocrx_word' id='word_1_541' title='bbox 3081 4047 3323 4101; x_wconf 85' lang='lat' dir='ltr'><strong>humano</strong></span> <span class='ocrx_word' id='word_1_542' title='bbox 3349 4053 3561 4100; x_wconf 86' lang='lat' dir='ltr'><strong>terrore</strong></span> 
     </span>
    </p>
   </div>
   <div class='ocr_carea' id='block_1_84' title="bbox 1976 4135 3564 4208">
    <p class='ocr_par' dir='ltr' id='par_1_84' title="bbox 1976 4135 3564 4208">
     <span class='ocr_line' id='line_1_85' title="bbox 1976 4135 3564 4208; baseline -0.006 -8"><span class='ocrx_word' id='word_1_543' title='bbox 1976 4142 2253 4200; x_wconf 89' lang='lat' dir='ltr'><strong>cohibitus</strong></span> <span class='ocrx_word' id='word_1_544' title='bbox 2278 4141 2370 4205; x_wconf 86' lang='lat' dir='ltr'><strong>sit,</strong></span> <span class='ocrx_word' id='word_1_545' title='bbox 2403 4155 2474 4194; x_wconf 90' lang='lat' dir='ltr'><strong>ne</strong></span> <span class='ocrx_word' id='word_1_546' title='bbox 2524 4154 2626 4208; x_wconf 90' lang='lat' dir='ltr'><strong>pro</strong></span> <span class='ocrx_word' id='word_1_547' title='bbox 2670 4137 3005 4208; x_wconf 77' lang='lat' dir='ltr'><strong>evangelieis</strong></span> <span class='ocrx_word' id='word_1_548' title='bbox 3054 4135 3404 4205; x_wconf 82' lang='lat' dir='ltr'><strong>dogmatibus</strong></span> <span class='ocrx_word' id='word_1_549' title='bbox 3450 4135 3564 4190; x_wconf 82' lang='lat' dir='ltr'><strong>ala-</strong></span> 
     </span>
    </p>
   </div>
   <div class='ocr_carea' id='block_1_85' title="bbox 1976 4227 3564 4297">
    <p class='ocr_par' dir='ltr' id='par_1_85' title="bbox 1976 4227 3564 4297">
     <span class='ocr_line' id='line_1_86' title="bbox 1976 4227 3564 4297; baseline -0.006 -5"><span class='ocrx_word' id='word_1_550' title='bbox 1976 4236 2146 4292; x_wconf 89' lang='lat' dir='ltr'><strong>criter</strong></span> <span class='ocrx_word' id='word_1_551' title='bbox 2194 4233 2558 4290; x_wconf 60' lang='lat' dir='ltr'><strong>dimicaret...</strong></span> <span class='ocrx_word' id='word_1_552' title='bbox 2604 4229 2802 4286; x_wconf 89' lang='lat' dir='ltr'><strong>Proclo</strong></span> <span class='ocrx_word' id='word_1_553' title='bbox 2846 4237 2998 4284; x_wconf 88' lang='lat' dir='ltr'><strong>certe</strong></span> <span class='ocrx_word' id='word_1_554' title='bbox 3048 4244 3158 4283; x_wconf 91' lang='lat' dir='ltr'><strong>non</strong></span> <span class='ocrx_word' id='word_1_555' title='bbox 3212 4227 3564 4297; x_wconf 69' lang='lat' dir='ltr'><strong>aequissimus</strong></span> 
     </span>
    </p>
   </div>
   <div class='ocr_carea' id='block_1_86' title="bbox 1977 4320 3560 4392">
    <p class='ocr_par' dir='ltr' id='par_1_86' title="bbox 1977 4320 3560 4392">
     <span class='ocr_line' id='line_1_87' title="bbox 1977 4320 3560 4392; baseline -0.006 -8"><span class='ocrx_word' id='word_1_556' title='bbox 1977 4327 2361 4383; x_wconf 87' lang='lat' dir='ltr'><strong>Theodoretus</strong></span> <span class='ocrx_word' id='word_1_557' title='bbox 2404 4324 2542 4385; x_wconf 86' lang='lat' dir='ltr'><strong>fuit.</strong></span> <span class='ocrx_word' id='word_1_558' title='bbox 2599 4321 2971 4392; x_wconf 82' lang='lat' dir='ltr'><strong>Mopsuesteni</strong></span> <span class='ocrx_word' id='word_1_559' title='bbox 3025 4320 3302 4376; x_wconf 90' lang='lat' dir='ltr'><strong>Theodori</strong></span> <span class='ocrx_word' id='word_1_560' title='bbox 3359 4335 3560 4385; x_wconf 88' lang='lat' dir='ltr'><strong>causa,</strong></span> 
     </span>
    </p>
   </div>
   <div class='ocr_carea' id='block_1_87' title="bbox 1977 4411 3563 4490">
    <p class='ocr_par' dir='ltr' id='par_1_87' title="bbox 1977 4411 3563 4490">
     <span class='ocr_line' id='line_1_88' title="bbox 1977 4411 3563 4490; baseline -0.006 -16"><span class='ocrx_word' id='word_1_561' title='bbox 1977 4434 2141 4490; x_wconf 90' lang='lat' dir='ltr'><strong>quem</strong></span> <span class='ocrx_word' id='word_1_562' title='bbox 2170 4425 2228 4473; x_wconf 88' lang='lat' dir='ltr'><strong>et</strong></span> <span class='ocrx_word' id='word_1_563' title='bbox 2255 4414 2636 4471; x_wconf 86' lang='lat' dir='ltr'><strong>Theodoretus</strong></span> <span class='ocrx_word' id='word_1_564' title='bbox 2666 4413 2974 4483; x_wconf 88' lang='lat' dir='ltr'><strong>deperibat,</strong></span> <span class='ocrx_word' id='word_1_565' title='bbox 3000 4420 3056 4468; x_wconf 92' lang='lat' dir='ltr'><strong>et</strong></span> <span class='ocrx_word' id='word_1_566' title='bbox 3086 4411 3313 4467; x_wconf 81' lang='lat' dir='ltr'><strong>Proetus</strong></span> <span class='ocrx_word' id='word_1_567' title='bbox 3358 4411 3563 4482; x_wconf 87' lang='lat' dir='ltr'><strong>scripto</strong></span> 
     </span>
    </p>
   </div>
   <div class='ocr_carea' id='block_1_88' title="bbox 276 4503 2945 4580">
    <p class='ocr_par' dir='ltr' id='par_1_88' title="bbox 276 4503 2945 4580">
     <span class='ocr_line' id='line_1_89' title="bbox 276 4503 2945 4580; baseline -0 -21"><span class='ocrx_word' id='word_1_568' title='bbox 276 4519 636 4560; x_wconf 86' lang='lat' dir='ltr'><strong>communem</strong></span> <span class='ocrx_word' id='word_1_569' title='bbox 672 4519 771 4573; x_wconf 89' lang='lat' dir='ltr'><strong>per</strong></span> <span class='ocrx_word' id='word_1_570' title='bbox 797 4503 934 4559; x_wconf 88' lang='lat' dir='ltr'><strong>illud</strong></span> <span class='ocrx_word' id='word_1_571' title='bbox 956 4504 1415 4561; x_wconf 87' lang='lat' dir='ltr'><strong>resurrectionem</strong></span> <span class='ocrx_word' id='word_1_572' title='bbox 1437 4515 1754 4575; x_wconf 61' lang='lat' dir='ltr'><strong>&#39;prmstaret,</strong></span> <span class='ocrx_word' id='word_1_573' title='bbox 1789 4515 1874 4563; x_wconf 87' lang='lat' dir='ltr'><strong>at-</strong></span> <span class='ocrx_word' id='word_1_574' title='bbox 1906 4525 1954 4580; x_wconf 84' lang='grc' dir='ltr'><strong>ι)</strong></span> <span class='ocrx_word' id='word_1_575' title='bbox 1981 4510 2049 4567; x_wconf 86' lang='lat' dir='ltr'><strong>ad</strong></span> <span class='ocrx_word' id='word_1_576' title='bbox 2069 4511 2338 4565; x_wconf 84' lang='lat' dir='ltr'><strong>Armenes</strong></span> <span class='ocrx_word' id='word_1_577' title='bbox 2370 4516 2516 4562; x_wconf 85' lang='lat' dir='ltr'><strong>tumo</strong></span> <span class='ocrx_word' id='word_1_578' title='bbox 2544 4504 2945 4561; x_wconf 86' lang='lat' dir='ltr'><strong>confutaverat.</strong></span> 
     </span>
    </p>
   </div>
   <div class='ocr_carea' id='block_1_89' title="bbox 277 4594 1870 4666">
    <p class='ocr_par' dir='ltr' id='par_1_89' title="bbox 277 4594 1870 4666">
     <span class='ocr_line' id='line_1_90' title="bbox 277 4594 1870 4666; baseline 0.004 -17"><span class='ocrx_word' id='word_1_579' title='bbox 277 4611 385 4666; x_wconf 88' lang='lat' dir='ltr'><strong>que</strong></span> <span class='ocrx_word' id='word_1_580' title='bbox 436 4596 588 4650; x_wconf 86' lang='lat' dir='ltr'><strong>hanc</strong></span> <span class='ocrx_word' id='word_1_581' title='bbox 635 4595 801 4651; x_wconf 82' lang='lat' dir='ltr'><strong>nobis</strong></span> <span class='ocrx_word' id='word_1_582' title='bbox 839 4610 995 4664; x_wconf 87' lang='lat' dir='ltr'><strong>spem</strong></span> <span class='ocrx_word' id='word_1_583' title='bbox 1044 4594 1257 4650; x_wconf 81' lang='lat' dir='ltr'><strong>ﬁrmam</strong></span> <span class='ocrx_word' id='word_1_584' title='bbox 1283 4596 1574 4666; x_wconf 56' lang='lat' dir='ltr'><strong>praeberet.</strong></span> <span class='ocrx_word' id='word_1_585' title='bbox 1606 4597 1763 4664; x_wconf 85' lang='lat' dir='ltr'><strong>Quod</strong></span> <span class='ocrx_word' id='word_1_586' title='bbox 1801 4600 1870 4665; x_wconf 91' lang='lat' dir='ltr'><strong>si,</strong></span> 
     </span>
    </p>
   </div>
   <div class='ocr_carea' id='block_1_90' title="bbox 274 4688 1874 4746">
    <p class='ocr_par' dir='ltr' id='par_1_90' title="bbox 274 4688 1874 4746">
     <span class='ocr_line' id='line_1_91' title="bbox 274 4688 1874 4746; baseline 0.002 -3"><span class='ocrx_word' id='word_1_587' title='bbox 274 4704 403 4743; x_wconf 85' lang='lat' dir='ltr'><strong>cum</strong></span> <span class='ocrx_word' id='word_1_588' title='bbox 430 4689 642 4744; x_wconf 71' lang='lat' dir='ltr'><strong>divina:</strong></span> <span class='ocrx_word' id='word_1_589' title='bbox 679 4688 1012 4743; x_wconf 83' lang='lat' dir='ltr'><strong>festivitates</strong></span> <span class='ocrx_word' id='word_1_590' title='bbox 1034 4688 1407 4743; x_wconf 87' lang='lat' dir='ltr'><strong>omnimodam</strong></span> <span class='ocrx_word' id='word_1_591' title='bbox 1441 4690 1874 4746; x_wconf 81' lang='lat' dir='ltr'><strong>consolationem</strong></span> 
     </span>
    </p>
   </div>
   <div class='ocr_carea' id='block_1_91' title="bbox 275 4780 1873 4852">
    <p class='ocr_par' dir='ltr' id='par_1_91' title="bbox 275 4780 1873 4852">
     <span class='ocr_line' id='line_1_92' title="bbox 275 4780 1873 4852; baseline 0.001 -15"><span class='ocrx_word' id='word_1_592' title='bbox 275 4783 481 4838; x_wconf 80' lang='lat' dir='ltr'><strong>afferre</strong></span> <span class='ocrx_word' id='word_1_593' title='bbox 517 4782 758 4845; x_wconf 86' lang='lat' dir='ltr'><strong>soleant,</strong></span> <span class='ocrx_word' id='word_1_594' title='bbox 815 4780 1051 4835; x_wconf 68' lang='lat' dir='ltr'><strong>tristitiae</strong></span> <span class='ocrx_word' id='word_1_595' title='bbox 1100 4780 1351 4835; x_wconf 87' lang='lat' dir='ltr'><strong>dolorem</strong></span> <span class='ocrx_word' id='word_1_596' title='bbox 1395 4797 1507 4836; x_wconf 87' lang='lat' dir='ltr'><strong>non</strong></span> <span class='ocrx_word' id='word_1_597' title='bbox 1554 4797 1873 4852; x_wconf 68' lang='lat' dir='ltr'><strong>expugnas,</strong></span> 
     </span>
    </p>
   </div>
   <div class='ocr_carea' id='block_1_92' title="bbox 279 4872 737 4935">
    <p class='ocr_par' dir='ltr' id='par_1_92' title="bbox 279 4872 737 4935">
     <span class='ocr_line' id='line_1_93' title="bbox 279 4872 737 4935; baseline -0.007 -8"><span class='ocrx_word' id='word_1_598' title='bbox 279 4872 514 4935; x_wconf 81' lang='lat' dir='ltr'><strong>suadeo,</strong></span> <span class='ocrx_word' id='word_1_599' title='bbox 559 4890 579 4922; x_wconf 76' lang='grc' dir='ltr'><strong><em>ι</em></strong></span> <span class='ocrx_word' id='word_1_600' title='bbox 627 4879 737 4925; x_wconf 92' lang='lat' dir='ltr'><strong>etc.</strong></span> 
     </span>
    </p>
   </div>
   <div class='ocr_carea' id='block_1_93' title="bbox 276 4982 1879 5057">
    <p class='ocr_par' dir='ltr' id='par_1_93' title="bbox 276 4982 1879 5057">
     <span class='ocr_line' id='line_1_94' title="bbox 276 4982 1879 5057; baseline -0.001 -16"><span class='ocrx_word' id='word_1_601' title='bbox 276 4985 527 5057; x_wconf 69' lang='lat' dir='ltr'><strong>Epistula</strong></span> <span class='ocrx_word' id='word_1_602' title='bbox 564 4983 601 5038; x_wconf 89' lang='lat'>9</span> <span class='ocrx_word' id='word_1_603' title='bbox 634 4983 923 5053; x_wconf 68' lang='lat' dir='ltr'><strong>familiaris</strong></span> <span class='ocrx_word' id='word_1_604' title='bbox 948 4982 1113 5037; x_wconf 83' lang='lat' dir='ltr'><strong>simul</strong></span> <span class='ocrx_word' id='word_1_605' title='bbox 1141 4991 1191 5036; x_wconf 88' lang='lat' dir='ltr'><strong>et</strong></span> <span class='ocrx_word' id='word_1_606' title='bbox 1232 4983 1583 5054; x_wconf 83' lang='lat' dir='ltr'><strong>apulogetica,</strong></span> <span class='ocrx_word' id='word_1_607' title='bbox 1632 4984 1703 5038; x_wconf 85' lang='lat' dir='ltr'><strong>ad</strong></span> <span class='ocrx_word' id='word_1_608' title='bbox 1747 5003 1879 5040; x_wconf 80' lang='lat' dir='ltr'><strong>anu-</strong></span> 
     </span>
    </p>
   </div>
   <div class='ocr_carea' id='block_1_94' title="bbox 938 5069 1527 5125">
    <p class='ocr_par' dir='ltr' id='par_1_94' title="bbox 938 5069 1527 5125">
     <span class='ocr_line' id='line_1_95' title="bbox 938 5069 1527 5125; baseline 0.002 -18"><span class='ocrx_word' id='word_1_609' title='bbox 938 5069 1176 5125; x_wconf 77' lang='lat' dir='ltr'><strong>nymum.</strong></span> <span class='ocrx_word' id='word_1_610' title='bbox 1524 5080 1527 5083; x_wconf 59' lang='grc' dir='ltr'>λ</span> 
     </span>
    </p>
   </div>
   <div class='ocr_carea' id='block_1_95' title="bbox 346 5146 1876 5215">
    <p class='ocr_par' dir='ltr' id='par_1_95' title="bbox 346 5146 1876 5215">
     <span class='ocr_line' id='line_1_96' title="bbox 346 5146 1876 5215; baseline 0.001 -11"><span class='ocrx_word' id='word_1_611' title='bbox 346 5149 684 5204; x_wconf 84' lang='lat' dir='ltr'><strong>Deditanno</strong></span> <span class='ocrx_word' id='word_1_612' title='bbox 707 5147 833 5211; x_wconf 67' lang='lat' dir='ltr'><strong>M9,</strong></span> <span class='ocrx_word' id='word_1_613' title='bbox 864 5146 969 5200; x_wconf 89' lang='lat' dir='ltr'><strong>sub</strong></span> <span class='ocrx_word' id='word_1_614' title='bbox 1000 5146 1185 5209; x_wconf 86' lang='lat' dir='ltr'><strong>linem,</strong></span> <span class='ocrx_word' id='word_1_615' title='bbox 1222 5152 1516 5215; x_wconf 89' lang='lat' dir='ltr'><strong>postquam</strong></span> <span class='ocrx_word' id='word_1_616' title='bbox 1558 5146 1773 5201; x_wconf 84' lang='lat' dir='ltr'><strong>audivit</strong></span> <span class='ocrx_word' id='word_1_617' title='bbox 1807 5148 1876 5205; x_wconf 89' lang='lat' dir='ltr'><strong>de</strong></span> 
     </span>
    </p>
   </div>
   <div class='ocr_carea' id='block_1_96' title="bbox 278 5236 1876 5298">
    <p class='ocr_par' dir='ltr' id='par_1_96' title="bbox 278 5236 1876 5298">
     <span class='ocr_line' id='line_1_97' title="bbox 278 5236 1876 5298; baseline -0.001 -2"><span class='ocrx_word' id='word_1_618' title='bbox 278 5240 557 5298; x_wconf 86' lang='lat' dir='ltr'><strong>sententia</strong></span> <span class='ocrx_word' id='word_1_619' title='bbox 597 5239 653 5294; x_wconf 91' lang='lat' dir='ltr'><strong>in</strong></span> <span class='ocrx_word' id='word_1_620' title='bbox 691 5237 1000 5294; x_wconf 86' lang='lat' dir='ltr'><strong>latrocinali</strong></span> <span class='ocrx_word' id='word_1_621' title='bbox 1050 5236 1288 5293; x_wconf 89' lang='lat' dir='ltr'><strong>concilio</strong></span> <span class='ocrx_word' id='word_1_622' title='bbox 1323 5236 1382 5290; x_wconf 88' lang='lat' dir='ltr'><strong>in</strong></span> <span class='ocrx_word' id='word_1_623' title='bbox 1413 5251 1474 5292; x_wconf 89' lang='lat' dir='ltr'><strong>se</strong></span> <span class='ocrx_word' id='word_1_624' title='bbox 1502 5236 1628 5293; x_wconf 86' lang='lat' dir='ltr'><strong>data</strong></span> <span class='ocrx_word' id='word_1_625' title='bbox 1657 5253 1670 5291; x_wconf 90' lang='lat'><strong>:</strong></span> <span class='ocrx_word' id='word_1_626' title='bbox 1697 5238 1876 5294; x_wconf 88' lang='lat' dir='ltr'><strong>amico</strong></span> 
     </span>
    </p>
   </div>
   <div class='ocr_carea' id='block_1_97' title="bbox 278 5328 1874 5399">
    <p class='ocr_par' dir='ltr' id='par_1_97' title="bbox 278 5328 1874 5399">
     <span class='ocr_line' id='line_1_98' title="bbox 278 5328 1874 5399; baseline -0.002 -12"><span class='ocrx_word' id='word_1_627' title='bbox 278 5333 450 5399; x_wconf 85' lang='lat' dir='ltr'><strong>enim,</strong></span> <span class='ocrx_word' id='word_1_628' title='bbox 476 5341 580 5388; x_wconf 87' lang='lat' dir='ltr'><strong>aut</strong></span> <span class='ocrx_word' id='word_1_629' title='bbox 600 5330 912 5387; x_wconf 88' lang='lat' dir='ltr'><strong>amicorum</strong></span> <span class='ocrx_word' id='word_1_630' title='bbox 939 5329 1110 5384; x_wconf 71' lang='grc' dir='ltr'><strong>εωιυί</strong></span> <span class='ocrx_word' id='word_1_631' title='bbox 1131 5328 1339 5399; x_wconf 87' lang='lat' dir='ltr'><strong>potius,</strong></span> <span class='ocrx_word' id='word_1_632' title='bbox 1374 5328 1633 5399; x_wconf 71' lang='lat' dir='ltr'><strong>iniuriam</strong></span> <span class='ocrx_word' id='word_1_633' title='bbox 1669 5329 1874 5386; x_wconf 88' lang='lat' dir='ltr'><strong>illatam</strong></span> 
     </span>
    </p>
   </div>
   <div class='ocr_carea' id='block_1_98' title="bbox 278 5417 1877 5493">
    <p class='ocr_par' dir='ltr' id='par_1_98' title="bbox 278 5417 1877 5493">
     <span class='ocr_line' id='line_1_99' title="bbox 278 5417 1877 5493; baseline -0.001 -16"><span class='ocrx_word' id='word_1_634' title='bbox 278 5438 419 5493; x_wconf 65' lang='lat' dir='ltr'><strong>agre</strong></span> <span class='ocrx_word' id='word_1_635' title='bbox 451 5421 684 5487; x_wconf 85' lang='lat' dir='ltr'><strong>ferenti,</strong></span> <span class='ocrx_word' id='word_1_636' title='bbox 706 5419 1031 5490; x_wconf 88' lang='lat' dir='ltr'><strong>respondet,</strong></span> <span class='ocrx_word' id='word_1_637' title='bbox 1059 5435 1160 5474; x_wconf 91' lang='lat' dir='ltr'><strong>sua</strong></span> <span class='ocrx_word' id='word_1_638' title='bbox 1190 5434 1250 5474; x_wconf 87' lang='lat' dir='ltr'><strong>se</strong></span> <span class='ocrx_word' id='word_1_639' title='bbox 1276 5417 1592 5475; x_wconf 81' lang='lat' dir='ltr'><strong>innocentia</strong></span> <span class='ocrx_word' id='word_1_640' title='bbox 1620 5426 1676 5475; x_wconf 87' lang='lat' dir='ltr'><strong>et</strong></span> <span class='ocrx_word' id='word_1_641' title='bbox 1702 5419 1877 5476; x_wconf 86' lang='lat' dir='ltr'><strong>divini</strong></span> 
     </span>
    </p>
   </div>
   <div class='ocr_carea' id='block_1_99' title="bbox 276 5511 1878 5586">
    <p class='ocr_par' dir='ltr' id='par_1_99' title="bbox 276 5511 1878 5586">
     <span class='ocr_line' id='line_1_100' title="bbox 276 5511 1878 5586; baseline -0.002 -16"><span class='ocrx_word' id='word_1_642' title='bbox 276 5516 468 5586; x_wconf 74' lang='lat' dir='ltr'><strong>iudicii</strong></span> <span class='ocrx_word' id='word_1_643' title='bbox 490 5530 593 5585; x_wconf 85' lang='lat' dir='ltr'><strong>spe</strong></span> <span class='ocrx_word' id='word_1_644' title='bbox 630 5513 947 5569; x_wconf 88' lang='lat' dir='ltr'><strong>consolans.</strong></span> <span class='ocrx_word' id='word_1_645' title='bbox 977 5511 1122 5576; x_wconf 87' lang='lat' dir='ltr'><strong>Dixi,</strong></span> <span class='ocrx_word' id='word_1_646' title='bbox 1169 5518 1263 5565; x_wconf 84' lang='lat' dir='ltr'><strong>aut</strong></span> <span class='ocrx_word' id='word_1_647' title='bbox 1286 5511 1577 5565; x_wconf 82' lang='lat' dir='ltr'><strong>amicorum</strong></span> <span class='ocrx_word' id='word_1_648' title='bbox 1600 5513 1754 5567; x_wconf 73' lang='grc' dir='ltr'><strong>σωτνὶ</strong></span> <span class='ocrx_word' id='word_1_649' title='bbox 1780 5530 1878 5583; x_wconf 77' lang='lat' dir='ltr'><strong>po-</strong></span> 
     </span>
    </p>
   </div>
   <div class='ocr_carea' id='block_1_100' title="bbox 278 5601 1881 5675">
    <p class='ocr_par' dir='ltr' id='par_1_100' title="bbox 278 5601 1881 5675">
     <span class='ocr_line' id='line_1_101' title="bbox 278 5601 1881 5675; baseline 0 -14"><span class='ocrx_word' id='word_1_650' title='bbox 278 5609 401 5665; x_wconf 68' lang='lat' dir='ltr'><strong>tius.</strong></span> <span class='ocrx_word' id='word_1_651' title='bbox 428 5607 492 5663; x_wconf 88' lang='lat' dir='ltr'><strong>ld</strong></span> <span class='ocrx_word' id='word_1_652' title='bbox 513 5605 670 5664; x_wconf 89' lang='lat' dir='ltr'><strong>enim</strong></span> <span class='ocrx_word' id='word_1_653' title='bbox 697 5603 1005 5661; x_wconf 80' lang='lat' dir='ltr'><strong>ostendunt</strong></span> <span class='ocrx_word' id='word_1_654' title='bbox 1044 5603 1233 5674; x_wconf 87' lang='lat' dir='ltr'><strong>priora</strong></span> <span class='ocrx_word' id='word_1_655' title='bbox 1267 5601 1437 5658; x_wconf 86' lang='lat' dir='ltr'><strong>verba</strong></span> <span class='ocrx_word' id='word_1_656' title='bbox 1466 5620 1480 5656; x_wconf 90' lang='lat'>:</span> <span class='ocrx_word' id='word_1_657' title='bbox 1530 5604 1593 5657; x_wconf 81' lang='grc' dir='ltr'>Ἡ</span> <span class='ocrx_word' id='word_1_658' title='bbox 1636 5605 1734 5675; x_wconf 80' lang='grc' dir='ltr'><strong>μὲν</strong></span> <span class='ocrx_word' id='word_1_659' title='bbox 1764 5605 1881 5661; x_wconf 84' lang='grc' dir='ltr'><strong>θεο-</strong></span> 
     </span>
    </p>
   </div>
   <div class='ocr_carea' id='block_1_101' title="bbox 2048 4591 3565 4663">
    <p class='ocr_par' dir='ltr' id='par_1_101' title="bbox 2048 4591 3565 4663">
     <span class='ocr_line' id='line_1_102' title="bbox 2048 4591 3565 4663; baseline -0.003 -10"><span class='ocrx_word' id='word_1_660' title='bbox 2048 4600 2133 4656; x_wconf 75' lang='grc' dir='ltr'><strong>ιγ.</strong></span> <span class='ocrx_word' id='word_1_661' title='bbox 2182 4598 2452 4659; x_wconf 87' lang='lat' dir='ltr'><strong>Alterum,</strong></span> <span class='ocrx_word' id='word_1_662' title='bbox 2494 4596 2699 4650; x_wconf 87' lang='lat' dir='ltr'><strong>mirum</strong></span> <span class='ocrx_word' id='word_1_663' title='bbox 2744 4592 2943 4658; x_wconf 88' lang='lat' dir='ltr'><strong>videri,</strong></span> <span class='ocrx_word' id='word_1_664' title='bbox 2997 4607 3097 4648; x_wconf 90' lang='lat' dir='ltr'><strong>cur</strong></span> <span class='ocrx_word' id='word_1_665' title='bbox 3141 4591 3394 4663; x_wconf 90' lang='lat' dir='ltr'><strong>epistola,</strong></span> <span class='ocrx_word' id='word_1_666' title='bbox 3441 4608 3565 4663; x_wconf 60' lang='lat' dir='ltr'><strong>qua;</strong></span> 
     </span>
    </p>
   </div>
   <div class='ocr_carea' id='block_1_102' title="bbox 1975 4685 3563 4761">
    <p class='ocr_par' dir='ltr' id='par_1_102' title="bbox 1975 4685 3563 4761">
     <span class='ocr_line' id='line_1_103' title="bbox 1975 4685 3563 4761; baseline -0.006 -12"><span class='ocrx_word' id='word_1_667' title='bbox 1975 4702 2085 4749; x_wconf 84' lang='lat' dir='ltr'><strong>tam</strong></span> <span class='ocrx_word' id='word_1_668' title='bbox 2118 4699 2308 4761; x_wconf 87' lang='lat' dir='ltr'><strong>aperta</strong></span> <span class='ocrx_word' id='word_1_669' title='bbox 2337 4688 2603 4758; x_wconf 81' lang='lat' dir='ltr'><strong>temporis</strong></span> <span class='ocrx_word' id='word_1_670' title='bbox 2625 4694 2753 4741; x_wconf 88' lang='lat' dir='ltr'><strong>nota</strong></span> <span class='ocrx_word' id='word_1_671' title='bbox 2781 4685 3012 4756; x_wconf 77' lang='lat' dir='ltr'><strong>insignis</strong></span> <span class='ocrx_word' id='word_1_672' title='bbox 3040 4693 3146 4749; x_wconf 90' lang='lat' dir='ltr'><strong>est,</strong></span> <span class='ocrx_word' id='word_1_673' title='bbox 3188 4686 3304 4742; x_wconf 87' lang='lat' dir='ltr'><strong>visa</strong></span> <span class='ocrx_word' id='word_1_674' title='bbox 3354 4685 3426 4741; x_wconf 91' lang='lat' dir='ltr'><strong>sit</strong></span> <span class='ocrx_word' id='word_1_675' title='bbox 3471 4686 3563 4741; x_wconf 85' lang='lat' dir='ltr'><strong>ni-</strong></span> 
     </span>
    </p>
   </div>
   <div class='ocr_carea' id='block_1_103' title="bbox 1974 4777 3565 4848">
    <p class='ocr_par' dir='ltr' id='par_1_103' title="bbox 1974 4777 3565 4848">
     <span class='ocr_line' id='line_1_104' title="bbox 1974 4777 3565 4848; baseline -0.005 -8"><span class='ocrx_word' id='word_1_676' title='bbox 1974 4783 2275 4839; x_wconf 90' lang='lat' dir='ltr'><strong>hilominus</strong></span> <span class='ocrx_word' id='word_1_677' title='bbox 2297 4778 2534 4835; x_wconf 89' lang='lat' dir='ltr'><strong>Baronio</strong></span> <span class='ocrx_word' id='word_1_678' title='bbox 2577 4778 2779 4847; x_wconf 87' lang='lat' dir='ltr'><strong>scripta</strong></span> <span class='ocrx_word' id='word_1_679' title='bbox 2812 4786 2938 4846; x_wconf 90' lang='lat' dir='ltr'><strong>post</strong></span> <span class='ocrx_word' id='word_1_680' title='bbox 2963 4778 3310 4833; x_wconf 86' lang='lat' dir='ltr'><strong>latrocinium</strong></span> <span class='ocrx_word' id='word_1_681' title='bbox 3334 4777 3565 4848; x_wconf 89' lang='lat' dir='ltr'><strong>Ephesi-</strong></span> 
     </span>
    </p>
   </div>
   <div class='ocr_carea' id='block_1_104' title="bbox 1974 4868 3566 4941">
    <p class='ocr_par' dir='ltr' id='par_1_104' title="bbox 1974 4868 3566 4941">
     <span class='ocr_line' id='line_1_105' title="bbox 1974 4868 3566 4941; baseline -0.004 -10"><span class='ocrx_word' id='word_1_682' title='bbox 1974 4890 2108 4931; x_wconf 92' lang='lat' dir='ltr'><strong>num</strong></span> <span class='ocrx_word' id='word_1_683' title='bbox 2133 4880 2226 4941; x_wconf 86' lang='lat' dir='ltr'><strong>;et</strong></span> <span class='ocrx_word' id='word_1_684' title='bbox 2254 4873 2380 4927; x_wconf 90' lang='lat' dir='ltr'><strong>ideo</strong></span> <span class='ocrx_word' id='word_1_685' title='bbox 2408 4872 2462 4925; x_wconf 92' lang='lat' dir='ltr'><strong>in</strong></span> <span class='ocrx_word' id='word_1_686' title='bbox 2490 4871 2826 4933; x_wconf 89' lang='lat' dir='ltr'><strong>columnam,</strong></span> <span class='ocrx_word' id='word_1_687' title='bbox 2862 4869 3012 4924; x_wconf 89' lang='lat' dir='ltr'><strong>velut</strong></span> <span class='ocrx_word' id='word_1_688' title='bbox 3042 4868 3411 4939; x_wconf 84' lang='lat' dir='ltr'><strong>epitaphium,</strong></span> <span class='ocrx_word' id='word_1_689' title='bbox 3440 4885 3566 4924; x_wconf 91' lang='lat' dir='ltr'><strong>san-</strong></span> 
     </span>
    </p>
   </div>
   <div class='ocr_carea' id='block_1_105' title="bbox 1983 4959 3566 5034">
    <p class='ocr_par' dir='ltr' id='par_1_105' title="bbox 1983 4959 3566 5034">
     <span class='ocr_line' id='line_1_106' title="bbox 1983 4959 3566 5034; baseline -0.004 -10"><span class='ocrx_word' id='word_1_690' title='bbox 1983 4976 2075 5024; x_wconf 85' lang='lat' dir='ltr'><strong>cto</strong></span> <span class='ocrx_word' id='word_1_691' title='bbox 2117 4964 2344 5034; x_wconf 87' lang='lat' dir='ltr'><strong>martyri</strong></span> <span class='ocrx_word' id='word_1_692' title='bbox 2390 4960 2738 5016; x_wconf 90' lang='lat' dir='ltr'><strong>incidendam</strong></span> <span class='ocrx_word' id='word_1_693' title='bbox 2769 4978 2781 5014; x_wconf 93' lang='lat'>:</span> <span class='ocrx_word' id='word_1_694' title='bbox 2810 4959 3015 5029; x_wconf 85' lang='lat' dir='ltr'><strong>scripta</strong></span> <span class='ocrx_word' id='word_1_695' title='bbox 3053 4961 3200 5016; x_wconf 88' lang='lat' dir='ltr'><strong>enim</strong></span> <span class='ocrx_word' id='word_1_696' title='bbox 3233 4971 3319 5017; x_wconf 89' lang='lat' dir='ltr'><strong>est</strong></span> <span class='ocrx_word' id='word_1_697' title='bbox 3348 4960 3566 5017; x_wconf 88' lang='lat' dir='ltr'><strong>duobus</strong></span> 
     </span>
    </p>
   </div>
   <div class='ocr_carea' id='block_1_106' title="bbox 1984 5052 3141 5124">
    <p class='ocr_par' dir='ltr' id='par_1_106' title="bbox 1984 5052 3141 5124">
     <span class='ocr_line' id='line_1_107' title="bbox 1984 5052 3141 5124; baseline -0.007 -7"><span class='ocrx_word' id='word_1_698' title='bbox 1984 5060 2158 5121; x_wconf 85' lang='lat' dir='ltr'><strong>ferme</strong></span> <span class='ocrx_word' id='word_1_699' title='bbox 2184 5056 2345 5112; x_wconf 86' lang='lat' dir='ltr'><strong>annis</strong></span> <span class='ocrx_word' id='word_1_700' title='bbox 2372 5062 2498 5110; x_wconf 86' lang='lat' dir='ltr'><strong>ante</strong></span> <span class='ocrx_word' id='word_1_701' title='bbox 2523 5052 2795 5124; x_wconf 87' lang='lat' dir='ltr'><strong>ejusmodi</strong></span> <span class='ocrx_word' id='word_1_702' title='bbox 2822 5052 3141 5119; x_wconf 85' lang='lat' dir='ltr'><strong>concilium.</strong></span> 
     </span>
    </p>
   </div>
   <div class='ocr_carea' id='block_1_107' title="bbox 2056 5142 3566 5214">
    <p class='ocr_par' dir='ltr' id='par_1_107' title="bbox 2056 5142 3566 5214">
     <span class='ocr_line' id='line_1_108' title="bbox 2056 5142 3566 5214; baseline -0.005 -12"><span class='ocrx_word' id='word_1_703' title='bbox 2056 5151 2120 5204; x_wconf 68' lang='grc' dir='ltr'><strong>ν.</strong></span> <span class='ocrx_word' id='word_1_704' title='bbox 2173 5149 2249 5203; x_wconf 90' lang='lat' dir='ltr'><strong>De</strong></span> <span class='ocrx_word' id='word_1_705' title='bbox 2295 5146 2474 5208; x_wconf 87' lang='lat' dir='ltr'><strong>annis,</strong></span> <span class='ocrx_word' id='word_1_706' title='bbox 2494 5145 2718 5214; x_wconf 61' lang='lat' dir='ltr'><strong>Oquibus</strong></span> <span class='ocrx_word' id='word_1_707' title='bbox 2748 5142 3041 5198; x_wconf 86' lang='lat' dir='ltr'><strong>Flavianus</strong></span> <span class='ocrx_word' id='word_1_708' title='bbox 3068 5143 3229 5208; x_wconf 80' lang='lat' dir='ltr'><strong>sedit,</strong></span> <span class='ocrx_word' id='word_1_709' title='bbox 3263 5149 3566 5212; x_wconf 76' lang='lat' dir='ltr'><strong>pugnantes</strong></span> 
     </span>
    </p>
   </div>
   <div class='ocr_carea' id='block_1_108' title="bbox 1986 5235 3564 5300">
    <p class='ocr_par' dir='ltr' id='par_1_108' title="bbox 1986 5235 3564 5300">
     <span class='ocr_line' id='line_1_109' title="bbox 1986 5235 3564 5300; baseline -0.008 0"><span class='ocrx_word' id='word_1_710' title='bbox 1986 5249 2117 5300; x_wconf 90' lang='lat' dir='ltr'><strong>sunt</strong></span> <span class='ocrx_word' id='word_1_711' title='bbox 2137 5247 2424 5296; x_wconf 88' lang='lat' dir='ltr'><strong>auctorum</strong></span> <span class='ocrx_word' id='word_1_712' title='bbox 2445 5237 2752 5293; x_wconf 64' lang='lat' dir='ltr'><strong>sententiae.</strong></span> <span class='ocrx_word' id='word_1_713' title='bbox 2777 5236 2884 5291; x_wconf 83' lang='lat' dir='ltr'><strong>Alii</strong></span> <span class='ocrx_word' id='word_1_714' title='bbox 2908 5235 3195 5291; x_wconf 89' lang='lat' dir='ltr'><strong>biennium</strong></span> <span class='ocrx_word' id='word_1_715' title='bbox 3245 5242 3304 5289; x_wconf 91' lang='lat' dir='ltr'><strong>et</strong></span> <span class='ocrx_word' id='word_1_716' title='bbox 3344 5246 3564 5288; x_wconf 88' lang='lat' dir='ltr'><strong>menses</strong></span> 
     </span>
    </p>
   </div>
   <div class='ocr_carea' id='block_1_109' title="bbox 1978 5321 3562 5389">
    <p class='ocr_par' dir='ltr' id='par_1_109' title="bbox 1978 5321 3562 5389">
     <span class='ocr_line' id='line_1_110' title="bbox 1978 5321 3562 5389; baseline -0.004 -5"><span class='ocrx_word' id='word_1_717' title='bbox 1978 5329 2170 5386; x_wconf 85' lang='lat' dir='ltr'><strong>decem</strong></span> <span class='ocrx_word' id='word_1_718' title='bbox 2190 5326 2399 5382; x_wconf 81' lang='lat' dir='ltr'><strong>sedisse</strong></span> <span class='ocrx_word' id='word_1_719' title='bbox 2421 5331 2675 5381; x_wconf 86' lang='lat' dir='ltr'><strong>asserunt</strong></span> <span class='ocrx_word' id='word_1_720' title='bbox 2699 5341 2714 5389; x_wconf 88' lang='lat'><strong>;</strong></span> <span class='ocrx_word' id='word_1_721' title='bbox 2745 5323 2840 5378; x_wconf 86' lang='lat' dir='ltr'><strong>alii</strong></span> <span class='ocrx_word' id='word_1_722' title='bbox 2864 5338 3069 5378; x_wconf 87' lang='lat' dir='ltr'><strong>annum</strong></span> <span class='ocrx_word' id='word_1_723' title='bbox 3099 5321 3363 5376; x_wconf 85' lang='lat' dir='ltr'><strong>duntaxat</strong></span> <span class='ocrx_word' id='word_1_724' title='bbox 3393 5337 3562 5378; x_wconf 89' lang='lat' dir='ltr'><strong>unum</strong></span> 
     </span>
    </p>
   </div>
   <div class='ocr_carea' id='block_1_110' title="bbox 1980 5411 3564 5483">
    <p class='ocr_par' dir='ltr' id='par_1_110' title="bbox 1980 5411 3564 5483">
     <span class='ocr_line' id='line_1_111' title="bbox 1980 5411 3564 5483; baseline -0.004 -8"><span class='ocrx_word' id='word_1_725' title='bbox 1980 5435 2105 5475; x_wconf 87' lang='lat' dir='ltr'><strong>cum</strong></span> <span class='ocrx_word' id='word_1_726' title='bbox 2128 5417 2319 5472; x_wconf 89' lang='lat' dir='ltr'><strong>decem</strong></span> <span class='ocrx_word' id='word_1_727' title='bbox 2354 5414 2658 5470; x_wconf 85' lang='lat' dir='ltr'><strong>mensibus.</strong></span> <span class='ocrx_word' id='word_1_728' title='bbox 2690 5411 2750 5466; x_wconf 89' lang='lat' dir='ltr'><strong>In</strong></span> <span class='ocrx_word' id='word_1_729' title='bbox 2771 5413 2959 5481; x_wconf 88' lang='lat' dir='ltr'><strong>priore</strong></span> <span class='ocrx_word' id='word_1_730' title='bbox 2987 5412 3249 5483; x_wconf 88' lang='lat' dir='ltr'><strong>opinione</strong></span> <span class='ocrx_word' id='word_1_731' title='bbox 3273 5421 3564 5470; x_wconf 87' lang='lat' dir='ltr'><strong>versantur</strong></span> 
     </span>
    </p>
   </div>
   <div class='ocr_carea' id='block_1_111' title="bbox 1979 5503 3563 5576">
    <p class='ocr_par' dir='ltr' id='par_1_111' title="bbox 1979 5503 3563 5576">
     <span class='ocr_line' id='line_1_112' title="bbox 1979 5503 3563 5576; baseline -0.003 -10"><span class='ocrx_word' id='word_1_732' title='bbox 1979 5510 2270 5576; x_wconf 85' lang='lat' dir='ltr'><strong>Baronius,</strong></span> <span class='ocrx_word' id='word_1_733' title='bbox 2319 5504 2591 5562; x_wconf 81' lang='lat' dir='ltr'><strong>Antonius</strong></span> <span class='ocrx_word' id='word_1_734' title='bbox 2639 5503 2971 5571; x_wconf 82' lang='lat' dir='ltr'><strong>Richardus,</strong></span> <span class='ocrx_word' id='word_1_735' title='bbox 3025 5514 3084 5561; x_wconf 87' lang='lat' dir='ltr'><strong>et</strong></span> <span class='ocrx_word' id='word_1_736' title='bbox 3131 5504 3444 5561; x_wconf 81' lang='lat' dir='ltr'><strong>Bollaudus.</strong></span> <span class='ocrx_word' id='word_1_737' title='bbox 3500 5506 3563 5561; x_wconf 74' lang='lat' dir='ltr'><strong>in</strong></span> 
     </span>
    </p>
   </div>
   <div class='ocr_carea' id='block_1_112' title="bbox 1980 5596 3557 5675">
    <p class='ocr_par' dir='ltr' id='par_1_112' title="bbox 1980 5596 3557 5675">
     <span class='ocr_line' id='line_1_113' title="bbox 1980 5596 3557 5675; baseline -0.005 -15"><span class='ocrx_word' id='word_1_738' title='bbox 1980 5601 2289 5675; x_wconf 83' lang='lat' dir='ltr'><strong>posteriore</strong></span> <span class='ocrx_word' id='word_1_739' title='bbox 2318 5599 2522 5656; x_wconf 67' lang='lat' dir='ltr'><strong>Meum</strong></span> <span class='ocrx_word' id='word_1_740' title='bbox 2549 5596 2889 5666; x_wconf 77' lang='lat' dir='ltr'><strong>Graecorum,</strong></span> <span class='ocrx_word' id='word_1_741' title='bbox 2931 5597 3201 5673; x_wconf 82' lang='lat' dir='ltr'><strong>Maximus</strong></span> <span class='ocrx_word' id='word_1_742' title='bbox 3220 5596 3557 5671; x_wconf 75' lang='lat' dir='ltr'><strong>Cytheraeus,</strong></span> 
     </span>
    </p>
   </div>
   <div class='ocr_carea' id='block_1_113' title="bbox 1629 5745 2220 5807">
    <p class='ocr_par' dir='ltr' id='par_1_113' title="bbox 1629 5745 2220 5807">
     <span class='ocr_line' id='line_1_114' title="bbox 1629 5745 2220 5807; baseline -0.003 -5"><span class='ocrx_word' id='word_1_743' title='bbox 1629 5747 1950 5807; x_wconf 81' lang='lat' dir='ltr'><strong>SCHULZH</strong></span> <span class='ocrx_word' id='word_1_744' title='bbox 1985 5745 2220 5807; x_wconf 65' lang='lat' dir='ltr'><strong>NOTAE.</strong></span> 
     </span>
    </p>
   </div>
   <div class='ocr_carea' id='block_1_114' title="bbox 346 5864 1590 5940">
    <p class='ocr_par' dir='ltr' id='par_1_114' title="bbox 346 5864 1590 5940">
     <span class='ocr_line' id='line_1_115' title="bbox 346 5864 1590 5940; baseline -0.004 -15"><span class='ocrx_word' id='word_1_745' title='bbox 346 5869 392 5903; x_wconf 75' lang='grc' dir='ltr'><strong><em>ιι</em></strong></span> <span class='ocrx_word' id='word_1_746' title='bbox 422 5866 603 5940; x_wconf 80' lang='lat' dir='ltr'><strong>Epist.</strong></span> <span class='ocrx_word' id='word_1_747' title='bbox 628 5866 721 5925; x_wconf 84' lang='lat'><strong>69.</strong></span> <span class='ocrx_word' id='word_1_748' title='bbox 802 5866 848 5900; x_wconf 75' lang='grc' dir='ltr'>η</span> <span class='ocrx_word' id='word_1_749' title='bbox 880 5865 1054 5937; x_wconf 85' lang='lat' dir='ltr'><strong>Epist.</strong></span> <span class='ocrx_word' id='word_1_750' title='bbox 1081 5864 1135 5920; x_wconf 90' lang='lat'><strong>8.</strong></span> <span class='ocrx_word' id='word_1_751' title='bbox 1213 5864 1259 5897; x_wconf 76' lang='grc' dir='ltr'><strong>υ</strong></span> <span class='ocrx_word' id='word_1_752' title='bbox 1285 5864 1460 5935; x_wconf 83' lang='lat' dir='ltr'><strong>Epist.</strong></span> <span class='ocrx_word' id='word_1_753' title='bbox 1499 5865 1590 5922; x_wconf 76' lang='grc' dir='ltr'><strong>ει.</strong></span> 
     </span>
    </p>
   </div>
  </div>
