4070 6446
575 362 680 426 259

1701 349 2079 411 GARNERII
2119 351 2614 412 DISSE‘RTATIO
2652 351 2732 410 ΙΙ.

3726 347 3838 414 260

576 467 920 538 Nicephorus
947 461 1606 533 Constantinopolitanus,
1646 460 1950 527 Ccdrenus,
1995 461 2157 515 Peta-
2189 476 2231 532 Α
2260 462 2460 518 illustri
2507 462 2830 534 martyrium
2870 459 3121 531 perfecit,
3148 466 3455 531 pugnantes
3478 459 3680 515 iterum
3703 471 3837 516 sunt

575 576 722 618 vrus.

645 649 733 705 Vl.
757 650 833 704 De
854 647 1134 703 mensibus
1167 645 1357 700 decem
1384 659 1532 700 nunc
1555 659 1751 699 omnes
1781 641 2157 706 consentiunt,

577 751 867 812 propterea
905 739 1051 809 quod
1099 737 1391 792 Flavianus
1436 736 1724 791 ordinatus
1755 743 1841 790 est
1861 736 1963 790 sub
1995 733 2161 788 finem

577 830 853 894 Octobris,
888 829 1172 898 depositus
1195 828 1285 882 die
1317 827 1531 882 decima
1563 826 1816 897 Augusti.

648 921 760 976 \‘ll.
812 920 1050 987 Quaestio
1091 919 1158 974 de
1185 919 1345 974 annis
1370 919 1575 990 pendet
1611 933 1679 972 ex
1705 929 1952 988 tempore
1980 917 2164 972 obitus

579 1013 777 1077 Procli,
805 1013 895 1067 cui
917 1012 1212 1066 Flavianus
1232 1011 1516 1066 successit.
1548 1009 1656 1065 Alii
1684 1011 1936 1065 Proclum
1961 1009 2164 1063 obiisse

579 1103 735 1156 aiunt
767 1117 912 1156 anno
946 1103 1070 1167 446,
1108 1103 1200 1156 alii
1231 1118 1376 1156 anno
1406 1103 1509 1156 447
1540 1119 1555 1167 ;
1591 1110 1756 1172 prout
1785 1116 1981 1170 nempe
2008 1109 2063 1154 et
2087 1100 2165 1154 illi

579 1203 636 1248 et
679 1194 767 1248 isti
801 1195 1050 1249 sentiunt
1084 1194 1151 1249 de
1181 1204 1342 1249 terrae
1363 1203 1536 1258 motu,
1571 1209 1680 1263 quo
1700 1193 2166 1260 Constantinopo-

580 1285 649 1339 lis
671 1300 938 1340 concussa
986 1294 1091 1350 est,
1131 1285 1339 1354 quique
1391 1285 1588 1339 Proclo
1641 1283 1864 1339 vivente
1915 1283 2164 1353 contigit.

582 1375 762 1430 Motus
807 1376 896 1430 ille
929 1392 958 1430 a
988 1376 1212 1430 Pctavio
1253 1375 1476 1445 ponitur
1496 1391 1638 1429 anno
1661 1375 1785 1438 447,
1807 1375 1863 1428 in
1893 1390 2004 1445 quo
2025 1374 2169 1428 Mar-

583 1467 844 1522 cellinum
874 1476 928 1522 et
956 1467 1387 1522 Alexandrinum
1422 1467 1585 1535 310
1617 1465 1931 1520 Chronicon
1976 1463 2168 1533 sequi-

584 1568 675 1613 tur
707 1576 721 1613 :
751 1560 978 1629 ponitur
1005 1576 1035 1614 a
1063 1559 1298 1613 Baronio
1335 1574 1479 1613 anno
1501 1559 1626 1620 446,
1662 1557 1755 1612 ubi
1781 1574 1882 1630 pro
1904 1572 1983 1621 se,
2021 1555 2170 1627 quod

583 1649 788 1702 mirum
820 1658 923 1712 est,
957 1657 1013 1703 et
1041 1659 1230 1702 contra
1263 1648 1425 1702 ﬁdem
1462 1648 1738 1713 codicum,
1789 1647 2168 1702 Marcellinum

587 1739 794 1793 laudat.
829 1737 1129 1793 Sententia:
1186 1738 1354 1808 priori
1405 1737 1796 1792 adhzerendum
1847 1745 2001 1806 puto,
2053 1743 2168 1788 tum

582 1831 709 1901 quia
735 1830 974 1900 plurium
1008 1837 1095 1884 est
1133 1830 1616 1900 antiquiorumque
1657 1830 2022 1899 scriptorum;
2057 1838 2170 1882 tum
2205 1822 2244 1875 Β

581 1925 730 1994 quod
785 1924 1026 1978 rationes
1079 1939 1180 1993 pro
1231 1922 1522 1992 posteriori
1569 1923 1816 1977 adducta:
1860 1922 1951 1976 vix
2004 1921 2166 1992 quid-

581 2028 747 2082 quam
796 2013 1034 2067 habeant
1081 2011 1344 2082 ponderis
1387 2010 1652 2066 adversus
1681 2019 1886 2066 tantam
1920 2020 2166 2064 veterum

582 2105 990 2159 auctoritatem.

653 2217 791 2272 Vlll.
832 2216 1092 2272 Momenti
1135 2217 1368 2288 alicujus
1418 2215 1473 2270 id
1524 2218 1692 2270 unum
1735 2215 1912 2274 videri
1966 2223 2166 2285 potest,

583 2306 729 2376 quod
782 2306 1060 2375 profertur
1106 2306 1174 2360 de
1234 2306 1392 2360 annis
1443 2305 1734 2360 duodecim
1776 2305 1923 2360 sedis
1963 2307 2165 2370 Procli,

585 2412 748 2466 quem
787 2405 1000 2451 constat
1038 2411 1183 2451 anno
1227 2397 1351 2461 454,
1394 2396 1482 2450 die
1517 2397 1582 2450 l2
1607 2396 1832 2466 Aprilis,
1880 2396 1934 2450 in
1986 2397 2168 2452 locum

585 2489 896 2544 Maximiani
936 2489 1246 2544 suﬁectum.
1279 2489 1418 2542 Hinc
1463 2487 1610 2542 enim
1649 2487 2019 2553 concluditur,
2072 2489 2172 2544 ob.

588 2579 715 2636 iisse
759 2597 904 2635 anno
935 2581 1059 2636 446.
1092 2582 1296 2636 Verum
1327 2579 1381 2634 id
1418 2581 1596 2650 reipsa
1628 2581 1744 2634 leve
1771 2589 1855 2635 est
1887 2598 1902 2634 :
1937 2597 2063 2635 nam
2100 2582 2169 2639 de

586 2670 747 2726 armis
768 2671 946 2726 Procli
972 2688 1083 2726 non
1107 2671 1459 2726 consentiunt
1498 2671 1748 2726 historici
1791 2671 1915 2742 ipsi.
1972 2673 2170 2729 Fateor

586 2778 616 2816 a
636 2762 947 2832 Nicephoro
982 2762 1593 2832 Constantinopolitano
1617 2762 1786 2816 tribui
1832 2777 2006 2818 annos
2027 2763 2169 2819 duo-

586 2855 786 2921 decim,
838 2855 951 2910 sive
999 2855 1054 2910 in
1096 2854 1569 2924 Chronographia,
1620 2852 1734 2910 sive
1781 2854 1836 2907 in
1866 2853 2166 2926 Catalogo:

588 2947 754 3002 tribui
810 2948 1015 3018 pariter
1061 2963 1094 3002 a
1143 2947 1497 3016 Theophane,
1549 2961 1673 3001 cum
1729 2947 1922 3001 scribit
1966 2947 2168 3003 obiisse

587 3057 732 3096 anno
782 3041 850 3094 59
907 3039 1240 3105 Theodosii;
1290 3038 1386 3092 sed
1437 3048 1799 3108 praeterquam
1827 3039 1974 3108 quod
2007 3040 2169 3094 unica

587 3143 671 3190 est
711 3132 1007 3203 Nicephori
1043 3141 1099 3186 et
1135 3130 1488 3200 Theophanis
1527 3130 1856 3185 Menaaorum
1891 3137 1947 3185 et
1979 3131 2168 3185 Meno-

588 3225 859 3294 logiorum
907 3221 1226 3277 Grzecorum
1266 3219 1606 3275 auctoritas:
1651 3235 1778 3273 nam
1811 3219 2173 3289 Theophanes

589 3316 960 3386 Nicephorum
986 3314 1258 3382 sequitur,
1289 3312 1492 3367 Mentea
1519 3321 1575 3368 et
1596 3311 1977 3384 Martyrologia
1999 3330 2067 3368 ex
2087 3315 2174 3369 his

590 3407 953 3476 scriptoribus
1017 3404 1293 3474 descripta
1351 3411 1526 3468 sunt;
1582 3412 1945 3474 prazterquam
2002 3405 2172 3474 quod,

591 3497 836 3566 inquam,
882 3495 1000 3549 lucc
1037 3494 1336 3548 auctoritas
1381 3494 1544 3548 unica
1581 3503 1684 3558 est,
1715 3503 1770 3549 et
1791 3495 1956 3549 etiam
1992 3510 2091 3564 per
2116 3510 2175 3549 se

591 3588 744 3642 levis.
770 3588 904 3641 Nam
929 3585 1214 3656 irrepsisse
1237 3601 1484 3640 errorem
1511 3585 1566 3639 in
1586 3602 1879 3641 numerum
1897 3602 2169 3641 annorum

591 3679 736 3748 apud
757 3679 1148 3747 Nicephorum,
1170 3677 1438 3746 legentem
1461 3677 1722 3732 tredecim
1743 3693 1840 3748 pro
1861 3677 2174 3743 duodecim,

591 3787 705 3826 non
763 3781 975 3826 temere
1009 3769 1279 3840 quispiam
1333 3769 1608 3838 opinetur.
1656 3768 1818 3823 Certe
1848 3784 2070 3824 necesse
2091 3777 2174 3824 est

593 3864 753 3919 fateri
792 3873 1076 3934 peccatum
1122 3875 1243 3916 esse
1289 3860 1341 3914 in
1375 3877 1608 3916 numero
1640 3859 1951 3913 mensium:
1994 3877 2173 3930 neque

591 3954 739 4009 enim
788 3964 918 4017 tres,
957 3961 1018 4006 ut
1050 3951 1286 4005 habetur
1329 3950 1471 4020 apud
1497 3965 1591 4004 eos
1613 3949 1706 4019 qui
1735 3949 1992 4018 appellati
2023 3958 2171 4015 sunt,

593 4045 687 4099 sed
723 4062 818 4100 sex
860 4061 985 4099 cum
1032 4043 1324 4098 duodecim
1353 4043 1551 4097 diebus
1583 4041 1694 4096 dici
1729 4041 2058 4097 debuerunt.
2093 4041 2177 4096 Si-

593 4139 816 4208 quidem
858 4155 888 4192 a
943 4137 1032 4192 die
1085 4136 1150 4190 12
1201 4136 1425 4204 Aprilis,
1460 4150 1567 4205 qua
1597 4133 1686 4188 die
1712 4141 1859 4189 certe
1889 4134 2175 4190 ordinatus

591 4239 675 4285 est
711 4231 958 4294 Proclus,
994 4229 1060 4283 ad
1092 4229 1238 4284 diem
1269 4227 1338 4281 24
1366 4226 1642 4291 Octobris,
1672 4243 1779 4298 qua
1811 4234 2027 4281 constat
2051 4243 2173 4282 esse

594 4321 936 4386 defunctum,
989 4337 1205 4375 menses
1247 4333 1388 4388 quos
1440 4318 1575 4382 dixi,
1602 4318 1828 4388 diesque
1864 4317 2177 4373 interfluxe-

594 4413 723 4467 rint.
764 4411 950 4478 Quare
994 4413 1249 4467 Proclum
1279 4409 1482 4464 obiisse
1505 4424 1649 4463 anno
1681 4409 1806 4475 447,
1839 4410 2046 4465 sedisse
2076 4426 2176 4464 an-

2259 552 2590 622 scriptorum
2641 552 2944 607 sententias.
2981 550 3227 606 Tradunt
3267 551 3414 606 enim
3469 550 3560 604 alii
3608 550 3666 604 in
3715 550 3837 619 ipso

2260 641 2452 713 synodi
2474 643 2595 696 loco
2629 640 2976 696 interfectum
3009 656 3129 694 esse
3151 657 3183 694 a
3210 640 3471 694 Barsuma
3494 647 3550 694 et
3578 639 3693 694 suis
3717 653 3838 693 tuo-

2260 733 2453 790 nachis
2481 751 2496 800 ;
2524 734 2616 788 alii
2640 741 2762 804 post
2797 733 3039 788 triduum
3079 749 3145 787 ex
3175 731 3413 801 acceptis
3460 732 3634 801 plagis
3672 732 3838 784 inter-

2262 827 2434 894 iisse;
2495 827 2586 882 alii
2645 828 2699 882 in
2762 827 2848 881 via
2906 827 2972 881 ad
3026 826 3361 898 Hypazpense
3429 825 3683 879 exsilium
3735 824 3838 878 ob-

2264 919 2392 973 iisse
2423 935 2437 984 ;
2477 919 2591 986 alii,
2625 927 2910 990 postquam
2939 918 3202 990 Hypaepas
3222 919 3525 988 ‘pervenit,
3554 918 3838 972 calamita-

2264 1011 2413 1066 tibus
2441 1019 2498 1066 et
2530 1011 2768 1066 miseriis
2806 1011 3054 1066 attritum
3092 1026 3235 1066 esse.
3281 1011 3497 1066 Veritas
3549 1009 3707 1065 facile
3757 1010 3841 1064 di-

2265 1103 2438 1158 scitur
2482 1118 2548 1157 ex
2601 1101 2777 1173 prima
2842 1109 2996 1172 parte
3057 1101 3275 1156 concilii
3332 1100 3838 1166 Chalcedonensis;

2265 1211 2392 1250 nam
2428 1195 2483 1249 in
2523 1195 2752 1264 epistola
2806 1194 2972 1248 Galla:
3021 1194 3274 1248 Placidia;
3321 1194 3389 1248 ad
3446 1192 3841 1257 Theodosium,

2266 1287 2450 1341 vivere
2500 1286 2680 1341 adhuc
2724 1285 3042 1340 Flavianum
3091 1285 3247 1355 311
3290 1285 3636 1354 supponitur.
3677 1306 3694 1334 ι
3728 1283 3849 1339 Hac

2268 1376 2450 1446 itaque
2479 1376 2651 1447 gratia
2677 1376 3041 1431 mansuetudo
3063 1384 3155 1430 tua
3178 1376 3346 1429 tantis
3364 1371 3539 1429 turbis
3556 1377 3847 1438 resistens,

2267 1469 2553 1523 veritatem
2584 1468 2863 1523 catholica:
2896 1467 3177 1538 religionis
3202 1468 3603 1521 immaculatam
3635 1466 3851 1521 servari

2268 1561 2551 1630 praecipiat
2583 1578 2597 1614 :
2629 1569 2692 1615 ut
2743 1560 3045 1616 secundum
3081 1560 3311 1615 formam
3357 1570 3414 1616 et
3464 1560 3852 1616 deﬁnitionem

2269 1652 2581 1721 apostolicae
2637 1651 2802 1718 sedis,
2854 1668 3019 1723 quam
3037 1661 3094 1707 et
3119 1668 3217 1706 nos
3245 1661 3502 1718 tanquam
3525 1652 3854 1722 praecellen-

2271 1752 2380 1799 tem
2412 1744 2665 1800 similiter
2692 1761 3039 1809 veneramur,
3095 1745 3150 1798 in
3183 1752 3324 1800 statu
3359 1745 3647 1800 sacerdotii
3677 1744 3854 1799 illaesa

2273 1848 2528 1894 manente
2565 1855 2664 1910 per
2691 1838 2875 1893 omnia
2908 1837 3186 1903 Flaviano,
3219 1837 3285 1892 ad
3311 1838 3604 1892 concilium
3625 1846 3853 1907 aposto-

2273 1933 2391 1987 licae
2440 1932 2588 1987 sedis
2628 1931 2894 2003 judicium
2927 1930 3347 1986 transmittatur.
3400 1951 3418 1982 ι
3455 1930 3684 2000 Scripsit
3715 1945 3854 1984 vero

2273 2025 2511 2080 Placidia
2553 2034 2677 2094 post
2719 2024 2863 2079 diem
2915 2025 2979 2078 18
3006 2025 3348 2094 Novembris,
3390 2024 3442 2078 id
3463 2033 3566 2086 est,
3591 2031 3714 2093 post
3741 2033 3856 2078 tres

2273 2131 2490 2171 menses
2533 2132 2563 2170 a
2595 2117 2775 2171 soluto
2799 2115 3034 2170 concilio
3065 2115 3340 2184 Ephesino
3365 2113 3668 2168 latrocinali
3700 2130 3714 2177 ;
3740 2127 3856 2182 quo

2275 2214 2518 2275 tempore
2555 2205 2878 2260 incredibile
2925 2214 3028 2270 est,
3057 2220 3168 2259 non
3194 2204 3362 2259 fuisse.
3391 2204 3570 2258 adhuc
3599 2203 3852 2257 auditum

2275 2297 2327 2352 in
2376 2297 2673 2352 Occidente
2712 2298 2780 2352 de
2815 2296 2962 2351 caede
3012 2295 3336 2366 patriarchas
3373 2310 3524 2348 nova:
3557 2294 3759 2357 Romae,
3804 2293 3852 2346 si

2277 2406 2465 2446 revera
2492 2390 2830 2460 contigisset.
2867 2389 3000 2455 Quis
3025 2389 3173 2442 enim
3207 2388 3309 2442 sibi
3351 2385 3697 2458 persuadeat,
3723 2399 3853 2438 cum

2274 2480 2342 2534 de
2372 2479 2539 2535 rebus
2562 2479 2854 2550 Ephesinis
2882 2485 3288 2549 perstreperent
3323 2476 3528 2540 omnia,
3579 2475 3646 2529 de
3697 2483 3855 2528 tanto

2273 2571 2538 2636 facinore,
2596 2579 2863 2640 quantum
2917 2580 3004 2625 est
3055 2569 3216 2640 regia:
3268 2568 3420 2623 urbis
3480 2566 3855 2637 patriarcham

2275 2661 2559 2727 trucidari,
2605 2662 2690 2716 vel
2744 2661 2963 2725 famam,
3009 2677 3114 2731 qua
3144 2660 3280 2716 nihil
3307 2659 3586 2729 pemicius
3614 2658 3667 2712 in
3696 2657 3856 2712 defe-

2275 2755 2464 2810 rendis
2495 2753 2858 2809 insolentibus
2885 2752 3137 2818 nuntiis;
3179 2751 3264 2805 vel
3308 2751 3518 2806 litteras
3573 2749 3718 2802 ultro
3768 2749 3858 2803 ci-

2275 2855 2469 2915 troque
2499 2844 2568 2898 ad
2600 2845 2993 2914 imperatorum
3021 2841 3174 2895 aulas
3199 2847 3565 2910 permeantes,
3593 2837 3853 2901 siluisse;

2273 2937 2360 2992 vel
2389 2938 2710 3007 Augustam,
2744 2951 2868 2990 cum
2892 2934 2957 2988 ad
2993 2931 3363 2986 Theodosium
3395 2938 3680 2999 parentem
3709 2927 3855 2982 scri-

2273 3027 2450 3092 beret,
2483 3027 2779 3082 relaturam
2807 3025 2977 3079 fuisse
3007 3023 3150 3076 solas
3173 3021 3346 3077 sancti
3377 3019 3577 3073 Leonis
3599 3015 3856 3086 querelas

2274 3119 2343 3174 de
2389 3119 2632 3174 Flaviani
2684 3117 3025 3187 expulsionc,
3077 3131 3186 3170 non
3233 3114 3361 3169 item
3403 3112 3469 3165 de
3498 3125 3654 3172 nece,
3675 3122 3856 3177 eaque

2275 3220 2384 3266 tam
2411 3209 2631 3264 immani
2659 3219 2715 3264 et
2741 3209 3035 3272 horrenda,
3069 3207 3115 3261 si
3154 3207 3340 3261 Romm
3369 3212 3496 3258 nota
3524 3201 3713 3257 esset?

2349 3303 2412 3357 X.
2461 3302 2615 3369 Quod
2651 3301 2697 3356 si
2724 3317 2852 3355 vera
2879 3308 3008 3354 sunt
3049 3300 3173 3362 ista,
3203 3307 3262 3351 ut
3289 3305 3436 3351 certe
3467 3301 3617 3356 sunt,
3649 3292 3856 3345 mirum

2275 3402 2542 3466 quantum
2597 3411 2628 3448 a
2688 3392 2899 3447 ratione
2949 3391 3232 3454 abhorret,
3288 3387 3435 3458 quod
3492 3402 3601 3440 non
3643 3384 3856 3440 nemini

2276 3485 2693 3543 contradicendi
2719 3484 2920 3554 cupido
2954 3499 3065 3538 non
3094 3483 3168 3537 ita
3205 3482 3416 3552 pridem
3444 3480 3595 3535 venit
3617 3480 3672 3533 in
3697 3495 3858 3533 men-

2277 3588 2408 3634 tem.
2457 3579 2693 3633 Litteras
2739 3575 3100 3631 Valentiniani
3128 3583 3184 3629 et
3207 3575 3571 3644 Augustarum
3603 3588 3714 3625 non
3748 3571 3859 3625 nisi

2275 3677 2401 3740 post
2445 3667 2644 3722 festum
2694 3667 2869 3722 sancti
2899 3666 3068 3730 Petri,
3102 3665 3154 3720 id
3177 3675 3260 3719 cst
3294 3680 3349 3718 ιιι
3382 3663 3499 3717 Kal.
3527 3662 3678 3724 Julii,
3708 3677 3859 3715 anno

2276 3759 2401 3825 450,
2437 3775 2558 3815 esse
2587 3766 2854 3814 exaratas.
2879 3757 3107 3828 Oportet
3132 3757 3278 3810 enim
3311 3771 3342 3810 e
3371 3753 3586 3809 duobus
3620 3753 3859 3806 alterum

2280 3849 2556 3913 accidere,
2590 3864 2786 3918 nempe
2817 3855 2942 3918 post
2973 3845 3228 3900 undecim
3270 3845 3384 3900 fere
3415 3859 3632 3898 menses
3677 3844 3763 3896 vel
3800 3843 3858 3896 in

2276 3939 2571 3996 Occidente
2611 3939 2680 3993 de
2729 3947 2906 3992 morte
2948 3936 3190 4006 episcopi
3237 3943 3397 3990 tanta:
3424 3934 3570 3990 sedis
3593 3933 3861 3988 rescitum

2275 4048 2420 4097 esse,
2481 4031 2570 4086 vel
2625 4031 2805 4085 adhuc
2847 4029 3200 4099 superstitem
3254 4028 3570 4083 Flavianum
3630 4025 3856 4081 vixisse.

2276 4124 2579 4194 Utrumque
2603 4139 2734 4177 vero
2755 4121 3001 4192 prodigio
3029 4121 3204 4176 simile
3232 4127 3335 4175 est.

2347 4216 2439 4271 Xl.
2486 4217 2675 4271 Restat
2720 4215 2888 4286 igitur
2914 4223 2975 4269 ut
3014 4213 3304 4268 Flavianus
3335 4209 3606 4283 llypazpis,
3642 4227 3736 4265 seu
3765 4227 3860 4265 su-

2277 4312 2625 4382 perveniente,
2652 4325 2744 4362 seu
2769 4310 2973 4378 ingesta
2999 4315 3185 4371 morte,
3231 4305 3529 4360 defunctus
3583 4305 3655 4359 sit
3690 4322 3702 4358 :
3759 4305 3858 4359 sed

2277 4420 2388 4474 quo
2413 4417 2621 4465 mense,
2651 4416 2828 4470 quove
2853 4400 2962 4466 die,
2992 4399 3215 4455 definite
3263 4414 3426 4453 nemo
3475 4398 3641 4453 tradit
3667 4417 3682 4464 ;
3731 4414 3863 4468 pro-

595 4520 695 4559 nos
737 4503 802 4558 l3
845 4519 970 4558 cum
1021 4504 1053 4557 6
1105 4502 1388 4557 mensibus
1428 4510 1484 4555 ct
1511 4502 1576 4555 l2
1609 4501 1806 4555 diebus
1835 4501 2035 4556 sentio.
2062 4501 2177 4555 lmo
2209 4507 2252 4561 ι)
2282 4496 2464 4550 habile
2513 4503 2693 4548 tamen
2734 4493 2788 4548 id
2841 4495 3135 4564 contigisse
3182 4493 3272 4548 die
3302 4493 3367 4548 18
3394 4493 3675 4548 Februarii
3710 4508 3859 4547 anno

595 4595 961 4666 Nicephorum
991 4593 1277 4649 Callistum
1307 4591 1711 4647 emendandum
1743 4607 1890 4656 reor,
1912 4607 2037 4647 cum
2059 4591 2172 4646 ait:

594 4687 752 4741 Μετὰ
808 4685 866 4738 δὲ
919 4684 1076 4739 τοῦτο
1118 4685 1361 4755 Πρόκλος
1389 4685 1485 4755 μὲν
1513 4685 1542 4736 ὀ
1582 4683 1854 4745 θειότατος
1878 4681 2012 4736 δέκα
2039 4683 2176 4751 πρὸς

593 4777 672 4845 τῷ
723 4777 804 4829 ἑνὶ
847 4774 1128 4845 διατρίψας
1171 4775 1264 4845 ἐτη
1307 4775 1386 4844 τῷ
1422 4774 1520 4844 τῆς
1553 4774 2177 4835 Κωνσταντινουπόλεως

597 4866 793 4937 Θρόνῳ,
829 4867 924 4919 καὶ
952 4869 980 4919 ό
1016 4866 1117 4936 τῆς
1167 4865 1572 4936 Ἀλεξανδρείας
1597 4863 1881 4928 Θεσπέσιος
1912 4864 2176 4935 Κύριλλος

595 4955 692 5009 δύο
717 4957 853 5028 πρὸς
883 4958 996 5018 τοῖς
1021 4955 1311 5025 τριάκοντα
1336 4955 1476 5008 κατὰ
1497 4955 1709 5013 ταύτὸν,
1736 4955 1829 5007 καὶ
1851 4955 2016 5024 ἄμφω
2041 4957 2178 5027 πρὸς

595 5045 694 5116 τὴν
725 5045 915 5115 ἀγήρω
947 5043 1264 5113 μετέϐαινον
1299 5042 1504 5111 βιοτήν.
1541 5041 1859 5112 Legendum
1890 5044 2038 5098 enim
2090 5054 2176 5101 est

595 5133 803 5188 δώδεκα
839 5150 852 5186 :
895 5131 1160 5200 alioquin,
1205 5145 1330 5184 cum
1371 5130 1549 5185 tradat
1580 5141 1636 5186 et
1666 5131 1918 5186 Proclum
1949 5133 2174 5189 ordina-

599 5233 713 5279 tum
739 5239 884 5279 anno
913 5225 1038 5287 454,
1068 5223 1156 5277 die
1203 5223 1269 5277 12
1311 5223 1532 5294 Aprilis,
1559 5233 1614 5278 et
1645 5240 1712 5278 eo
1732 5226 1949 5280 vivente
1981 5227 2174 5297 ingen-

598 5324 709 5370 tem
768 5315 920 5369 illum
979 5321 1140 5367 terra:
1188 5321 1398 5368 motum
1457 5314 1771 5385 contigisse,
1821 5315 1876 5370 in
1928 5327 2176 5387 apertam

596 5405 1087 5461 contradiCLionem
1136 5405 1406 5461 incideret
1433 5423 1446 5459 :
1481 5421 1605 5460 nam
1633 5416 1728 5461 aut
1759 5416 1968 5462 motum
2001 5409 2174 5464 refcr-

597 5506 682 5552 ret
711 5497 779 5550 ad
811 5512 1016 5550 annum
1042 5499 1168 5563 445,
1217 5514 1329 5568 quo
1361 5498 1500 5553 nihil
1553 5499 1660 5554 dici
1706 5508 1886 5570 potest
1932 5501 2173 5556 alienum

598 5589 771 5658 magis
807 5604 838 5642 a
893 5603 1063 5655 vero;
1115 5598 1210 5644 aut
1254 5591 1508 5646 Proclum
1555 5606 1664 5646 non
1702 5591 1942 5647 adfuisse
1973 5607 2174 5650 conce-

598 5679 773 5742 deret,
804 5681 948 5750 quod
969 5692 1156 5753 aperte
1188 5682 1402 5738 falsum.

668 5769 758 5825 ιχ.
792 5772 912 5828 Jam
941 5790 1070 5830 vero
1104 5774 1171 5830 de
1216 5783 1484 5846 tempore,
1521 5791 1630 5845 quo
1667 5775 1957 5832 Flavianus
1999 5785 2175 5833 morte

2276 4589 2402 4652 458,
2435 4603 2546 4658 quo
2574 4587 2663 4642 die
2705 4586 2763 4640 fit
2788 4587 2962 4641 sancti
2988 4586 3232 4640 Flaviani
3273 4585 3535 4640 memoria
3571 4585 3626 4639 in
3669 4585 3858 4640 Meno-

2277 4679 2423 4748 logio
2447 4678 2760 4733 Grzecorum
2783 4686 2840 4732 et
2869 4677 3253 4748 Martyrologio
3283 4677 3552 4731 Romano.
3586 4676 3724 4730 Nam
3759 4691 3862 4730 cur

2277 4771 2544 4826 Baronius
2587 4771 2877 4825 relatarum
2919 4767 3448 4838 Constantinopolim
3497 4769 3858 4838 reliquiarum

2276 4864 2598 4918 memoriam
2638 4878 2706 4917 eo
2753 4862 2843 4916 die
2876 4859 3144 4916 celebrari
3186 4861 3504 4925 asseruerit,
3557 4861 3697 4914 nihil
3750 4860 3861 4915 tale

2277 4955 2677 5027 Martyrologiis
2720 4953 3106 5016 referentibus,
3142 4952 3272 5007 fecit
3309 4961 3639 5022 praesumpta
3667 4953 3863 5022 opinio

2277 5047 2344 5102 de
2385 5054 2560 5101 morte
2593 5045 2838 5100 Flaviani
2889 5053 3011 5115 post
3057 5044 3300 5099 triduum
3347 5060 3378 5098 a
3427 5044 3774 5114 depositione
3802 5046 3862 5100 in

2277 5137 2395 5208 ipsa
2429 5136 2566 5190 urbe
2600 5135 2894 5206 Ephesina.

2346 5226 2461 5282 XII.
2505 5226 2674 5281 Porro
2721 5229 2904 5279 autem
2949 5225 3097 5295 quod
3144 5224 3426 5294 probabile
3468 5225 3715 5289 dixi,his
3742 5225 3860 5281 fere

2277 5317 2615 5388 argumentis
2667 5316 2844 5371 fulciri
2892 5323 3070 5388 potest
3099 5333 3112 5368 :
3143 5315 3409 5379 Primum,
3447 5315 3743 5370 defunctus
3774 5326 3863 5372 est

2278 5410 2570 5466 Flavianus
2621 5408 2873 5480 Hypaepis
2921 5409 2976 5462 in
3025 5408 3248 5463 civitate
3288 5407 3469 5478 Lydim
3497 5424 3587 5460 seu.
3613 5424 3860 5478 superve-

2278 5503 2471 5564 niente,
2533 5515 2624 5553 seu
2676 5501 2880 5570 ingesta
2933 5509 3118 5553 morte.
3171 5499 3230 5553 ld
3286 5513 3417 5553 vero
3465 5498 3716 5554 accidere
3747 5517 3860 5555 non

2277 5593 2478 5664 potuit,
2527 5593 2572 5647 si
2615 5608 2723 5656 res,
2765 5608 2876 5662 quo
2901 5606 3054 5647 more
3080 5590 3238 5655 ﬁunt,
3271 5590 3633 5655 aestimentur,
3652 5591 3770 5646 nisi
3804 5601 3862 5646 et

2279 5684 2462 5740 itineri
2517 5693 2574 5738 et
2625 5699 2790 5738 morae
2839 5699 2949 5737 non
2992 5683 3249 5753 exiguum
3305 5691 3520 5752 tempus
3555 5681 3855 5736 tribuatur.

2277 5777 2487 5833 Deinde
2517 5776 2563 5832 si
2590 5791 2738 5832 mors
2764 5775 3004 5832 Flaviani
3033 5775 3350 5848 contigisset
3377 5783 3504 5830 ante
3536 5772 3858 5841 Octobrem,
