4070 6446
276 359 387 424 261

1468 372 1565 432 DE
1599 374 1856 435 LIBRIS
1891 377 2402 445 THEODORETI.

3464 402 3570 464 262'

277 474 501 579 absqt‘le
529 471 1115 579 dubio-rescitum'de
1171 478 1286 579 ipsa
1339 480 1548 552 aliquid
1585 483 1782 541 fuisset
1830 486 1885 542 in
1915 496 1960 549 Α
1988 494 2274 549 veteribus
2323 497 2664 566 auctoribus,
2721 513 2853 572 puta
2900 504 3176 570 Liberato,
3233 507 3486 579 Evagrio,
3512 521 3570 567 et

277 565 590 620 Occidente
641 566 744 620 sub
794 566 959 622 ﬁnem
986 569 1332 636 Novembris,
1365 588 1476 642 quo
1503 583 1746 645 tempore
1769 579 1874 634 Va—

275 658 630 712 lentinianus
673 673 798 712 cum
849 659 1112 730 Augustis
1159 660 1373 718 duabus
1401 664 1469 718 ad
1503 665 1875 722 Theodosium

274 749 501 804 litteras
554 750 754 804 dedit:
805 759 862 805 at
912 753 1179 807 rescitum
1231 771 1344 810 non
1391 767 1530 812 crat.
1581 759 1797 826 Postea,
1829 761 1877 816 si

269 849 407 894 ante
435 840 765 896 Ianuarium
799 853 896 897 aut
943 843 1106 897 ﬁnem
1159 844 1478 901 Decembris
1518 848 1809 905 Flavianus
1844 866 1876 905 e

267 935 390 988 vita
412 933 769 1000 decessisset,
801 935 1148 991 Theodosius
1176 937 1365 1008 utique
1389 940 1773 997 Valentiniano
1818 955 1875 999 et

264 1023 541 1093 Augustis
585 1024 932 1093 respondens
986 1040 1098 1079 non
1149 1028 1460 1082 tacuisset:
1512 1031 1682 1085 tacuit
1719 1047 1870 1087 vero.

267 1117 550 1187 Denique,
607 1117 653 1171 si
703 1125 832 1172 ante
876 1117 1238 1172 Februarium
1270 1135 1420 1174 mors
1454 1121 1696 1178 Flaviani
1726 1124 1874 1179 acci-

267 1207 467 1271 disset,
506 1208 672 1277 312
703 1208 838 1277 quid
865 1216 1014 1263 esset
1038 1224 1239 1275 causa,
1271 1226 1372 1265 cur
1401 1221 1624 1267 sanctus
1657 1214 1768 1268 Leo
1801 1231 1871 1270 ne

267 1298 506 1352 verbum
548 1297 774 1367 quidem
814 1313 879 1353 ea
900 1299 970 1354 de
1001 1316 1059 1354 re
1088 1301 1302 1367 fecerit,
1334 1310 1430 1357 aut
1453 1313 1602 1359 certe
1628 1305 1697 1359 de
1728 1305 1874 1362 Ana-

265 1391 405 1444 tolio
437 1406 554 1444 non
581 1391 870 1461 scripserit
906 1392 1236 1459 Theodosio,
1281 1395 1603 1463 Pulcbcrite,
1641 1399 1872 1470 aliisque

265 1493 398 1538 ante
453 1484 668 1539 Julium
725 1486 1015 1539 mensem?
1046 1485 1158 1540 Cur
1205 1487 1553 1545 Theodosius
1599 1506 1708 1545 non
1744 1501 1870 1548 ante

271 1577 790 1648 Quadragesimam,
827 1589 923 1632 aut
951 1579 1117 1634 etiam
1146 1587 1274 1634 ante
1299 1581 1525 1646 Pascha,
1557 1598 1668 1637 non
1693 1584 1870 1653 petie-

274 1669 352 1722 rit
401 1671 720 1724 Anatolium
761 1681 891 1725 ante
919 1672 1367 1727 communionem
1397 1674 1570 1744 recipi
1608 1691 1639 1730 a
1677 1686 1869 1733 saneto

271 1760 474 1826 Leone,
526 1778 692 1832 quem
736 1763 911 1832 probe
940 1772 1193 1830 noverat,
1228 1765 1461 1820 solemni
1492 1767 1596 1822 hac
1619 1767 1868 1824 declam-

267 1853 419 1908 tione
485 1853 1124 1926 Constantinopolitanis
1196 1860 1455 1915 omnibus
1521 1862 1860 1932 scripsisse:

271 1967 290 1996 ‹
320 1945 592 2017 Quisquis
616 1947 877 2002 incolumi
911 1965 975 2004 ac
997 1952 1292 2020 superstite
1315 1952 1573 2008 Flaviano
1605 1953 1864 2024 episcopo

259 2046 451 2092 vestro
476 2039 853 2094 sacerdotium
879 2041 1002 2111 ejus
1031 2040 1196 2096 fuerit
1219 2058 1387 2098 ausus
1411 2044 1692 2110 invadere,
1716 2061 1864 2100 nun-

257 2147 428 2200 quam
462 2133 520 2186 in
555 2133 949 2188 communione
993 2142 1182 2188 nostra
1212 2134 1529 2203 habebitur,
1577 2151 1682 2192 nec
1716 2137 1862 2194 inter

253 2225 557 2294 episc0pos
585 2226 793 2294 poterit
819 2227 1125 2282 numerari.
1159 2246 1178 2279 ι

325 2315 472 2370 XIII.
548 2315 881 2387 Opinionem
945 2318 1309 2385 conﬁrmant,
1365 2320 1606 2390 primum
1658 2320 1860 2376 “enata

255 2407 467 2473 Graeca,
509 2409 567 2463 in
595 2409 802 2479 quibus
827 2410 1122 2464 Flavianus
1148 2411 1352 2466 dicitur
1397 2432 1416 2464 ε
1445 2412 1715 2482 permissu
1762 2413 1860 2467 Dei

254 2516 285 2554 a
316 2500 591 2555 Dioscoro
619 2501 883 2558 haaretico
901 2511 960 2558 et
989 2503 1357 2558 conciliabula
1376 2505 1496 2575 ejus
1519 2505 1575 2558 in
1604 2505 1859 2560 exsilium

253 2594 491 2663 ejectus,
523 2609 651 2648 cum
678 2594 865 2650 sedem
897 2594 1167 2652 tenuisset
1188 2612 1394 2651 annum
1432 2604 1486 2650 et
1521 2613 1740 2652 menses
1766 2597 1862 2653 de-

253 2701 417 2751 cem;
461 2687 522 2740 in
569 2687 769 2741 exsilio
811 2702 980 2758 porro
1025 2689 1226 2743 multas
1263 2687 1588 2745 amictiones
1628 2706 1728 2760 pro
1755 2689 1860 2744 ﬁde

255 2777 566 2834 orthodoxa
586 2795 908 2850 perpessus,
930 2796 996 2834 ex
1019 2780 1211 2835 morbo
1238 2781 1457 2835 tandem
1485 2780 1806 2836 decessisse.
1834 2799 1852 2832 ι

265 2867 469 2922 Deinde
502 2868 878 2942 Menologium
932 2871 1150 2926 Maximi
1195 2871 1488 2942 Cytherwi,
1529 2871 1586 2926 in
1633 2888 1743 2942 quo
1771 2887 1862 2926 ea-

269 2956 396 3012 dem
450 2958 792 3015 referuntur.
846 2962 1041 3016 Postea
1095 2961 1464 3032 Menologium
1520 2959 1868 3027 Grtecorum,‘

264 3050 413 3118 quod
465 3051 537 3105 ab
593 3051 839 3106 Henrico
887 3052 1110 3107 Canisio
1145 3069 1211 3108 ex
1240 3052 1578 3107 bibliotheca
1606 3061 1661 3106 et
1690 3053 1862 3107 inter-

259 3139 575 3205 pretatione
593 3140 895 3195 cardiualis
915 3141 1099 3196 Sirleti
1113 3141 1324 3196 editum
1347 3151 1451 3206 εει,
1472 3141 1538 3195 ad
1564 3143 1630 3197 17
1653 3142 1815 3197 Febr.
1841 3160 1854 3196 :

264 3247 282 3279 ι
314 3229 372 3283 S.
421 3231 483 3284 P.
517 3232 586 3286 N.
630 3234 1035 3305 archiepiscopi
1058 3234 1565 3305 Constantinopolis
1595 3235 1861 3302 Flaviani,

255 3323 352 3393 qui
403 3323 475 3376 ab
531 3323 705 3394 impio
754 3325 1041 3389 Dioscoro,
1083 3336 1141 3380 et
1169 3325 1443 3380 haereticis
1473 3341 1600 3380 cum
1631 3342 1699 3381 eo
1727 3343 1864 3381 con-

256 3415 630 3485 spirantibus,
655 3418 867 3487 ejectus
889 3427 1054 3488 atque
1085 3419 1142 3473 in
1169 3419 1425 3474 exsilium
1451 3419 1673 3484 missus,
1695 3420 1865 3476 variis

257 3509 548 3576 pres-suris
572 3518 629 3563 et
660 3510 927 3564 rerumnis
955 3519 1203 3573 vexatus,
1243 3511 1357 3565 vita
1381 3511 1602 3566 functus
1627 3521 1730 3567 est.
1766 3531 1785 3564 ι

328 3595 476 3650 XIV.
512 3595 853 3666 Argumenta
895 3597 1007 3652 duo
1058 3599 1234 3653 videri
1281 3608 1514 3670 possunt
1563 3616 1664 3671 pro
1707 3611 1865 3672 parte

257 3689 519 3759 opposita
575 3689 780 3755 facere,
833 3707 1070 3760 quorum
1120 3692 1357 3746 alterum
1413 3708 1443 3747 a
1481 3693 1865 3766 ilartyrologio

257 3781 540 3845 Romano,
565 3781 801 3836 alterum
832 3799 862 3836 a
886 3783 1165 3839 nonnullis
1186 3785 1449 3838 Actorum
1466 3784 1866 3841 coneiliiChal-

253 3874 599 3929 cedonensis
629 3875 817 3929 verbis
842 3875 1099 3931 sumitur.

329 3967 792 4038 Martyrologium
867 3969 950 4023 sic
1027 3968 1241 4023 habet:
1317 3987 1336 4020 ι
1388 3967 1864 4041 Constantinopoli

248 4058 439 4114 sancti
475 4058 722 4112 Flaviani
756 4059 1024 4129 episcopi,
1063 4060 1157 4130 qui
1189 4076 1314 4114 cum
1344 4061 1504 4116 ﬁdem
1537 4063 1863 4118 catholicam

250 4151 467 4220 Ephesi
515 4159 915 4222 propugnaret,
963 4152 1032 4206 ab
1088 4153 1241 4222 impii
1298 4152 1548 4208 Dioscori
1603 4153 1862 4222 factione,

247 4244 464 4314 pugnis
498 4253 555 4297 et
587 4245 832 4299 calcibus
864 4260 1187 4315 percussus,
1239 4254 1364 4315 post
1409 4246 1654 4300 triduum
1693 4247 1862 4302 vitam

252 4335 461 4389 finivit.
498 4355 516 4386 ι
554 4336 759 4392 Verum
792 4336 972 4406 primo
997 4337 1363 4408 Martyrologii
1391 4338 1582 4393 eadem
1623 4348 1710 4394 est
1741 4355 1864 4408 qua:

252 4426 486 4480 Baronii
516 4426 823 4482 auctoritas
853 4445 865 4480 :
904 4427 1174 4483 Baronius
1199 4430 1348 4484 enim
1386 4430 1452 4484 ad
1479 4445 1683 4484 novum
1714 4432 1859 4485 Mar-

251 4517 598 4588 tyrologium
628 4518 862 4582 addidit,
889 4519 1037 4588 quod
1066 4519 1134 4574 de
1166 4521 1426 4575 Flaviano
1465 4527 1478 4541 ‘
1509 4529 1594 4576 est
1626 4539 1639 4575 :
1679 4538 1859 4593 neque

246 4609 406 4664 enim
456 4610 512 4664 in
567 4611 980 4681 antiquioribus
1027 4614 1251 4684 legitur,
1303 4630 1375 4668 ne
1419 4615 1475 4669 in
1507 4614 1857 4671 Galesiniano

243 4702 483 4771 quidem
520 4703 766 4758 Venetiis
794 4705 965 4758 edito.
1000 4706 1210 4761 Deinde
1243 4706 1679 4761 additamentum
1707 4707 1856 4763 istud

243 4793 473 4864 accepit
512 4793 590 4848 ita
633 4810 701 4848 ex
751 4795 975 4850 Menaeis
1011 4807 1068 4851 et
1094 4797 1399 4868 Menologio
1425 4797 1762 4864 Graecorum,
1797 4808 1860 4854 ut

241 4885 425 4940 verba
459 4887 848 4956 interpolarrt,
881 4888 1038 4957 quasi
1070 4904 1319 4942 errorem
1349 4890 1518 4944 vellet
1557 4891 1854 4962 corrigere.

243 4975 454 5030 Postea
513 4976 745 5031 credere
800 4977 994 5032 maluit
1038 4979 1352 5048 Nicephoro
1403 4978 1652 5045 Callisto,
1689 4997 1854 5050 quam

243 5066 575 5122 Marcellino
619 5070 832 5134 comiti,
878 5079 937 5124 et
965 5071 1131 5126 Felici
1159 5071 1716 5128 defcnsoriEcclesim
1742 5073 1856 5129 Ro-

242 5176 449 5223 mamn,
493 5161 691 5225 idest,
743 5163 986 5232 prmtulit
1027 5163 1312 5220 hominem
1367 5173 1493 5235 post
1545 5175 1855 5235 nongentos

239 5269 426 5308 annos
456 5253 528 5308 de
567 5254 737 5309 rebus
773 5255 1016 5310 Flaviani
1051 5257 1412 5320 scribentem,
1458 5256 1744 5312 historicis
1785 5273 1856 5313 ne

241 5359 357 5398 uno
379 5344 614 5414 quidem
645 5345 859 5416 integro
880 5345 1080 5400 steculo
1109 5345 1462 5402 distantibus.

325 5436 446 5491 Cur
489 5435 810 5505 Nicephoro
861 5437 1142 5500 crederet,
1202 5439 1602 5509 damnaretque
1649 5438 1859 5494 erroris

240 5533 476 5593 Menma,
523 5528 666 5582 nihil
714 5528 1013 5584 admodum
1059 5545 1241 5585 causa:
1264 5531 1514 5600 accipere
1537 5531 1738 5601 potuit,
1770 5531 1857 5586 vel

1979 583 2124 649 aliis,
2167 588 2315 655 quod
2363 598 2544 645 tamen
2582 593 2928 661 potissimum
2954 607 3119 667 atque
3147 598 3314 653 etiam
3342 601 3568 656 unicum

1979 675 2258 743 Opinionis
2295 693 2408 735 sua:
2450 679 2869 739 fundamentum
2903 701 3024 741 esse
3054 688 3267 755 voluit;
3307 705 3433 743 nam
3459 689 3570 745 Eu-

1977 767 2166 824 sebius
2212 771 2435 839 quidem
2488 775 2804 848 Dorylensis
2854 779 3072 834 actione
3112 780 3290 850 prima
3321 782 3568 837 occisum

1977 861 2230 928 queritur
2255 863 2576 920 Flavianum
2613 885 2625 920 :
2677 870 2892 924 actione
2946 872 3107 926 tertia
3152 872 3502 929 interfectum
3536 891 3568 929 a

1976 950 2241 1006 Dioscoro
2270 963 2458 1008 narrat
2506 955 2745 1023 Quintus
2802 961 3120 1027 Phocensis,
3177 971 3342 1032 atque
3395 964 3565 1019 etiam

1974 1041 2260 1099 Proterius
2284 1045 2612 1116 Myrinensis
2628 1067 2658 1114 ,;
2690 1051 2905 1106 actione
2929 1062 3122 1123 quarta
3146 1054 3408 1110 adversus
3429 1055 3564 1108 Bar-

1973 1150 2187 1191 sumam
2211 1178 2225 1202 ,
2262 1140 2415 1196 velut
2456 1141 2869 1199 interfectorem
2914 1147 3076 1217 313
3121 1147 3385 1211 Flaviani,
3427 1163 3562 1202 con—

1974 1228 2260 1284 clamatur.
2317 1231 2424 1287 Sed
2471 1234 2599 1290 inde
2643 1251 2805 1290 nemo
2856 1238 3150 1293 concludat
3189 1239 3358 1303 aliud,
3396 1255 3562 1308 quam

1974 1321 2114 1375 male
2150 1321 2398 1377 habitum
2435 1325 2638 1394 Ephesi
2682 1327 3022 1392 Flavianum,
3055 1329 3295 1399 indeque
3324 1329 3562 1398 ejectum

1973 1408 2031 1462 in
2056 1410 2330 1478 exsilium,
2360 1414 2454 1468 ubi
2487 1416 2748 1470 aerumnis
2773 1417 3058 1475 confectus
3077 1428 3182 1474 est.

2042 1503 2112 1558 Et
2136 1521 2270 1560 vero
2302 1505 2706 1573 Theodoretus,
2743 1525 2869 1563 cum
2896 1509 2952 1564 in
2986 1511 3254 1565 concione
3283 1511 3495 1566 diceret
3517 1513 3564 1544 “

1971 1609 2000 1648 a
2055 1596 2222 1652 sociis
2281 1599 2598 1667 pastoribus
2641 1601 2886 1655 occisum
2937 1601 3168 1656 calamis
3224 1601 3560 1666 Nestorium,

1970 1683 2121 1739 aliud
2157 1686 2294 1741 nihil
2317 1688 2679 1759 signiﬁcabat,
2707 1691 2927 1761 opinor,
2953 1707 3116 1761 quam
3153 1691 3465 1762 depositum
3506 1700 3563 1748 et

1971 1775 2246 1848 dejectum
2304 1780 2497 1848 fuisse,
2545 1792 2607 1837 ut
2660 1793 2848 1854 posset
2894 1799 3131 1839 maerore
3164 1784 3380 1838 conﬁci.
3412 1783 3562 1840 ldem

1973 1870 2091 1940 ipse
2123 1871 2528 1938 Theodoretus,
2573 1891 2700 1931 cum
2738 1875 2807 1930 de
2837 1891 2937 1930 sua
2975 1875 3322 1945 depositione
3345 1875 3560 1931 scribe-

1972 1970 2079 2026 ret,
2119 1962 2324 2018 caedem
2368 1965 2694 2021 nominavit.
2732 1965 3008 2020 Eusebius
3032 1966 3226 2020 funera
3250 1966 3409 2032 dixit,
3440 1983 3563 2036 quae

1971 2066 2165 2121 passus
2189 2061 2293 2107 est.
2325 2053 2532 2110 Neuter
2561 2062 2743 2110 tamen
2770 2055 3052 2120 occubuit,
3078 2055 3175 2110 sed
3206 2055 3324 2111 dira
3347 2064 3562 2111 tantum

1969 2160 2166 2215 passus
2197 2153 2302 2200 est.

1970 2279 2217 2352 Epistola
2242 2282 2308 2336 1‘2
2331 2283 2709 2351 consolatoria,
2737 2285 2807 2339 ad
2823 2285 3089 2340 frenatum
3106 2288 3403 2357 cpiswpum
3417 2286 3557 2359 Tyri.

2043 2391 2264 2447 Solatur
2323 2393 2378 2448 in
2432 2394 2629 2450 funere
2672 2396 2859 2466 generi
2891 2397 3158 2451 Irenaeum
3190 2395 3318 2467 Tyri
3349 2394 3564 2466 cpisco-

1968 2496 2124 2552 pum,
2155 2483 2224 2538 de
2254 2499 2364 2554 quo
2401 2493 2563 2540 antea
2593 2485 2802 2540 dictum
2825 2495 2928 2541 est.
2964 2487 3039 2540 De
3073 2494 3318 2554 tempore
3345 2493 3562 2540 constat

1968 2587 2034 2627 ex
2083 2573 2191 2630 ﬁne
2243 2577 2510 2646 epistolae,
2571 2577 2843 2648 siquidem
2900 2578 3104 2650 scripta
3141 2578 3347 2633 dicitur
3374 2581 3562 2634 statim

1968 2674 2134 2736 atque
2161 2667 2333 2722 altera
2359 2669 2511 2739 prior
2541 2678 2762 2724 exarata
2783 2678 2898 2725 est:
2928 2689 2944 2720 ι
2972 2670 3087 2724 Ηοε
3111 2685 3212 2741 ego
3242 2672 3562 2742 perscriptis

1963 2759 2075 2830 jam
2124 2761 2406 2830 prioribus
2456 2763 2682 2816 monitis
2725 2763 2951 2828 dictavi,
3007 2779 3130 2818 cum
3166 2764 3287 2835 ejus
3321 2771 3560 2818 mortem

1968 2849 2106 2904 mihi
2131 2851 2344 2907 amicus
2364 2853 2588 2922 quidam
2617 2853 2686 2907 ab
2717 2854 3008 2910 Antiochia
3043 2855 3370 2910 nuntiasset.
3404 2873 3422 2906 ›
3456 2854 3564 2910 Eo-

1969 2942 2094 2998 dem
2122 2943 2290 3016 igitur
2310 2953 2554 3016 tempore
2582 2952 2814 3016 utraque
2839 2946 3006 3000 missa
3034 2953 3138 3012 est,
3174 2945 3388 3002 scilicet
3415 2961 3562 3001 anno

1967 3036 2091 3092 447.

2212 3168 2455 3242 Epistola
2490 3169 2558 3226 1'5
2586 3169 2956 3236 eucltaristica,
2994 3169 3065 3223 ad
3098 3168 3317 3241 Cyrum.

2036 3296 2158 3352 Non
2191 3297 2426 3353 obscura
2453 3306 2537 3352 est
2561 3297 2826 3367 temporis
2854 3305 3003 3362 nota,
3037 3297 3312 3368 siquidem
3355 3298 3562 3354 donum

1965 3389 2112 3461 Cyri,
2148 3389 2296 3460 quod
2343 3389 2604 3444 Lesbium
2664 3390 2874 3454 vinum,
2933 3390 3316 3447 Theodoretus
3370 3391 3567 3448 scribit

1966 3498 2026 3538 se
2054 3482 2355 3553 accepisse,
2390 3497 2514 3536 cum
2546 3482 2734 3536 multa:
2772 3489 2828 3537 et
2851 3497 3045 3552 graves
3068 3493 3258 3538 essent
3279 3484 3406 3538 vitm
3436 3500 3566 3554 pro-

1966 3575 2139 3639 cellaa,
2171 3584 2398 3645 propter
2429 3590 2565 3644 quas
2582 3575 2741 3646 longa
2762 3575 2888 3630 vitae
2909 3584 3155 3645 tempora
3178 3592 3287 3631 non
3311 3586 3560 3646 optaret:

1965 3667 2238 3736 procellas
2289 3665 2438 3720 enim
2491 3665 2832 3734 interpretor
2880 3664 3221 3728 vexationes,
3269 3681 3392 3734 qua:
3435 3673 3560 3734 post

1966 3773 2171 3812 annum
2199 3757 2303 3812 445
2329 3756 2700 3827 contigerunt,
2729 3771 2841 3825 quo
2865 3764 3113 3826 tempore
3164 3771 3263 3825 par
3290 3763 3398 3811 est
3443 3754 3562 3810 cxi-

1966 3849 2193 3904 stimare
2223 3848 2406 3903 datam
2429 3862 2550 3903 esse
2571 3848 2883 3918 epistolam.

2035 3943 2228 4015 Cyrus,
2282 3943 2350 3997 ad
2395 3959 2558 4013 quem
2586 3941 2711 3998 data
2745 3949 2850 4006 est,
2873 3941 3050 3996 videri
3077 3951 3260 4010 posset
3282 3941 3564 4010 Marcopo—

1964 4036 2174 4092 litanus
2217 4034 2307 4089 ille
2367 4035 2684 4104 episcopus,
2727 4032 2818 4102 qui
2873 4033 2927 4087 in
2979 4031 3346 4085 conciliabulo
3381 4030 3561 4100 Ephe-

1965 4127 2090 4181 sino
2132 4140 2258 4180 cum
2316 4124 2439 4179 aliis
2485 4122 2861 4178 Orientalibus
2907 4119 3471 4190 deposuit-Cyrillum
3503 4128 3561 4174 ct

1964 4214 2334 4276 Memnonem,
2369 4211 2654 4282 depositus
2700 4218 2757 4265 ct
2806 4209 2925 4280 ipse
2972 4209 3215 4264 vicissim
3268 4218 3457 4278 postea
3503 4207 3560 4263 in

1963 4307 2256 4363 latrocinio
2278 4305 2528 4361 Dioscori
2563 4322 2582 4370 ;
2614 4305 2882 4375 cujusque
2909 4303 3115 4357 mentio
3167 4300 3226 4356 ﬁt
3260 4316 3291 4355 a
3334 4301 3557 4356 Victore

1965 4383 2289 4464 T'unonensi
2337 4397 2406 4452 ad
2440 4396 2789 4452 consulatum
2843 4393 3030 4458 Gibbi,
3086 4401 3143 4448 et
3186 4408 3217 4446 a
3267 4391 3557 4446 monachis

1964 4489 2268 4546 Palazstinae
2291 4489 2346 4543 in
2391 4487 2594 4543 litteris
2627 4487 2693 4541 ad
2731 4486 3082 4557 Alcysonem.
3128 4483 3291 4546 Vide,
3328 4498 3450 4553 qua:
3489 4483 3558 4538 de

1890 4569 1936 4627 Ι)
1964 4579 2083 4651 ipso
2121 4579 2300 4650 posita
2325 4579 2530 4635 suntin
2568 4578 2692 4632 Vita
2725 4574 3082 4637 Theodoreti,
3108 4589 3228 4642 cap.
3258 4573 3342 4627 15.

2033 4672 2238 4727 Verum
2281 4671 2581 4742 quominus
2633 4670 2688 4724 in
2735 4669 2878 4722 hanc
2925 4665 3258 4721 sententiam
3315 4662 3555 4725 veniam,

1963 4763 2170 4819 retinet
2221 4762 2531 4834 inscriptio,
2583 4777 2705 4831 quae
2756 4760 2895 4815 nihil
2949 4757 3116 4813 habet
3169 4765 3373 4828 prmter
3430 4755 3558 4828 Cyri

1963 4870 2169 4910 nomen
2207 4871 2221 4908 :
2276 4870 2405 4908 nam
2451 4852 2838 4909 Theodoretus
2871 4851 2939 4906 ad
2963 4850 3254 4921 episcopos
3287 4849 3556 4914 scribens,

1963 4944 2249 5015 dignitatis
2280 4945 2597 5000 meminisse
2629 4944 2787 4999 solet.
2823 4943 3035 5014 Opinor
3069 4941 3237 5014 igitur
3261 4941 3443 4995 datam
3488 4940 3558 4995 ad

1961 5037 2164 5110 Cyrum
2188 5037 2625 5108 Magistrianum,
2648 5037 2715 5092 ad
2754 5052 2919 5108 quem
2965 5047 3050 5092 est
3085 5034 3320 5105 epistola
3361 5048 3561 5088 conso-

1963 5129 2163 5184 latoria
2214 5129 2271 5183 in
2317 5128 2514 5184 funere
2558 5129 2752 5184 uxoris
2795 5136 2852 5182 et
2894 5125 3014 5192 ﬁlii,
3049 5141 3171 5196 quze
3202 5139 3430 5180 numero
3458 5123 3558 5178 156

1963 5229 2244 5277 censetur.

1959 5353 2207 5425 Epistola
2258 5354 2326 5409 14
2363 5350 2855 5432 _con_solato_ria,lqd
2885 5348 3256 5432 Menandrum
3290 5347 3556 5403 illustrem

2351 5425 2608 5495 feminam
2641 5425 2698 5477 in
2731 5422 2874 5475 obitu
2901 5422 3160 5490 conjugis.

2029 5536 2071 5592 Ι.
2099 5535 2473 5609 Corrigendus
2487 5550 2652 5606 porro
2668 5540 2754 5589 est
2769 5532 2986 5597 titulus,
3008 5539 3064 5587 et
3081 5545 3179 5601 pro
3205 5528 3556 5600 ’Δλεξανδρῖᾳ

238 5638 310 5678 ex
355 5619 552 5675 verbis
597 5619 868 5675 Actorum
899 5621 1118 5678 concilii
1153 5620 1641 5688 Chalcedonensis,
1672 5621 1856 5685 velex
1955 5621 2252 5693 legendum
2301 5621 2666 5693 Ἀλεξάνδρᾳε
2715 5619 3180 5692 quemadmodum
3207 5618 3262 5674 in
3291 5625 3554 5676 contextu

1624 5776 1947 5834 SCHULZII
1988 5777 2222 5836 NOTAE.

311 5845 358 5880 "
387 5844 517 5904 Vid.
573 5859 768 5916 supra,
801 5859 856 5914 p.
888 5843 1010 5901 106.
