4070 6460
519 390 627 456 263

1648 391 2025 453 GARNERII
2068 386 2567 450 DISSERTATIO
2610 389 2690 447 ΙῘ.

3680 385 3794 454 264

524 499 849 571 προσοίκους
894 513 1007 554 non
1055 497 1268 553 vicinos
1315 495 1384 564 ⁸⁸,
1432 496 1531 552 sed
1572 497 1820 553 btet-edes
1868 494 2101 566 intelligi
2132 499 2177 555 Α
2206 493 2474 549 habemus
2523 494 2788 564 temporis
2842 494 3236 563 characterem,
3272 497 3648 554 evocationem
3678 503 3792 557 sei-

525 594 751 659 debere,
791 593 965 648 series
1004 591 1186 646 docet.
1606 658 1619 673 ο

596 686 662 739 ll.
691 687 823 740 Data
854 692 937 739 est
976 700 1085 754 quo
1110 692 1352 753 tempore
1375 682 1561 754 jussus
1582 690 1702 737 erat
1723 681 2104 736 Theodoretus

523 791 583 831 se
635 776 760 846 Cyri
813 773 1097 829 continere
1127 792 1140 827 :
1199 793 1219 825 ι
1253 773 1375 828 Haec
1396 789 1499 843 ego
1536 788 1687 827 nunc
1733 772 1978 827 scribere
2007 787 2104 826 co-

528 873 690 918 actus
718 878 861 927 sum,
893 862 1043 931 quia,
1072 868 1133 915 ut
1170 860 1239 915 ad
1264 876 1362 916 vos
1390 860 1699 927 decurram,
1725 859 1944 914 vincula
1992 873 2105 914 non

521 956 731 1011 sinunt.
768 973 786 1005 ι

593 1046 867 1118 314111.
899 1044 1030 1111 Quae
1047 1044 1235 1109 fuerit,
1252 1051 1308 1099 ct
1326 1045 1482 1116 cujus
1504 1044 1684 1099 mariti
1708 1059 1847 1099 uxor
1876 1043 2105 1097 illustris

522 1138 712 1192 istbarc
741 1135 1068 1199 Alexandra,
1105 1134 1377 1205 conjicere
1406 1135 1749 1204 aliquatenus
1776 1135 1944 1201 licet;
1977 1149 2104 1189 nam

522 1230 704 1299 primo
752 1226 965 1282 consuli
1013 1226 1221 1296 nupsit,
1256 1225 1528 1295 siquidem
1553 1226 1809 1281 maritum
1844 1226 2105 1281 Theodo-

522 1329 677 1374 retus
694 1320 842 1373 dicat
861 1320 928 1374 ad
960 1320 1170 1389 apicem
1197 1318 1526 1389 dignitatum
1558 1318 1965 1383 conscendisse,
1993 1334 2105 1389 quo

520 1412 745 1465 nomine
791 1412 971 1465 solent
1019 1426 1229 1474 omnes,
1272 1419 1327 1465 et
1358 1410 1473 1479 ipse
1503 1411 1827 1465 nominatim
1855 1412 2106 1467 scribens

522 1502 727 1557 Zenoni
781 1518 845 1557 ac
893 1503 1095 1567 Tauro,
1152 1504 1497 1557 consulatum
1549 1503 1844 1572 appellare.
1897 1504 2104 1559 Deinde

519 1596 826 1650 Antiochia:
852 1595 1174 1650 versabatur
1198 1613 1208 1646 :
1240 1595 1517 1663 quomodo
1534 1595 1681 1649 enim
1703 1596 1887 1651 statim
1909 1611 2105 1651 accur-

522 1686 686 1740 risset
733 1686 921 1740 audito
972 1686 1164 1741 mortis
1191 1686 1387 1741 nuntio
1418 1686 1816 1752 Theodoretus,
1847 1687 1955 1741 nisi
1982 1688 2105 1742 vin-

523 1778 644 1832 cula
677 1778 1075 1832 retinuissent?
1118 1778 1298 1845 Quare
1329 1779 1623 1849 episcopus
1655 1779 1767 1845 ille,
1816 1794 1980 1851 quem
2027 1780 2102 1836 ita

522 1870 807 1937 magniﬁce
853 1869 1061 1934 laudat,
1107 1870 1292 1940 aitque
1342 1887 1511 1926 unum
1553 1872 1687 1927 satis
1718 1888 1840 1928 esse
1870 1872 1938 1927 ad
1969 1888 2104 1929 con-

520 1961 842 2016 solationem
875 1961 1087 2017 afﬂicta:
1119 1964 1511 2023 adhibendam.
1565 1965 1811 2020 Domnus
1843 1965 1948 2022 fuit
1990 1966 2105 2020 An-

521 2053 791 2108 tiochense
813 2054 971 2109 urbis
1007 2061 1136 2108 tunc
1158 2055 1467 2125 episcopus.
1489 2070 1493 2074 ·

2205 584 2335 640 licet
2365 586 2433 640 ad
2465 585 2752 657 synodum,
2780 585 2848 641 de
2881 603 2988 658 qua
3019 603 3163 642 mox.

2275 675 2364 732 Ν.
2423 676 2499 731 De
2529 677 2834 731 calamitate
2860 678 3138 745 Ecclesiae,
3165 694 3328 750 quam
3359 679 3542 745 deflet,
3575 683 3791 737 calum-

2205 766 2626 837 niatoribusque
2669 770 2806 833 suis,
2847 770 2916 824 de
2962 771 3164 840 quibus
3210 774 3482 841 queritur,
3519 774 3679 829 facile
3703 782 3793 830 est

2200 855 2471 927 judicare.
2522 857 2656 911 Nam
2688 874 2798 928 quo
2822 868 3069 929 tempore
3091 861 3389 927 scribebat,
3425 863 3542 917 visa
3569 874 3655 919 est
3685 864 3791 934 ipsi

2205 947 2464 1004 Ecclesiae
2518 951 2757 1019 procella
2816 952 2871 1006 in
2925 951 3043 1006 dies
3083 953 3328 1025 singulos
3381 955 3668 1027 fastigiari,
3728 964 3793 1010 ut

2205 1038 2469 1109 loquitur,
2508 1041 2565 1097 id
2591 1051 2695 1108 est,
2731 1042 2797 1097 ad
2822 1059 3095 1099 summum
3126 1047 3462 1114 ascendere;
3503 1042 3621 1103 visa
3647 1064 3788 1119 quo-

2206 1147 2315 1201 que
2359 1132 2699 1201 desperanda
2738 1135 3111 1204 tranquillitas
3157 1138 3420 1207 publica;
3463 1155 3568 1195 nec
3612 1155 3642 1194 a
3678 1140 3795 1195 sin-

2206 1223 2348 1302 gulis
2400 1223 2567 1277 animi
2620 1239 2724 1294 pax
2772 1225 2993 1281 aliunde
3035 1243 3199 1297 quam
3233 1244 3262 1283 a
3305 1230 3568 1298 patientia
3591 1246 3792 1302 exspe-

2206 1298 2435 1380 ctanda;
2470 1330 2665 1384 nempe
2694 1322 2824 1369 tunc
2851 1318 3295 1372 accusationibus
3311 1318 3405 1390 3]
3424 1319 3471 1389 5
3490 1298 3797 1390 urgebatur

2205 1406 2713 1476 pressius;iratum
2736 1407 2841 1462 sibi
2861 1408 3164 1480 principem
3215 1410 3641 1480 experiebatur;
3693 1413 3797 1467 do-

2206 1498 2438 1552 mestico
2470 1499 2761 1553 tenebatur
2790 1514 3050 1567 carcere;
3094 1502 3317 1571 patebat
3343 1501 3795 1557 adversariorum

2207 1590 2450 1645 audaciae
2493 1598 2550 1645 et
2605 1590 2867 1656 invidiae;
2902 1593 3094 1647 timido
3141 1594 3447 1648 aulicorum
3480 1594 3798 1664 patrocinio

2206 1698 2315 1738 non
2342 1692 2453 1737 tam
2483 1683 2882 1741 defendebatur
2902 1702 3066 1756 quam
3087 1687 3392 1742 laborabat.

2280 1794 2343 1850 V.
2382 1794 2668 1850 Diﬂieilius
2703 1796 3048 1868 intelligitur,
3077 1815 3198 1868 quae
3228 1798 3391 1854 fuerit
3421 1799 3685 1871 synodus,
3721 1800 3795 1854 ad

2209 1900 2372 1954 quam
2418 1886 2729 1941 habendam
2778 1890 3119 1943 evocatorias
3162 1889 3228 1943 ad
3270 1892 3648 1960 metropolitas
3693 1909 3795 1947 ve-

2206 1974 2354 2030 nisse
2398 1976 2613 2031 litteras
2659 1978 2846 2032 refert.
2890 1978 2970 2033 An
3008 1978 3351 2035 Antiochena
3387 1981 3588 2051 aliqua,
3624 1997 3793 2052 quam

2205 2068 2471 2134 Domnus,
2498 2071 2813 2125 convocatis
2837 2087 2901 2124 ex
2931 2079 3041 2125 tota
3069 2071 3311 2126 Orientis
3339 2073 3562 2128 dimeesi
3586 2083 3797 2128 metro—

591 2144 679 2199 lV.
714 2146 960 2215 Denique
994 2145 1214 2200 videtur
1235 2146 1403 2201 fuisse
1427 2147 1626 2218 conjux
1647 2144 1888 2216 pratfecti
1912 2143 2099 2201 Orien-

2206 2160 2423 2231 politis,
2474 2160 2768 2215 habiturus
2816 2163 3000 2216 esset?
3046 2163 3127 2216 An
3172 2162 3445 2232 Ephesina
3493 2165 3789 2234 posterior,

523 2235 594 2290 tis
623 2254 636 2288 :
666 2251 788 2289 nam
819 2245 874 2291 et
903 2237 994 2291 ille
1023 2253 1053 2290 a
1087 2237 1437 2292 Theodoreto
1468 2238 1629 2292 unice
1653 2238 1888 2293 dilectus
1918 2237 2105 2292 innui-

521 2337 633 2391 tur,
657 2336 712 2382 et
738 2327 975 2398 praefecti
999 2327 1242 2383 Orientis
1265 2328 1514 2384 solebant
1531 2345 1598 2383 ex
1620 2330 1939 2384 consulibus
1960 2329 2103 2394 fieri,

520 2427 576 2474 et
603 2419 843 2489 pnefeeti
872 2420 1176 2475 Antiocbire
1208 2420 1541 2484 residebant,
1580 2421 1669 2475 ubi
1708 2421 1967 2491 frequens
1990 2429 2107 2477 erat

520 2508 924 2574 Theodoretus,
967 2510 1162 2580 suique
1199 2509 1562 2564 admiratione
1608 2517 1924 2581 magnatum
1982 2509 2106 2564 ani-

518 2616 638 2656 mos
654 2601 756 2656 sibi
775 2601 1120 2655 conciliabat.

874 2714 891 2734 ‘
924 2711 1167 2785 Epistola
1216 2712 1301 2778 15,
1348 2713 1418 2767 ad
1453 2711 1749 2768 Silvanum.

589 2829 631 2885 Ι.
666 2828 888 2883 Nullum
920 2828 1087 2884 habet
1113 2829 1489 2884 characterem
1514 2830 1797 2899 temporis,
1826 2829 1933 2886 nisi
1964 2829 2105 2885 forte

520 2918 739 2974 dicatur
777 2926 902 2974 ante
934 2919 1242 2974 vexationis
1282 2928 1496 2989 tempus
1524 2919 1767 2989 scripta;
1795 2921 1921 2975 silet
1948 2921 2106 2975 enim

520 3010 589 3066 de
628 3011 766 3081 ipsa,
802 3024 927 3063 cum
960 3019 1140 3064 tamen
1175 3010 1405 3079 querula
1442 3025 1530 3064 res
1553 3009 1624 3063 sit
1654 3009 1891 3064 hominis
1917 3010 2103 3082 cujus-

519 3120 758 3174 cunque,
783 3112 839 3159 et
865 3104 1167 3174 praesertim
1198 3102 1552 3167 Theodoreti,
1579 3103 1816 3157 miseria.

2206 2270 2370 2323 quam
2402 2253 2747 2308 Theodosius
2777 2254 3073 2326 imperator
3104 2255 3349 2324 undique
3379 2255 3653 2326 coegerit?
3682 2255 3794 2309 Ad-

2202 2347 2391 2416 juneta
2417 2344 2599 2399 omnia
2630 2345 2916 2415 Ephesium
2942 2355 3274 2416 congruunt,
3309 2362 3471 2415 quam
3505 2346 3795 2416 postjudi»

2207 2438 2352 2493 cium
2398 2437 2640 2492 Flaviani
2683 2437 2750 2492 de
2796 2438 3061 2509 Eutyche,
3090 2454 3276 2493 mense
3296 2438 3614 2500 Novembri,
3642 2452 3793 2491 anno

2206 2528 2330 2592 448,
2362 2528 2687 2594 exercitum,
2716 2538 2936 2598 petente
2965 2527 3209 2600 Eutyche
3236 2537 3291 2584 et
3318 2535 3594 2600 satagente
3617 2527 3795 2600 Chry-

2207 2620 2419 2691 sapbio,
2452 2619 2794 2675 Theodosius
2827 2619 3041 2674 indixit.

2277 2732 2364 2787 Vl.
2396 2731 2677 2787 Concludo
2705 2732 2871 2803 igitur
2900 2733 3121 2788 missam
3152 2732 3317 2788 fuisse
3341 2732 3630 2803 epistolam
3664 2742 3796 2803 post

2208 2821 2604 2893 depositionem
2652 2824 2879 2889 Iremei,
2930 2825 3040 2879 imo
3088 2834 3213 2895 post
3256 2842 3499 2881 mensem
3544 2824 3797 2896 Aprilem

2206 2915 2333 2969 anni
2361 2916 2461 2969 449
2486 2917 2552 2969 ⁸⁸.
2579 2915 2711 2969 Nam
2732 2916 2917 2973 irenzei
2942 2917 3216 2988 depositio
3241 2919 3469 2989 contigit
3497 2935 3644 2974 anno
3660 2918 3790 2984 448,

2207 3006 2430 3062 ineunte
2454 3022 2582 3062 vere
2614 3008 2690 3075 ’7;
2720 3011 3026 3065 evocatoria
3057 3012 3407 3082 imperatoris
3436 3012 3793 3082 consignatur

2207 3100 2240 3153 ὅ
2270 3100 2538 3155 Kalendas
2569 3101 2794 3171 Aprilis,
2833 3119 2976 3158 anno
3004 3104 3129 3159 449.

588 3196 654 3250 Π·
705 3195 913 3291 φρίτξοτ
950 3194 1255 3257 Silvanum,
1301 3194 1389 3291 _°“i
1418 3193 1681 3291 εξθῗίδίιυτ
1702 3195 1933 3291 epis?!“
1969 3210 2102 3251 con‘
2131 3178 2176 3238 Ο
2278 3217 2389 3271 Vll.
2423 3217 2503 3271 Ex
2526 3216 2633 3281 bis,
2656 3234 2779 3286 quae
2805 3218 3127 3275 scribuntur
3167 3219 3236 3276 de
3268 3220 3488 3291 Virgine
3529 3219 3791 3290 θεοτνίκῳ,

519 3286 778 3344 solator-ia
829 3286 883 3339 in
934 3294 1109 3340 morte
1160 3286 1368 3349 uxoris,
1424 3285 1592 3341 fuisse
1637 3286 1949 3356 praesidem,
2005 3297 2102 3342 aut

518 3379 848 3448 primarium
917 3379 1156 3447 aliquem
1215 3378 1397 3432 virum
1461 3378 1700 3449 regionis
1756 3379 2098 3451 Cyreslicze;

522 3473 668 3527 unde
716 3472 820 3527 sub
867 3470 1027 3525 finem
1076 3469 1266 3524 subdit
1320 3470 1735 3527 Theodoretus:
1785 3491 1803 3522 ι
1834 3471 2103 3526 Admittat

520 3579 652 3633 ergo
696 3563 1102 3633 magnificentia
1142 3570 1235 3615 tua
1269 3571 1550 3631 paternam
1573 3564 2038 3629 exhortationem,
2071 3582 2092 3615 ›

518 3655 763 3725 episcopi
796 3655 1006 3710 scilicet
1024 3654 1124 3709 tui.

681 3766 923 3837 Epistola
952 3767 1036 3831 l6,
1058 3768 1127 3821 ad
1153 3767 1414 3823 Irenaeum
1447 3769 1567 3840 Tyri
1599 3771 1918 3841 episcopum.

589 3880 631 3934 l.
680 3879 831 3934 Adeo
877 3879 1184 3951 implicatus
1207 3889 1292 3936 est
1324 3896 1517 3935 sensus
1544 3890 1707 3950 atque
1730 3880 1986 3950 perplexa
2008 3879 2097 3932 hi-

520 3971 690 4026 storia
737 3971 999 4041 epistolae,
1037 3980 1098 4025 ut
1126 3970 1267 4025 facili
1309 3971 1528 4042 negotio
1553 3968 1796 4039 expediri
1828 3984 1937 4023 non
1966 3985 2096 4039 pos-

519 4060 591 4115 sit
621 4077 633 4112 :
664 4060 834 4115 multa
865 4060 1033 4125 enim,
1059 4068 1120 4113 ut
1162 4059 1306 4114 inter
1336 4060 1544 4113 amicos
1582 4074 1769 4112 rerum
1820 4058 2092 4123 conscios,

519 4147 898 4206 Theodoretus
926 4150 1129 4205 irenzeo
1156 4150 1401 4205 breviter
1446 4150 1683 4219 scripsit,
1740 4164 1862 4220 qua:
1913 4158 2094 4205 tamen

514 4254 627 4296 non
655 4244 806 4311 parvi
837 4243 1098 4299 momenti
1123 4251 1207 4298 est
1227 4240 1357 4296 sciri
1381 4256 1412 4295 a
1456 4240 1718 4295 studiosis
1763 4239 2095 4296 ecclesiasti-

515 4347 701 4387 carum
731 4349 937 4390 rerum.

586 4425 650 4480 ll.
704 4425 1062 4499 Attinguutur
1100 4425 1327 4481 omnino
1365 4436 1499 4478 sex:
1536 4422 1908 4479 ecclesiastica
1944 4423 2091 4478 cala-

2204 3306 2460 3376 conjieio,
2490 3314 2622 3361 tunc
2653 3310 2915 3377 temporis
2941 3311 3300 3379 quaestionem
3337 3303 3682 3375 el'ferbuisse,
3719 3328 3792 3367 an

2203 3397 2371 3468 Virgo
2391 3397 2500 3452 dici
2526 3398 2755 3454 deberet
2777 3399 2962 3462 ἁπλῶς
2983 3410 3039 3455 et
3061 3403 3180 3457 sine
3203 3403 3391 3457 addito
3420 3403 3690 3467 θεοτόκος,
3717 3419 3789 3459 an

2203 3486 2329 3545 addi
2366 3498 2649 3557 oporteret
2675 3490 3110 3560 ἀνθρωποτόκος,
3151 3493 3477 3561 quibusdam
3505 3494 3791 3549 communi

2200 3576 2451 3634 formulae
2491 3581 2839 3635 subscribere
2887 3584 3247 3638 renuentibus
3283 3585 3400 3639 sine
3438 3585 3544 3641 hoc
3571 3584 3790 3639 addita—

2200 3680 2409 3735 mento,
2444 3687 2556 3742 quo
2610 3674 2869 3729 volebant
2906 3675 3125 3730 scilicet
3167 3677 3319 3732 vocis
3362 3676 3788 3747 amplitudinem

2201 3761 2564 3832 restringere,
2611 3773 2672 3816 ut
2722 3763 2918 3818 callide
2971 3765 3359 3821 Nestorianum
3407 3782 3630 3822 sensum
3676 3768 3789 3824 sub

2200 3852 2470 3906 catholica
2492 3867 2625 3906 voce
2655 3854 2978 3908 retinerent.

2268 3963 2405 4019 Vill.
2453 3963 2858 4034 Conjecturam,
2904 3965 3123 4035 opinor,
3170 3966 3406 4036 probant
3446 3967 3784 4024 Theodoreti

2196 4056 2363 4111 verba
2397 4070 2410 4109 :
2455 4075 2473 4106 ‹
2511 4056 2637 4112 illos
2683 4065 2921 4125 oportet,
2961 4057 3055 4127 qui
3097 4073 3196 4127 pro
3238 4058 3439 4127 pietate
3486 4058 3780 4127 dimicant,

2196 4161 2319 4217 qua:
2346 4147 2547 4202 dicturi
2576 4147 2687 4203 sint
2723 4147 2770 4180 ⁵⁸
2800 4149 3092 4218 diligenter
3119 4149 3455 4215 examinare,
3481 4165 3582 4206 nec
3610 4167 3781 4207 voca-

2196 4237 2326 4294 bula
2367 4252 2650 4308 quatere,
2705 4253 2828 4308 quae
2877 4241 3286 4295 contentionem
3336 4242 3631 4309 suseitent,
3677 4244 3779 4299 sed

2196 4329 2527 4392 sententias,
2576 4344 2699 4397 qua:
2740 4330 3028 4386 veritatem
3086 4330 3295 4401 liquido
3336 4333 3672 4403 exprimant,
3720 4346 3783 4392 et

2195 4418 2457 4473 reluctari
2500 4418 2769 4474 audentes
2809 4423 3013 4478 rubore
3053 4425 3390 4480 suﬂ'undant.
3435 4424 3577 4492 Quid
3624 4428 3776 4483 enim

514 4517 697 4585 mitas,
740 4521 987 4576 evocatio
1034 4519 1101 4574 ad
1132 4518 1422 4590 synodum,
1449 4516 1671 4587 querela
1691 4516 1757 4571 de
1791 4516 2095 4571 calumnia-

2201 4508 2305 4564 ista
2350 4508 2699 4578 discrepant,
2754 4512 3166 4585 ἀνθρωποτόκον
3208 4517 3370 4571 simul
3416 4533 3482 4572 ac
3523 4517 3779 4573 θεοτὸκον

517 4611 728 4667 toribus
758 4615 892 4678 suis,
942 4613 1172 4685 qumstio
1214 4610 1283 4665 de
1332 4610 1559 4680 Virgine
1618 4607 1873 4678 θεοτόκῳ,
1929 4622 2092 4662 causa

514 4702 741 4759 Diodori
794 4714 959 4774 atque
1016 4700 1318 4766 Theodori,
1379 4708 1435 4755 ct
1483 4699 1775 4754 consilium
1823 4698 1891 4752 de
1921 4698 2093 4752 relin-

514 4796 734 4866 quendo
791 4798 1132 4867 episcopatu.
1203 4793 1329 4847 Haec
1383 4806 1645 4859 quorsum
1695 4797 2090 4854 memorentur,

511 4891 894 4959 exponendum
923 4897 1026 4953 est,
1053 4888 1196 4943 facto
1229 4902 1259 4940 a
1288 4894 1533 4954 tempore
1567 4885 1813 4955 epistoltc
1840 4884 2015 4939 initio.

579 4982 669 5036 ill.
696 4983 828 5036 Data
848 4989 931 5036 est
958 4978 1149 5050 procul
1175 4977 1346 5032 dubio
1373 4989 1498 5049 post
1522 4976 1733 5031 editum
1760 4975 2045 5030 Eranistcn
2068 4993 2086 5032 :

510 5070 806 5141 respondet
865 5070 1009 5123 enim
1081 5066 1463 5122 Theodoretus
1532 5065 1739 5120 Irenaeo
1798 5070 2086 5137 qurerenti,

512 5175 610 5215 cur
662 5161 807 5216 inter
846 5159 1203 5230 appellandos
1236 5159 1427 5213 Patres
1462 5157 1529 5211 de
1563 5157 1802 5211 Diodoro
1826 5172 1889 5213 ac
1912 5156 2093 5213 Theo-

510 5253 646 5309 doro
669 5254 930 5317 siluisset,
963 5250 1323 5319 eamdemque
1346 5249 1439 5304 hic
1466 5256 1521 5303 et
1546 5247 1738 5302 iisdem
1771 5248 1885 5303 fere
1906 5248 2093 5304 verbis

510 5358 732 5402 causam
760 5345 940 5403 atl'ert,
983 5357 1046 5397 ac
1066 5343 1122 5397 in
1145 5340 1391 5397 secundo
1409 5340 1625 5410 dialogo
1651 5358 1666 5406 ;
1697 5342 1900 5412 scripta
1923 5343 2093 5413 igitur

509 5440 594 5487 est
648 5442 773 5504 post
822 5445 1027 5489 annum
1078 5429 1203 5495 445,
1255 5437 1348 5483 aut
1388 5429 1511 5483 446.
1572 5429 1678 5484 Sed
1719 5429 1888 5485 alium
1922 5431 2093 5495 etiam

2196 4598 2477 4668 Virginem
2516 4610 2759 4658 sanctam
2805 4607 3101 4675 appellare,
3137 4616 3232 4662 aut
3256 4624 3453 4664 vocare
3474 4609 3621 4665 illam
3654 4611 3777 4666 Filii

2197 4700 2430 4748 matrem
2454 4701 2619 4762 atque
2648 4696 2930 4763 ancillam;
2958 4707 3014 4752 et
3039 4699 3264 4763 addere,
3293 4708 3523 4755 matrem
3550 4702 3776 4772 quidem

2194 4798 2338 4848 esse,
2384 4792 2449 4839 ut
2486 4784 2743 4850 hominis,
2774 4786 2992 4842 Domini
3037 4789 3212 4844 nostri
3250 4791 3380 4845 Jesu
3419 4790 3648 4853 Christi,
3680 4807 3783 4846 an-

2194 4873 2379 4928 cillam
2404 4889 2537 4929 vero
2575 4884 2635 4929 ut
2663 4876 2782 4940 Dei,
2807 4878 3199 4949 calumnimque
3233 4881 3582 4937 occasionem
3607 4882 3778 4937 silen-

2195 4963 2273 5017 tio
2305 4972 2509 5034 tegere,
2547 4973 2605 5019 et
2632 4966 2881 5023 eamdem
2911 4971 3240 5025 sententiam
3266 4972 3370 5026 sub
3405 4971 3515 5027 alio
3547 4971 3776 5026 nomine

2193 5054 2477 5125 proferre?
2504 5073 2522 5106 ι

2263 5164 2355 5219 IX.
2387 5167 2464 5220 De
2494 5181 2659 5222 causa
2682 5168 2900 5224 Diodori
2931 5180 2987 5226 et
3013 5171 3286 5228 Theodori
3313 5172 3529 5228 dicetur
3549 5172 3607 5227 in
3633 5172 3774 5226 Era.

2194 5254 2350 5308 uiua:
2378 5270 2613 5310 censura
2642 5258 2715 5323 ⁵⁹;
2745 5259 2992 5329 proderit
3018 5277 3151 5317 vero
3181 5270 3312 5319 tunc
3336 5262 3584 5334 epistolae
3603 5263 3773 5318 verba

2193 5361 2319 5400 cum
2345 5347 2528 5402 verbis
2548 5348 2757 5421 Dialogi
2785 5352 3057 5408 conferre.

2263 5432 2331 5488 Χ.
2364 5432 2496 5500 Quae
2525 5436 2906 5495 Theodoretus
2928 5441 3033 5496 sub
3056 5441 3217 5499 tinem
3247 5443 3419 5511 addit,
3443 5443 3513 5500 de
3537 5445 3774 5501 consilio

1856 5566 2174 5625 SCHULZII
2210 5570 2445 5627 NOTAE.

582 5680 967 5771 ῗειίξβςηειξιξη
990 5690 1089 5771 ,εδει
1119 5680 1613 5771 sparteus-Fit?-
1652 5682 2105 5771 tumes-1013.;
2167 5688 2215 5771 '.‘
2248 5687 2375 5771 P99!
2406 5708 2572 5747 mens.
2605 5692 2927 5771 Αρνίίιβυιι
2951 5696 3113 5771 lips!!!
3146 5698 3360 5771 «Aprilis
3394 5700 3598 5771 scripta
3627 5701 3767 5757 dici-

510 5751 804 5848 gruit-dra,
834 5766 953 5821 cap.
989 5751 1041 5808 6.
1118 5751 1322 5811 "‘Vid.
1357 5768 1541 5825 supra,
1573 5752 1777 5824 p.506,
1815 5751 1923 5823 gs.
1997 5758 2043 5791 ιο
2067 5757 2235 5814 Paulo
2268 5760 2432 5818 aliter
2453 5751 2711 5835 ειιρτείι.
2745 5764 2834 5831 1v,
2860 5751 3111 5836 p.107‘7’.‘
3155 5751 3232 5803 ἐἴ
3244 5751 3418 5838 ὶὲὶἐὶλζ
3430 5751 3772 5848 ἕζὲἿιῖἱῖιὶι

513 5819 729 5878 dissert.
