4070 6456
372 398 491 465 Ξῦὗ

1560 399 1656 461 DE
1694 400 1952 461 LIBRIS
1988 401 2498 463 THEODORETI.

3550 408 3656 471 266

372 513 700 584 deponendi
730 513 1131 584 episcopatum,
1166 512 1273 568 nisi
1299 513 1570 585 judicium
1602 515 1851 569 divinum
1881 520 2046 574 ve-‘A
2075 529 2191 569 rem
2220 515 2425 581 virum,
2450 524 2511 570 ut
2540 515 2793 587 agricolis
2826 500 3111 572 sterilitate
3138 524 3296 571 terra:
3322 517 3537 577 afﬂictis
3566 522 3654 577 in-

370 618 620 669 reretur,
650 614 958 660 consonant
986 605 1219 661 consilio
1247 604 1481 676 epistola
1510 605 1544 659 5
1575 606 1724 661 dato.

444 697 542 753 XI.
585 698 718 765 Quae
759 698 951 754 subdit
994 699 1063 754 de
1112 698 1306 754 mortis
1343 699 1774 769 exspectatione,
1810 715 1972 769 quam

367 808 442 847 ex
492 792 717 864 insidiis
766 791 873 845 sibi
920 791 1080 846 factis
1134 791 1373 847 vicinam
1430 799 1750 862 auguratur,
1797 791 1974 845 videri

367 892 614 953 possunt
662 883 987 937 vaticinium
1046 882 1250 938 mentis
1304 882 1549 936 futuram
1608 883 1971 938 calamitatem

366 972 788 1042 prospicientis.

442 1054 566 1119 XII.
616 1064 737 1119 Non
792 1063 1053 1134 exiguum
1109 1078 1274 1133 porro
1325 1063 1690 1134 fragmentum
1742 1062 1971 1132 hujusce

365 1154 627 1225 epistolae
658 1169 725 1207 ex
757 1152 1141 1222 antiquissima
1177 1153 1430 1206 versione
1470 1151 1705 1207 refertur
1741 1151 1795 1205 in
1834 1151 1973 1205 actis

365 1262 404 1299 ν
441 1243 646 1317 synodi
686 1243 868 1298 collat.
916 1244 990 1307 5',
1028 1258 1154 1297 cum
1196 1244 1301 1297 hac
1335 1243 1501 1314 316
1536 1242 1742 1296 vitiosa
1774 1241 1971 1296 inscri-

366 1337 609 1407 ptione:
657 1354 675 1387 ι
716 1336 796 1390 Ex
846 1335 1081 1404 cpistola
1124 1333 1459 1390 Theodoreti
1502 1333 1572 1388 ad
1618 1332 1968 1387 Hierenatum

368 1427 682 1497 digamum,
720 1425 1105 1481 testimonium
1143 1424 1462 1496 praabentis,
1498 1425 1645 1495 quod
1677 1424 1780 1478 sub
1806 1434 2001 1479 accu—'

306 1522 321 1534 ‘
369 1519 590 1595 satione
637 1526 760 1573 erat
805 1517 1167 1582 Theodorus,
1215 1524 1273 1571 et
1311 1516 1669 1571 dubitabatur
1700 1516 1769 1571 de
1809 1532 1896 1571 eo.
1944 1534 1963 1567 ι

377 1703 519 1772 patis
550 1718 662 1767 me,
703 1721 722 1752 ι
761 1712 870 1757 etc.

371 1812 622 1885 Epistola
660 1815 751 1882 17,
789 1815 1146 1871 consolatoria
1179 1816 1250 1871 ad
1274 1815 1563 1872 Casianam
1596 1816 1967 1881 diaconissam,

983 1889 1042 1942 in
1076 1887 1219 1941 obitu
1252 1887 1375 1956 ﬁlii.

438 2000 638 2070 Neque
686 2000 955 2071 temporis
1001 2008 1107 2066 est,
1143 2015 1326 2071 neque
1374 2015 1625 2070 persona:
1660 2000 1769 2055 ulla
1818 2007 1967 2065 nota,

367 2093 479 2148 nisi
514 2092 665 2162 quod
695 2108 765 2148 ex
792 2093 1072 2164 adiunctis
1097 2091 1368 2163 suspicari
1397 2092 1547 2156 licet,
1574 2090 1797 2146 viduam
1831 2091 1970 2146 hanc

364 2186 739 2241 Antiochense
770 2183 1034 2239 Ecclesiae
1065 2184 1406 2240 inserviisse.

365 2302 619 2372 Epistola
656 2302 743 2363 18,
775 2300 1136 2356 consolator-ia
1177 2301 1249 2385 ad
1278 2300 1703 2373 Neoptolemum,
1738 2299 1795 2353 in
1825 2303 1969 2358 obitu

1072 2388 1273 2426 uaxnus.

434 2487 637 2557 Neque
665 2487 770 2542 ista
798 2486 973 2554 ullum
1024 2486 1193 2542 habet
1226 2487 1343 2543 sive
1375 2492 1660 2562 temporis,
1694 2492 1810 2548 sive
1841 2508 1966 2563 per-

364 2593 523 2635 sonae
558 2580 962 2634 characterem.
1264 2590 1269 2595 ‘

366 2691 621 2764 Epistola
654 2695 722 2750 i9
750 2701 807 2749 et
833 2692 924 2759 20,
948 2693 1019 2748 ad
1045 2692 1309 2817 stilium
1335 2702 1383 2748 et
1412 2693 1730 2767 Martyrium
1753 2696 1968 2768 presby-

1117 2780 1254 2817 eros.

1117 2780 1254 2819 ενοδ.

438 2880 689 2952 Utraque
730 2882 981 2954 ejusdem
1029 2882 1358 2953 argumenti,
1401 2881 1470 2937 de
1508 2883 1809 2939 Athanasio
1845 2899 1972 2941 ora-

381 2976 495 3025 tore
539 2970 833 3042 Egyptio;
890 2978 1123 3040 utraque
1173 2969 1423 3042 ejusdem
1490 2971 1608 3026 fere
1663 2975 1965 3044 temporis;

373 3066 571 3114 neutra
604 3068 793 3115 tamen
825 3067 1034 3115 certam
1070 3058 1238 3114 habet
1265 3067 1362 3114 aut
1389 3073 1657 3129 personat,
1692 3070 1788 3116 aut
1813 3062 1965 3128 anni,

372 3158 468 3205 aut
488 3149 783 3204 Athanasii
812 3158 1023 3204 notam.

588 3258 834 3331 Epistola
858 3259 949 3324 21,
977 3260 1047 3315 ad
1077 3259 1361 3316 Eusebium
1384 3260 1787 3317 Scholasticum.

443 3370 498 3425 ι.
540 3369 771 3425 Certum
816 3370 1034 3441 praefert
1080 3371 1211 3426 anni
1257 3371 1655 3436 characterem,
1694 3371 1967 3428 incertum

364 3473 631 3531 personae
655 3501 670 3524 ,
699 3460 825 3515 data
848 3460 996 3516 enim
1027 3470 1112 3516 est
1148 3449 1543 3532 post'sparsam
1573 3462 1642 3517 de
1676 3477 1774 3518 sua
1802 3463 1859 3517 in
1885 3463 1968 3517 la-

365 3551 615 3606 trocinio
645 3552 923 3622 Ephesino
949 3552 1294 3623 depositione
1323 3553 1542 3620 famam,
1571 3569 1697 3609 cum
1718 3554 1967 3609 nondum

364 3643 440 3698 de
465 3659 528 3698 rc
552 3651 851 3699 constaret.
882 3643 1061 3710 Quare
1086 3644 1327 3715 pertinet
1350 3645 1419 3700 ad
1440 3645 1570 3700 anni
1591 3645 1694 3700 449
1718 3645 1967 3717 Septem-

363 3735 533 3790 hrem
581 3744 677 3790 aut
714 3734 1009 3791 Octobrem
1048 3752 1316 3803 mensem,
1382 3738 1654 3810 siquidem
1693 3737 1967 3808 depositio

364 3827 497 3899 ejus
524 3827 730 3898 Ephesi
760 3827 993 3899 contigit
1022 3828 1111 3883 die
1146 3828 1442 3885 undecima
1475 3829 1726 3900 Augusti.

440 3919 512 3974 II.
555 3919 747 3973 Miram
800 3918 1182 3975 Theodoretus
1243 3919 1487 3976 ostendit
1530 3920 1586 3975 in
1636 3927 1790 3975 tanto
1833 3934 1965 3976 casu

364 4011 545 4066 animi
585 4011 983 4077 constantiam;
1022 4021 1226 4067 rectam
1275 4027 1497 4083 quoque
1535 4011 1698 4068 fidem
1736 4027 1963 4084 expres-

365 4109 450 4163 sis
489 4108 765 4178 clarisque
806 4108 995 4163 verbis
1033 4109 1346 4179 proﬁtetur,
1372 4110 1599 4179 vultque
1637 4109 1706 4165 de
1738 4124 1834 4164 sua
1868 4124 1963 4164 or-

366 4201 632 4255 thodoxia
669 4209 900 4256 cunctos
934 4217 1034 4271 per
1066 4201 1368 4257 Eusebium
1399 4200 1606 4257 doceri.

439 4293 533 4348 III.
574 4293 848 4348 Eusebius
904 4294 1017 4361 ille,
1054 4301 1115 4348 ut
1170 4293 1389 4364 opinor,
1434 4292 1540 4348 fuit
1591 4291 1963 4348 Scholasticus

363 4385 769 4451 Antiochenus,
804 4402 837 4441 a
885 4402 997 4457 quo
1049 4385 1320 4441 didicerat
1370 4401 1471 4455 per
1519 4385 1768 4449 litteras,
1812 4382 1959 4452 quod

364 4479 512 4533 fama
537 4479 801 4550 jactabat.

615 4592 862 4665 Epistola
887 4593 978 4659 ΞΩ,
1011 4593 1082 4649 ad
1113 4590 1402 4664 Ulpianum
1424 4595 1683 4648 comitem.

436 4705 647 4761 Eodem
692 4706 811 4762 fere
855 4713 1102 4776 tempore
1144 4704 1351 4776 scripta
1392 4713 1497 4770 est,
1536 4721 1647 4775 quo
1683 4706 1749 4761 I9
1779 4714 1836 4760 et
1868 4706 1957 4762 20.

362 4793 518 4851 Idem
554 4796 704 4851 enim
747 4796 915 4851 trium
962 4806 1350 4867 argumentum
1385 4795 1454 4850 de
1493 4796 1792 4851 Athanasio
1832 4811 1960 4852 ora-

363 4891 486 4939 tore
532 4885 678 4956 apud
724 4900 783 4941 se
826 4895 1097 4940 morante.
1141 4884 1337 4939 Nullus
1362 4892 1448 4939 est
1482 4885 1612 4939 anni
1652 4884 1957 4941 character.

362 4972 639 5044 Ulpianus
671 4974 764 5029 ille
800 4975 908 5029 fuit
944 4974 1126 5029 adhuc
1153 4974 1393 5044 gentilis,
1423 4982 1482 5027 ut
1524 4976 1673 5046 cujus
1717 4974 1961 5029 laudibus

361 5065 566 5120 deesset
595 5066 854 5121 bonorum
883 5074 1063 5137 caput,
1093 5080 1292 5136 nempe
1323 5064 1478 5120 lides.

363 5178 611 5249 Epistola
627 5180 721 5245 25,
745 5180 815 5235 ad
825 5179 1190 5242 Ariobindam,
1215 5178 1578 5249 deprecatoria
1599 5193 1694 5247 pro
1715 5178 1961 5248 agricolis

1015 5249 1315 5321 Cyresticis.

432 5368 476 5424 I.
518 5368 571 5423 Is
621 5366 736 5438 ipse
775 5375 862 5422 est
906 5365 1232 5429 Ariobinda,
1268 5364 1364 5435 qui
1412 5364 1756 5420 consulatum
1794 5364 1963 5436 gessit

361 5475 513 5515 anno
539 5459 665 5524 45b,
693 5458 962 5529 cujusque
990 5457 1176 5512 obitus
1203 5458 1428 5527 ponitur
1454 5473 1485 5511 a
1514 5456 1828 5513 Marcellino
1857 5459 1961 5514 sub

362 5551 657 5606 consulatu
687 5547 1012 5620 Protogenis
1038 5556 1094 5603 et
1121 5547 1346 5612 Asterii,
1383 5546 1437 5602 id
1468 5557 1553 5603 est
1585 5564 1730 5603 anno
1759 5549 1883 5604 M9.

434 5638 503 5695 II.
554 5639 696 5694 Iluic
745 5638 1100 5708 amplissimae
1136 5637 1512 5709 possessiones
1546 5647 1707 5694 erant
1755 5638 1809 5694 in
1858 5638 1963 5712 Cy-

368 5730 569 5785 restica
597 5730 845 5800 regione,
875 5746 999 5800 quae
1024 5744 1151 5785 cum
1181 5729 1547 5784 calamitatem
1577 5745 1749 5800 passae
1776 5741 1962 5786 essent

368 5814 442 5869 ab
478 5812 770 5883 iniquitate
810 5821 957 5887 cceli,
990 5830 1252 5892 precatur
1287 5820 1669 5876 Theodoretus
1703 5820 1958 5877 consula—

616 5908 893 5968 PATROL.
935 5915 1053 5976 Gn.
1098 5912 1411 5976 LXXXIV.

2075 606 2324 676 dulgens,
2358 606 2427 661 de
2456 607 2719 662 oneribus
2752 608 2927 664 solitis
2965 610 3224 664 remittat.

2145 698 2234 752 III.
2272 697 2484 752 Accidit
2513 713 2679 767 porro
2708 699 2990 762 sterilitas,
3015 711 3077 756 ut
3104 702 3320 771 Opinor,
3351 717 3382 757 a
3410 703 3656 759 siccitate

2077 789 2191 853 illa,
2219 790 2377 860 cujus
2408 790 2618 844 mentio
2648 789 2708 843 ﬁt
2741 791 2797 844 in
2826 791 3017 862 Elogio
3043 793 3416 865 l’olychronii.

2075 900 2317 971 Epistolu
2354 902 2445 964 24,
2479 903 2548 956 ad
2587 902 2853 956 Andream
2893 901 3300 960 Samosatenum
3335 906 3653 977 episcopum.

2143 1014 2185 1070 I.
2221 1017 2395 1072 Notus
2421 1026 2503 1072 est
2530 1016 2778 1072 Andreas
2805 1017 3223 1086 Samosatensis,
3251 1029 3367 1074 tum
3390 1019 3654 1091 objectioa

2072 1105 2238 1159 nibus
2277 1107 2498 1161 nomine
2541 1106 2902 1163 Orientalium
2942 1109 3206 1165 adversus
3251 1112 3429 1181 capita
3465 1111 3651 1182 Cyrilli

2071 1197 2233 1268 317
2272 1198 2600 1268 propositis,
2635 1208 2747 1254 tum
2780 1200 2982 1255 litteris
3013 1201 3365 1266 Theodoreti,
3397 1218 3504 1257 non
3536 1203 3657 1257 istis

2073 1288 2217 1352 unis,
2249 1289 2343 1342 sed
2371 1289 2512 1354 aliis,
2544 1305 2681 1360 quas
2714 1291 2906 1360 quinta
2936 1291 3176 1362 synodus
3203 1300 3258 1346 et
3288 1293 3492 1347 Marius
3518 1293 3659 1346 Mer-

2073 1386 2226 1432 cator
2269 1370 2563 1446 exhibent;
2612 1388 2727 1434 tum
2770 1380 3007 1451 denique
3058 1381 3218 1435 libris
3261 1381 3532 1436 Anastasii
3575 1381 3659 1436 Si-

2072 1472 2255 1535 naitae,
2290 1471 2385 1541 qui
2419 1473 2683 1527 nonnulla
2711 1472 2781 1528 de
2810 1473 2930 1543 ipso
2962 1473 3150 1528 refert.

374 1558 589 1664 “Sim?”
637 1558 760 1621 ”’“Ϊ
814 1558 1167 1638 “”“’,“’““”“””
1215 1558 1273 1571 “”’
1311 1558 1659 1621 ““””“Ῑ”“““
1702 1558 1769 1571 ’Ν
1797 1558 1896 1621 .”“”
1944 1558 1961 1567 ’
2058 1577 2077 1633 ί
2142 1562 2206 1617 Il.
2244 1563 2369 1618 Fuit
2403 1558 2657 1620 doctrina
2685 1564 2921 1619 eximius
2954 1565 3099 1619 inter
3131 1563 3426 1620 Orientalis
3457 1563 3660 1619 dimce-

418 1625 467 1666 ιο
505 1619 696 1665 autem
735 1609 872 1664 illud
906 1625 967 1665 se
1007 1608 1175 1665 habet
1207 1627 1221 1663 :
1266 1629 1284 1661 ι
1317 1608 1589 1676 Quoniam
1622 1624 1757 1664 vero
1795 1611 1971 1664 mcul-
2074 1654 2144 1676 λε,
2179 1655 2458 1676 ,με-μμ,
2520 1654 2618 1676 Μ,
2663 1663 2709 1676 ,ι
2755 1655 3009 1676 ,μω-,ηε
3047 1654 3279 1676 ,με-,η-
3327 1670 3441 1676 _____
3476 1654 3623 1676 νηη

2073 1654 2148 1709 sis
2172 1655 2481 1725 episcopos,
2519 1654 2623 1709 fuit
2656 1663 2713 1710 et
2751 1655 3012 1725 singulari
3045 1654 3286 1709 amicitia
3321 1670 3445 1708 cum
3476 1654 3658 1708 Theo-

2072 1742 2266 1799 doreto
2292 1745 2651 1814 conjunctus;
2679 1744 2814 1814 quin
2840 1754 2895 1799 et
2926 1745 3201 1814 particeps
3224 1759 3347 1798 cum
3376 1744 3494 1813 ipso
3516 1744 3662 1813 ejus—

2005 1861 2044 1914 Β
2073 1838 2198 1892 dem
2244 1837 2570 1894 calamitatis
2616 1837 2670 1890 in
2712 1837 2991 1907 Ephesino
3039 1836 3350 1900 latrocinio,
3392 1835 3435 1890 si
3476 1835 3659 1890 Theo-

2072 1930 2241 1999 phani
2290 1927 2606 1993 credimus;
2662 1943 2775 1983 non
2833 1935 3018 1981 tamen
3068 1926 3313 1997 ejusdem
3373 1925 3538 1980 sortis
3601 1924 3661 1978 in

2071 2020 2505 2076 Chalcedonensi
2539 2020 2775 2075 concilio
2819 2037 2831 2072 :
2876 2032 3028 2073 mors
3071 2018 3219 2072 enim
3249 2016 3547 2087 prmvertit,
3582 2015 3659 2070 si-

2071 2112 2295 2183 quidem
2343 2128 2468 2168 cum
2513 2110 2770 2167 Patribus
2819 2110 2963 2165 sedit
3002 2109 3236 2164 Ruﬁnus
3270 2106 3662 2162 Samosatenus

2071 2206 2383 2273 episcopus.
2414 2202 2552 2258 Vide
2582 2218 2705 2272 quae
2740 2200 3157 2256 observavimus
3181 2198 3237 2252 in
3266 2214 3304 2252 II
3329 2205 3481 2269 parte
3513 2195 3659 2266 Ope-

2073 2309 2196 2348 rum
2221 2294 2373 2347 Marii
2400 2292 2719 2348 Mercatoris
2753 2291 2822 2347 ad
2859 2292 3201 2362 objectiones
3232 2291 3522 2361 praedictas
3553 2290 3659 2362 Cy-

2073 2383 2297 2455 rillique
2318 2384 2726 2454 responsiones,
2746 2399 2884 2454 quas
2916 2383 3122 2438 Marius
3149 2382 3418 2437 Mercator
3447 2380 3659 2435 Latini-

2073 2484 2181 2530 tate
2215 2475 2459 2530 donavnt.

2140 2564 2229 2619 Ill.
2261 2566 2337 2620 De
2367 2573 2612 2636 tempore
2634 2564 2775 2622 datae
2799 2566 3044 2637 epistolae
3072 2564 3344 2635 conjicere
3369 2579 3480 2618 non
3505 2561 3656 2630 licet,

2070 2670 2198 2711 cum
2223 2655 2409 2711 nullus
2433 2656 2577 2711 adsit
2604 2656 2912 2711 character.
3215 2642 3219 2647 ’

2387 2768 2644 2841 Epistolas
2672 2769 2745 2826 25
2771 2777 2828 2825 et
2854 2770 2946 2834 26,
2974 2770 3321 2824 heartaslicae.

2139 2882 2472 2938 Charactere
2501 2883 2676 2936 ambae
2715 2888 2927 2947 carent,
2961 2879 3065 2935 nisi
3102 2880 3252 2949 quod
3281 2881 3434 2950 prior
3453 2880 3661 2936 Natali-

2069 2974 2194 3029 litia"
2225 2972 2363 3028 festa
2400 2972 2624 3027 indicat.

2070 3084 2312 3158 Epistola
2348 3085 2440 3148 27,
2479 3084 2549 3138 ad
2593 3081 2903 3158 Aquiliuum
2946 3082 3228 3137 diaconum
3271 3092 3321 3137 et
3356 3084 3660 3137 archimam

2773 3152 2993 3207 dritam.

2143 3266 2521 3323 Consolatoria
2559 3274 2645 3322 est
2686 3266 2744 3320 in
2778 3264 3015 3321 orbitate
3059 3263 3190 3331 lilii;
3231 3263 3551 3335 spiritualis,
3587 3279 3659 3321 an

2070 3361 2339 3418 naturalis
2359 3402 2373 3426 ,
2402 3360 2676 3415 incertum
2715 3375 2730 3413 :
2772 3366 2966 3414 caetera
2998 3358 3204 3413 nullam
3244 3357 3413 3413 habet
3446 3364 3656 3414 notam.

2070 3452 2153 3507 An
2187 3449 2478 3520 Aquilinus
2512 3449 2603 3503 ille
2635 3456 2823 3519 postea
2854 3447 3026 3503 fuerit
3050 3447 3206 3518 Bybli
3244 3447 3545 3502 Palaestina:
3565 3463 3658 3502 or-

2069 3542 2289 3596 dinatus
2319 3541 2632 3612 episcopus,
2657 3548 2859 3595 etcum
2885 3538 3235 3594 Theodoreto
3265 3539 3320 3594 in
3348 3538 3659 3595 latrocinali

2068 3634 2276 3707 synodo
2298 3633 2601 3705 depositus,
2630 3641 2693 3688 ut
2715 3632 2912 3687 scribit
2933 3632 3198 3703 Evagrius
3222 3630 3320 3687 lib.
3356 3648 3394 3697 ι,
3419 3647 3538 3702 cap.
3566 3629 3655 3692 10.

2066 3737 2124 3783 et
2151 3726 2245 3797 qui
2275 3741 2401 3780 cum
2435 3724 2788 3780 Theodoreto
2825 3724 3154 3794 subscripsit
3194 3723 3439 3794 epistola:
3484 3721 3657 3779 sancti

2067 3817 2271 3873 Leonis
2298 3816 2366 3871 ad
2400 3815 2743 3879 Flavianum,
2784 3814 3061 3869 incertum
3099 3822 3205 3869 est.

2066 3925 2310 3999 Epistola
2342 3926 2434 3993 28,
2467 3924 2754 3996 familiaris
2797 3924 2868 3978 ad
2892 3923 3167 3999 _Jacobum
3205 3925 3565 3995 presbyterum
3605 3931 3657 3979 et

2690 3995 3026 4048 monachum.

2135 4131 2296 4187 Caret
2327 4130 2477 4185 omni
2516 4143 2744 4200 prorsus
2771 4135 2922 4182 nota.
2944 4126 3097 4182 .Sunt
3121 4126 3216 4197 qui
3243 4133 3459 4197 putent,
3491 4128 3655 4184 Jaco—

2063 4223 2200 4278 bum
2235 4222 2401 4287 hunc,
2436 4220 2505 4276 ad
2537 4234 2701 4290 quem
2729 4218 3112 4274 Theodoretus
3138 4217 3353 4283 scribit,
3390 4234 3502 4272 non
3531 4233 3653 4274 esse

2065 4316 2346 4371 diversum
2376 4330 2407 4369 a
2435 4312 2642 4369 Jacobo
2681 4309 3030 4366 sanctissimo
3062 4308 3356 4372 monacho,
3385 4310 3542 4379 cujus
3565 4308 3653 4362 vi-

2062 4407 2245 4462 ventis
2261 4406 2499 4476 elogium
2525 4401 2836 4474 composuit
2854 4401 2910 4455 in
2929 4399 3223 4464 Philotheo,
3241 4415 3517 4471 quemque
3539 4414 3654 4453 mo-

1994 4536 2039 4590 ο
2067 4499 2217 4555 riens
2265 4496 2620 4569 superstitem
2662 4493 2889 4564 reliquit
2929 4511 2942 4546 :
2983 4506 3134 4556 nam,
3180 4491 3457 4561 inquiunt,
3491 4498 3548 4545 et
3584 4488 3653 4544 ad

2069 4606 2234 4661 quem
2280 4589 2563 4654 scribitur,
2599 4596 2659 4643 et
2686 4585 2780 4656 qui
2829 4582 3110 4647 laudatur,
3142 4582 3432 4653 presbyter
3460 4580 3565 4635 fuit
3598 4587 3654 4635 et

2066 4680 2389 4736 monachus.
2406 4679 2611 4735 Verum
2638 4677 2733 4748 qui
2760 4676 3027 4732 attentius
3044 4673 3283 4744 elogium
3303 4673 3519 4745 legerit,
3542 4687 3651 4727 non

2065 4772 2399 4828 assentietur
2422 4771 2616 4842 procul
2644 4766 2814 4824 dubio
2848 4768 3078 4832 dicenti,
3106 4782 3233 4821 eum
3258 4766 3352 4836 qui
3376 4765 3651 4830 laudatur,

2065 4863 2234 4919 fuisse
2260 4878 2504 4933 unquam
2543 4862 2950 4933 presbyterum.
2978 4860 3113 4915 Nam
3142 4859 3291 4929 quod
3320 4858 3525 4914 dicitur
3557 4858 3654 4913 Ni-

2065 4956 2260 5011 sibeno
2287 4955 2460 5010 fuisse
2495 4954 2756 5025 ὁμότιμος
2791 4952 2885 5005 καὶ
2921 4952 3248 5023 ὁμότροπος,
3273 4967 3384 5005 non
3414 4951 3657 5021 pertinet

2065 5048 2132 5102 ad
2172 5062 2364 5117 parem
2409 5046 2466 5101 in
2492 5047 2740 5103 Ecclesia
2786 5047 3131 5118 dignitatem,
3167 5042 3485 5115 (Nisibenus
3507 5041 3653 5095 enim

2064 5140 2170 5196 fuit
2195 5136 2536 5210 episcopus),
2558 5139 2654 5194 sed
2694 5138 2763 5193 ad
2805 5138 2953 5193 idem
2992 5135 3174 5191 laudis
3205 5133 3485 5195 meritum,
3520 5146 3655 5200 pro-

2064 5240 2188 5303 pter
2209 5230 2467 5286 eumdem
2495 5229 2805 5285 sanctitatis
2835 5227 3081 5282 modum.

2206 5344 2447 5417 Epistola
2475 5343 2568 5407 29,
2596 5341 3029 5397 oommendatitia
3054 5339 3124 5394 ad
3146 5339 3521 5408 Apem‘onem..

2135 5460 2177 5515 I.
2218 5458 2505 5529 Temporis
2546 5468 2675 5511 nota
2724 5453 3014 5509 manifesta
3059 5462 3164 5518 est,
3196 5454 3394 5523 partim
3435 5468 3503 5508 ex
3533 5453 3658 5507 aliis

2064 5565 2161 5605 sex
2197 5545 2667 5618 consequentibus
2700 5543 2924 5609 litteris,
2965 5559 3200 5614 quarum
3242 5543 3388 5598 idem
3434 5550 3519 5598 est
3558 5559 3652 5597 ar-

2064 5647 2406 5711 gumentum,
2452 5636 2710 5705 idemque
2752 5643 2998 5705 tempus;
3040 5632 3239 5704 partim
3271 5648 3338 5689 ex
3376 5632 3650 5703 personis,

2066 5728 2132 5783 ad
2162 5742 2300 5797 quas
2329 5726 2608 5781 nonnullae
2644 5724 2863 5795 scriptae
2892 5734 3040 5779 sunt.

2139 5820 2206 5874 II.
2243 5817 2715 5874 Commendatitite
2757 5826 2887 5873 sunt
2922 5832 3115 5873 omnes
3150 5814 3219 5869 ad
3258 5815 3467 5871 amicos
3535 5810 3655 5870 sive

3223 5909 3259 5968 9
