4070 6442
457 359 560 423 267

1590 359 1966 420 GARNERII
2008 359 2499 419 DISSERTATIO
2539 360 2619 418 Π.

3613 357 3718 421 268

460 468 619 538 alios,
659 484 798 541 quos
841 469 1215 524 Theodoretus
1257 466 1516 521 admonet
1547 468 2039 522 commiserationis
2072 480 2109 529 Α
2146 469 2380 538 Epistula
2427 467 2523 529 52,
2569 466 2996 541 commemlatitia
3033 466 3102 518 ad
3144 464 3483 523 Tlteoctistttm
3518 463 3718 519 Bai-(vta

463 564 516 615 in
556 560 889 616 sublevanda
924 569 1161 630 egestate
1191 558 1480 614 Celestiaci
1517 559 1719 615 nobilis
1750 559 2033 628 Carthagi-

462 652 691 715 niensis,
721 651 815 721 qui
865 659 1022 720 capta
1073 666 1103 705 a
1136 649 1433 705 Genserico
1470 650 1800 721 Carthagine
1840 658 2039 703 exutus

460 743 686 811 opibus,
730 750 785 796 et
824 756 956 795 cum
1000 756 1100 795 sua
1145 752 1325 797 tamen
1375 750 1486 796 tota
1542 741 1745 797 familia
1790 742 2037 796 exsulare

460 843 681 888 ροςιςῑιιε
718 845 819 888 ρει.

526 926 691 995 318
725 926 813 979 ill.
863 926 1095 980 Venerat
1143 926 1252 990 ille,
1302 934 1362 980 ut
1406 927 1646 992 videtur,
1691 925 1890 998 Cyrum
1940 941 2038 995 per

454 1015 741 1086 Egyptum
771 1024 826 1070 et
856 1017 1177 1079 thnicen,
1215 1016 1488 1087 Cyroque,
1510 1018 1723 1082 Bercea,
1760 1018 1953 1072 Emesa
1981 1024 2038 1069 et

450 1109 744 1163 Antiochia
791 1109 993 1179 Tyrum
1040 1109 1335 1180 cogitabat,
1366 1118 1427 1165 ut
1466 1110 1615 1165 illinc
1644 1109 1859 1164 solvens
1889 1108 2034 1163 Con-

455 1199 864 1268 stantinopolim
896 1210 1163 1270 pergeret,
1204 1201 1549 1271 imperatoris
1578 1216 1735 1270 opem
1775 1201 2033 1271 implora-

455 1298 632 1344 ιρι-ηε.

522 1381 610 1436 PI.
643 1380 762 1447 Quo
799 1389 1048 1452 tempore
1089 1383 1213 1437 data
1252 1382 1341 1447 sit,
1377 1382 1767 1452 disputandum
1800 1398 1924 1437 cum
1965 1382 2032 1437 il-

453 1471 783 1528 lustrissimo
821 1475 1111 1529 Annalium
1161 1475 1450 1545 scriptore,
1484 1491 1604 1529 eam
1641 1474 1851 1529 scilicet
1888 1474 2032 1529 refe-

463 1572 615 1619 rente
655 1573 769 1619 toto
795 1565 907 1621 fere
931 1566 1155 1621 biennio
1184 1568 1345 1622 citius
1378 1583 1538 1637 quam
1566 1574 1809 1637 oportet,
1835 1581 2033 1636 nempe

453 1651 521 1706 ad
557 1669 762 1708 annum
804 1655 929 1710 440.
967 1656 1057 1711 Sic
1084 1665 1264 1710 autem
1305 1656 1665 1710 ratiocinatur
1699 1673 1712 1709 :
1742 1655 1910 1725 Capta
1951 1663 2034 1710 est

450 1742 723 1817 Carthago
757 1746 1041 1803 Genserici
1073 1758 1192 1804 astu
1230 1765 1374 1803 anno
1399 1749 1521 1813 459,
1555 1760 1742 1803 mense
1775 1746 2029 1814 Octobri;

2773 537 3087 605 episc0pum.

2208 648 2464 717 Ejusdem
2500 648 2706 718 pariter
2740 648 3048 719 argumenti
3078 655 3135 702 et
3172 645 3453 716 temporis.
3489 645 3716 701 Succes-

2138 739 2208 791 sit
2246 738 2598 794 Theoctistus
2642 739 2842 793 Aeacio
2891 754 3035 793 anno
3083 738 3185 792 457
3246 747 3344 791 aut
3391 735 3515 800 458,
3553 735 3719 805 319

2138 837 2199 883 ut
2239 837 2428 899 postea
2471 828 2939 884 demonstrabitur
2966 827 3032 881 “.
3077 827 3175 883 Est
3219 827 3288 881 de
3330 827 3450 895 ejus
3492 825 3715 879 ordina~

2138 920 2286 974 tione
2323 920 2783 991 eongratulatoria
2814 922 2831 940 '
2868 919 2935 973 ad
2978 919 3298 974 Beroeenses
3337 917 3565 971 clericos
3600 915 3718 984 epi-

2138 1010 2277 1065 stola
2317 1011 2384 1065 57
2411 1011 2477 1066 ⁸³.
2504 1010 2585 1065 Ad
2624 1010 2880 1065 eumdem
2910 1016 2995 1065 est
3022 1010 3185 1064 etiam
3214 1008 3444 1079 epistola
3478 1007 3611 1071 154,-
3628 1006 3714 1059 in-

2136 1103 2440 1173 crepatoria
2468 1103 2539 1157 ob
2563 1103 2868 1174 neglectam
2892 1102 3148 1157 amicitiae
3171 1102 3368 1171 legem,
3392 1100 3458 1154 de
3481 1115 3588 1169 qua
3613 1113 3715 1153 suo

2135 1194 2277 1249 loco.
2332 1193 2584 1250 interfuit
2628 1193 2863 1249 concilio
2918 1192 3352 1249 Chalcedonensi
3397 1205 3540 1245 anno
3584 1190 3711 1254 451,

2136 1284 2462 1353 subscripsit
2532 1285 2776 1354 epistolae
2839 1283 3224 1355 episcoporum
3294 1281 3483 1352 prima:
3545 1278 3715 1351 Syriae

2092 1401 2106 1417 ο
2136 1386 2279 1425 anno
2311 1371 2436 1426 458.

2136 1485 2375 1556 Epistula
2415 1485 2504 1549 55,
2542 1485 2970 1567 cummendatitia
3017 1486 3087 1537 ad
3130 1482 3421 1540 Stasimum
3470 1483 3709 1535 comitem

2738 1563 2787 1609 et
2820 1563 3123 1626 primatem.

2205 1669 2462 1740 Ejusdem
2502 1684 2626 1724 cum
2660 1668 3094 1739 praecedentibus
3131 1667 3439 1739 argumenti
3477 1676 3533 1721 et
3572 1675 3711 1719 tem-

2133 1760 2302 1828 poris.
2331 1758 2464 1827 Quis
2492 1774 2659 1829 porro
2695 1758 2964 1813 Stasimus
2994 1758 3179 1823 fuerit,
3209 1764 3265 1811 et
3290 1757 3447 1827 cujus
3474 1755 3715 1811 civitatis

450 1838 609 1905 ejecti
655 1853 783 1893 mox
827 1840 1060 1904 nobiles,
1102 1840 1195 1909 qui
1236 1841 1448 1898 servire
1483 1840 1690 1895 nollent
1736 1840 1793 1924 in
1830 1838 2026 1910 patria.
2066 1817 2103 1871 Β
2134 1851 2362 1921 primas,
2399 1853 2672 1924 conjicere
2708 1867 2819 1906 non
2847 1852 3008 1919 licet;
3045 1849 3269 1922 Tyriae,
3294 1866 3363 1904 an
3388 1850 3617 1911 Emesae,
3640 1864 3711 1902 an

447 1928 650 1983 Eorum
686 1946 829 1987 unus
863 1931 966 1986 fuit
1002 1930 1358 1996 Celestiacus,
1392 1931 1484 2001 qui
1513 1946 1636 1986 cum
1671 1931 1724 1985 in
1748 1923 2029 1986 Orientem

445 2020 676 2091 fugisset
701 2038 846 2077 anno
872 2031 1158 2093 sequente,
1192 2023 1286 2093 qui
1327 2022 1451 2087 440,
1484 2022 1684 2094 Cyrum
1726 2022 1896 2086 venit,
1938 2022 2030 2077 lit-

450 2121 703 2183 terasque
750 2114 1041 2170 discedens
1090 2130 1120 2168 a
1164 2114 1513 2170 Theodoreto
1559 2112 2032 2169 commendatitias

448 2206 514 2260 ad
548 2206 754 2261 amicos
789 2207 841 2261 in
872 2206 960 2260 via
996 2206 1205 2277 positos
1233 2205 1464 2274 accepit.

519 2299 720 2354 Verum
750 2300 866 2355 haec
892 2299 1033 2353 ratio
1056 2299 1358 2355 consistere
1383 2314 1492 2354 non
1521 2306 1700 2369 potest
1727 2315 1741 2352 :
1772 2296 1865 2353 sed
1893 2297 2028 2351 alte-

449 2408 570 2447 rum
602 2393 712 2462 jam
748 2407 951 2446 annum
991 2392 1046 2445 in
1088 2390 1530 2446 circumferenda
1571 2406 1670 2445 sua
1712 2389 2028 2444 infelicitate

446 2482 781 2537 Celestiacus
824 2490 1101 2552 posuerat,
1140 2498 1267 2538 eum
1307 2482 1459 2537 venit
1496 2481 1719 2554 Cyrum,
1760 2480 2027 2537 obtinuit-

447 2587 554 2642 que
599 2572 810 2627 litteras
841 2587 871 2625 a
906 2571 1256 2626 Theodoreto
1286 2587 1300 2624 :
1334 2587 1478 2626 unus
1509 2571 1658 2625 enim
1698 2571 2025 2636 amicorum,

446 2680 586 2733 quos
613 2664 679 2718 ad
702 2663 987 2719 levandam
1012 2662 1301 2719 Celestiaci
1326 2663 1604 2717 miseriam
1626 2663 1826 2717 litteris
1853 2662 2030 2717 Theo-

446 2753 671 2807 doretus
707 2752 1047 2817 hortabatur,
1080 2752 1325 2806 Domnus
1358 2751 1465 2806 fuit
1491 2751 1716 2806 Joannis
1746 2750 1800 2804 in
1835 2751 2025 2805 Antio-

444 2843 620 2900 chena
666 2845 795 2902 sede.
840 2846 1126 2899 successo'r
1164 2861 1176 2897 :
1219 2842 1372 2913 atqui
1419 2843 1660 2899 Joannes
1702 2842 1841 2897 obiit
1885 2857 2029 2896 anno

430 2935 711 2991 duntaxat
742 2936 845 2990 440
882 2936 1101 2999 allecto,
1132 2944 1227 2991 aut
1255 2936 1419 2990 etiam
1452 2935 1581 2990 anni
1612 2935 1895 3005 sequentis
1919 2936 2027 2990 ini—

442 3025 560 3094 tio;
594 3036 650 3082 et
670 3024 1054 3082 Theodoretus
1078 3028 1289 3082 Domno
1320 3028 1531 3093 scribit,
1558 3035 1618 3083 ut
1641 3030 1751 3099 jam
1777 3028 2026 3098 aliquan-

448 3119 544 3174 diu
574 3120 629 3174 iu
665 3119 794 3175 sede
823 3120 1151 3186 constituto;
1188 3120 1407 3190 scripsit
1433 3121 1597 3190 igitur
1623 3136 1766 3175 anno
1793 3120 1917 3176 442.

519 3213 759 3284 Tempus
791 3228 957 3284 porro
990 3230 1102 3284 quo
1140 3214 1380 3270 Joannes
1418 3215 1572 3278 obiit,
1599 3229 1664 3269 ex
1696 3231 1763 3270 eo
1795 3215 2025 3271 demon-

446 3316 653 3362 stratur
680 3325 694 3360 :
726 3307 885 3362 Anno
915 3307 1020 3362 448
1056 3307 1307 3365 scribens
1342 3308 1718 3365 Theodoretus
1741 3309 2023 3376 Diuscoro,

446 3397 525 3451 ait
563 3398 711 3453 hunc
756 3413 961 3453 annum
1000 3413 1122 3454 esse
1168 3400 1462 3470 septimum
1500 3416 1528 3454 a
1569 3402 1763 3456 Domni
1805 3401 2028 3457 ordina-

449 3489 597 3544 tione
622 3506 638 3555 ;
667 3489 957 3544 ordinatus
984 3496 1069 3543 est
1094 3487 1262 3560 igitur
1284 3490 1526 3546 Donmus
1552 3507 1696 3546 anno
1725 3493 1847 3547 ΑΗ.

518 3580 699 3635 V.-Ex
737 3579 825 3645 his
859 3587 1090 3645 constat,
1129 3581 1411 3652 epistolam
1452 3583 1518 3636 ad
1556 3582 1919 3653 Apellionem,
1959 3583 2026 3637 de

447 3684 556 3738 qua
597 3683 748 3723 nunc
788 3669 989 3739 agitur,
1022 3671 1277 3741 scriptam
1309 3687 1449 3737 esse,
1484 3672 1628 3727 sicut
1663 3681 1721 3726 et
1759 3670 1892 3727 alias
1932 3687 2027 3726 sex

446 3767 762 3829 sequentes,
794 3775 940 3815 anno
971 3761 1094 3817 442.
1129 3760 1330 3818 Omnes
1370 3765 1516 3818 enim
1571 3778 1678 3817 una
1720 3762 1860 3817 data:
1900 3770 2028 3816 sunt

449 3851 655 3907 infelici
687 3851 887 3921 hospiti
916 3853 1158 3910 abeunti.

519 3945 604 4001 VI.
643 3943 777 4011 Quis
807 3945 897 4001 ille
929 3945 1093 4001 fuerit
1121 3946 1349 4018 Apellio,
1374 3945 1607 4002 deﬁnire
1628 3961 1737 3999 non
1766 3960 1985 4015 possum
2011 3963 2024 3999 :

450 4038 551 4094 fuit
594 4038 733 4093 forte
794 4039 1044 4094 eruditus
1082 4040 1281 4111 aliquis
1320 4047 1622 4110 potensque
1656 4039 1762 4104 vir,
1789 4048 1884 4094 aut
1917 4039 2031 4094 An-

430 4129 682 4195 .tiochiae,
714 4140 809 4186 aut
844 4131 1049 4187 Beroeaa
1087 4132 1362 4186 habitans.

451 4220 687 4292 Epistula
724 4220 824 4287 50,
873 4223 942 4276 ad
980 4224 1197 4277 Aeriam
1246 4224 1537 4293 suphistam
1573 4224 2025 4278 commendatitia.

516 4310 556 4364 l.
600 4310 855 4382 Ejusdem
905 4311 1171 4381 temporis
1212 4320 1268 4365 et
1310 4310 1615 4381 argumenti
1659 4324 1784 4363 cum
1822 4324 2027 4379 praece-

448 4401 632 4465 dente,
667 4401 735 4456 ad
770 4402 919 4458 hunc
945 4402 1171 4458 Aeriam
1202 4411 1287 4456 est
1315 4402 1548 4471 epistola
1575 4400 1664 4467 66,
1692 4417 1797 4471 qua
1829 4401 2024 4456 invita-

446 4506 538 4549 tur
559 4493 625 4549 ad
648 4496 887 4552 encaenia
909 4494 1099 4565 templi
1118 4494 1491 4564 apostolorum
1513 4492 1639 4565 Cyri
1664 4493 2025 4551 celebranda:
2064 4505 2105 4559 ι)

446 4603 568 4658 quae
595 4603 680 4642 me
707 4604 797 4644 res
826 4595 1034 4653 monet,
1071 4596 1134 4641 ut
1169 4585 1458 4656 conjiciam
1485 4584 1653 4642 fuisse
1684 4586 1864 4640 virum
1891 4600 2029 4654 quo—

446 4695 554 4750 que
573 4679 850 4735 eruditum
866 4720 881 4745 ,
896 4680 1071 4735 civem
1095 4678 1300 4733 Bermze
1323 4677 1512 4748 paucis
1537 4675 1865 4732 milliaribus
1886 4676 2028 4747 Cyro

446 4769 717 4826 distantis.

515 4863 580 4917 ll.
618 4863 906 4934 Templum
934 4876 1102 4932 porro
1124 4860 1521 4929 apostolorum,
1544 4857 1612 4912 de
1637 4872 1748 4926 quo
1785 4856 1845 4911 fit
1873 4871 2028 4909 men-

448 4954 546 5020 tio,
592 4954 814 5011 videtur
858 4952 1009 5008 aliud
1058 4953 1128 5007 ab
1181 4966 1268 5015 eo,
1312 4950 1461 5020 quod
1511 4947 1776 5003 suadente
1826 4947 2032 5003 Jacobo

449 5045 830 5102 Theodoretus
853 5043 1141 5108 exstruxit,
1166 5051 1222 5097 et
1247 5042 1304 5097 in
1330 5055 1440 5111 quo
1464 5039 1749 5108 depositus
1772 5046 1858 5093 est
1882 5054 2033 5093 com-

449 5140 600 5194 muni
632 5154 756 5193 cum
788 5136 994 5194 Iacobo
1029 5135 1302 5206 sepulcro.
1335 5132 1470 5188 Vide
1496 5137 1663 5201 caput
1686 5130 1750 5185 21
1782 5130 2031 5185 Historia!

450 5228 726 5299 religiusw.

454 5316 694 5385 Epistula
730 5316 821 5380 51,
860 5313 1308 5385 εοηιηιθηάαιίιὶαᾉ
1335 5311 1406 5365 ad
1442 5310 1706 5366 Domuum
1747 5310 2029 5366 Antioche-

973 5386 1194 5437 chenum
1228 5383 1545 5454 episcopum.

520 5475 777 5547 Ejusdem
825 5484 881 5529 et
925 5473 1235 5545 argumenti
1281 5482 1336 5527 et
1387 5471 1667 5542 temporis.
1706 5472 1784 5526 De
1821 5472 2033 5526 Domno

453 5565 657 5621 dictum
681 5565 816 5620 satis
847 5565 900 5617 in
924 5565 1047 5618 Vita
1077 5562 1433 5617 Theodoreti.

2133 1942 2373 1997 civitatis
2422 1943 2656 2015 alicujus
2702 1951 2797 1998 aut
2856 1950 3063 1998 tractus
3110 1942 3359 2006 alterius,
3399 1956 3498 2010 per
3545 1955 3711 2009 quem

2130 2034 2466 2090 Celestiacus
2501 2035 2798 2091 transiret?

2131 2147 2372 2217 Epistula
2406 2149 2496 2215 54,
2535 2149 2963 2205 commendatitia
3006 2150 3077 2204 ad
3110 2149 3405 2205 Patricium
3448 2148 3710 2201 comitem.

2202 2263 2404 2318 iterum
2442 2263 2690 2333 ejusdem
2726 2264 3035 2334 argumenti
3066 2273 3120 2319 et
3155 2263 3436 2333 temporis.
3466 2262 3629 2329 Quid,
3664 2261 3713 2317 si

2131 2354 2401 2408 Patricius
2437 2354 2528 2409 ille
2571 2369 2756 2410 comes
2798 2354 2966 2410 fuerit
3002 2355 3298 2425 provincia:
3332 2355 3583 2425 alicujus,
3609 2368 3709 2424 per

2129 2460 2292 2513 quam
2319 2444 2715 2500 transeundum
2744 2455 2866 2501 erat
2898 2445 3202 2502 Celestiaco
3226 2445 3429 2517 Tyrum
3464 2440 3713 2513 petenti?

2130 2533 2547 2589 Transeundum
2587 2543 2737 2591 certe
2777 2536 2895 2590 fuit
2918 2552 3017 2606 per
3055 2545 3345 2606 utramque
3374 2535 3712 2591 thniciam

2129 2634 2184 2679 et
2214 2624 2425 2696 Syriam
2458 2625 2691 2696 primam
2738 2644 2752 2680 :
2801 2642 2927 2681 nam
2977 2627 3033 2681 in
3079 2627 3236 2698 Syria
3280 2626 3453 2697 prima
3489 2626 3714 2681 fuerunt

2128 2714 2416 2769 Antiochia
2456 2724 2515 2770 et
2556 2715 2777 2784 Bercea;
2831 2716 2885 2771 in
2918 2718 3200 2772 Phoenicia
3234 2717 3451 2783 Libani,
3480 2718 3709 2784 Emesa;

2129 2803 2183 2857 in
2216 2806 2478 2861 extremis
2508 2806 2709 2863 finibus
2739 2809 2966 2863 alterius
2996 2810 3290 2865 thniciae
3319 2810 3515 2881 Tyrus.

2236 2916 2475 2987 Epistula
2507 2919 2596 2983 55,
2633 2922 3061 3003 εοηιητςηάαιίιὶα
3096 2924 3166 2976 ad
3196 2923 3460 2980 Irenazum
3488 2925 3610 2980 Turi

2751 3008 3046 3062 cptscupum
3057 3034 3068 3047 .
3696 3004 3701 3011 ’

2199 3101 2274 3156 De
2324 3110 2589 3172 tempore,
2625 3113 2947 3175 argumento
2994 3112 3051 3159 et
3094 3122 3330 3176 persona
3375 3116 3610 3164 constat.
3652 3109 3714 3164 id

2130 3210 2298 3249 unum
2321 3195 2749 3261 observandum,
2769 3197 3033 3254 lrenteum
3056 3210 3184 3255 ante
3205 3216 3411 3255 annum
3427 3201 3530 3256 M2
3546 3200 3715 3257 fuisse

2129 3284 2443 3339 ordinatum
2471 3304 2483 3338 :
2507 3285 2604 3340 sed
2631 3300 2741 3355 quo
2761 3286 2989 3344 deﬁnite
3016 3289 3306 3360 tempore?

2130 3395 2369 3466 Epistula
2402 3396 2492 3463 56,
2525 3399 2953 3484 cummendatitia
2985 3401 3055 3456 ad
3081 3401 3467 3474 Pompeianum
3499 3403 3716 3460 Emesa-

2697 3485 2825 3522 num
2864 3487 3181 3543 episcopum.

2201 3580 2240 3633 l.
2278 3579 2543 3634 Emndem
2579 3580 2941 3637 Celestiacum
2986 3584 3321 3655 Pompeiano
3364 3589 3715 3646 commendat

2128 3671 2322 3726 eodem
2358 3681 2623 3742 tempore.

2201 3763 2266 3817 ll.
2311 3762 2590 3824 Successit
2631 3765 2996 3837 Pompeianus
3040 3769 3244 3835 Paulo,
3293 3771 3389 3841 qui
3433 3773 3715 3843 negotium

2130 3855 2281 3925 pacis
2321 3856 2465 3909 inter
2495 3856 2770 3913 Ecclesias
2808 3861 3039 3931 peregit.
3077 3862 3323 3917 Decessit
3360 3864 3584 3931 Uranio,
3616 3867 3717 3935 qui

2130 3948 2364 4002 concilio
2398 3947 2830 4005 Chalcedoneusi
2868 3951 3119 4007 interfuit
3153 3969 3299 4009 anno
3337 3955 3461 4020 451,
3494 3965 3550 4011 et
3583 3956 3718 4014 sub-

2131 4039 2351 4110 scripsit
2375 4041 2691 4113 synodicam
2710 4043 3005 4099 Phoenicia:
3025 4044 3355 4102 Libanitidis
3378 4047 3446 4103 ad
3471 4048 3716 4104 Leonem

2132 4134 2515 4203 imperatorem
2545 4151 2690 4191 anno
2717 4136 2841 4190 458.

2165 4245 2408 4317 Epistula
2441 4247 2531 4312 57,
2562 4224 2885 4302 salutaturia
2927 4248 2998 4302 ad
3030 4246 3347 4304 Sallustium
3376 4252 3675 4321 prtrsidem.

2200 4359 2423 4415 Nullum
2470 4358 2637 4413 habet
2673 4359 3050 4416 characterem
3088 4364 3372 4433 temporis.
3420 4363 3717 4420 Sallustius

2134 4449 2236 4503 fuit
2272 4463 2476 4518 prreses
2511 4448 2911 4518 Euphratensis
2957 4454 3288 4522 provinciae,
3330 4456 3426 4511 sed
3469 4456 3717 4511 nondum

2133 4538 2498 4605 Christianus,
2530 4547 2593 4594 ut
2621 4555 2687 4595 ex
2715 4540 2945 4611 epistola
2978 4544 3326 4617 intelligitur.

2554 4653 2797 4725 Epistula
2832 4655 2921 4721 58,
2950 4658 3290 4714 heurtastica.

2208 4763 2439 4819 Videtur
2469 4765 2616 4832 data,
2642 4782 2752 4838 quo
2784 4778 3029 4840 tempore
3055 4771 3436 4830 Theodoretus
3465 4775 3718 4831 contine-

2138 4854 2301 4909 batur
2344 4854 2640 4928 Cyresticis
2687 4858 2908 4917 ﬁnibus.
2962 4862 3280 4918 Paschalem
3322 4880 3382 4921 se
3428 4866 3720 4924 manifeste

2138 4946 2340 5015 prodit.

2549 5040 2795 5113 Epistula
2831 5042 2920 5107 59,
2953 5045 3291 5102 heurtastica.

2212 5151 2416 5208 Eodem
2446 5162 2691 5225 tempore
2717 5162 2774 5210 et
2793 5155 2851 5209 in
2879 5157 3073 5212 eodem
3102 5158 3244 5215 festo
3271 5161 3417 5217 data.

2174 5266 2414 5336 Epistula
2453 5268 2543 5333 40,
2579 5269 2896 5324 heurtastica
2935 5271 3006 5325 ad
3044 5271 3371 5329 Theodorum
3408 5278 3686 5333 vicarium.

2207 5380 2415 5435 Eodem
2463 5390 2520 5437 et
2563 5397 2708 5436 anno
2751 5391 2807 5437 et
2850 5382 2989 5439 festo
3036 5387 3239 5457 scripta
3276 5395 3380 5454 est,
3420 5404 3485 5444 ac
3522 5405 3727 5460 przece-

2138 5471 2331 5526 dentes
2376 5471 2516 5528 duae.
2570 5472 2899 5529 Theodorus
2949 5475 3154 5531 dicitur
3193 5479 3416 5549 quidem
3460 5480 3723 5540 vicarius.

2142 5562 2238 5618 sed
2279 5565 2436 5635 cujus
2474 5563 2810 5620 dimceseos?
2840 5563 3037 5619 Annon
3073 5567 3306 5634 Asianis,
3338 5584 3460 5639 quae
3497 5569 3723 5640 propius

1816 5676 2130 5734 SCHUIZII
2173 5677 2404 5736 ΝΟΤᾸΕ.

527 5793 571 5825 ⁸ο
604 5793 723 5851 Viti.
762 5805 877 5852 not.
899 5797 967 5853 ad
992 5798 1158 5870 epist.
1178 5798 1266 5852 75.
1345 5798 1385 5829 ⁶¹
1415 5795 1655 5863 Epistula
1695 5805 1782 5851 est
1811 5796 1896 5850 75.
