4070 6460
455 405 567 472 259

1633 416 1728 475 DE
1771 418 2021 475 LIBRIS
2059 420 2158 478 TH
2169 420 2568 484 EODORETI.

3625 435 3730 496 270

449 521 612 576 abest
657 521 728 575 ab
772 523 1181 592 Euphratesia?
1231 527 1437 581 Deinde
1488 544 1671 583 annon
1723 529 2048 584 Theodorus
2083 545 2118 593 Α
2153 532 2464 587 accensitus
2510 536 2732 593 circiter
2777 555 2980 593 annum
3025 541 3156 605 445,
3200 539 3358 611 321
3409 559 3572 612 quam
3627 546 3730 614 ipsi

450 611 546 664 ille
579 621 683 668 est.
715 614 811 681 qui
852 625 909 668 et
955 615 1334 684 praefecturam
1375 618 1534 673 urbis
1576 619 1738 690 regia:
1773 622 1961 690 gessit,
1992 631 2046 674 et

449 717 602 756 unus
626 703 732 756 fuit
764 721 794 758 e
819 706 1102 774 judicibus
1126 709 1290 778 320
1312 709 1383 764 ab
1411 709 1742 780 imperatore
1773 713 1953 766 missis
1978 713 2042 765 ad

445 794 752 848 concilium
775 796 1260 854 Chalcedonense?
1281 799 1338 854 Id
1361 816 1470 855 non
1499 811 1704 857 temere
1726 804 1851 874 quis
1871 804 2047 872 suspi-

445 898 610 940 catus
665 887 865 952 fuerlt,
921 889 1016 959 qui
1081 890 1488 957 observaverit,
1539 894 1784 949 delectos
1833 895 2046 964 jndiccs

447 993 649 1048 magna
680 996 744 1033 ex
771 991 925 1050 parte
951 981 1287 1039 Theodoreti
1313 985 1590 1040 studiosos
1619 985 1804 1040 fuisse.

629 1092 875 1162 Epistola
909 1094 1000 1156 41,
1031 1095 1350 1149 heartastica
1386 1096 1456 1148 ad
1487 1094 1864 1152 Claudianum.

512 1203 556 1256 I.
591 1203 715 1257 Non
741 1205 975 1259 obscura
1004 1213 1088 1259 est
1115 1205 1379 1274 temporis
1408 1216 1558 1271 nota,
1588 1208 1860 1278 siquidem
1891 1225 2043 1264 men-

443 1294 525 1348 tio
563 1293 624 1348 tit
656 1294 898 1364 ingentis
939 1303 1102 1350 terrae
1135 1303 1340 1361 motus,
1377 1309 1432 1353 et
1457 1297 1880 1368 irrumpentium
1912 1301 2044 1355 bar-

440 1384 708 1436 barorum
746 1400 759 1436 :
793 1392 1094 1454 utrumque
1137 1400 1271 1439 vero
1316 1386 1547 1458 contigit
1587 1404 1730 1442 anno
1770 1391 1896 1456 447,
1929 1406 2040 1460 quo

439 1490 591 1529 anno
623 1484 774 1529 totus
807 1475 923 1530 fere
956 1476 1110 1530 orbis
1141 1483 1300 1530 terra:
1337 1485 1490 1532 motu
1524 1493 1826 1534 concussus
1853 1489 1958 1545 est,
1985 1491 2042 1537 et

438 1566 646 1620 multas
681 1566 854 1620 Attila
895 1565 1141 1623 Orientis
1187 1570 1503 1639 provincias
1539 1572 1794 1634 vastavit,
1829 1574 2038 1643 coegit-

443 1673 549 1726 que
582 1657 962 1712 Theodosium
1002 1658 1392 1728 imperatorem
1429 1662 1636 1719 tributo
1668 1679 1859 1734 pacem
1896 1666 2040 1721 redi-

443 1763 611 1801 mere.
643 1746 858 1816 Scripta
888 1747 1059 1818 igitur
1082 1748 1231 1804 credi
1258 1757 1441 1820 potest
1465 1759 1591 1822 post
1621 1752 1767 1808 diem
1799 1756 2034 1832 natalem

435 1837 647 1892 Christi
675 1853 822 1892 anno
849 1839 973 1894 447.

2151 622 2474 692 dignitatem
2517 629 2819 697 gratulatur
2863 631 3020 686 initio
3057 633 3302 702 epistolae
3330 634 3726 690 Thcodorctus.

2150 712 2404 768 Interfuit
2449 719 2684 772 concilio
2729 721 3182 788 Chalcedonensi,
3224 741 3348 778 cum
3395 733 3541 780 esset
3590 743 3730 781 unus

2147 817 2213 856 ex
2243 805 2654 874 gloriosissimis
2677 813 2976 883 judicibus.

2150 912 2391 983 Epistola
2436 920 2525 982 45,
2571 921 2936 992 deprecatoria
2973 927 3042 980 ad
3080 926 3383 982 Anatolium
3421 929 3724 999 patricium.

2220 1030 2424 1084 Eodem
2461 1033 2669 1102 pariter
2699 1043 2756 1090 et
2791 1044 3035 1107 tempore
3072 1047 3130 1093 et
3167 1051 3510 1110 argumento.
3549 1041 3729 1099 Gessit

2145 1125 2490 1180 consulatum
2519 1127 2809 1184 Anatolius
2843 1146 2989 1187 anno
3026 1132 3148 1187 440.
3198 1134 3324 1189 Fuit
3364 1141 3422 1190 et
3465 1136 3727 1206 magister
3770 1171 3777 1181 ι

2147 1212 2403 1278 militum,
2447 1230 2558 1284 quo
2606 1226 2853 1288 tempore
2889 1219 2956 1273 dc
2995 1220 3262 1276 Orientali
3311 1223 3539 1278 dicecesi
3586 1224 3726 1278 bene

2144 1305 2377 1359 meritus
2402 1314 2507 1370 est,
2539 1315 2603 1361 ut
2641 1309 3022 1368 Theodoretus
3061 1313 3260 1367 innuit.
3291 1314 3510 1369 Primus
3537 1329 3730 1370 cense-

2145 1404 2236 1450 tur
2271 1396 2414 1452 inter
2432 1398 2650 1469 judices
2688 1402 2910 1457 concilii
2941 1403 3427 1460 Chalcedonensis.
3469 1407 3726 1462 Nestorio

2143 1487 2278 1542 favit
2309 1497 2435 1543 ante
2464 1491 2759 1547 concilium
2789 1495 3150 1564 Ephesinum.

2141 1602 2382 1673 Epistola
2407 1604 2477 1659 46
2513 1608 2944 1663 commendatitia
2987 1610 3058 1663 ad
3087 1609 3308 1665 Petrum
3331 1610 3724 1665 scholasticam.

2208 1715 2466 1786 Ejusdem
2520 1719 2788 1788 temporis
2848 1736 2914 1776 ac
2962 1725 3292 1793 argumenti.
3343 1725 3576 1780 Videtur
3630 1725 3726 1780 ille

2134 1803 2334 1860 Petrus
2357 1809 2663 1878 suscepisse
2686 1826 2906 1866 causam
2931 1812 3227 1884 Cyrestica:
3255 1816 3496 1886 regionis
3525 1816 3724 1871 adver-

507 1931 577 1985 II.
612 1930 731 1985 IIoc
769 1946 916 1986 anno
946 1931 1176 1988 Proclus
1203 1933 1341 1988 obiit
1370 1933 1460 1990 die
1489 1935 1560 1991 24
1584 1934 2034 2007 Octobris,-post-
2067 1881 2108 1934 Β
2138 1915 2232 1954 sus
2254 1901 2663 1960 denuntiawris
2689 1906 2934 1976 episcopi
2974 1908 3300 1964 calumnias'

433 2037 604 2090 quam
637 2021 979 2078 interfuisset
1005 2024 1279 2094 stupeudo
1305 2026 1596 2092 miraculo,
1625 2028 1770 2098 quod
1802 2029 2032 2100 Trisagii

434 2113 793 2182 postmodum
822 2114 1154 2170 decantandi
1184 2132 1403 2172 causam
1436 2118 1586 2174 fecit.

502 2205 596 2260 III.
651 2203 826 2271 Quem
875 2204 1241 2261 Claudianum
1273 2209 1316 2239 δ’
1363 2208 1689 2279 inscriptum
1732 2208 2035 2280 prmferunt

429 2313 569 2351 mss.
605 2297 830 2352 codices
871 2305 1039 2368 atque
1077 2298 1251 2353 editio
1293 2299 1595 2366 Sirmondi,
1640 2300 2030 2356 Sallustianum

428 2397 592 2442 vocat
619 2388 892 2443 Baronius
929 2390 997 2444 ad
1028 2406 1234 2445 annum
1261 2392 1385 2456 446,
1411 2408 1521 2462 quo
1549 2408 1694 2447 anno
1737 2393 2031 2464 contigisse

425 2483 695 2551 Opinatur
722 2481 1004 2552 ingentem
1036 2482 1189 2536 illum
1223 2493 1456 2547 motum,
1489 2485 1730 2555 citatque
1757 2485 2028 2540 Marcelli-

425 2589 566 2628 num
607 2582 829 2638 testem,
863 2573 960 2644 qui
1007 2573 1349 2629 contrarium
1397 2576 1567 2630 tradit
1601 2593 1614 2629 :
1649 2593 1777 2630 nam
1820 2586 2030 2632 motum

425 2673 592 2718 terra:
638 2673 914 2716 memorat
961 2663 1030 2718 ad
1077 2663 1192 2717 ind.
1234 2665 1323 2728 15,
1359 2664 1652 2720 Ardabane
1690 2673 1747 2720 et
1787 2665 2032 2736 Callepio

424 2751 776 2808 consulibus.

435 2861 681 2934 Epistola
738 2861 846 2928 42,
905 2863 1269 2939 deprecatoria
1326 2868 1396 2921 ad
1452 2865 1820 2922 Constantium
1887 2883 2028 2939 pra:-

1131 2938 1346 3006 fectant.

496 3047 536 3102 I.
573 3047 727 3103 Idem
777 3057 865 3105 est
907 3049 1076 3120 hujus
1115 3051 1364 3120 epistolae
1404 3067 1469 3106 ac
1509 3052 1743 3121 aliarum
1782 3050 2027 3122 quinque

423 3140 892 3209 consequentium
935 3147 1322 3211 argumentum
1347 3144 1364 3161 '
1395 3141 1464 3196 de
1506 3141 1819 3197 relevandis
1859 3140 2025 3213 Cyre-

421 3231 578 3285 stian
600 3231 900 3300 provinciae
927 3232 1168 3289 tributis.

493 3323 560 3377 Il.
603 3323 822 3378 Ilabent
852 3339 985 3378 vero
1013 3339 1207 3379 omnes
1241 3325 1604 3380 indubitatam
1636 3327 1764 3381 anni
1793 3337 1978 3383 notam
2007 3347 2020 3382 :

417 3413 647 3482 scripta:
684 3421 813 3467 sunt
843 3414 992 3468 enim
1034 3431 1180 3468 anno
1215 3416 1340 3480 446,
1373 3424 1496 3485 post
1536 3419 1932 3488 promulgatam
1968 3428 2023 3474 et

416 3503 768 3556 exsecutioni
814 3505 1125 3557 mandatam
1171 3504 1466 3559 Theodosii
1513 3507 1782 3561 novellam
1829 3509 1916 3573 55,
1959 3511 2022 3562 de

415 3594 693 3658 relevatis,
733 3596 1010 3660 ada’ratis,
1051 3595 1132 3649 vel
1183 3596 1390 3650 donatis
1435 3599 1858 3667 possessionibus,
1900 3617 2023 3670 qua:

415 3687 550 3741 data
585 3697 666 3740 est
701 3688 1182 3757 ConstantinOpoli
1225 3688 1260 3741 5
1297 3687 1425 3743 Idus
1470 3689 1810 3749 Decembris.
1842 3691 2022 3746 Theo-

414 3780 582 3834 dosio
614 3781 753 3850 Aug.
789 3797 896 3841 XIX,
927 3787 982 3833 et
1007 3779 1207 3834 Albino
1234 3794 1402 3844 coss.,
1428 3779 1482 3833 id
1510 3789 1594 3834 est
1620 3795 1766 3834 anno
1788 3781 1912 3835 445.

493 3872 584 3925 III.
619 3872 1000 3936 Constantius,
1045 3872 1135 3926 cui
1176 3871 1462 3936 scribitur,
1506 3871 1551 3926 is
1593 3871 1709 3942 ipse
1755 3881 1860 3936 est,
1908 3890 2018 3943 quo

417 3979 650 4035 operam
692 3964 891 4024 dante,
943 3963 1216 4032 collapsos
1257 3972 1418 4018 terra:
1466 3972 1616 4018 motu
1660 3964 1814 4019 urbis
1857 3965 2019 4035 regite

417 4071 611 4109 muros
659 4055 798 4108 intra
844 4064 955 4108 tres
1001 4069 1220 4110 menses
1267 4054 1628 4110 reaedificatos
1669 4056 2017 4112 Marcellinus

418 4147 611 4202 tradit.
644 4146 767 4199 Fuit
798 4147 966 4200 etiam
1006 4161 1151 4200 unus
1176 4160 1243 4199 ex
1272 4145 1556 4216 judicibus
1593 4145 1775 4201 missis
1807 4147 1875 4202 ab
1915 4147 2017 4201 im-

418 4245 673 4306 peratore
728 4236 1003 4290 Marciano
1051 4235 1118 4288 ad
1166 4235 1466 4290 concilium
1514 4235 2012 4292 Chalcedonense:

419 4343 566 4384 natrv
587 4329 642 4381 in
665 4327 824 4382 'Actis
860 4345 960 4398 pro
990 4327 1357 4383 Constantino
1383 4327 1738 4383 Constantius
1771 4329 1877 4399 legi
1916 4330 2014 4384 de-

418 4419 547 4480 bet.
598 4427 658 4473 ut
698 4419 830 4473 Acta
887 4419 1005 4488 ipsa
1059 4419 1195 4474 satis
1243 4419 1563 4484 ostendunt,
1612 4427 1668 4473 ct
1701 4435 1769 4474 ex
1811 4420 2014 4477 Codice

419 4512 810 4568 Theodosiano
843 4512 1189 4582 intelligitur.

419 4625 662 4697 Epistula
694 4628 783 4690 45,
811 4626 1174 4696 deprecatoria
1207 4627 1277 4680 ad
1310 4625 1652 4680 Puta/teriam
1693 4626 2010 4698 Angustam.

491 4740 697 4794 Eodem
731 4748 1002 4810 tempore,
1029 4736 1222 4794 eadem
1249 4738 1318 4794 de
1346 4753 1426 4793 re.
1454 4738 1530 4792 De
1552 4737 1843 4792 Pulcheria
1872 4738 2012 4792 nihil

419 4831 511 4886 hic
561 4830 1000 4894 observandum,
1047 4829 1154 4884 nisi
1206 4829 1357 4899 quod
1401 4829 1750 4884 Theodoreto
1793 4845 2014 4900 semper

416 4919 573 4984 favit,
605 4919 823 4989 quoties
865 4919 1047 4989 potuit
1079 4935 1092 4971 :
1128 4934 1240 4973 non
1272 4917 1455 4989 potuit
1481 4933 1638 4983 vero,
1677 4935 1803 4974 eum
1843 4921 2014 4990 depo-

416 5013 557 5066 situs
583 5020 668 5066 est
700 5010 755 5064 in
789 5011 1099 5064 latrocinali
1136 5009 1408 5076 concilio;
1439 5025 1566 5065 nam
1597 5011 1809 5066 artibus
1838 5010 2012 5083 Chry-

413 5103 595 5174 saphii
642 5103 888 5157 eunuchi
931 5102 1113 5158 fuerat
1158 5117 1191 5158 a
1235 5102 1406 5158 rebus
1450 5101 1709 5173 gerendis
1747 5110 2006 5158 remota:

413 5193 510 5249 sed
541 5193 637 5248 ubi
665 5194 926 5263 primum,
958 5192 1222 5248 defuncto
1249 5191 1441 5258 fratre,
1464 5193 1767 5263 resumpsit
1789 5193 2009 5263 imperii

412 5283 682 5347 habenas,
712 5283 1024 5353 depositum
1051 5285 1272 5339 restitui
1301 5284 1500 5340 voluit.

409 5395 658 5468 Epistola
691 5399 794 5465 44,
841 5399 1207 5472 deprecatoria
1254 5399 1324 5453 ad
1355 5398 1666 5456 Senatorem
1700 5399 2006 5472 patricium.

480 5509 693 5565 Eodem
723 5519 970 5582 tempore
998 5522 1057 5568 et
1089 5520 1436 5584 argumento.
1473 5512 1601 5568 Fuit
1623 5527 1755 5568 vero
1776 5511 2010 5568 Senator

394 5600 605 5678 consul
637 5616 764 5654 cum
791 5601 1003 5655 Isidoro
1031 5617 1177 5657 anno
1208 5601 1333 5666 456,
1367 5601 1470 5657 fuit
1498 5609 1554 5656 et
1582 5601 1726 5656 inter
1747 5603 2010 5672 patricios

2138 2012 2385 2086 Epistula
2412 2017 2502 2082 47,
2549 2018 2915 2089 deprecatoria
2949 2021 3018 2075 ad
3050 2021 3300 2076 Proetum
3343 2020 3720 2078 Constantino-

2595 2088 2898 2159 potitanum
2933 2093 3254 2163 episcOpum.

2206 2201 2415 2258 Eodem
2447 2212 2715 2275 tempore,
2747 2206 2938 2262 eadem
2976 2207 3044 2262 de
3073 2222 3152 2261 re.
3185 2205 3367 2261 Procli
3395 2220 3599 2260 nomen
3627 2218 3720 2259 ce-

2133 2293 2345 2349 lebriu's
2376 2304 2482 2362 est,
2521 2313 2685 2368 quam
2719 2305 2781 2353 ut
2809 2307 2965 2370 egeat
2991 2299 3168 2370 elogio
3202 2307 3414 2352 nostro.

2237 2407 2483 2478 Epistola
2522 2410 2611 2475 48,
2639 2411 2926 2494 familiaris
2958 2413 3029 2466 ad
3062 2412 3403 2468 Eustathium
3437 2409 3614 2482 Beryti

2766 2499 3082 2553 episcopum.

2206 2591 2244 2645 I.
2284 2591 2448 2648 Deest
2483 2593 2772 2649 character
2806 2595 3092 2666 temporis,
3137 2596 3255 2650 sine
3295 2610 3491 2666 magna
3535 2601 3714 2649 tamen

2127 2681 2364 2751 jactura,
2395 2697 2520 2736 cum
2561 2684 2630 2738 sit
2658 2685 2893 2755 epistola
2924 2702 3062 2756 pure
3099 2687 3406 2741 familiaris.

2203 2769 2267 2824 II.
2311 2771 2438 2826 Fuit
2463 2773 2786 2829 Eustathius
2815 2776 2907 2831 ilIe
2935 2777 3116 2849 Beryti
3139 2779 3452 2848 episcopus,
3481 2780 3714 2837 celebris

2129 2860 2392 2927 nominis,
2422 2863 2624 2932 partim
2653 2866 2724 2920 ob
2751 2875 3044 2937 utrumque
3067 2868 3136 2924 de
3166 2869 3260 2924 Iba
3279 2871 3570 2940 judicium,
3598 2873 3714 2928 sive

2129 2951 2278 3021 quod
2301 2951 2453 3024 Tyri,
2493 2955 2610 3010 sive
2635 2957 2780 3025 quod
2814 2957 2998 3029 Beryti
3030 2960 3333 3015 exercitum
3362 2971 3476 3028 est;
3514 2965 3711 3033 partim

2127 3051 2356 3114 propter
2397 3048 2830 3103 controversiam
2879 3065 3004 3104 cum
3047 3051 3242 3107 Photio
3283 3053 3408 3125 Tyri
3456 3058 3708 3124 praesule,

2129 3133 2198 3189 de
2224 3135 2542 3192 civitatibus
2577 3147 2808 3208 septem,
2861 3141 2915 3195 in
2953 3143 3158 3212 quibus
3205 3155 3560 3215 arrogaverat
3604 3149 3708 3205 sibi

2053 3221 2092 3280 C
2128 3225 2220 3296 jus
2249 3228 2566 3294 ordinandi,
2611 3229 2834 3286 obtenta
2868 3241 3060 3286 contra
3098 3249 3337 3289 canones
3368 3236 3436 3289 ab
3467 3237 3707 3306 impera-

2129 3325 2247 3373 tore
2275 3322 2680 3391 metropolitica
2702 3324 2965 3394 dignitate
2991 3344 3004 3391 ;
3029 3325 3125 3380 sed
3148 3326 3263 3381 haec
3290 3327 3391 3396 ipsi
3419 3343 3449 3382 a
3473 3329 3708 3384 concilio

2125 3410 2555 3468 Chalcedonensi
2591 3415 2851 3486 abrogata
2890 3425 2989 3472 est.

2197 3499 2286 3552 III.
2331 3499 2518 3564 Tunc,
2566 3503 2784 3572 opinor,
2835 3504 3061 3559 obtenta
3109 3515 3194 3560 est
3241 3508 3309 3562 ab
3354 3509 3706 3578 imperatore,

2124 3606 2288 3661 quam
2334 3590 2469 3657 dixi,
2504 3593 2761 3664 dignitas,
2802 3610 2929 3648 cum
2969 3596 3253 3667 depositus
3297 3609 3380 3655 est
3423 3601 3704 3656 Irenmus:

2123 3699 2249 3737 nam
2279 3683 2408 3755 quia
2448 3684 2592 3741 inter
2621 3687 2810 3757 plures
2837 3686 3198 3758 depositionis
3229 3708 3422 3748 causas
3445 3693 3561 3748 haec
3587 3702 3708 3748 erat

2123 3777 2377 3840 maxima,
2419 3777 2564 3847 quod
2599 3777 2842 3832 animum
2884 3781 3233 3851 imperatoris
3264 3785 3500 3847 Irenmus
3529 3785 3708 3840 oﬂ'en-

2122 3867 2316 3932 disset,
2363 3868 2466 3924 hac
2507 3870 2794 3926 occasione
2827 3871 3035 3929 abusus
3075 3875 3418 3937 Eustathius,
3466 3876 3598 3932 fecit
3647 3887 3708 3932 ut

2119 3958 2295 4028 prima
2331 3959 2614 4014 Phoenicia
2644 3960 2698 4014 in
2728 3960 2870 4016 duos
2906 3964 3283 4032 metropolitas
3312 3965 3658 4022 divideretur
3689 3985 3702 4021 :

2121 4063 2224 4103 nec
2253 4049 2504 4115 Photius,
2540 4049 2633 4119 qui
2681 4049 2871 4104 Irenaei
2902 4051 3084 4106 locum
3124 4055 3360 4124 accepit,
3404 4057 3704 4114 reclamare

2119 4154 2285 4195 ausus
2311 4149 2414 4205 est,
2432 4157 2501 4196 ne
2531 4140 2880 4211 imperatoris
2917 4143 3054 4196 iram
3080 4143 3136 4196 in
3167 4158 3225 4198 se
3254 4161 3473 4214 quoque
3501 4163 3702 4216 provo-

2118 4239 2289 4285 caret.
2324 4232 2550 4297 Verum,
2588 4233 2823 4288 rescissa
2846 4233 3178 4289 Theodoreti
3211 4238 3515 4300 sanctione,
3548 4239 3705 4296 reda-

2118 4323 2239 4371 ctus
2285 4325 2370 4371 est
2411 4319 2734 4375 Eustathius
2788 4321 2840 4375 in
2897 4322 3150 4379 ordinem
3201 4344 3212 4379 :
3262 4342 3388 4381 nam
3425 4339 3549 4396 post
3593 4329 3692 4384 Do-

2118 4403 2374 4459 rotheum
2442 4405 2623 4462 Photii
2705 4421 3084 4465 successorem
3165 4420 3221 4466 et
3297 4415 3702 4484 metropolitam

2117 4491 2442 4563 subscripsit
2471 4494 2525 4548 in
2553 4496 2833 4567 synodicis
2860 4498 3156 4555 Phrenicia:
3194 4501 3387 4570 prima:
3413 4503 3612 4559 litteris
3632 4505 3700 4560 ad

2044 4575 2087 4631 Β
2117 4580 2354 4636 Leonem
2389 4583 2775 4654 imperatorem
2804 4601 2949 4640 anno
2971 4588 3096 4642 458.

2228 4694 2471 4765 Epistota
2497 4697 2586 4761 49,
2619 4696 2904 4768 familiaris
2931 4699 3000 4752 ad
3023 4699 3351 4757 Damianum
3382 4701 3595 4760 Sidonis

2771 4771 3089 4841 episcopum.
3232 4823 3246 4852 η

2188 4871 2352 4927 Deest
2388 4871 2491 4943 ipsi
2529 4875 2736 4944 pariter
2767 4877 3030 4948 temporis
3069 4887 3220 4934 nota.
3253 4882 3570 4949 Damianus,
3610 4885 3703 4940 cui

2117 4962 2399 5028 scribitur,
2453 4965 2706 5020 interfuit
2763 4970 3000 5024 concilio
3043 4971 3392 5028 Antiocheno
3439 4974 3496 5030 in
3537 4991 3699 5031 causa

2117 5051 2399 5109 Athanasii
2427 5057 2751 5114 Perrhensis
2774 5075 2917 5115 anno
2947 5063 3072 5127 445,
3098 5073 3155 5119 et
3173 5064 3228 5118 in
3263 5065 3698 5124 Chalcedonensi

2116 5161 2262 5200 anno
2311 5149 2437 5202 451.
2468 5149 2590 5204 Non
2644 5152 2738 5206 diu
2798 5161 2979 5208 tamen
3038 5157 3311 5226 superfuit
3362 5175 3377 5211 :
3424 5159 3696 5227 siquidem

2115 5239 2393 5309 synodicis
2411 5242 2706 5298 Phoenicia:
2729 5244 2920 5314 primae
2945 5245 3011 5298 ad
3041 5246 3425 5315 imperatorem
3453 5247 3695 5306 Leonem

2115 5329 2258 5384 datis
2277 5331 2457 5401 Megas
2477 5333 2699 5388 Sidonis
2725 5335 3017 5404 episcopus
3044 5336 3370 5407 subscripsit
3397 5355 3542 5395 anno
3569 5342 3671 5396 458

2151 5443 2168 5462 ⁶
2206 5443 2449 5514 Epistola
2479 5447 2565 5510 50,
2598 5447 2893 5569 familiaJrist
2912 5448 2982 5500 ad
3011 5448 3317 5505 Gerontium
3349 5454 3654 5508 archiman-

2827 5535 2870 5569 ﬂ
2898 5535 3004 5569 am.

2827 5527 3004 5571 ritam.

2187 5605 2349 5659 Deest
2383 5606 2644 5676 temporis
2679 5616 2842 5675 nota;
2880 5609 3101 5664 videtur
3137 5619 3348 5678 tamen,
3383 5621 3444 5668 ut
3477 5621 3534 5667 et
3571 5614 3692 5669 alia

1745 5709 2064 5775 SCHULZII
2108 5719 2341 5774 NOTAE.

481 5833 526 5864 “
552 5835 703 5890 Idem
737 5851 856 5892 esse
889 5837 1123 5904 videtur,
1157 5839 1222 5896 ad
1252 5855 1416 5910 quem
1447 5839 1664 5910 scriptae
1694 5845 1824 5892 sunt
1847 5839 2090 5908 epistola:
2117 5839 2182 5894 59
2219 5849 2273 5894 et
2303 5840 2391 5894 99.
