  <div class='ocr_page' id='page_1' title='image "/cluster/home/n/w/nwhite01/storage/ocr_20150623/84:no.5/coo.31924054869858/143.png"; bbox 0 0 4070 6460; ppageno 0'>
   <div class='ocr_carea' id='block_1_1' title="bbox 424 368 525 433">
    <p class='ocr_par' dir='ltr' id='par_1_1' title="bbox 424 368 525 433">
     <span class='ocr_line' id='line_1_1' title="bbox 424 368 525 433; baseline -0.02 0"><span class='ocrx_word' id='word_1_1' title='bbox 424 368 525 433; x_wconf 71' lang='lat'><strong>£71</strong></span> 
     </span>
    </p>
   </div>
   <div class='ocr_carea' id='block_1_2' title="bbox 1553 369 2579 432">
    <p class='ocr_par' dir='ltr' id='par_1_2' title="bbox 1553 369 2579 432">
     <span class='ocr_line' id='line_1_2' title="bbox 1553 369 2579 432; baseline 0 -2"><span class='ocrx_word' id='word_1_2' title='bbox 1553 369 1931 432; x_wconf 77' lang='lat' dir='ltr'><strong>GARNERII</strong></span> <span class='ocrx_word' id='word_1_3' title='bbox 1970 369 2462 431; x_wconf 81' lang='lat' dir='ltr'><strong>DISSERTATIO</strong></span> <span class='ocrx_word' id='word_1_4' title='bbox 2496 370 2579 430; x_wconf 89' lang='lat' dir='ltr'><strong>II.</strong></span> 
     </span>
    </p>
   </div>
   <div class='ocr_carea' id='block_1_3' title="bbox 3576 364 3684 427">
    <p class='ocr_par' dir='ltr' id='par_1_3' title="bbox 3576 364 3684 427">
     <span class='ocr_line' id='line_1_3' title="bbox 3576 364 3684 427; baseline -0.019 1"><span class='ocrx_word' id='word_1_5' title='bbox 3576 364 3684 427; x_wconf 75' lang='lat'><strong>272</strong></span> 
     </span>
    </p>
   </div>
   <div class='ocr_carea' id='block_1_4' title="bbox 427 469 3684 552">
    <p class='ocr_par' dir='ltr' id='par_1_4' title="bbox 427 469 3684 552">
     <span class='ocr_line' id='line_1_4' title="bbox 427 469 3684 552; baseline -0.003 -17"><span class='ocrx_word' id='word_1_6' title='bbox 427 481 645 552; x_wconf 75' lang='lat' dir='ltr'><strong>priores</strong></span> <span class='ocrx_word' id='word_1_7' title='bbox 674 477 814 538; x_wconf 81' lang='lat' dir='ltr'><strong>dua.</strong></span> <span class='ocrx_word' id='word_1_8' title='bbox 854 475 979 532; x_wconf 85' lang='lat' dir='ltr'><strong>data</strong></span> <span class='ocrx_word' id='word_1_9' title='bbox 1004 476 1335 547; x_wconf 79' lang='lat' dir='ltr'><strong>.priusquam</strong></span> <span class='ocrx_word' id='word_1_10' title='bbox 1366 473 1746 531; x_wconf 90' lang='lat' dir='ltr'><strong>Theodoretus</strong></span> <span class='ocrx_word' id='word_1_11' title='bbox 1770 490 1997 529; x_wconf 80' lang='lat' dir='ltr'><strong>vexare-</strong></span> <span class='ocrx_word' id='word_1_12' title='bbox 2033 481 2072 534; x_wconf 80' lang='grc' dir='ltr'><strong>Α</strong></span> <span class='ocrx_word' id='word_1_13' title='bbox 2101 474 2251 529; x_wconf 91' lang='lat' dir='ltr'><strong>enim</strong></span> <span class='ocrx_word' id='word_1_14' title='bbox 2284 472 2460 528; x_wconf 86' lang='lat' dir='ltr'><strong>Nemo</strong></span> <span class='ocrx_word' id='word_1_15' title='bbox 2505 473 2876 537; x_wconf 89' lang='lat' dir='ltr'><strong>consulatum,</strong></span> <span class='ocrx_word' id='word_1_16' title='bbox 2928 470 3089 542; x_wconf 71' lang='lat'><strong>323</strong></span> <span class='ocrx_word' id='word_1_17' title='bbox 3118 485 3289 541; x_wconf 82' lang='lat' dir='ltr'><strong>quem</strong></span> <span class='ocrx_word' id='word_1_18' title='bbox 3331 469 3502 541; x_wconf 84' lang='lat' dir='ltr'><strong>gessit</strong></span> <span class='ocrx_word' id='word_1_19' title='bbox 3536 486 3684 526; x_wconf 86' lang='lat' dir='ltr'><strong>anno</strong></span> 
     </span>
    </p>
   </div>
   <div class='ocr_carea' id='block_1_5' title="bbox 431 565 2001 639">
    <p class='ocr_par' dir='ltr' id='par_1_5' title="bbox 431 565 2001 639">
     <span class='ocr_line' id='line_1_5' title="bbox 431 565 2001 639; baseline -0.004 -13"><span class='ocrx_word' id='word_1_20' title='bbox 431 581 559 626; x_wconf 88' lang='lat' dir='ltr'><strong>tur:</strong></span> <span class='ocrx_word' id='word_1_21' title='bbox 591 568 840 639; x_wconf 86' lang='lat' dir='ltr'><strong>alioquin</strong></span> <span class='ocrx_word' id='word_1_22' title='bbox 880 583 989 621; x_wconf 92' lang='lat' dir='ltr'><strong>non</strong></span> <span class='ocrx_word' id='word_1_23' title='bbox 1016 567 1308 631; x_wconf 89' lang='lat' dir='ltr'><strong>omisisset,</strong></span> <span class='ocrx_word' id='word_1_24' title='bbox 1334 565 1527 622; x_wconf 91' lang='lat' dir='ltr'><strong>saltem</strong></span> <span class='ocrx_word' id='word_1_25' title='bbox 1558 565 1722 636; x_wconf 72' lang='lat'><strong>322</strong></span> <span class='ocrx_word' id='word_1_26' title='bbox 1756 565 2001 634; x_wconf 86' lang='lat' dir='ltr'><strong>oblique,</strong></span> 
     </span>
    </p>
   </div>
   <div class='ocr_carea' id='block_1_6' title="bbox 428 652 2004 724">
    <p class='ocr_par' dir='ltr' id='par_1_6' title="bbox 428 652 2004 724">
     <span class='ocr_line' id='line_1_6' title="bbox 428 652 2004 724; baseline -0.006 -8"><span class='ocrx_word' id='word_1_27' title='bbox 428 661 497 716; x_wconf 90' lang='lat' dir='ltr'><strong>de</strong></span> <span class='ocrx_word' id='word_1_28' title='bbox 524 659 810 714; x_wconf 80' lang='lat' dir='ltr'><strong>vexatione</strong></span> <span class='ocrx_word' id='word_1_29' title='bbox 843 655 1096 710; x_wconf 85' lang='lat' dir='ltr'><strong>nonnihil</strong></span> <span class='ocrx_word' id='word_1_30' title='bbox 1118 654 1303 709; x_wconf 88' lang='lat' dir='ltr'><strong>dicere</strong></span> <span class='ocrx_word' id='word_1_31' title='bbox 1338 671 1351 708; x_wconf 91' lang='lat'><strong>:</strong></span> <span class='ocrx_word' id='word_1_32' title='bbox 1382 655 1585 709; x_wconf 87' lang='lat' dir='ltr'><strong>etenim</strong></span> <span class='ocrx_word' id='word_1_33' title='bbox 1619 655 1866 724; x_wconf 87' lang='lat' dir='ltr'><strong>querula</strong></span> <span class='ocrx_word' id='word_1_34' title='bbox 1901 652 2004 707; x_wconf 87' lang='lat' dir='ltr'><strong>fuit</strong></span> 
     </span>
    </p>
   </div>
   <div class='ocr_carea' id='block_1_7' title="bbox 428 742 2003 817">
    <p class='ocr_par' dir='ltr' id='par_1_7' title="bbox 428 742 2003 817">
     <span class='ocr_line' id='line_1_7' title="bbox 428 742 2003 817; baseline -0.006 -10"><span class='ocrx_word' id='word_1_35' title='bbox 428 762 486 807; x_wconf 84' lang='lat' dir='ltr'><strong>et</strong></span> <span class='ocrx_word' id='word_1_36' title='bbox 526 748 897 807; x_wconf 90' lang='lat' dir='ltr'><strong>ostentatricis</strong></span> <span class='ocrx_word' id='word_1_37' title='bbox 936 746 1233 817; x_wconf 85' lang='lat' dir='ltr'><strong>patientia.</strong></span> <span class='ocrx_word' id='word_1_38' title='bbox 1267 746 1344 800; x_wconf 90' lang='lat' dir='ltr'><strong>De</strong></span> <span class='ocrx_word' id='word_1_39' title='bbox 1371 742 1633 801; x_wconf 74' lang='lat' dir='ltr'><strong>Gerontio</strong></span> <span class='ocrx_word' id='word_1_40' title='bbox 1670 745 1808 800; x_wconf 87' lang='lat' dir='ltr'><strong>nihil</strong></span> <span class='ocrx_word' id='word_1_41' title='bbox 1850 759 2003 799; x_wconf 88' lang='lat' dir='ltr'><strong>com-</strong></span> 
     </span>
    </p>
   </div>
   <div class='ocr_carea' id='block_1_8' title="bbox 430 835 2002 913">
    <p class='ocr_par' dir='ltr' id='par_1_8' title="bbox 430 835 2002 913">
     <span class='ocr_line' id='line_1_8' title="bbox 430 835 2002 913; baseline -0.006 -15"><span class='ocrx_word' id='word_1_42' title='bbox 430 842 569 913; x_wconf 88' lang='lat' dir='ltr'><strong>perti</strong></span> <span class='ocrx_word' id='word_1_43' title='bbox 599 841 798 904; x_wconf 84' lang='lat' dir='ltr'><strong>habeo,</strong></span> <span class='ocrx_word' id='word_1_44' title='bbox 840 838 946 894; x_wconf 89' lang='lat' dir='ltr'><strong>nisi</strong></span> <span class='ocrx_word' id='word_1_45' title='bbox 984 837 1123 893; x_wconf 87' lang='lat' dir='ltr'><strong>forte</strong></span> <span class='ocrx_word' id='word_1_46' title='bbox 1149 837 1295 891; x_wconf 78' lang='lat' dir='ltr'><strong>idem</strong></span> <span class='ocrx_word' id='word_1_47' title='bbox 1325 838 1397 893; x_wconf 91' lang='lat' dir='ltr'><strong>sit</strong></span> <span class='ocrx_word' id='word_1_48' title='bbox 1428 853 1553 893; x_wconf 91' lang='lat' dir='ltr'><strong>cum</strong></span> <span class='ocrx_word' id='word_1_49' title='bbox 1575 835 1839 893; x_wconf 80' lang='lat' dir='ltr'><strong>Gerontio</strong></span> <span class='ocrx_word' id='word_1_50' title='bbox 1870 836 2002 892; x_wconf 85' lang='lat' dir='ltr'><strong>sub-</strong></span> 
     </span>
    </p>
   </div>
   <div class='ocr_carea' id='block_1_9' title="bbox 428 927 1569 999">
    <p class='ocr_par' dir='ltr' id='par_1_9' title="bbox 428 927 1569 999">
     <span class='ocr_line' id='line_1_9' title="bbox 428 927 1569 999; baseline -0.005 -11"><span class='ocrx_word' id='word_1_51' title='bbox 428 933 682 996; x_wconf 90' lang='lat' dir='ltr'><strong>diacono,</strong></span> <span class='ocrx_word' id='word_1_52' title='bbox 709 930 777 985; x_wconf 90' lang='lat' dir='ltr'><strong>de</strong></span> <span class='ocrx_word' id='word_1_53' title='bbox 801 944 912 999; x_wconf 90' lang='lat' dir='ltr'><strong>quo</strong></span> <span class='ocrx_word' id='word_1_54' title='bbox 947 927 1009 983; x_wconf 79' lang='lat' dir='ltr'><strong>ﬁt</strong></span> <span class='ocrx_word' id='word_1_55' title='bbox 1036 928 1244 983; x_wconf 88' lang='lat' dir='ltr'><strong>mentio</strong></span> <span class='ocrx_word' id='word_1_56' title='bbox 1282 928 1442 998; x_wconf 83' lang='lat' dir='ltr'><strong>epist.</strong></span> <span class='ocrx_word' id='word_1_57' title='bbox 1483 927 1569 982; x_wconf 82' lang='grc'><strong>10.</strong></span> 
     </span>
    </p>
   </div>
   <div class='ocr_carea' id='block_1_10' title="bbox 530 1038 1902 1125">
    <p class='ocr_par' dir='ltr' id='par_1_10' title="bbox 530 1038 1902 1125">
     <span class='ocr_line' id='line_1_10' title="bbox 530 1038 1902 1125; baseline -0.002 -27"><span class='ocrx_word' id='word_1_58' title='bbox 530 1039 774 1116; x_wconf 82' lang='lat' dir='ltr'><strong>Epistola</strong></span> <span class='ocrx_word' id='word_1_59' title='bbox 802 1040 891 1108; x_wconf 73' lang='lat'><strong>52,</strong></span> <span class='ocrx_word' id='word_1_60' title='bbox 914 1041 960 1074; x_wconf 83' lang='grc'><strong><em>⁸³</em></strong></span> <span class='ocrx_word' id='word_1_61' title='bbox 985 1040 1410 1125; x_wconf 68' lang='lat' dir='ltr'><strong>commendatitia</strong></span> <span class='ocrx_word' id='word_1_62' title='bbox 1428 1040 1498 1095; x_wconf 87' lang='lat' dir='ltr'><strong>ad</strong></span> <span class='ocrx_word' id='word_1_63' title='bbox 1515 1040 1667 1096; x_wconf 82' lang='lat' dir='ltr'><strong>Ibam</strong></span> <span class='ocrx_word' id='word_1_64' title='bbox 1689 1038 1902 1096; x_wconf 77' lang='lat' dir='ltr'><strong>Edessa:</strong></span> 
     </span>
    </p>
   </div>
   <div class='ocr_carea' id='block_1_11' title="bbox 1060 1128 1379 1183">
    <p class='ocr_par' dir='ltr' id='par_1_11' title="bbox 1060 1128 1379 1183">
     <span class='ocr_line' id='line_1_11' title="bbox 1060 1128 1379 1183; baseline -0.003 -17"><span class='ocrx_word' id='word_1_65' title='bbox 1060 1128 1379 1183; x_wconf 73' lang='lat' dir='ltr'><strong>episcopum.</strong></span> 
     </span>
    </p>
   </div>
   <div class='ocr_carea' id='block_1_12' title="bbox 496 1223 2007 1304">
    <p class='ocr_par' dir='ltr' id='par_1_12' title="bbox 496 1223 2007 1304">
     <span class='ocr_line' id='line_1_12' title="bbox 496 1223 2007 1304; baseline -0.007 -15"><span class='ocrx_word' id='word_1_66' title='bbox 496 1235 537 1289; x_wconf 87' lang='lat' dir='ltr'><strong>l.</strong></span> <span class='ocrx_word' id='word_1_67' title='bbox 582 1232 795 1304; x_wconf 82' lang='lat' dir='ltr'><strong>Scripta</strong></span> <span class='ocrx_word' id='word_1_68' title='bbox 839 1240 925 1287; x_wconf 90' lang='lat' dir='ltr'><strong>est</strong></span> <span class='ocrx_word' id='word_1_69' title='bbox 962 1237 1088 1302; x_wconf 91' lang='lat' dir='ltr'><strong>post</strong></span> <span class='ocrx_word' id='word_1_70' title='bbox 1134 1243 1337 1284; x_wconf 89' lang='lat' dir='ltr'><strong>annum</strong></span> <span class='ocrx_word' id='word_1_71' title='bbox 1378 1226 1503 1292; x_wconf 78' lang='grc'>456,</span> <span class='ocrx_word' id='word_1_72' title='bbox 1542 1240 1653 1296; x_wconf 89' lang='lat' dir='ltr'><strong>quo</strong></span> <span class='ocrx_word' id='word_1_73' title='bbox 1698 1238 1842 1280; x_wconf 87' lang='lat' dir='ltr'><strong>anno</strong></span> <span class='ocrx_word' id='word_1_74' title='bbox 1883 1223 2007 1278; x_wconf 88' lang='lat' dir='ltr'><strong>lbas</strong></span> 
     </span>
    </p>
   </div>
   <div class='ocr_carea' id='block_1_13' title="bbox 426 1317 2006 1394">
    <p class='ocr_par' dir='ltr' id='par_1_13' title="bbox 426 1317 2006 1394">
     <span class='ocr_line' id='line_1_13' title="bbox 426 1317 2006 1394; baseline -0.006 -14"><span class='ocrx_word' id='word_1_75' title='bbox 426 1326 606 1381; x_wconf 85' lang='lat' dir='ltr'><strong>factus</strong></span> <span class='ocrx_word' id='word_1_76' title='bbox 640 1335 724 1380; x_wconf 90' lang='lat' dir='ltr'><strong>est</strong></span> <span class='ocrx_word' id='word_1_77' title='bbox 769 1324 1065 1394; x_wconf 88' lang='lat' dir='ltr'><strong>cpiscopus</strong></span> <span class='ocrx_word' id='word_1_78' title='bbox 1107 1340 1119 1375; x_wconf 90' lang='lat'>:</span> <span class='ocrx_word' id='word_1_79' title='bbox 1162 1321 1275 1375; x_wconf 91' lang='lat' dir='ltr'><strong>imo</strong></span> <span class='ocrx_word' id='word_1_80' title='bbox 1311 1326 1432 1390; x_wconf 90' lang='lat' dir='ltr'><strong>post</strong></span> <span class='ocrx_word' id='word_1_81' title='bbox 1473 1334 1679 1373; x_wconf 89' lang='lat' dir='ltr'><strong>annum</strong></span> <span class='ocrx_word' id='word_1_82' title='bbox 1722 1317 1848 1381; x_wconf 80' lang='grc'>459,</span> <span class='ocrx_word' id='word_1_83' title='bbox 1895 1330 2006 1386; x_wconf 88' lang='lat' dir='ltr'><strong>quo</strong></span> 
     </span>
    </p>
   </div>
   <div class='ocr_carea' id='block_1_14' title="bbox 425 1405 2005 1488">
    <p class='ocr_par' dir='ltr' id='par_1_14' title="bbox 425 1405 2005 1488">
     <span class='ocr_line' id='line_1_14' title="bbox 425 1405 2005 1488; baseline -0.008 -16"><span class='ocrx_word' id='word_1_84' title='bbox 425 1426 584 1488; x_wconf 88' lang='lat' dir='ltr'><strong>capta</strong></span> <span class='ocrx_word' id='word_1_85' title='bbox 618 1423 703 1471; x_wconf 89' lang='lat' dir='ltr'><strong>est</strong></span> <span class='ocrx_word' id='word_1_86' title='bbox 735 1431 765 1469; x_wconf 88' lang='lat' dir='ltr'><strong>a</strong></span> <span class='ocrx_word' id='word_1_87' title='bbox 793 1412 1054 1470; x_wconf 79' lang='lat' dir='ltr'><strong>Vandalis</strong></span> <span class='ocrx_word' id='word_1_88' title='bbox 1094 1411 1386 1481; x_wconf 83' lang='lat' dir='ltr'><strong>Carthago,</strong></span> <span class='ocrx_word' id='word_1_89' title='bbox 1434 1407 1720 1479; x_wconf 82' lang='lat' dir='ltr'><strong>coactique</strong></span> <span class='ocrx_word' id='word_1_90' title='bbox 1761 1405 2005 1477; x_wconf 87' lang='lat' dir='ltr'><strong>episcopi</strong></span> 
     </span>
    </p>
   </div>
   <div class='ocr_carea' id='block_1_15' title="bbox 424 1499 2005 1575">
    <p class='ocr_par' dir='ltr' id='par_1_15' title="bbox 424 1499 2005 1575">
     <span class='ocr_line' id='line_1_15' title="bbox 424 1499 2005 1575; baseline -0.008 -13"><span class='ocrx_word' id='word_1_91' title='bbox 424 1506 664 1561; x_wconf 83' lang='lat' dir='ltr'><strong>Africani</strong></span> <span class='ocrx_word' id='word_1_92' title='bbox 697 1505 895 1575; x_wconf 86' lang='lat' dir='ltr'><strong>partim</strong></span> <span class='ocrx_word' id='word_1_93' title='bbox 918 1502 1124 1573; x_wconf 83' lang='lat' dir='ltr'><strong>fugere,</strong></span> <span class='ocrx_word' id='word_1_94' title='bbox 1146 1500 1346 1570; x_wconf 86' lang='lat' dir='ltr'><strong>partim</strong></span> <span class='ocrx_word' id='word_1_95' title='bbox 1369 1499 1505 1554; x_wconf 91' lang='lat' dir='ltr'><strong>dura</strong></span> <span class='ocrx_word' id='word_1_96' title='bbox 1532 1499 1646 1569; x_wconf 89' lang='lat' dir='ltr'><strong>pati</strong></span> <span class='ocrx_word' id='word_1_97' title='bbox 1678 1514 1691 1551; x_wconf 92' lang='lat'><strong>:</strong></span> <span class='ocrx_word' id='word_1_98' title='bbox 1723 1512 2005 1552; x_wconf 90' lang='lat' dir='ltr'><strong>commen-</strong></span> 
     </span>
    </p>
   </div>
   <div class='ocr_carea' id='block_1_16' title="bbox 425 1587 2007 1662">
    <p class='ocr_par' dir='ltr' id='par_1_16' title="bbox 425 1587 2007 1662">
     <span class='ocr_line' id='line_1_16' title="bbox 425 1587 2007 1662; baseline -0.007 -11"><span class='ocrx_word' id='word_1_99' title='bbox 425 1596 590 1651; x_wconf 86' lang='lat' dir='ltr'><strong>datur</strong></span> <span class='ocrx_word' id='word_1_100' title='bbox 621 1594 769 1649; x_wconf 90' lang='lat' dir='ltr'><strong>enim</strong></span> <span class='ocrx_word' id='word_1_101' title='bbox 800 1593 908 1647; x_wconf 84' lang='lat' dir='ltr'><strong>Iba</strong></span> <span class='ocrx_word' id='word_1_102' title='bbox 939 1590 1247 1662; x_wconf 85' lang='lat' dir='ltr'><strong>Cyprianus</strong></span> <span class='ocrx_word' id='word_1_103' title='bbox 1270 1589 1583 1659; x_wconf 89' lang='lat' dir='ltr'><strong>episcopus,</strong></span> <span class='ocrx_word' id='word_1_104' title='bbox 1638 1606 1656 1639; x_wconf 74' lang='grc' dir='ltr'><strong><em>ι</em></strong></span> <span class='ocrx_word' id='word_1_105' title='bbox 1688 1587 1784 1657; x_wconf 89' lang='lat' dir='ltr'><strong>qui</strong></span> <span class='ocrx_word' id='word_1_106' title='bbox 1818 1602 1886 1641; x_wconf 79' lang='lat' dir='ltr'><strong>ex</strong></span> <span class='ocrx_word' id='word_1_107' title='bbox 1912 1600 2007 1641; x_wconf 89' lang='lat' dir='ltr'><strong>ce-</strong></span> 
     </span>
    </p>
   </div>
   <div class='ocr_carea' id='block_1_17' title="bbox 401 1677 2009 1745">
    <p class='ocr_par' dir='ltr' id='par_1_17' title="bbox 401 1677 2009 1745">
     <span class='ocr_line' id='line_1_17' title="bbox 401 1677 2009 1745; baseline -0.003 -10"><span class='ocrx_word' id='word_1_108' title='bbox 401 1684 721 1741; x_wconf 74' lang='lat' dir='ltr'><strong>leberrima</strong></span> <span class='ocrx_word' id='word_1_109' title='bbox 752 1692 907 1738; x_wconf 90' lang='lat' dir='ltr'><strong>ortus</strong></span> <span class='ocrx_word' id='word_1_110' title='bbox 935 1680 1140 1745; x_wconf 87' lang='lat' dir='ltr'><strong>Africa,</strong></span> <span class='ocrx_word' id='word_1_111' title='bbox 1172 1686 1389 1735; x_wconf 80' lang='lat' dir='ltr'><strong>exteras</strong></span> <span class='ocrx_word' id='word_1_112' title='bbox 1421 1694 1546 1733; x_wconf 87' lang='lat' dir='ltr'><strong>oras</strong></span> <span class='ocrx_word' id='word_1_113' title='bbox 1584 1677 1882 1733; x_wconf 88' lang='lat' dir='ltr'><strong>circumire</strong></span> <span class='ocrx_word' id='word_1_114' title='bbox 1917 1691 2009 1732; x_wconf 93' lang='lat' dir='ltr'><strong>co-</strong></span> 
     </span>
    </p>
   </div>
   <div class='ocr_carea' id='block_1_18' title="bbox 400 1768 1823 1846">
    <p class='ocr_par' dir='ltr' id='par_1_18' title="bbox 400 1768 1823 1846">
     <span class='ocr_line' id='line_1_18' title="bbox 400 1768 1823 1846; baseline -0.006 -17"><span class='ocrx_word' id='word_1_115' title='bbox 400 1775 678 1846; x_wconf 70' lang='lat' dir='ltr'><strong>gebatur,</strong></span> <span class='ocrx_word' id='word_1_116' title='bbox 704 1779 929 1842; x_wconf 80' lang='lat' dir='ltr'><strong>propter</strong></span> <span class='ocrx_word' id='word_1_117' title='bbox 950 1769 1350 1824; x_wconf 86' lang='lat' dir='ltr'><strong>immanitatem</strong></span> <span class='ocrx_word' id='word_1_118' title='bbox 1385 1768 1770 1823; x_wconf 90' lang='lat' dir='ltr'><strong>barbarorum.</strong></span> <span class='ocrx_word' id='word_1_119' title='bbox 1805 1785 1823 1818; x_wconf 76' lang='grc' dir='ltr'><strong><em>ι</em></strong></span> 
     </span>
    </p>
   </div>
   <div class='ocr_carea' id='block_1_19' title="bbox 494 1862 2007 1935">
    <p class='ocr_par' dir='ltr' id='par_1_19' title="bbox 494 1862 2007 1935">
     <span class='ocr_line' id='line_1_19' title="bbox 494 1862 2007 1935; baseline -0.009 -9"><span class='ocrx_word' id='word_1_120' title='bbox 494 1873 559 1926; x_wconf 87' lang='lat' dir='ltr'><strong>ll.</strong></span> <span class='ocrx_word' id='word_1_121' title='bbox 601 1870 760 1924; x_wconf 90' lang='lat' dir='ltr'><strong>llunc</strong></span> <span class='ocrx_word' id='word_1_122' title='bbox 791 1867 860 1922; x_wconf 89' lang='lat' dir='ltr'><strong>ab</strong></span> <span class='ocrx_word' id='word_1_123' title='bbox 898 1864 1139 1921; x_wconf 86' lang='lat' dir='ltr'><strong>Eusebio</strong></span> <span class='ocrx_word' id='word_1_124' title='bbox 1176 1863 1404 1935; x_wconf 82' lang='lat' dir='ltr'><strong>Ancyra</strong></span> <span class='ocrx_word' id='word_1_125' title='bbox 1435 1862 1694 1932; x_wconf 83' lang='lat' dir='ltr'><strong>episcopo</strong></span> <span class='ocrx_word' id='word_1_126' title='bbox 1724 1874 2007 1916; x_wconf 83' lang='lat' dir='ltr'><strong>commen-</strong></span> 
     </span>
    </p>
   </div>
   <div class='ocr_carea' id='block_1_20' title="bbox 423 1950 2008 2024">
    <p class='ocr_par' dir='ltr' id='par_1_20' title="bbox 423 1950 2008 2024">
     <span class='ocr_line' id='line_1_20' title="bbox 423 1950 2008 2024; baseline -0.01 -4"><span class='ocrx_word' id='word_1_127' title='bbox 423 1966 613 2021; x_wconf 88' lang='lat' dir='ltr'><strong>datum</strong></span> <span class='ocrx_word' id='word_1_128' title='bbox 654 1959 1038 2015; x_wconf 85' lang='lat' dir='ltr'><strong>Theodoretus</strong></span> <span class='ocrx_word' id='word_1_129' title='bbox 1075 1961 1368 2024; x_wconf 80' lang='lat' dir='ltr'><strong>exceperat</strong></span> <span class='ocrx_word' id='word_1_130' title='bbox 1411 1970 1423 2006; x_wconf 91' lang='lat'><strong>:</strong></span> <span class='ocrx_word' id='word_1_131' title='bbox 1468 1952 1607 2018; x_wconf 84' lang='lat' dir='ltr'><strong>petit</strong></span> <span class='ocrx_word' id='word_1_132' title='bbox 1648 1952 1893 2007; x_wconf 85' lang='lat' dir='ltr'><strong>vicissim</strong></span> <span class='ocrx_word' id='word_1_133' title='bbox 1938 1950 2008 2005; x_wconf 91' lang='lat' dir='ltr'><strong>ab</strong></span> 
     </span>
    </p>
   </div>
   <div class='ocr_carea' id='block_1_21' title="bbox 424 2045 2007 2122">
    <p class='ocr_par' dir='ltr' id='par_1_21' title="bbox 424 2045 2007 2122">
     <span class='ocr_line' id='line_1_21' title="bbox 424 2045 2007 2122; baseline -0.008 -10"><span class='ocrx_word' id='word_1_134' title='bbox 424 2059 535 2122; x_wconf 86' lang='lat' dir='ltr'><strong>lba,</strong></span> <span class='ocrx_word' id='word_1_135' title='bbox 563 2063 626 2109; x_wconf 92' lang='lat' dir='ltr'><strong>ut</strong></span> <span class='ocrx_word' id='word_1_136' title='bbox 646 2058 938 2122; x_wconf 84' lang='lat' dir='ltr'><strong>exceptum</strong></span> <span class='ocrx_word' id='word_1_137' title='bbox 970 2048 1281 2104; x_wconf 88' lang='lat' dir='ltr'><strong>liberaliter</strong></span> <span class='ocrx_word' id='word_1_138' title='bbox 1311 2045 1380 2101; x_wconf 87' lang='lat' dir='ltr'><strong>ad</strong></span> <span class='ocrx_word' id='word_1_139' title='bbox 1404 2045 1541 2100; x_wconf 91' lang='lat' dir='ltr'><strong>alios</strong></span> <span class='ocrx_word' id='word_1_140' title='bbox 1560 2045 1849 2114; x_wconf 86' lang='lat' dir='ltr'><strong>episcopos</strong></span> <span class='ocrx_word' id='word_1_141' title='bbox 1881 2060 2007 2099; x_wconf 93' lang='lat' dir='ltr'><strong>cum</strong></span> 
     </span>
    </p>
   </div>
   <div class='ocr_carea' id='block_1_22' title="bbox 424 2135 2009 2207">
    <p class='ocr_par' dir='ltr' id='par_1_22' title="bbox 424 2135 2009 2207">
     <span class='ocr_line' id='line_1_22' title="bbox 424 2135 2009 2207; baseline -0.008 -5"><span class='ocrx_word' id='word_1_142' title='bbox 424 2145 627 2202; x_wconf 87' lang='lat' dir='ltr'><strong>litteris</strong></span> <span class='ocrx_word' id='word_1_143' title='bbox 668 2142 929 2199; x_wconf 87' lang='lat' dir='ltr'><strong>dimittat.</strong></span> <span class='ocrx_word' id='word_1_144' title='bbox 974 2140 1109 2195; x_wconf 89' lang='lat' dir='ltr'><strong>Data</strong></span> <span class='ocrx_word' id='word_1_145' title='bbox 1152 2144 1238 2193; x_wconf 89' lang='lat' dir='ltr'><strong>est</strong></span> <span class='ocrx_word' id='word_1_146' title='bbox 1279 2135 1452 2207; x_wconf 78' lang='lat' dir='ltr'><strong>igitur</strong></span> <span class='ocrx_word' id='word_1_147' title='bbox 1496 2136 1730 2207; x_wconf 89' lang='lat' dir='ltr'><strong>epistola</strong></span> <span class='ocrx_word' id='word_1_148' title='bbox 1784 2135 2009 2191; x_wconf 83' lang='lat' dir='ltr'><strong>circiter</strong></span> 
     </span>
    </p>
   </div>
   <div class='ocr_carea' id='block_1_23' title="bbox 426 2235 782 2294">
    <p class='ocr_par' dir='ltr' id='par_1_23' title="bbox 426 2235 782 2294">
     <span class='ocr_line' id='line_1_23' title="bbox 426 2235 782 2294; baseline -0.014 0"><span class='ocrx_word' id='word_1_149' title='bbox 426 2253 632 2294; x_wconf 87' lang='lat' dir='ltr'><strong>annum</strong></span> <span class='ocrx_word' id='word_1_150' title='bbox 659 2235 782 2292; x_wconf 75' lang='grc'>440.</span> 
     </span>
    </p>
   </div>
   <div class='ocr_carea' id='block_1_24' title="bbox 494 2317 2010 2385">
    <p class='ocr_par' dir='ltr' id='par_1_24' title="bbox 494 2317 2010 2385">
     <span class='ocr_line' id='line_1_24' title="bbox 494 2317 2010 2385; baseline -0.008 0"><span class='ocrx_word' id='word_1_151' title='bbox 494 2325 584 2385; x_wconf 89' lang='grc'><strong>111.</strong></span> <span class='ocrx_word' id='word_1_152' title='bbox 612 2324 763 2379; x_wconf 84' lang='lat' dir='ltr'><strong>Mira</strong></span> <span class='ocrx_word' id='word_1_153' title='bbox 789 2335 920 2376; x_wconf 91' lang='lat' dir='ltr'><strong>vero</strong></span> <span class='ocrx_word' id='word_1_154' title='bbox 949 2318 1179 2376; x_wconf 85' lang='lat' dir='ltr'><strong>fuerunt</strong></span> <span class='ocrx_word' id='word_1_155' title='bbox 1206 2317 1322 2373; x_wconf 87' lang='lat' dir='ltr'><strong>Afri</strong></span> <span class='ocrx_word' id='word_1_156' title='bbox 1356 2317 1507 2373; x_wconf 89' lang='lat' dir='ltr'><strong>illius</strong></span> <span class='ocrx_word' id='word_1_157' title='bbox 1539 2318 1917 2384; x_wconf 89' lang='lat' dir='ltr'><strong>circuitiones,</strong></span> <span class='ocrx_word' id='word_1_158' title='bbox 1948 2327 2010 2373; x_wconf 89' lang='lat' dir='ltr'><strong>ut</strong></span> 
     </span>
    </p>
   </div>
   <div class='ocr_carea' id='block_1_25' title="bbox 424 2405 2005 2489">
    <p class='ocr_par' dir='ltr' id='par_1_25' title="bbox 424 2405 2005 2489">
     <span class='ocr_line' id='line_1_25' title="bbox 424 2405 2005 2489; baseline -0.008 -17"><span class='ocrx_word' id='word_1_159' title='bbox 424 2416 520 2489; x_wconf 91' lang='lat' dir='ltr'><strong>qui</strong></span> <span class='ocrx_word' id='word_1_160' title='bbox 571 2414 788 2485; x_wconf 78' lang='lat' dir='ltr'><strong>Ancyra</strong></span> <span class='ocrx_word' id='word_1_161' title='bbox 826 2409 1053 2467; x_wconf 89' lang='lat' dir='ltr'><strong>Galatia</strong></span> <span class='ocrx_word' id='word_1_162' title='bbox 1096 2407 1300 2479; x_wconf 88' lang='lat' dir='ltr'><strong>Cyrum</strong></span> <span class='ocrx_word' id='word_1_163' title='bbox 1346 2406 1724 2476; x_wconf 84' lang='lat' dir='ltr'><strong>Euphratesia</strong></span> <span class='ocrx_word' id='word_1_164' title='bbox 1770 2405 2005 2471; x_wconf 84' lang='lat' dir='ltr'><strong>venerit,</strong></span> 
     </span>
    </p>
   </div>
   <div class='ocr_carea' id='block_1_26' title="bbox 424 2497 2009 2571">
    <p class='ocr_par' dir='ltr' id='par_1_26' title="bbox 424 2497 2009 2571">
     <span class='ocr_line' id='line_1_26' title="bbox 424 2497 2009 2571; baseline -0.007 -6"><span class='ocrx_word' id='word_1_165' title='bbox 424 2508 553 2564; x_wconf 90' lang='lat' dir='ltr'><strong>inde</strong></span> <span class='ocrx_word' id='word_1_166' title='bbox 601 2506 865 2561; x_wconf 88' lang='lat' dir='ltr'><strong>Edessam</strong></span> <span class='ocrx_word' id='word_1_167' title='bbox 898 2509 1064 2571; x_wconf 85' lang='lat' dir='ltr'><strong>caput</strong></span> <span class='ocrx_word' id='word_1_168' title='bbox 1113 2499 1413 2555; x_wconf 84' lang='lat' dir='ltr'><strong>Osdroenae</strong></span> <span class='ocrx_word' id='word_1_169' title='bbox 1446 2498 1754 2568; x_wconf 89' lang='lat' dir='ltr'><strong>petiturus,</strong></span> <span class='ocrx_word' id='word_1_170' title='bbox 1802 2497 2009 2554; x_wconf 87' lang='lat' dir='ltr'><strong>Edessa</strong></span> 
     </span>
    </p>
   </div>
   <div class='ocr_carea' id='block_1_27' title="bbox 410 2588 1874 2663">
    <p class='ocr_par' dir='ltr' id='par_1_27' title="bbox 410 2588 1874 2663">
     <span class='ocr_line' id='line_1_27' title="bbox 410 2588 1874 2663; baseline -0.009 -8"><span class='ocrx_word' id='word_1_171' title='bbox 410 2594 840 2655; x_wconf 81' lang='lat' dir='ltr'><strong>’Constantinam</strong></span> <span class='ocrx_word' id='word_1_172' title='bbox 877 2591 932 2647; x_wconf 91' lang='lat' dir='ltr'><strong>in</strong></span> <span class='ocrx_word' id='word_1_173' title='bbox 966 2590 1218 2663; x_wconf 90' lang='lat' dir='ltr'><strong>opposita</strong></span> <span class='ocrx_word' id='word_1_174' title='bbox 1250 2597 1406 2660; x_wconf 88' lang='lat' dir='ltr'><strong>parte</strong></span> <span class='ocrx_word' id='word_1_175' title='bbox 1432 2591 1593 2660; x_wconf 88' lang='lat' dir='ltr'><strong>longe</strong></span> <span class='ocrx_word' id='word_1_176' title='bbox 1618 2588 1874 2658; x_wconf 84' lang='lat' dir='ltr'><strong>positam.</strong></span> 
     </span>
    </p>
   </div>
   <div class='ocr_carea' id='block_1_28' title="bbox 494 2679 2007 2756">
    <p class='ocr_par' dir='ltr' id='par_1_28' title="bbox 494 2679 2007 2756">
     <span class='ocr_line' id='line_1_28' title="bbox 494 2679 2007 2756; baseline -0.007 -11"><span class='ocrx_word' id='word_1_177' title='bbox 494 2690 584 2747; x_wconf 76' lang='grc' dir='ltr'><strong>Π.</strong></span> <span class='ocrx_word' id='word_1_178' title='bbox 617 2686 892 2745; x_wconf 86' lang='lat' dir='ltr'><strong>Eusebius</strong></span> <span class='ocrx_word' id='word_1_179' title='bbox 918 2698 1087 2756; x_wconf 92' lang='lat' dir='ltr'><strong>porro</strong></span> <span class='ocrx_word' id='word_1_180' title='bbox 1109 2682 1338 2754; x_wconf 88' lang='lat' dir='ltr'><strong>Ancyra</strong></span> <span class='ocrx_word' id='word_1_181' title='bbox 1366 2679 1424 2736; x_wconf 90' lang='lat' dir='ltr'><strong>in</strong></span> <span class='ocrx_word' id='word_1_182' title='bbox 1446 2680 1659 2737; x_wconf 85' lang='lat' dir='ltr'><strong>Galatia</strong></span> <span class='ocrx_word' id='word_1_183' title='bbox 1691 2682 2007 2751; x_wconf 90' lang='lat' dir='ltr'><strong>episcopus,</strong></span> 
     </span>
    </p>
   </div>
   <div class='ocr_carea' id='block_1_29' title="bbox 338 2766 2007 2852">
    <p class='ocr_par' dir='ltr' id='par_1_29' title="bbox 338 2766 2007 2852">
     <span class='ocr_line' id='line_1_29' title="bbox 338 2766 2007 2852; baseline -0.01 -15"><span class='ocrx_word' id='word_1_184' title='bbox 338 2788 347 2793; x_wconf 76' lang='lat'><strong><em>‘</em></strong></span> <span class='ocrx_word' id='word_1_185' title='bbox 424 2780 586 2852; x_wconf 85' lang='lat' dir='ltr'><strong>cujus</strong></span> <span class='ocrx_word' id='word_1_186' title='bbox 628 2775 884 2833; x_wconf 89' lang='lat' dir='ltr'><strong>meminit</strong></span> <span class='ocrx_word' id='word_1_187' title='bbox 928 2771 1349 2835; x_wconf 88' lang='lat' dir='ltr'><strong>Theodoretus,</strong></span> <span class='ocrx_word' id='word_1_188' title='bbox 1403 2767 1668 2825; x_wconf 88' lang='lat' dir='ltr'><strong>successit</strong></span> <span class='ocrx_word' id='word_1_189' title='bbox 1699 2766 2007 2833; x_wconf 88' lang='lat' dir='ltr'><strong>Theodoto,</strong></span> 
     </span>
    </p>
   </div>
   <div class='ocr_carea' id='block_1_30' title="bbox 411 2858 2012 2942">
    <p class='ocr_par' dir='ltr' id='par_1_30' title="bbox 411 2858 2012 2942">
     <span class='ocr_line' id='line_1_30' title="bbox 411 2858 2012 2942; baseline -0.008 -17"><span class='ocrx_word' id='word_1_190' title='bbox 411 2871 586 2942; x_wconf 74' lang='lat' dir='ltr'><strong>cujus</strong></span> <span class='ocrx_word' id='word_1_191' title='bbox 622 2869 681 2923; x_wconf 92' lang='lat' dir='ltr'><strong>in</strong></span> <span class='ocrx_word' id='word_1_192' title='bbox 710 2866 993 2938; x_wconf 83' lang='lat' dir='ltr'><strong>Ephesina</strong></span> <span class='ocrx_word' id='word_1_193' title='bbox 1032 2863 1243 2937; x_wconf 88' lang='lat' dir='ltr'><strong>synodo</strong></span> <span class='ocrx_word' id='word_1_194' title='bbox 1285 2861 1502 2932; x_wconf 82' lang='lat' dir='ltr'><strong>insigne</strong></span> <span class='ocrx_word' id='word_1_195' title='bbox 1540 2874 1744 2915; x_wconf 88' lang='lat' dir='ltr'><strong>nomen</strong></span> <span class='ocrx_word' id='word_1_196' title='bbox 1778 2867 1882 2914; x_wconf 91' lang='lat' dir='ltr'><strong>est.</strong></span> <span class='ocrx_word' id='word_1_197' title='bbox 1922 2858 2012 2914; x_wconf 82' lang='lat' dir='ltr'><strong>In-</strong></span> 
     </span>
    </p>
   </div>
   <div class='ocr_carea' id='block_1_31' title="bbox 414 2951 2009 3028">
    <p class='ocr_par' dir='ltr' id='par_1_31' title="bbox 414 2951 2009 3028">
     <span class='ocr_line' id='line_1_31' title="bbox 414 2951 2009 3028; baseline -0.008 -9"><span class='ocrx_word' id='word_1_198' title='bbox 414 2961 620 3019; x_wconf 62' lang='lat' dir='ltr'><strong>terfuit</strong></span> <span class='ocrx_word' id='word_1_199' title='bbox 644 2957 943 3015; x_wconf 90' lang='lat' dir='ltr'><strong>latrocinio</strong></span> <span class='ocrx_word' id='word_1_200' title='bbox 965 2956 1246 3028; x_wconf 89' lang='lat' dir='ltr'><strong>Ephesino</strong></span> <span class='ocrx_word' id='word_1_201' title='bbox 1262 2969 1407 3010; x_wconf 83' lang='lat' dir='ltr'><strong>anno</strong></span> <span class='ocrx_word' id='word_1_202' title='bbox 1426 2952 1551 3019; x_wconf 84' lang='grc'>449,</span> <span class='ocrx_word' id='word_1_203' title='bbox 1570 2951 2009 3009; x_wconf 82' lang='lat' dir='ltr'><strong>Chalcedonens‘i</strong></span> 
     </span>
    </p>
   </div>
   <div class='ocr_carea' id='block_1_32' title="bbox 424 3043 2009 3116">
    <p class='ocr_par' dir='ltr' id='par_1_32' title="bbox 424 3043 2009 3116">
     <span class='ocr_line' id='line_1_32' title="bbox 424 3043 2009 3116; baseline -0.006 -8"><span class='ocrx_word' id='word_1_204' title='bbox 424 3051 661 3108; x_wconf 89' lang='lat' dir='ltr'><strong>concilio</strong></span> <span class='ocrx_word' id='word_1_205' title='bbox 690 3051 814 3106; x_wconf 80' lang='grc'><strong>451.</strong></span> <span class='ocrx_word' id='word_1_206' title='bbox 853 3049 959 3104; x_wconf 90' lang='lat' dir='ltr'><strong>Diu</strong></span> <span class='ocrx_word' id='word_1_207' title='bbox 981 3057 1163 3104; x_wconf 86' lang='lat' dir='ltr'><strong>tamen</strong></span> <span class='ocrx_word' id='word_1_208' title='bbox 1190 3062 1302 3102; x_wconf 90' lang='lat' dir='ltr'><strong>non</strong></span> <span class='ocrx_word' id='word_1_209' title='bbox 1321 3043 1597 3116; x_wconf 83' lang='lat' dir='ltr'><strong>superfuit</strong></span> <span class='ocrx_word' id='word_1_210' title='bbox 1629 3061 1644 3112; x_wconf 91' lang='lat'><strong>;</strong></span> <span class='ocrx_word' id='word_1_211' title='bbox 1680 3059 1807 3099; x_wconf 88' lang='lat' dir='ltr'><strong>nam</strong></span> <span class='ocrx_word' id='word_1_212' title='bbox 1842 3059 2009 3116; x_wconf 84' lang='lat' dir='ltr'><strong>syno-</strong></span> 
     </span>
    </p>
   </div>
   <div class='ocr_carea' id='block_1_33' title="bbox 2105 565 2886 630">
    <p class='ocr_par' dir='ltr' id='par_1_33' title="bbox 2105 565 2886 630">
     <span class='ocr_line' id='line_1_33' title="bbox 2105 565 2886 630; baseline -0.001 -12"><span class='ocrx_word' id='word_1_213' title='bbox 2105 565 2230 630; x_wconf 81' lang='grc'>445,</span> <span class='ocrx_word' id='word_1_214' title='bbox 2261 572 2324 619; x_wconf 90' lang='lat' dir='ltr'><strong>ut</strong></span> <span class='ocrx_word' id='word_1_215' title='bbox 2346 572 2563 622; x_wconf 89' lang='lat' dir='ltr'><strong>constat</strong></span> <span class='ocrx_word' id='word_1_216' title='bbox 2588 581 2658 621; x_wconf 78' lang='lat' dir='ltr'><strong>ex</strong></span> <span class='ocrx_word' id='word_1_217' title='bbox 2692 565 2886 620; x_wconf 86' lang='lat' dir='ltr'><strong>Fastis.</strong></span> 
     </span>
    </p>
   </div>
   <div class='ocr_carea' id='block_1_34' title="bbox 2176 653 3685 726">
    <p class='ocr_par' dir='ltr' id='par_1_34' title="bbox 2176 653 3685 726">
     <span class='ocr_line' id='line_1_34' title="bbox 2176 653 3685 726; baseline -0.004 -15"><span class='ocrx_word' id='word_1_218' title='bbox 2176 656 2241 711; x_wconf 89' lang='grc'><strong>11.</strong></span> <span class='ocrx_word' id='word_1_219' title='bbox 2274 657 2525 712; x_wconf 81' lang='lat' dir='ltr'><strong>Meminit</strong></span> <span class='ocrx_word' id='word_1_220' title='bbox 2552 657 2937 713; x_wconf 90' lang='lat' dir='ltr'><strong>Theodoretus</strong></span> <span class='ocrx_word' id='word_1_221' title='bbox 2969 653 3376 726; x_wconf 81' lang='lat' dir='ltr'><strong>congressionis</strong></span> <span class='ocrx_word' id='word_1_222' title='bbox 3407 668 3521 709; x_wconf 82' lang='lat' dir='ltr'><strong>sua</strong></span> <span class='ocrx_word' id='word_1_223' title='bbox 3557 668 3685 708; x_wconf 86' lang='lat' dir='ltr'><strong>cum</strong></span> 
     </span>
    </p>
   </div>
   <div class='ocr_carea' id='block_1_35' title="bbox 2103 744 3689 818">
    <p class='ocr_par' dir='ltr' id='par_1_35' title="bbox 2103 744 3689 818">
     <span class='ocr_line' id='line_1_35' title="bbox 2103 744 3689 818; baseline -0.004 -16"><span class='ocrx_word' id='word_1_224' title='bbox 2103 746 2299 812; x_wconf 81' lang='lat' dir='ltr'><strong>Nemo,</strong></span> <span class='ocrx_word' id='word_1_225' title='bbox 2350 756 2408 802; x_wconf 90' lang='lat' dir='ltr'><strong>et</strong></span> <span class='ocrx_word' id='word_1_226' title='bbox 2452 747 2650 812; x_wconf 89' lang='lat' dir='ltr'><strong>morbi,</strong></span> <span class='ocrx_word' id='word_1_227' title='bbox 2702 763 2812 818; x_wconf 89' lang='lat' dir='ltr'><strong>quo</strong></span> <span class='ocrx_word' id='word_1_228' title='bbox 2867 746 3173 802; x_wconf 81' lang='lat' dir='ltr'><strong>exstinctus</strong></span> <span class='ocrx_word' id='word_1_229' title='bbox 3207 753 3295 800; x_wconf 90' lang='lat' dir='ltr'><strong>est</strong></span> <span class='ocrx_word' id='word_1_230' title='bbox 3336 744 3689 799; x_wconf 87' lang='lat' dir='ltr'><strong>beatissimus</strong></span> 
     </span>
    </p>
   </div>
   <div class='ocr_carea' id='block_1_36' title="bbox 2105 833 3689 909">
    <p class='ocr_par' dir='ltr' id='par_1_36' title="bbox 2105 833 3689 909">
     <span class='ocr_line' id='line_1_36' title="bbox 2105 833 3689 909; baseline -0.003 -17"><span class='ocrx_word' id='word_1_231' title='bbox 2105 838 2331 907; x_wconf 87' lang='lat' dir='ltr'><strong>quidam</strong></span> <span class='ocrx_word' id='word_1_232' title='bbox 2361 838 2447 892; x_wconf 87' lang='lat' dir='ltr'><strong>vir</strong></span> <span class='ocrx_word' id='word_1_233' title='bbox 2492 855 2506 891; x_wconf 89' lang='lat'><strong>:</strong></span> <span class='ocrx_word' id='word_1_234' title='bbox 2546 836 2865 909; x_wconf 89' lang='lat' dir='ltr'><strong>congressio</strong></span> <span class='ocrx_word' id='word_1_235' title='bbox 2906 836 3048 892; x_wconf 88' lang='lat' dir='ltr'><strong>facta</strong></span> <span class='ocrx_word' id='word_1_236' title='bbox 3086 846 3192 900; x_wconf 89' lang='lat' dir='ltr'><strong>est,</strong></span> <span class='ocrx_word' id='word_1_237' title='bbox 3240 834 3461 905; x_wconf 88' lang='lat' dir='ltr'><strong>opinor,</strong></span> <span class='ocrx_word' id='word_1_238' title='bbox 3494 833 3689 888; x_wconf 88' lang='lat' dir='ltr'><strong>Antio-</strong></span> 
     </span>
    </p>
   </div>
   <div class='ocr_carea' id='block_1_37' title="bbox 2105 926 3689 985">
    <p class='ocr_par' dir='ltr' id='par_1_37' title="bbox 2105 926 3689 985">
     <span class='ocr_line' id='line_1_37' title="bbox 2105 926 3689 985; baseline -0.003 0"><span class='ocrx_word' id='word_1_239' title='bbox 2105 930 2246 985; x_wconf 88' lang='lat' dir='ltr'><strong>chia</strong></span> <span class='ocrx_word' id='word_1_240' title='bbox 2288 947 2302 983; x_wconf 92' lang='lat'><strong>:</strong></span> <span class='ocrx_word' id='word_1_241' title='bbox 2344 930 2431 985; x_wconf 90' lang='lat' dir='ltr'><strong>vir</strong></span> <span class='ocrx_word' id='word_1_242' title='bbox 2459 930 2549 984; x_wconf 91' lang='lat' dir='ltr'><strong>ille</strong></span> <span class='ocrx_word' id='word_1_243' title='bbox 2571 929 2925 985; x_wconf 86' lang='lat' dir='ltr'><strong>beatissimus</strong></span> <span class='ocrx_word' id='word_1_244' title='bbox 2962 927 3068 983; x_wconf 87' lang='lat' dir='ltr'><strong>fuit</strong></span> <span class='ocrx_word' id='word_1_245' title='bbox 3109 927 3349 983; x_wconf 87' lang='lat' dir='ltr'><strong>Joannes</strong></span> <span class='ocrx_word' id='word_1_246' title='bbox 3380 926 3689 981; x_wconf 77' lang='lat' dir='ltr'><strong>Antiochia</strong></span> 
     </span>
    </p>
   </div>
   <div class='ocr_carea' id='block_1_38' title="bbox 2105 1021 2354 1077">
    <p class='ocr_par' dir='ltr' id='par_1_38' title="bbox 2105 1021 2354 1077">
     <span class='ocr_line' id='line_1_38' title="bbox 2105 1021 2354 1077; baseline 0.008 -2"><span class='ocrx_word' id='word_1_247' title='bbox 2105 1021 2354 1077; x_wconf 87' lang='lat' dir='ltr'><strong>antistes.</strong></span> 
     </span>
    </p>
   </div>
   <div class='ocr_carea' id='block_1_39' title="bbox 2177 1111 3688 1187">
    <p class='ocr_par' dir='ltr' id='par_1_39' title="bbox 2177 1111 3688 1187">
     <span class='ocr_line' id='line_1_39' title="bbox 2177 1111 3688 1187; baseline -0.002 -19"><span class='ocrx_word' id='word_1_248' title='bbox 2177 1113 2266 1168; x_wconf 86' lang='lat' dir='ltr'><strong>Ill.</strong></span> <span class='ocrx_word' id='word_1_249' title='bbox 2303 1112 2513 1169; x_wconf 87' lang='lat' dir='ltr'><strong>Nemus</strong></span> <span class='ocrx_word' id='word_1_250' title='bbox 2559 1122 2680 1170; x_wconf 91' lang='lat' dir='ltr'><strong>erat</strong></span> <span class='ocrx_word' id='word_1_251' title='bbox 2716 1114 2977 1187; x_wconf 79' lang='lat' dir='ltr'><strong>magister</strong></span> <span class='ocrx_word' id='word_1_252' title='bbox 3014 1112 3321 1169; x_wconf 84' lang='lat' dir='ltr'><strong>olliciorum</strong></span> <span class='ocrx_word' id='word_1_253' title='bbox 3368 1126 3515 1167; x_wconf 87' lang='lat' dir='ltr'><strong>anno</strong></span> <span class='ocrx_word' id='word_1_254' title='bbox 3559 1111 3688 1175; x_wconf 79' lang='grc'>445,</span> 
     </span>
    </p>
   </div>
   <div class='ocr_carea' id='block_1_40' title="bbox 2106 1203 3692 1276">
    <p class='ocr_par' dir='ltr' id='par_1_40' title="bbox 2106 1203 3692 1276">
     <span class='ocr_line' id='line_1_40' title="bbox 2106 1203 3692 1276; baseline -0.001 -18"><span class='ocrx_word' id='word_1_255' title='bbox 2106 1219 2217 1275; x_wconf 92' lang='lat' dir='ltr'><strong>quo</strong></span> <span class='ocrx_word' id='word_1_256' title='bbox 2251 1219 2396 1259; x_wconf 90' lang='lat' dir='ltr'><strong>anno</strong></span> <span class='ocrx_word' id='word_1_257' title='bbox 2426 1204 2551 1260; x_wconf 89' lang='lat' dir='ltr'><strong>data</strong></span> <span class='ocrx_word' id='word_1_258' title='bbox 2596 1205 2799 1276; x_wconf 85' lang='lat' dir='ltr'><strong>legitur</strong></span> <span class='ocrx_word' id='word_1_259' title='bbox 2829 1222 2859 1260; x_wconf 91' lang='lat' dir='ltr'><strong>a</strong></span> <span class='ocrx_word' id='word_1_260' title='bbox 2894 1204 3207 1260; x_wconf 86' lang='lat' dir='ltr'><strong>Theodosio</strong></span> <span class='ocrx_word' id='word_1_261' title='bbox 3258 1203 3326 1258; x_wconf 89' lang='lat' dir='ltr'><strong>ad</strong></span> <span class='ocrx_word' id='word_1_262' title='bbox 3361 1204 3540 1273; x_wconf 91' lang='lat' dir='ltr'><strong>ipsum</strong></span> <span class='ocrx_word' id='word_1_263' title='bbox 3591 1218 3692 1257; x_wconf 90' lang='lat' dir='ltr'><strong>no-</strong></span> 
     </span>
    </p>
   </div>
   <div class='ocr_carea' id='block_1_41' title="bbox 2106 1294 3693 1362">
    <p class='ocr_par' dir='ltr' id='par_1_41' title="bbox 2106 1294 3693 1362">
     <span class='ocr_line' id='line_1_41' title="bbox 2106 1294 3693 1362; baseline -0.002 -12"><span class='ocrx_word' id='word_1_264' title='bbox 2106 1296 2249 1351; x_wconf 85' lang='lat' dir='ltr'><strong>vella</strong></span> <span class='ocrx_word' id='word_1_265' title='bbox 2285 1296 2376 1362; x_wconf 79' lang='grc'><strong>51,</strong></span> <span class='ocrx_word' id='word_1_266' title='bbox 2431 1295 2511 1351; x_wconf 81' lang='lat' dir='ltr'><strong>De</strong></span> <span class='ocrx_word' id='word_1_267' title='bbox 2555 1298 2757 1352; x_wconf 80' lang='lat' dir='ltr'><strong>ambitu</strong></span> <span class='ocrx_word' id='word_1_268' title='bbox 2793 1306 2843 1351; x_wconf 87' lang='lat' dir='ltr'><strong>et</strong></span> <span class='ocrx_word' id='word_1_269' title='bbox 2891 1295 3016 1350; x_wconf 85' lang='lat' dir='ltr'><strong>locis</strong></span> <span class='ocrx_word' id='word_1_270' title='bbox 3057 1295 3363 1360; x_wconf 78' lang='lat' dir='ltr'><strong>limitaneis,</strong></span> <span class='ocrx_word' id='word_1_271' title='bbox 3407 1304 3515 1349; x_wconf 91' lang='lat' dir='ltr'><strong>etc.</strong></span> <span class='ocrx_word' id='word_1_272' title='bbox 3564 1294 3693 1348; x_wconf 82' lang='lat' dir='ltr'><strong>Fuit</strong></span> 
     </span>
    </p>
   </div>
   <div class='ocr_carea' id='block_1_42' title="bbox 2106 1383 3695 1457">
    <p class='ocr_par' dir='ltr' id='par_1_42' title="bbox 2106 1383 3695 1457">
     <span class='ocr_line' id='line_1_42' title="bbox 2106 1383 3695 1457; baseline -0.002 -16"><span class='ocrx_word' id='word_1_273' title='bbox 2106 1387 2275 1442; x_wconf 89' lang='lat' dir='ltr'><strong>etiam</strong></span> <span class='ocrx_word' id='word_1_274' title='bbox 2314 1401 2460 1441; x_wconf 91' lang='lat' dir='ltr'><strong>unus</strong></span> <span class='ocrx_word' id='word_1_275' title='bbox 2496 1387 2565 1442; x_wconf 89' lang='lat' dir='ltr'><strong>de</strong></span> <span class='ocrx_word' id='word_1_276' title='bbox 2608 1386 2888 1457; x_wconf 88' lang='lat' dir='ltr'><strong>judicibus</strong></span> <span class='ocrx_word' id='word_1_277' title='bbox 2938 1388 3010 1442; x_wconf 89' lang='lat' dir='ltr'><strong>ad</strong></span> <span class='ocrx_word' id='word_1_278' title='bbox 3060 1387 3355 1443; x_wconf 89' lang='lat' dir='ltr'><strong>concilium</strong></span> <span class='ocrx_word' id='word_1_279' title='bbox 3391 1383 3695 1441; x_wconf 83' lang='lat' dir='ltr'><strong>Chalcedo-</strong></span> 
     </span>
    </p>
   </div>
   <div class='ocr_carea' id='block_1_43' title="bbox 2108 1477 3696 1550">
    <p class='ocr_par' dir='ltr' id='par_1_43' title="bbox 2108 1477 3696 1550">
     <span class='ocr_line' id='line_1_43' title="bbox 2108 1477 3696 1550; baseline -0.001 -19"><span class='ocrx_word' id='word_1_280' title='bbox 2108 1493 2277 1533; x_wconf 91' lang='lat' dir='ltr'><strong>nense</strong></span> <span class='ocrx_word' id='word_1_281' title='bbox 2304 1478 2505 1543; x_wconf 83' lang='lat' dir='ltr'><strong>missis,</strong></span> <span class='ocrx_word' id='word_1_282' title='bbox 2534 1479 2627 1533; x_wconf 87' lang='lat' dir='ltr'><strong>ubi</strong></span> <span class='ocrx_word' id='word_1_283' title='bbox 2661 1480 2932 1535; x_wconf 87' lang='lat' dir='ltr'><strong>Anastasii</strong></span> <span class='ocrx_word' id='word_1_284' title='bbox 2957 1480 3212 1550; x_wconf 77' lang='lat' dir='ltr'><strong>querelas</strong></span> <span class='ocrx_word' id='word_1_285' title='bbox 3240 1487 3429 1533; x_wconf 87' lang='lat' dir='ltr'><strong>contra</strong></span> <span class='ocrx_word' id='word_1_286' title='bbox 3453 1493 3511 1533; x_wconf 92' lang='lat' dir='ltr'><strong>se</strong></span> <span class='ocrx_word' id='word_1_287' title='bbox 3535 1477 3696 1532; x_wconf 87' lang='lat' dir='ltr'><strong>obla-</strong></span> 
     </span>
    </p>
   </div>
   <div class='ocr_carea' id='block_1_44' title="bbox 2109 1567 3694 1639">
    <p class='ocr_par' dir='ltr' id='par_1_44' title="bbox 2109 1567 3694 1639">
     <span class='ocr_line' id='line_1_44' title="bbox 2109 1567 3694 1639; baseline -0.001 -18"><span class='ocrx_word' id='word_1_288' title='bbox 2109 1574 2193 1622; x_wconf 89' lang='lat' dir='ltr'><strong>tas</strong></span> <span class='ocrx_word' id='word_1_289' title='bbox 2226 1567 2421 1622; x_wconf 88' lang='lat' dir='ltr'><strong>audiit.</strong></span> <span class='ocrx_word' id='word_1_290' title='bbox 2446 1568 2792 1634; x_wconf 85' lang='lat' dir='ltr'><strong>Querebatur</strong></span> <span class='ocrx_word' id='word_1_291' title='bbox 2811 1569 3154 1633; x_wconf 83' lang='lat' dir='ltr'><strong>Anastasius,</strong></span> <span class='ocrx_word' id='word_1_292' title='bbox 3192 1567 3340 1639; x_wconf 91' lang='lat' dir='ltr'><strong>quod</strong></span> <span class='ocrx_word' id='word_1_293' title='bbox 3366 1568 3572 1622; x_wconf 80' lang='lat' dir='ltr'><strong>Nemus</strong></span> <span class='ocrx_word' id='word_1_294' title='bbox 3593 1581 3694 1621; x_wconf 88' lang='lat' dir='ltr'><strong>sua</strong></span> 
     </span>
    </p>
   </div>
   <div class='ocr_carea' id='block_1_45' title="bbox 2108 1657 3696 1730">
    <p class='ocr_par' dir='ltr' id='par_1_45' title="bbox 2108 1657 3696 1730">
     <span class='ocr_line' id='line_1_45' title="bbox 2108 1657 3696 1730; baseline -0.001 -17"><span class='ocrx_word' id='word_1_295' title='bbox 2108 1665 2378 1727; x_wconf 86' lang='lat' dir='ltr'><strong>potestate</strong></span> <span class='ocrx_word' id='word_1_296' title='bbox 2434 1658 2630 1723; x_wconf 82' lang='lat' dir='ltr'><strong>fretus,</strong></span> <span class='ocrx_word' id='word_1_297' title='bbox 2679 1660 2864 1715; x_wconf 87' lang='lat' dir='ltr'><strong>statim</strong></span> <span class='ocrx_word' id='word_1_298' title='bbox 2925 1661 2995 1715; x_wconf 90' lang='lat' dir='ltr'><strong>ab</strong></span> <span class='ocrx_word' id='word_1_299' title='bbox 3042 1660 3197 1714; x_wconf 91' lang='lat' dir='ltr'><strong>obitu</strong></span> <span class='ocrx_word' id='word_1_300' title='bbox 3245 1658 3457 1730; x_wconf 91' lang='lat' dir='ltr'><strong>Cyrilli,</strong></span> <span class='ocrx_word' id='word_1_301' title='bbox 3502 1657 3696 1713; x_wconf 71' lang='lat' dir='ltr'><strong>affines</strong></span> 
     </span>
    </p>
   </div>
   <div class='ocr_carea' id='block_1_46' title="bbox 2108 1745 3697 1820">
    <p class='ocr_par' dir='ltr' id='par_1_46' title="bbox 2108 1745 3697 1820">
     <span class='ocr_line' id='line_1_46' title="bbox 2108 1745 3697 1820; baseline 0.002 -20"><span class='ocrx_word' id='word_1_302' title='bbox 2108 1745 2285 1816; x_wconf 89' lang='lat' dir='ltr'><strong>ipsius</strong></span> <span class='ocrx_word' id='word_1_303' title='bbox 2304 1747 2552 1803; x_wconf 91' lang='lat' dir='ltr'><strong>Dioscori</strong></span> <span class='ocrx_word' id='word_1_304' title='bbox 2584 1750 2851 1820; x_wconf 84' lang='lat' dir='ltr'><strong>impulsu,</strong></span> <span class='ocrx_word' id='word_1_305' title='bbox 2872 1758 3147 1816; x_wconf 81' lang='lat' dir='ltr'><strong>vexasset,</strong></span> <span class='ocrx_word' id='word_1_306' title='bbox 3180 1757 3347 1820; x_wconf 85' lang='lat' dir='ltr'><strong>atque</strong></span> <span class='ocrx_word' id='word_1_307' title='bbox 3376 1749 3542 1805; x_wconf 74' lang='lat' dir='ltr'><strong>etiam</strong></span> <span class='ocrx_word' id='word_1_308' title='bbox 3575 1751 3697 1819; x_wconf 84' lang='lat' dir='ltr'><strong>opi-</strong></span> 
     </span>
    </p>
   </div>
   <div class='ocr_carea' id='block_1_47' title="bbox 2039 1813 2608 1895">
    <p class='ocr_par' dir='ltr' id='par_1_47' title="bbox 2039 1813 2608 1895">
     <span class='ocr_line' id='line_1_47' title="bbox 2039 1813 2608 1895; baseline 0.007 -4"><span class='ocrx_word' id='word_1_309' title='bbox 2039 1813 2079 1868; x_wconf 76' lang='lat' dir='ltr'><strong>B</strong></span> <span class='ocrx_word' id='word_1_310' title='bbox 2108 1813 2215 1893; x_wconf 76' lang='lat' dir='ltr'><strong>bus</strong></span> <span class='ocrx_word' id='word_1_311' title='bbox 2243 1838 2608 1895; x_wconf 84' lang='lat' dir='ltr'><strong>exhausisset.</strong></span> 
     </span>
    </p>
   </div>
   <div class='ocr_carea' id='block_1_48' title="bbox 2179 1931 3697 2006">
    <p class='ocr_par' dir='ltr' id='par_1_48' title="bbox 2179 1931 3697 2006">
     <span class='ocr_line' id='line_1_48' title="bbox 2179 1931 3697 2006; baseline 0.003 -21"><span class='ocrx_word' id='word_1_312' title='bbox 2179 1931 2269 1985; x_wconf 79' lang='grc' dir='ltr'><strong>ιν.</strong></span> <span class='ocrx_word' id='word_1_313' title='bbox 2310 1931 2692 2004; x_wconf 83' lang='lat' dir='ltr'><strong>Prodigiosum</strong></span> <span class='ocrx_word' id='word_1_314' title='bbox 2718 1933 3001 2000; x_wconf 63' lang='lat' dir='ltr'><strong>dictu.est,</strong></span> <span class='ocrx_word' id='word_1_315' title='bbox 3030 1943 3263 2005; x_wconf 87' lang='lat' dir='ltr'><strong>quantas</strong></span> <span class='ocrx_word' id='word_1_316' title='bbox 3286 1951 3440 2006; x_wconf 88' lang='lat' dir='ltr'><strong>opes,</strong></span> <span class='ocrx_word' id='word_1_317' title='bbox 3471 1934 3558 1990; x_wconf 91' lang='lat' dir='ltr'><strong>vel</strong></span> <span class='ocrx_word' id='word_1_318' title='bbox 3590 1934 3697 2004; x_wconf 80' lang='lat' dir='ltr'><strong>Cy—</strong></span> 
     </span>
    </p>
   </div>
   <div class='ocr_carea' id='block_1_49' title="bbox 2110 2022 3696 2101">
    <p class='ocr_par' dir='ltr' id='par_1_49' title="bbox 2110 2022 3696 2101">
     <span class='ocr_line' id='line_1_49' title="bbox 2110 2022 3696 2101; baseline 0.002 -25"><span class='ocrx_word' id='word_1_319' title='bbox 2110 2022 2218 2077; x_wconf 90' lang='lat' dir='ltr'><strong>rilli</strong></span> <span class='ocrx_word' id='word_1_320' title='bbox 2268 2032 2618 2090; x_wconf 88' lang='lat' dir='ltr'><strong>testamento,</strong></span> <span class='ocrx_word' id='word_1_321' title='bbox 2673 2027 2762 2080; x_wconf 91' lang='lat' dir='ltr'><strong>vel</strong></span> <span class='ocrx_word' id='word_1_322' title='bbox 2809 2026 2915 2081; x_wconf 89' lang='lat' dir='ltr'><strong>alia</strong></span> <span class='ocrx_word' id='word_1_323' title='bbox 2963 2036 3081 2081; x_wconf 87' lang='lat' dir='ltr'><strong>arte</strong></span> <span class='ocrx_word' id='word_1_324' title='bbox 3122 2027 3392 2101; x_wconf 83' lang='lat' dir='ltr'><strong>ejusmodi</strong></span> <span class='ocrx_word' id='word_1_325' title='bbox 3438 2025 3696 2081; x_wconf 77' lang='lat' dir='ltr'><strong>homines</strong></span> 
     </span>
    </p>
   </div>
   <div class='ocr_carea' id='block_1_50' title="bbox 2110 2112 3690 2189">
    <p class='ocr_par' dir='ltr' id='par_1_50' title="bbox 2110 2112 3690 2189">
     <span class='ocr_line' id='line_1_50' title="bbox 2110 2112 3690 2189; baseline 0.004 -22"><span class='ocrx_word' id='word_1_326' title='bbox 2110 2112 2433 2183; x_wconf 88' lang='lat' dir='ltr'><strong>collegerint</strong></span> <span class='ocrx_word' id='word_1_327' title='bbox 2462 2131 2476 2168; x_wconf 86' lang='lat'><strong>:</strong></span> <span class='ocrx_word' id='word_1_328' title='bbox 2504 2130 2630 2169; x_wconf 89' lang='lat' dir='ltr'><strong>nam</strong></span> <span class='ocrx_word' id='word_1_329' title='bbox 2661 2131 2690 2169; x_wconf 89' lang='lat' dir='ltr'><strong>a</strong></span> <span class='ocrx_word' id='word_1_330' title='bbox 2718 2116 2856 2172; x_wconf 92' lang='lat' dir='ltr'><strong>viris</strong></span> <span class='ocrx_word' id='word_1_331' title='bbox 2886 2116 3105 2173; x_wconf 92' lang='lat' dir='ltr'><strong>duobus</strong></span> <span class='ocrx_word' id='word_1_332' title='bbox 3132 2116 3322 2189; x_wconf 85' lang='lat' dir='ltr'><strong>Cyrilli</strong></span> <span class='ocrx_word' id='word_1_333' title='bbox 3350 2116 3690 2180; x_wconf 81' lang='lat' dir='ltr'><strong>baredibus,</strong></span> 
     </span>
    </p>
   </div>
   <div class='ocr_carea' id='block_1_51' title="bbox 2110 2202 3697 2272">
    <p class='ocr_par' dir='ltr' id='par_1_51' title="bbox 2110 2202 3697 2272">
     <span class='ocr_line' id='line_1_51' title="bbox 2110 2202 3697 2272; baseline 0.004 -17"><span class='ocrx_word' id='word_1_334' title='bbox 2110 2209 2237 2256; x_wconf 89' lang='lat' dir='ltr'><strong>octo</strong></span> <span class='ocrx_word' id='word_1_335' title='bbox 2260 2202 2714 2259; x_wconf 87' lang='lat' dir='ltr'><strong>millialibrarum</strong></span> <span class='ocrx_word' id='word_1_336' title='bbox 2742 2205 2863 2259; x_wconf 90' lang='lat' dir='ltr'><strong>auri</strong></span> <span class='ocrx_word' id='word_1_337' title='bbox 2890 2205 3095 2262; x_wconf 84' lang='lat' dir='ltr'><strong>Nemus</strong></span> <span class='ocrx_word' id='word_1_338' title='bbox 3127 2206 3378 2272; x_wconf 82' lang='lat' dir='ltr'><strong>extorsit,</strong></span> <span class='ocrx_word' id='word_1_339' title='bbox 3396 2207 3697 2262; x_wconf 85' lang='lat' dir='ltr'><strong>Dioscorus</strong></span> 
     </span>
    </p>
   </div>
   <div class='ocr_carea' id='block_1_52' title="bbox 2109 2296 3695 2368">
    <p class='ocr_par' dir='ltr' id='par_1_52' title="bbox 2109 2296 3695 2368">
     <span class='ocr_line' id='line_1_52' title="bbox 2109 2296 3695 2368; baseline 0.001 -18"><span class='ocrx_word' id='word_1_340' title='bbox 2109 2311 2140 2350; x_wconf 90' lang='lat' dir='ltr'><strong>a</strong></span> <span class='ocrx_word' id='word_1_341' title='bbox 2171 2296 2391 2352; x_wconf 85' lang='lat' dir='ltr'><strong>feminis</strong></span> <span class='ocrx_word' id='word_1_342' title='bbox 2414 2297 2632 2352; x_wconf 88' lang='lat' dir='ltr'><strong>duabus</strong></span> <span class='ocrx_word' id='word_1_343' title='bbox 2658 2307 2878 2352; x_wconf 90' lang='lat' dir='ltr'><strong>centum</strong></span> <span class='ocrx_word' id='word_1_344' title='bbox 2910 2306 2966 2353; x_wconf 93' lang='lat' dir='ltr'><strong>et</strong></span> <span class='ocrx_word' id='word_1_345' title='bbox 2990 2299 3183 2368; x_wconf 84' lang='lat' dir='ltr'><strong>viginti</strong></span> <span class='ocrx_word' id='word_1_346' title='bbox 3212 2298 3335 2353; x_wconf 86' lang='lat' dir='ltr'><strong>auri</strong></span> <span class='ocrx_word' id='word_1_347' title='bbox 3365 2297 3571 2368; x_wconf 92' lang='lat' dir='ltr'><strong>pondo,</strong></span> <span class='ocrx_word' id='word_1_348' title='bbox 3603 2297 3695 2352; x_wconf 87' lang='lat' dir='ltr'><strong>cui</strong></span> 
     </span>
    </p>
   </div>
   <div class='ocr_carea' id='block_1_53' title="bbox 2108 2389 3694 2463">
    <p class='ocr_par' dir='ltr' id='par_1_53' title="bbox 2108 2389 3694 2463">
     <span class='ocr_line' id='line_1_53' title="bbox 2108 2389 3694 2463; baseline 0.001 -18"><span class='ocrx_word' id='word_1_349' title='bbox 2108 2404 2337 2445; x_wconf 87' lang='lat' dir='ltr'><strong>summa</strong></span> <span class='ocrx_word' id='word_1_350' title='bbox 2368 2389 2619 2460; x_wconf 90' lang='lat' dir='ltr'><strong>ingentes</strong></span> <span class='ocrx_word' id='word_1_351' title='bbox 2657 2390 2796 2446; x_wconf 88' lang='lat' dir='ltr'><strong>adde</strong></span> <span class='ocrx_word' id='word_1_352' title='bbox 2837 2392 3121 2461; x_wconf 85' lang='lat' dir='ltr'><strong>pecunias,</strong></span> <span class='ocrx_word' id='word_1_353' title='bbox 3161 2392 3360 2462; x_wconf 86' lang='lat' dir='ltr'><strong>partim</strong></span> <span class='ocrx_word' id='word_1_354' title='bbox 3390 2391 3694 2463; x_wconf 84' lang='lat' dir='ltr'><strong>Artopolis,</strong></span> 
     </span>
    </p>
   </div>
   <div class='ocr_carea' id='block_1_54' title="bbox 2109 2482 3694 2554">
    <p class='ocr_par' dir='ltr' id='par_1_54' title="bbox 2109 2482 3694 2554">
     <span class='ocr_line' id='line_1_54' title="bbox 2109 2482 3694 2554; baseline 0.002 -18"><span class='ocrx_word' id='word_1_355' title='bbox 2109 2482 2310 2551; x_wconf 85' lang='lat' dir='ltr'><strong>partim</strong></span> <span class='ocrx_word' id='word_1_356' title='bbox 2342 2482 2652 2554; x_wconf 85' lang='lat' dir='ltr'><strong>OEnopolis</strong></span> <span class='ocrx_word' id='word_1_357' title='bbox 2692 2483 3081 2539; x_wconf 79' lang='lat' dir='ltr'><strong>Alexandrinis</strong></span> <span class='ocrx_word' id='word_1_358' title='bbox 3123 2499 3191 2539; x_wconf 79' lang='lat' dir='ltr'><strong>ex</strong></span> <span class='ocrx_word' id='word_1_359' title='bbox 3234 2485 3425 2540; x_wconf 87' lang='lat' dir='ltr'><strong>eadem</strong></span> <span class='ocrx_word' id='word_1_360' title='bbox 3460 2485 3694 2541; x_wconf 81' lang='lat' dir='ltr'><strong>haredi-</strong></span> 
     </span>
    </p>
   </div>
   <div class='ocr_carea' id='block_1_55' title="bbox 2112 2573 3697 2646">
    <p class='ocr_par' dir='ltr' id='par_1_55' title="bbox 2112 2573 3697 2646">
     <span class='ocr_line' id='line_1_55' title="bbox 2112 2573 3697 2646; baseline 0.003 -20"><span class='ocrx_word' id='word_1_361' title='bbox 2112 2581 2223 2627; x_wconf 89' lang='lat' dir='ltr'><strong>tate</strong></span> <span class='ocrx_word' id='word_1_362' title='bbox 2251 2573 2501 2638; x_wconf 89' lang='lat' dir='ltr'><strong>traditas,</strong></span> <span class='ocrx_word' id='word_1_363' title='bbox 2538 2583 2601 2630; x_wconf 89' lang='lat' dir='ltr'><strong>ut</strong></span> <span class='ocrx_word' id='word_1_364' title='bbox 2641 2575 2893 2638; x_wconf 88' lang='lat' dir='ltr'><strong>meliora,</strong></span> <span class='ocrx_word' id='word_1_365' title='bbox 2934 2590 3038 2629; x_wconf 92' lang='lat' dir='ltr'><strong>nec</strong></span> <span class='ocrx_word' id='word_1_366' title='bbox 3073 2576 3267 2646; x_wconf 86' lang='lat' dir='ltr'><strong>majori</strong></span> <span class='ocrx_word' id='word_1_367' title='bbox 3297 2585 3479 2631; x_wconf 88' lang='lat' dir='ltr'><strong>tamen</strong></span> <span class='ocrx_word' id='word_1_368' title='bbox 3515 2575 3697 2646; x_wconf 91' lang='lat' dir='ltr'><strong>pretio</strong></span> 
     </span>
    </p>
   </div>
   <div class='ocr_carea' id='block_1_56' title="bbox 2109 2665 2610 2735">
    <p class='ocr_par' dir='ltr' id='par_1_56' title="bbox 2109 2665 2610 2735">
     <span class='ocr_line' id='line_1_56' title="bbox 2109 2665 2610 2735; baseline 0.002 -17"><span class='ocrx_word' id='word_1_369' title='bbox 2109 2665 2257 2735; x_wconf 89' lang='lat' dir='ltr'><strong>plebi</strong></span> <span class='ocrx_word' id='word_1_370' title='bbox 2286 2666 2610 2720; x_wconf 85' lang='lat' dir='ltr'><strong>venderent.</strong></span> 
     </span>
    </p>
   </div>
   <div class='ocr_carea' id='block_1_57' title="bbox 2191 2757 3695 2828">
    <p class='ocr_par' dir='ltr' id='par_1_57' title="bbox 2191 2757 3695 2828">
     <span class='ocr_line' id='line_1_57' title="bbox 2191 2757 3695 2828; baseline -0.001 -15"><span class='ocrx_word' id='word_1_371' title='bbox 2191 2758 2245 2813; x_wconf 59' lang='grc' dir='ltr'><strong>υ.</strong></span> <span class='ocrx_word' id='word_1_372' title='bbox 2287 2757 2516 2813; x_wconf 67' lang='grc' dir='ltr'><strong>Εειίιηει</strong></span> <span class='ocrx_word' id='word_1_373' title='bbox 2546 2757 2693 2823; x_wconf 91' lang='lat' dir='ltr'><strong>inde,</strong></span> <span class='ocrx_word' id='word_1_374' title='bbox 2725 2757 2919 2822; x_wconf 86' lang='lat' dir='ltr'><strong>lector,</strong></span> <span class='ocrx_word' id='word_1_375' title='bbox 2942 2767 3146 2828; x_wconf 91' lang='lat' dir='ltr'><strong>quanta</strong></span> <span class='ocrx_word' id='word_1_376' title='bbox 3176 2758 3344 2813; x_wconf 86' lang='lat' dir='ltr'><strong>fuerit</strong></span> <span class='ocrx_word' id='word_1_377' title='bbox 3367 2757 3695 2813; x_wconf 81' lang='lat' dir='ltr'><strong>Alexandri-</strong></span> 
     </span>
    </p>
   </div>
   <div class='ocr_carea' id='block_1_58' title="bbox 2110 2849 3697 2921">
    <p class='ocr_par' dir='ltr' id='par_1_58' title="bbox 2110 2849 3697 2921">
     <span class='ocr_line' id='line_1_58' title="bbox 2110 2849 3697 2921; baseline 0.001 -17"><span class='ocrx_word' id='word_1_378' title='bbox 2110 2865 2310 2904; x_wconf 87' lang='lat' dir='ltr'><strong>norum</strong></span> <span class='ocrx_word' id='word_1_379' title='bbox 2360 2849 2683 2920; x_wconf 87' lang='lat' dir='ltr'><strong>pontificum</strong></span> <span class='ocrx_word' id='word_1_380' title='bbox 2714 2849 2984 2920; x_wconf 86' lang='lat' dir='ltr'><strong>potentia,</strong></span> <span class='ocrx_word' id='word_1_381' title='bbox 3008 2859 3228 2920; x_wconf 84' lang='lat' dir='ltr'><strong>quanta</strong></span> <span class='ocrx_word' id='word_1_382' title='bbox 3253 2865 3407 2921; x_wconf 87' lang='lat' dir='ltr'><strong>opes,</strong></span> <span class='ocrx_word' id='word_1_383' title='bbox 3442 2866 3565 2905; x_wconf 90' lang='lat' dir='ltr'><strong>eum</strong></span> <span class='ocrx_word' id='word_1_384' title='bbox 3597 2866 3697 2906; x_wconf 88' lang='lat' dir='ltr'><strong>us-</strong></span> 
     </span>
    </p>
   </div>
   <div class='ocr_carea' id='block_1_59' title="bbox 2110 2941 3698 3012">
    <p class='ocr_par' dir='ltr' id='par_1_59' title="bbox 2110 2941 3698 3012">
     <span class='ocr_line' id='line_1_59' title="bbox 2110 2941 3698 3012; baseline 0.004 -19"><span class='ocrx_word' id='word_1_385' title='bbox 2110 2957 2218 3011; x_wconf 91' lang='lat' dir='ltr'><strong>que</strong></span> <span class='ocrx_word' id='word_1_386' title='bbox 2238 2941 2377 2996; x_wconf 92' lang='lat' dir='ltr'><strong>adeo</strong></span> <span class='ocrx_word' id='word_1_387' title='bbox 2396 2942 2671 3012; x_wconf 88' lang='lat' dir='ltr'><strong>profuerit</strong></span> <span class='ocrx_word' id='word_1_388' title='bbox 2693 2943 2788 2996; x_wconf 91' lang='lat' dir='ltr'><strong>uni</strong></span> <span class='ocrx_word' id='word_1_389' title='bbox 2811 2941 3029 2996; x_wconf 88' lang='lat' dir='ltr'><strong>familia</strong></span> <span class='ocrx_word' id='word_1_390' title='bbox 3049 2943 3328 3012; x_wconf 86' lang='lat' dir='ltr'><strong>peperisse</strong></span> <span class='ocrx_word' id='word_1_391' title='bbox 3345 2943 3504 3007; x_wconf 89' lang='lat' dir='ltr'><strong>duos,</strong></span> <span class='ocrx_word' id='word_1_392' title='bbox 3529 2943 3698 2999; x_wconf 87' lang='lat' dir='ltr'><strong>etiam</strong></span> 
     </span>
    </p>
   </div>
   <div class='ocr_carea' id='block_1_60' title="bbox 2100 3033 3697 3105">
    <p class='ocr_par' dir='ltr' id='par_1_60' title="bbox 2100 3033 3697 3105">
     <span class='ocr_line' id='line_1_60' title="bbox 2100 3033 3697 3105; baseline 0.001 -16"><span class='ocrx_word' id='word_1_393' title='bbox 2100 3034 2493 3089; x_wconf 76' lang='lat' dir='ltr'><strong>sanctissimos</strong></span> <span class='ocrx_word' id='word_1_394' title='bbox 2517 3033 2828 3103; x_wconf 80' lang='lat' dir='ltr'><strong>pontiﬁces,</strong></span> <span class='ocrx_word' id='word_1_395' title='bbox 2869 3036 2964 3105; x_wconf 88' lang='lat' dir='ltr'><strong>qui</strong></span> <span class='ocrx_word' id='word_1_396' title='bbox 2994 3036 3181 3091; x_wconf 83' lang='lat' dir='ltr'><strong>sedem</strong></span> <span class='ocrx_word' id='word_1_397' title='bbox 3213 3035 3640 3091; x_wconf 80' lang='lat' dir='ltr'><strong>Alexandrinam</strong></span> <span class='ocrx_word' id='word_1_398' title='bbox 3679 3038 3697 3057; x_wconf 82' lang='grc'><em>”</em></span> 
     </span>
    </p>
   </div>
   <div class='ocr_carea' id='block_1_61' title="bbox 425 3121 3443 3212">
    <p class='ocr_par' dir='ltr' id='par_1_61' title="bbox 425 3121 3443 3212">
     <span class='ocr_line' id='line_1_61' title="bbox 425 3121 3443 3212; baseline -0.003 -12"><span class='ocrx_word' id='word_1_399' title='bbox 425 3144 567 3200; x_wconf 86' lang='lat' dir='ltr'><strong>dicis</strong></span> <span class='ocrx_word' id='word_1_400' title='bbox 595 3142 821 3200; x_wconf 86' lang='lat' dir='ltr'><strong>Galatia</strong></span> <span class='ocrx_word' id='word_1_401' title='bbox 850 3143 1043 3212; x_wconf 88' lang='lat' dir='ltr'><strong>prima</strong></span> <span class='ocrx_word' id='word_1_402' title='bbox 1078 3138 1284 3195; x_wconf 86' lang='lat' dir='ltr'><strong>litteris</strong></span> <span class='ocrx_word' id='word_1_403' title='bbox 1328 3137 1397 3193; x_wconf 87' lang='lat' dir='ltr'><strong>ad</strong></span> <span class='ocrx_word' id='word_1_404' title='bbox 1430 3137 1672 3193; x_wconf 91' lang='lat' dir='ltr'><strong>Leonem</strong></span> <span class='ocrx_word' id='word_1_405' title='bbox 1711 3136 2009 3207; x_wconf 90' lang='lat' dir='ltr'><strong>imperato-</strong></span> <span class='ocrx_word' id='word_1_406' title='bbox 2038 3150 2079 3205; x_wconf 67' lang='grc' dir='ltr'>α</span> <span class='ocrx_word' id='word_1_407' title='bbox 2114 3123 2394 3193; x_wconf 71' lang='lat' dir='ltr'><strong>sexaginta</strong></span> <span class='ocrx_word' id='word_1_408' title='bbox 2424 3121 2539 3176; x_wconf 66' lang='lat' dir='ltr'><strong>fere</strong></span> <span class='ocrx_word' id='word_1_409' title='bbox 2567 3137 2744 3176; x_wconf 68' lang='lat' dir='ltr'><strong>annos</strong></span> <span class='ocrx_word' id='word_1_410' title='bbox 2764 3123 3113 3179; x_wconf 69' lang='grc' dir='ltr'><strong>εοηιίηεηῑθτ</strong></span> <span class='ocrx_word' id='word_1_411' title='bbox 3144 3125 3443 3179; x_wconf 64' lang='lat' dir='ltr'><strong>tenuerim-</strong></span> 
     </span>
    </p>
   </div>
   <div class='ocr_carea' id='block_1_62' title="bbox 426 3229 2010 3302">
    <p class='ocr_par' dir='ltr' id='par_1_62' title="bbox 426 3229 2010 3302">
     <span class='ocr_line' id='line_1_62' title="bbox 426 3229 2010 3302; baseline -0.006 -10"><span class='ocrx_word' id='word_1_412' title='bbox 426 3251 543 3293; x_wconf 86' lang='lat' dir='ltr'><strong>rem</strong></span> <span class='ocrx_word' id='word_1_413' title='bbox 603 3249 749 3290; x_wconf 85' lang='lat' dir='ltr'><strong>anno</strong></span> <span class='ocrx_word' id='word_1_414' title='bbox 818 3232 924 3290; x_wconf 81' lang='grc'>458</span> <span class='ocrx_word' id='word_1_415' title='bbox 997 3230 1329 3302; x_wconf 87' lang='lat' dir='ltr'><strong>subscripsit</strong></span> <span class='ocrx_word' id='word_1_416' title='bbox 1395 3229 1718 3286; x_wconf 85' lang='lat' dir='ltr'><strong>Anastasius</strong></span> <span class='ocrx_word' id='word_1_417' title='bbox 1779 3229 2010 3302; x_wconf 85' lang='lat' dir='ltr'><strong>Ancyra</strong></span> 
     </span>
    </p>
   </div>
   <div class='ocr_carea' id='block_1_63' title="bbox 423 3322 757 3402">
    <p class='ocr_par' dir='ltr' id='par_1_63' title="bbox 423 3322 757 3402">
     <span class='ocr_line' id='line_1_63' title="bbox 423 3322 757 3402; baseline -0.024 -14"><span class='ocrx_word' id='word_1_418' title='bbox 423 3322 757 3402; x_wconf 58' lang='lat' dir='ltr'><strong>episcopus.</strong></span> 
     </span>
    </p>
   </div>
   <div class='ocr_carea' id='block_1_64' title="bbox 401 3430 2009 3509">
    <p class='ocr_par' dir='ltr' id='par_1_64' title="bbox 401 3430 2009 3509">
     <span class='ocr_line' id='line_1_64' title="bbox 401 3430 2009 3509; baseline -0.004 -18"><span class='ocrx_word' id='word_1_419' title='bbox 401 3436 672 3509; x_wconf 74' lang='lat' dir='ltr'><strong>:Epistola</strong></span> <span class='ocrx_word' id='word_1_420' title='bbox 710 3436 808 3502; x_wconf 80' lang='lat'><strong>5&#39;5,</strong></span> <span class='ocrx_word' id='word_1_421' title='bbox 844 3435 1218 3509; x_wconf 78' lang='lat' dir='ltr'><strong>comendatitia</strong></span> <span class='ocrx_word' id='word_1_422' title='bbox 1250 3434 1321 3488; x_wconf 85' lang='lat' dir='ltr'><strong>ad</strong></span> <span class='ocrx_word' id='word_1_423' title='bbox 1361 3432 1713 3505; x_wconf 85' lang='lat' dir='ltr'><strong>Sophronium</strong></span> <span class='ocrx_word' id='word_1_424' title='bbox 1744 3430 2009 3488; x_wconf 77' lang='lat' dir='ltr'><strong>Constan-</strong></span> 
     </span>
    </p>
   </div>
   <div class='ocr_carea' id='block_1_65' title="bbox 976 3506 1453 3576">
    <p class='ocr_par' dir='ltr' id='par_1_65' title="bbox 976 3506 1453 3576">
     <span class='ocr_line' id='line_1_65' title="bbox 976 3506 1453 3576; baseline -0.004 -17"><span class='ocrx_word' id='word_1_425' title='bbox 976 3507 1103 3560; x_wconf 71' lang='lat' dir='ltr'><strong>tina</strong></span> <span class='ocrx_word' id='word_1_426' title='bbox 1134 3506 1453 3576; x_wconf 76' lang='lat' dir='ltr'><strong>episcopum.</strong></span> 
     </span>
    </p>
   </div>
   <div class='ocr_carea' id='block_1_66' title="bbox 466 3617 2013 3691">
    <p class='ocr_par' dir='ltr' id='par_1_66' title="bbox 466 3617 2013 3691">
     <span class='ocr_line' id='line_1_66' title="bbox 466 3617 2013 3691; baseline -0.004 -16"><span class='ocrx_word' id='word_1_427' title='bbox 466 3628 477 3637; x_wconf 74' lang='grc'><em>“</em></span> <span class='ocrx_word' id='word_1_428' title='bbox 497 3619 708 3676; x_wconf 87' lang='lat' dir='ltr'><strong>Similis</strong></span> <span class='ocrx_word' id='word_1_429' title='bbox 728 3626 812 3674; x_wconf 86' lang='lat' dir='ltr'><strong>est</strong></span> <span class='ocrx_word' id='word_1_430' title='bbox 838 3617 1169 3691; x_wconf 79' lang='lat' dir='ltr'><strong>pracedenti</strong></span> <span class='ocrx_word' id='word_1_431' title='bbox 1190 3617 1371 3688; x_wconf 91' lang='lat' dir='ltr'><strong>quoad</strong></span> <span class='ocrx_word' id='word_1_432' title='bbox 1400 3625 1619 3687; x_wconf 90' lang='lat' dir='ltr'><strong>tempus</strong></span> <span class='ocrx_word' id='word_1_433' title='bbox 1643 3623 1700 3671; x_wconf 90' lang='lat' dir='ltr'><strong>et</strong></span> <span class='ocrx_word' id='word_1_434' title='bbox 1724 3630 2013 3686; x_wconf 86' lang='lat' dir='ltr'><strong>argumen-</strong></span> 
     </span>
    </p>
   </div>
   <div class='ocr_carea' id='block_1_67' title="bbox 402 3707 2012 3781">
    <p class='ocr_par' dir='ltr' id='par_1_67' title="bbox 402 3707 2012 3781">
     <span class='ocr_line' id='line_1_67' title="bbox 402 3707 2012 3781; baseline -0.005 -14"><span class='ocrx_word' id='word_1_435' title='bbox 402 3721 566 3767; x_wconf 64' lang='lat' dir='ltr'><strong>~tum.</strong></span> <span class='ocrx_word' id='word_1_436' title='bbox 601 3710 964 3781; x_wconf 83' lang='lat' dir='ltr'><strong>Sophronius,</strong></span> <span class='ocrx_word' id='word_1_437' title='bbox 994 3709 1061 3764; x_wconf 91' lang='lat' dir='ltr'><strong>ad</strong></span> <span class='ocrx_word' id='word_1_438' title='bbox 1085 3724 1249 3780; x_wconf 91' lang='lat' dir='ltr'><strong>quem</strong></span> <span class='ocrx_word' id='word_1_439' title='bbox 1278 3708 1561 3771; x_wconf 89' lang='lat' dir='ltr'><strong>scribitur,</strong></span> <span class='ocrx_word' id='word_1_440' title='bbox 1587 3707 1692 3763; x_wconf 86' lang='lat' dir='ltr'><strong>fuit</strong></span> <span class='ocrx_word' id='word_1_441' title='bbox 1719 3707 2012 3776; x_wconf 89' lang='lat' dir='ltr'><strong>episcopus</strong></span> 
     </span>
    </p>
   </div>
   <div class='ocr_carea' id='block_1_68' title="bbox 430 3798 2010 3873">
    <p class='ocr_par' dir='ltr' id='par_1_68' title="bbox 430 3798 2010 3873">
     <span class='ocr_line' id='line_1_68' title="bbox 430 3798 2010 3873; baseline -0.004 -16"><span class='ocrx_word' id='word_1_442' title='bbox 430 3804 486 3858; x_wconf 89' lang='lat' dir='ltr'><strong>in</strong></span> <span class='ocrx_word' id='word_1_443' title='bbox 516 3800 1126 3873; x_wconf 82' lang='lat' dir='ltr'><strong>provincia‘Osdroena.</strong></span> <span class='ocrx_word' id='word_1_444' title='bbox 1159 3800 1413 3855; x_wconf 81' lang='lat' dir='ltr'><strong>interfuit</strong></span> <span class='ocrx_word' id='word_1_445' title='bbox 1436 3799 1676 3855; x_wconf 91' lang='lat' dir='ltr'><strong>concilio</strong></span> <span class='ocrx_word' id='word_1_446' title='bbox 1704 3798 2010 3854; x_wconf 85' lang='lat' dir='ltr'><strong>Chalcedo-</strong></span> 
     </span>
    </p>
   </div>
   <div class='ocr_carea' id='block_1_69' title="bbox 430 3888 2009 3963">
    <p class='ocr_par' dir='ltr' id='par_1_69' title="bbox 430 3888 2009 3963">
     <span class='ocr_line' id='line_1_69' title="bbox 430 3888 2009 3963; baseline -0.005 -14"><span class='ocrx_word' id='word_1_447' title='bbox 430 3893 607 3949; x_wconf 90' lang='lat' dir='ltr'><strong>nensi.</strong></span> <span class='ocrx_word' id='word_1_448' title='bbox 639 3891 868 3957; x_wconf 81' lang='lat' dir='ltr'><strong>Civitas,</strong></span> <span class='ocrx_word' id='word_1_449' title='bbox 893 3892 1052 3963; x_wconf 86' lang='lat' dir='ltr'><strong>cujus</strong></span> <span class='ocrx_word' id='word_1_450' title='bbox 1082 3890 1384 3947; x_wconf 88' lang='lat' dir='ltr'><strong>Ecclesiam</strong></span> <span class='ocrx_word' id='word_1_451' title='bbox 1413 3891 1577 3955; x_wconf 80' lang='lat' dir='ltr'><strong>rexit,</strong></span> <span class='ocrx_word' id='word_1_452' title='bbox 1603 3906 1711 3945; x_wconf 91' lang='lat' dir='ltr'><strong>non</strong></span> <span class='ocrx_word' id='word_1_453' title='bbox 1737 3888 2009 3945; x_wconf 87' lang='lat' dir='ltr'><strong>Constan-</strong></span> 
     </span>
    </p>
   </div>
   <div class='ocr_carea' id='block_1_70' title="bbox 431 3981 2010 4053">
    <p class='ocr_par' dir='ltr' id='par_1_70' title="bbox 431 3981 2010 4053">
     <span class='ocr_line' id='line_1_70' title="bbox 431 3981 2010 4053; baseline -0.003 -15"><span class='ocrx_word' id='word_1_454' title='bbox 431 3986 505 4040; x_wconf 87' lang='lat' dir='ltr'><strong>tia</strong></span> <span class='ocrx_word' id='word_1_455' title='bbox 558 3984 667 4040; x_wconf 91' lang='lat' dir='ltr'><strong>dici</strong></span> <span class='ocrx_word' id='word_1_456' title='bbox 705 3982 888 4047; x_wconf 82' lang='lat' dir='ltr'><strong>debet,</strong></span> <span class='ocrx_word' id='word_1_457' title='bbox 937 3998 1115 4053; x_wconf 90' lang='lat' dir='ltr'><strong>neque</strong></span> <span class='ocrx_word' id='word_1_458' title='bbox 1161 3981 1686 4053; x_wconf 90' lang='lat' dir='ltr'><strong>Constantinopolis,</strong></span> <span class='ocrx_word' id='word_1_459' title='bbox 1729 3989 1791 4036; x_wconf 91' lang='lat' dir='ltr'><strong>ut</strong></span> <span class='ocrx_word' id='word_1_460' title='bbox 1829 3989 1913 4037; x_wconf 90' lang='lat' dir='ltr'><strong>est</strong></span> <span class='ocrx_word' id='word_1_461' title='bbox 1954 3981 2010 4034; x_wconf 91' lang='lat' dir='ltr'><strong>in</strong></span> 
     </span>
    </p>
   </div>
   <div class='ocr_carea' id='block_1_71' title="bbox 427 4070 2011 4143">
    <p class='ocr_par' dir='ltr' id='par_1_71' title="bbox 427 4070 2011 4143">
     <span class='ocr_line' id='line_1_71' title="bbox 427 4070 2011 4143; baseline -0.003 -14"><span class='ocrx_word' id='word_1_462' title='bbox 427 4074 708 4130; x_wconf 88' lang='lat' dir='ltr'><strong>nonnullis</strong></span> <span class='ocrx_word' id='word_1_463' title='bbox 740 4072 1027 4129; x_wconf 90' lang='lat' dir='ltr'><strong>codicibus</strong></span> <span class='ocrx_word' id='word_1_464' title='bbox 1055 4090 1069 4139; x_wconf 91' lang='lat'><strong>;</strong></span> <span class='ocrx_word' id='word_1_465' title='bbox 1102 4071 1603 4139; x_wconf 78' lang='lat' dir='ltr'><strong>sed‘Constantina,</strong></span> <span class='ocrx_word' id='word_1_466' title='bbox 1634 4081 1691 4128; x_wconf 90' lang='lat' dir='ltr'><strong>et</strong></span> <span class='ocrx_word' id='word_1_467' title='bbox 1713 4070 2011 4143; x_wconf 86' lang='lat' dir='ltr'><strong>aliquando</strong></span> 
     </span>
    </p>
   </div>
   <div class='ocr_carea' id='block_1_72' title="bbox 426 4167 841 4238">
    <p class='ocr_par' dir='ltr' id='par_1_72' title="bbox 426 4167 841 4238">
     <span class='ocr_line' id='line_1_72' title="bbox 426 4167 841 4238; baseline -0.01 -13"><span class='ocrx_word' id='word_1_468' title='bbox 426 4167 841 4238; x_wconf 84' lang='lat' dir='ltr'><strong>Nicephorium.</strong></span> 
     </span>
    </p>
   </div>
   <div class='ocr_carea' id='block_1_73' title="bbox 716 4279 1701 4351">
    <p class='ocr_par' dir='ltr' id='par_1_73' title="bbox 716 4279 1701 4351">
     <span class='ocr_line' id='line_1_73' title="bbox 716 4279 1701 4351; baseline -0.002 -16"><span class='ocrx_word' id='word_1_469' title='bbox 716 4279 972 4351; x_wconf 78' lang='lat' dir='ltr'><strong>Epistolw</strong></span> <span class='ocrx_word' id='word_1_470' title='bbox 997 4280 1335 4335; x_wconf 77' lang='lat' dir='ltr'><strong>lteortasticaz</strong></span> <span class='ocrx_word' id='word_1_471' title='bbox 1370 4280 1458 4344; x_wconf 77' lang='grc'>54,</span> <span class='ocrx_word' id='word_1_472' title='bbox 1490 4281 1579 4345; x_wconf 81' lang='lat'><strong>55,</strong></span> <span class='ocrx_word' id='word_1_473' title='bbox 1612 4280 1701 4336; x_wconf 71' lang='lat'><strong>56.</strong></span> 
     </span>
    </p>
   </div>
   <div class='ocr_carea' id='block_1_74' title="bbox 464 4389 2010 4460">
    <p class='ocr_par' dir='ltr' id='par_1_74' title="bbox 464 4389 2010 4460">
     <span class='ocr_line' id='line_1_74' title="bbox 464 4389 2010 4460; baseline -0.002 -13"><span class='ocrx_word' id='word_1_474' title='bbox 464 4391 701 4447; x_wconf 49' lang='lat' dir='ltr'><strong>Comes</strong></span> <span class='ocrx_word' id='word_1_475' title='bbox 748 4390 803 4444; x_wconf 92' lang='lat' dir='ltr'><strong>in</strong></span> <span class='ocrx_word' id='word_1_476' title='bbox 847 4389 1176 4460; x_wconf 88' lang='lat' dir='ltr'><strong>Epiphania,</strong></span> <span class='ocrx_word' id='word_1_477' title='bbox 1230 4396 1286 4443; x_wconf 93' lang='lat' dir='ltr'><strong>et</strong></span> <span class='ocrx_word' id='word_1_478' title='bbox 1330 4403 1457 4442; x_wconf 91' lang='lat' dir='ltr'><strong>cum</strong></span> <span class='ocrx_word' id='word_1_479' title='bbox 1503 4396 1821 4452; x_wconf 79' lang='lat' dir='ltr'><strong>vexaretur,</strong></span> <span class='ocrx_word' id='word_1_480' title='bbox 1869 4389 2010 4444; x_wconf 64' lang='lat' dir='ltr'><strong>datae</strong></span> 
     </span>
    </p>
   </div>
   <div class='ocr_carea' id='block_1_75' title="bbox 425 4480 2084 4555">
    <p class='ocr_par' dir='ltr' id='par_1_75' title="bbox 425 4480 2084 4555">
     <span class='ocr_line' id='line_1_75' title="bbox 425 4480 2084 4555; baseline -0.004 -15"><span class='ocrx_word' id='word_1_481' title='bbox 425 4493 554 4540; x_wconf 82' lang='lat' dir='ltr'><strong>sunt</strong></span> <span class='ocrx_word' id='word_1_482' title='bbox 594 4500 608 4536; x_wconf 92' lang='lat'><strong>:</strong></span> <span class='ocrx_word' id='word_1_483' title='bbox 648 4481 831 4537; x_wconf 90' lang='lat' dir='ltr'><strong>media</strong></span> <span class='ocrx_word' id='word_1_484' title='bbox 857 4481 925 4537; x_wconf 86' lang='lat' dir='ltr'><strong>ad</strong></span> <span class='ocrx_word' id='word_1_485' title='bbox 961 4482 1229 4536; x_wconf 88' lang='lat' dir='ltr'><strong>illustrem</strong></span> <span class='ocrx_word' id='word_1_486' title='bbox 1261 4481 1502 4550; x_wconf 89' lang='lat' dir='ltr'><strong>aliquem</strong></span> <span class='ocrx_word' id='word_1_487' title='bbox 1529 4480 1746 4547; x_wconf 89' lang='lat' dir='ltr'><strong>virum;</strong></span> <span class='ocrx_word' id='word_1_488' title='bbox 1780 4480 2009 4550; x_wconf 88' lang='lat' dir='ltr'><strong>reliqua</strong></span> <span class='ocrx_word' id='word_1_489' title='bbox 2044 4502 2084 4555; x_wconf 81' lang='grc' dir='ltr'><strong>ι)</strong></span> 
     </span>
    </p>
   </div>
   <div class='ocr_carea' id='block_1_76' title="bbox 424 4574 1469 4645">
    <p class='ocr_par' dir='ltr' id='par_1_76' title="bbox 424 4574 1469 4645">
     <span class='ocr_line' id='line_1_76' title="bbox 424 4574 1469 4645; baseline -0.005 -14"><span class='ocrx_word' id='word_1_490' title='bbox 424 4576 629 4632; x_wconf 88' lang='lat' dir='ltr'><strong>nullam</strong></span> <span class='ocrx_word' id='word_1_491' title='bbox 661 4574 963 4645; x_wconf 86' lang='lat' dir='ltr'><strong>praferunt</strong></span> <span class='ocrx_word' id='word_1_492' title='bbox 986 4589 1236 4644; x_wconf 86' lang='lat' dir='ltr'><strong>persona</strong></span> <span class='ocrx_word' id='word_1_493' title='bbox 1260 4581 1469 4627; x_wconf 91' lang='lat' dir='ltr'><strong>notam.</strong></span> 
     </span>
    </p>
   </div>
   <div class='ocr_carea' id='block_1_77' title="bbox 427 4684 2008 4762">
    <p class='ocr_par' dir='ltr' id='par_1_77' title="bbox 427 4684 2008 4762">
     <span class='ocr_line' id='line_1_77' title="bbox 427 4684 2008 4762; baseline -0.004 -17"><span class='ocrx_word' id='word_1_494' title='bbox 427 4687 672 4762; x_wconf 76' lang='lat' dir='ltr'><strong>Epistofa</strong></span> <span class='ocrx_word' id='word_1_495' title='bbox 697 4689 787 4754; x_wconf 78' lang='lat'><strong>57,</strong></span> <span class='ocrx_word' id='word_1_496' title='bbox 816 4686 1177 4760; x_wconf 79' lang='lat' dir='ltr'><strong>gratulatoria</strong></span> <span class='ocrx_word' id='word_1_497' title='bbox 1204 4688 1274 4741; x_wconf 79' lang='lat' dir='ltr'><strong>ad</strong></span> <span class='ocrx_word' id='word_1_498' title='bbox 1302 4687 1645 4741; x_wconf 85' lang='lat' dir='ltr'><strong>Eutreclu&#39;um</strong></span> <span class='ocrx_word' id='word_1_499' title='bbox 1678 4684 2008 4756; x_wconf 70' lang='lat' dir='ltr'><strong>prafectum.</strong></span> 
     </span>
    </p>
   </div>
   <div class='ocr_carea' id='block_1_78' title="bbox 498 4798 2008 4871">
    <p class='ocr_par' dir='ltr' id='par_1_78' title="bbox 498 4798 2008 4871">
     <span class='ocr_line' id='line_1_78' title="bbox 498 4798 2008 4871; baseline -0.003 -14"><span class='ocrx_word' id='word_1_500' title='bbox 498 4804 635 4859; x_wconf 91' lang='lat' dir='ltr'><strong>Tres</strong></span> <span class='ocrx_word' id='word_1_501' title='bbox 663 4811 791 4858; x_wconf 91' lang='lat' dir='ltr'><strong>sunt</strong></span> <span class='ocrx_word' id='word_1_502' title='bbox 813 4801 880 4857; x_wconf 87' lang='lat' dir='ltr'><strong>ad</strong></span> <span class='ocrx_word' id='word_1_503' title='bbox 903 4802 1262 4857; x_wconf 87' lang='lat' dir='ltr'><strong>Eutrechium</strong></span> <span class='ocrx_word' id='word_1_504' title='bbox 1282 4799 1604 4871; x_wconf 78' lang='lat' dir='ltr'><strong>praefectum</strong></span> <span class='ocrx_word' id='word_1_505' title='bbox 1624 4798 1893 4869; x_wconf 86' lang='lat' dir='ltr'><strong>epistola,</strong></span> <span class='ocrx_word' id='word_1_506' title='bbox 1919 4798 2008 4864; x_wconf 82' lang='lat'><strong>57,</strong></span> 
     </span>
    </p>
   </div>
   <div class='ocr_carea' id='block_1_79' title="bbox 427 4889 2011 4960">
    <p class='ocr_par' dir='ltr' id='par_1_79' title="bbox 427 4889 2011 4960">
     <span class='ocr_line' id='line_1_79' title="bbox 427 4889 2011 4960; baseline -0.004 -9"><span class='ocrx_word' id='word_1_507' title='bbox 427 4896 497 4951; x_wconf 89' lang='lat'><strong>80</strong></span> <span class='ocrx_word' id='word_1_508' title='bbox 531 4905 595 4950; x_wconf 75' lang='lat' dir='ltr'><strong>et’</strong></span> <span class='ocrx_word' id='word_1_509' title='bbox 613 4895 703 4952; x_wconf 85' lang='lat'><strong>96.</strong></span> <span class='ocrx_word' id='word_1_510' title='bbox 729 4893 932 4951; x_wconf 91' lang='lat' dir='ltr'><strong>Omnes</strong></span> <span class='ocrx_word' id='word_1_511' title='bbox 953 4909 1020 4947; x_wconf 92' lang='lat' dir='ltr'><strong>eo</strong></span> <span class='ocrx_word' id='word_1_512' title='bbox 1049 4906 1194 4947; x_wconf 86' lang='lat' dir='ltr'><strong>anno</strong></span> <span class='ocrx_word' id='word_1_513' title='bbox 1223 4891 1457 4960; x_wconf 87' lang='lat' dir='ltr'><strong>accepit,</strong></span> <span class='ocrx_word' id='word_1_514' title='bbox 1487 4905 1598 4960; x_wconf 88' lang='lat' dir='ltr'><strong>quo</strong></span> <span class='ocrx_word' id='word_1_515' title='bbox 1625 4890 1792 4960; x_wconf 88' lang='lat' dir='ltr'><strong>gessit</strong></span> <span class='ocrx_word' id='word_1_516' title='bbox 1815 4889 2011 4959; x_wconf 84' lang='lat' dir='ltr'><strong>prafe-</strong></span> 
     </span>
    </p>
   </div>
   <div class='ocr_carea' id='block_1_80' title="bbox 428 4985 2008 5061">
    <p class='ocr_par' dir='ltr' id='par_1_80' title="bbox 428 4985 2008 5061">
     <span class='ocr_line' id='line_1_80' title="bbox 428 4985 2008 5061; baseline -0.005 -14"><span class='ocrx_word' id='word_1_517' title='bbox 428 4998 645 5047; x_wconf 89' lang='lat' dir='ltr'><strong>cturam</strong></span> <span class='ocrx_word' id='word_1_518' title='bbox 669 5005 683 5057; x_wconf 86' lang='lat'><strong>;</strong></span> <span class='ocrx_word' id='word_1_519' title='bbox 711 4989 881 5061; x_wconf 87' lang='lat' dir='ltr'><strong>gessit</strong></span> <span class='ocrx_word' id='word_1_520' title='bbox 914 5004 1068 5053; x_wconf 91' lang='lat' dir='ltr'><strong>vero,</strong></span> <span class='ocrx_word' id='word_1_521' title='bbox 1101 5002 1211 5058; x_wconf 88' lang='lat' dir='ltr'><strong>quo</strong></span> <span class='ocrx_word' id='word_1_522' title='bbox 1237 5002 1381 5041; x_wconf 90' lang='lat' dir='ltr'><strong>anno</strong></span> <span class='ocrx_word' id='word_1_523' title='bbox 1405 4985 1749 5040; x_wconf 89' lang='lat' dir='ltr'><strong>consulatum</strong></span> <span class='ocrx_word' id='word_1_524' title='bbox 1778 4985 2008 5049; x_wconf 87' lang='lat' dir='ltr'><strong>Nemus,</strong></span> 
     </span>
    </p>
   </div>
   <div class='ocr_carea' id='block_1_81' title="bbox 431 5077 2015 5148">
    <p class='ocr_par' dir='ltr' id='par_1_81' title="bbox 431 5077 2015 5148">
     <span class='ocr_line' id='line_1_81' title="bbox 431 5077 2015 5148; baseline -0.004 -12"><span class='ocrx_word' id='word_1_525' title='bbox 431 5082 485 5137; x_wconf 80' lang='lat' dir='ltr'><strong>id</strong></span> <span class='ocrx_word' id='word_1_526' title='bbox 527 5091 632 5147; x_wconf 91' lang='lat' dir='ltr'><strong>est,</strong></span> <span class='ocrx_word' id='word_1_527' title='bbox 674 5097 820 5137; x_wconf 90' lang='lat' dir='ltr'><strong>anno</strong></span> <span class='ocrx_word' id='word_1_528' title='bbox 859 5082 984 5136; x_wconf 75' lang='grc'>445.</span> <span class='ocrx_word' id='word_1_529' title='bbox 1016 5079 1347 5135; x_wconf 85' lang='lat' dir='ltr'><strong>&#39;Gratulatur</strong></span> <span class='ocrx_word' id='word_1_530' title='bbox 1386 5077 1777 5133; x_wconf 80' lang='lat' dir='ltr'><strong>Thcoderetus</strong></span> <span class='ocrx_word' id='word_1_531' title='bbox 1810 5077 1914 5148; x_wconf 90' lang='lat' dir='ltr'><strong>ipsi</strong></span> <span class='ocrx_word' id='word_1_532' title='bbox 1958 5084 2015 5131; x_wconf 91' lang='lat' dir='ltr'><strong>et</strong></span> 
     </span>
    </p>
   </div>
   <div class='ocr_carea' id='block_1_82' title="bbox 430 5165 2013 5240">
    <p class='ocr_par' dir='ltr' id='par_1_82' title="bbox 430 5165 2013 5240">
     <span class='ocr_line' id='line_1_82' title="bbox 430 5165 2013 5240; baseline -0.004 -14"><span class='ocrx_word' id='word_1_533' title='bbox 430 5171 536 5226; x_wconf 86' lang='lat' dir='ltr'><strong>sibi</strong></span> <span class='ocrx_word' id='word_1_534' title='bbox 569 5189 583 5225; x_wconf 88' lang='lat'><strong>:</strong></span> <span class='ocrx_word' id='word_1_535' title='bbox 619 5170 747 5240; x_wconf 86' lang='lat' dir='ltr'><strong>ipsi,</strong></span> <span class='ocrx_word' id='word_1_536' title='bbox 797 5169 865 5224; x_wconf 91' lang='lat' dir='ltr'><strong>de</strong></span> <span class='ocrx_word' id='word_1_537' title='bbox 903 5168 1102 5237; x_wconf 86' lang='lat' dir='ltr'><strong>adepta</strong></span> <span class='ocrx_word' id='word_1_538' title='bbox 1143 5167 1442 5237; x_wconf 89' lang='lat' dir='ltr'><strong>dignitate;</strong></span> <span class='ocrx_word' id='word_1_539' title='bbox 1469 5165 1597 5231; x_wconf 85' lang='lat' dir='ltr'><strong>sibi,</strong></span> <span class='ocrx_word' id='word_1_540' title='bbox 1634 5166 1702 5221; x_wconf 92' lang='lat' dir='ltr'><strong>de</strong></span> <span class='ocrx_word' id='word_1_541' title='bbox 1740 5167 1877 5222; x_wconf 86' lang='lat' dir='ltr'><strong>tanti</strong></span> <span class='ocrx_word' id='word_1_542' title='bbox 1912 5166 2013 5220; x_wconf 86' lang='lat' dir='ltr'><strong>viri</strong></span> 
     </span>
    </p>
   </div>
   <div class='ocr_carea' id='block_1_83' title="bbox 429 5257 1832 5323">
    <p class='ocr_par' dir='ltr' id='par_1_83' title="bbox 429 5257 1832 5323">
     <span class='ocr_line' id='line_1_83' title="bbox 429 5257 1832 5323; baseline -0.004 -5"><span class='ocrx_word' id='word_1_543' title='bbox 429 5276 542 5318; x_wconf 79' lang='lat' dir='ltr'><strong>non</strong></span> <span class='ocrx_word' id='word_1_544' title='bbox 573 5260 958 5317; x_wconf 87' lang='lat' dir='ltr'><strong>benevolentia</strong></span> <span class='ocrx_word' id='word_1_545' title='bbox 988 5267 1225 5323; x_wconf 87' lang='lat' dir='ltr'><strong>tantum,</strong></span> <span class='ocrx_word' id='word_1_546' title='bbox 1252 5257 1350 5313; x_wconf 89' lang='lat' dir='ltr'><strong>sed</strong></span> <span class='ocrx_word' id='word_1_547' title='bbox 1374 5259 1541 5315; x_wconf 89' lang='lat' dir='ltr'><strong>etiam</strong></span> <span class='ocrx_word' id='word_1_548' title='bbox 1570 5258 1832 5314; x_wconf 89' lang='lat' dir='ltr'><strong>amicitia.</strong></span> 
     </span>
    </p>
   </div>
   <div class='ocr_carea' id='block_1_84' title="bbox 503 5368 1941 5445">
    <p class='ocr_par' dir='ltr' id='par_1_84' title="bbox 503 5368 1941 5445">
     <span class='ocr_line' id='line_1_84' title="bbox 503 5368 1941 5445; baseline -0.003 -16"><span class='ocrx_word' id='word_1_549' title='bbox 503 5373 745 5445; x_wconf 75' lang='lat' dir='ltr'><strong>Epistula</strong></span> <span class='ocrx_word' id='word_1_550' title='bbox 790 5372 878 5435; x_wconf 82' lang='lat'><strong>58,</strong></span> <span class='ocrx_word' id='word_1_551' title='bbox 915 5368 1275 5441; x_wconf 83' lang='lat' dir='ltr'><strong>gratulatoria</strong></span> <span class='ocrx_word' id='word_1_552' title='bbox 1301 5369 1372 5424; x_wconf 83' lang='lat' dir='ltr'><strong>ad</strong></span> <span class='ocrx_word' id='word_1_553' title='bbox 1396 5368 1625 5426; x_wconf 85' lang='lat' dir='ltr'><strong>Nomum</strong></span> <span class='ocrx_word' id='word_1_554' title='bbox 1652 5369 1941 5426; x_wconf 74' lang='lat' dir='ltr'><strong>consulem.</strong></span> 
     </span>
    </p>
   </div>
   <div class='ocr_carea' id='block_1_85' title="bbox 502 5482 2017 5554">
    <p class='ocr_par' dir='ltr' id='par_1_85' title="bbox 502 5482 2017 5554">
     <span class='ocr_line' id='line_1_85' title="bbox 502 5482 2017 5554; baseline -0.003 -11"><span class='ocrx_word' id='word_1_555' title='bbox 502 5487 545 5547; x_wconf 86' lang='grc'><strong>1.</strong></span> <span class='ocrx_word' id='word_1_556' title='bbox 589 5486 763 5540; x_wconf 82' lang='lat' dir='ltr'><strong>liabet</strong></span> <span class='ocrx_word' id='word_1_557' title='bbox 802 5482 1159 5538; x_wconf 86' lang='lat' dir='ltr'><strong>manifestum</strong></span> <span class='ocrx_word' id='word_1_558' title='bbox 1214 5482 1592 5539; x_wconf 88' lang='lat' dir='ltr'><strong>characterem</strong></span> <span class='ocrx_word' id='word_1_559' title='bbox 1638 5500 1655 5537; x_wconf 82' lang='lat'><strong><em>:</em></strong></span> <span class='ocrx_word' id='word_1_560' title='bbox 1709 5484 2017 5554; x_wconf 88' lang='lat' dir='ltr'><strong>gratulatur</strong></span> 
     </span>
    </p>
   </div>
   <div class='ocr_carea' id='block_1_86' title="bbox 2289 3220 3520 3305">
    <p class='ocr_par' dir='ltr' id='par_1_86' title="bbox 2289 3220 3520 3305">
     <span class='ocr_line' id='line_1_86' title="bbox 2289 3220 3520 3305; baseline 0.001 -16"><span class='ocrx_word' id='word_1_561' title='bbox 2289 3233 2532 3305; x_wconf 84' lang='lat' dir='ltr'><strong>Epistola</strong></span> <span class='ocrx_word' id='word_1_562' title='bbox 2567 3220 3006 3299; x_wconf 35' lang='lat' dir='ltr'><strong>59,&#39;salutatoria</strong></span> <span class='ocrx_word' id='word_1_563' title='bbox 3038 3236 3109 3289; x_wconf 85' lang='lat' dir='ltr'><strong>ad</strong></span> <span class='ocrx_word' id='word_1_564' title='bbox 3138 3234 3520 3291; x_wconf 83' lang='lat' dir='ltr'><strong>Claudianum.</strong></span> 
     </span>
    </p>
   </div>
   <div class='ocr_carea' id='block_1_87' title="bbox 2181 3347 3700 3423">
    <p class='ocr_par' dir='ltr' id='par_1_87' title="bbox 2181 3347 3700 3423">
     <span class='ocr_line' id='line_1_87' title="bbox 2181 3347 3700 3423; baseline 0.002 -20"><span class='ocrx_word' id='word_1_565' title='bbox 2181 3347 2341 3403; x_wconf 89' lang='lat' dir='ltr'><strong>Nulla</strong></span> <span class='ocrx_word' id='word_1_566' title='bbox 2393 3355 2478 3402; x_wconf 89' lang='lat' dir='ltr'><strong>est</strong></span> <span class='ocrx_word' id='word_1_567' title='bbox 2511 3349 2640 3402; x_wconf 89' lang='lat' dir='ltr'><strong>anni</strong></span> <span class='ocrx_word' id='word_1_568' title='bbox 2687 3358 2836 3413; x_wconf 86' lang='lat' dir='ltr'><strong>nota,</strong></span> <span class='ocrx_word' id='word_1_569' title='bbox 2886 3349 3037 3404; x_wconf 88' lang='lat' dir='ltr'><strong>nulla</strong></span> <span class='ocrx_word' id='word_1_570' title='bbox 3082 3350 3489 3423; x_wconf 50' lang='lat' dir='ltr'><strong>persona\alia,</strong></span> <span class='ocrx_word' id='word_1_571' title='bbox 3532 3365 3700 3420; x_wconf 87' lang='lat' dir='ltr'><strong>quam</strong></span> 
     </span>
    </p>
   </div>
   <div class='ocr_carea' id='block_1_88' title="bbox 2112 3438 3700 3513">
    <p class='ocr_par' dir='ltr' id='par_1_88' title="bbox 2112 3438 3700 3513">
     <span class='ocr_line' id='line_1_88' title="bbox 2112 3438 3700 3513; baseline 0.003 -20"><span class='ocrx_word' id='word_1_572' title='bbox 2112 3439 2261 3510; x_wconf 89' lang='lat' dir='ltr'><strong>quod</strong></span> <span class='ocrx_word' id='word_1_573' title='bbox 2311 3438 2648 3495; x_wconf 87' lang='lat' dir='ltr'><strong>Claudianus</strong></span> <span class='ocrx_word' id='word_1_574' title='bbox 2689 3441 2858 3497; x_wconf 78' lang='lat' dir='ltr'><strong>fuerit</strong></span> <span class='ocrx_word' id='word_1_575' title='bbox 2900 3442 2986 3496; x_wconf 83' lang='lat' dir='ltr'><strong>vir</strong></span> <span class='ocrx_word' id='word_1_576' title='bbox 3020 3442 3255 3498; x_wconf 76' lang='lat' dir='ltr'><strong>illustris</strong></span> <span class='ocrx_word' id='word_1_577' title='bbox 3297 3452 3354 3498; x_wconf 88' lang='lat' dir='ltr'><strong>et</strong></span> <span class='ocrx_word' id='word_1_578' title='bbox 3382 3443 3573 3513; x_wconf 92' lang='lat' dir='ltr'><strong>procul</strong></span> <span class='ocrx_word' id='word_1_579' title='bbox 3609 3442 3700 3498; x_wconf 92' lang='lat' dir='ltr'><strong>di-</strong></span> 
     </span>
    </p>
   </div>
   <div class='ocr_carea' id='block_1_89' title="bbox 2113 3533 3700 3605">
    <p class='ocr_par' dir='ltr' id='par_1_89' title="bbox 2113 3533 3700 3605">
     <span class='ocr_line' id='line_1_89' title="bbox 2113 3533 3700 3605; baseline 0.002 -18"><span class='ocrx_word' id='word_1_580' title='bbox 2113 3543 2302 3588; x_wconf 89' lang='lat' dir='ltr'><strong>stans:</strong></span> <span class='ocrx_word' id='word_1_581' title='bbox 2328 3533 2585 3588; x_wconf 89' lang='lat' dir='ltr'><strong>eumdem</strong></span> <span class='ocrx_word' id='word_1_582' title='bbox 2616 3534 2816 3605; x_wconf 89' lang='lat' dir='ltr'><strong>opinor</strong></span> <span class='ocrx_word' id='word_1_583' title='bbox 2855 3550 2978 3590; x_wconf 87' lang='lat' dir='ltr'><strong>esse</strong></span> <span class='ocrx_word' id='word_1_584' title='bbox 3025 3549 3152 3589; x_wconf 90' lang='lat' dir='ltr'><strong>cum</strong></span> <span class='ocrx_word' id='word_1_585' title='bbox 3194 3550 3281 3600; x_wconf 91' lang='lat' dir='ltr'><strong>eo,</strong></span> <span class='ocrx_word' id='word_1_586' title='bbox 3318 3534 3386 3589; x_wconf 90' lang='lat' dir='ltr'><strong>ad</strong></span> <span class='ocrx_word' id='word_1_587' title='bbox 3415 3550 3580 3605; x_wconf 92' lang='lat' dir='ltr'><strong>quem</strong></span> <span class='ocrx_word' id='word_1_588' title='bbox 3611 3542 3700 3590; x_wconf 91' lang='lat' dir='ltr'><strong>est</strong></span> 
     </span>
    </p>
   </div>
   <div class='ocr_carea' id='block_1_90' title="bbox 2113 3625 3699 3700">
    <p class='ocr_par' dir='ltr' id='par_1_90' title="bbox 2113 3625 3699 3700">
     <span class='ocr_line' id='line_1_90' title="bbox 2113 3625 3699 3700; baseline 0.003 -22"><span class='ocrx_word' id='word_1_589' title='bbox 2113 3625 2346 3695; x_wconf 87' lang='lat' dir='ltr'><strong>epistola</strong></span> <span class='ocrx_word' id='word_1_590' title='bbox 2373 3625 2462 3689; x_wconf 83' lang='grc'>41,</span> <span class='ocrx_word' id='word_1_591' title='bbox 2504 3625 2614 3680; x_wconf 92' lang='lat' dir='ltr'><strong>imo</strong></span> <span class='ocrx_word' id='word_1_592' title='bbox 2653 3634 2709 3680; x_wconf 90' lang='lat' dir='ltr'><strong>et</strong></span> <span class='ocrx_word' id='word_1_593' title='bbox 2729 3626 2818 3692; x_wconf 88' lang='lat'><strong>99,</strong></span> <span class='ocrx_word' id='word_1_594' title='bbox 2853 3627 2907 3681; x_wconf 86' lang='lat' dir='ltr'><strong>in</strong></span> <span class='ocrx_word' id='word_1_595' title='bbox 2937 3643 3045 3697; x_wconf 89' lang='lat' dir='ltr'><strong>qua</strong></span> <span class='ocrx_word' id='word_1_596' title='bbox 3086 3627 3412 3683; x_wconf 90' lang='lat' dir='ltr'><strong>inscribitur</strong></span> <span class='ocrx_word' id='word_1_597' title='bbox 3452 3628 3699 3700; x_wconf 88' lang='lat' dir='ltr'><strong>antigra-</strong></span> 
     </span>
    </p>
   </div>
   <div class='ocr_carea' id='block_1_91' title="bbox 2112 3715 3700 3787">
    <p class='ocr_par' dir='ltr' id='par_1_91' title="bbox 2112 3715 3700 3787">
     <span class='ocr_line' id='line_1_91' title="bbox 2112 3715 3700 3787; baseline 0.002 -18"><span class='ocrx_word' id='word_1_598' title='bbox 2112 3715 2365 3785; x_wconf 88' lang='lat' dir='ltr'><strong>pharius,</strong></span> <span class='ocrx_word' id='word_1_599' title='bbox 2401 3724 2566 3786; x_wconf 89' lang='lat' dir='ltr'><strong>atque</strong></span> <span class='ocrx_word' id='word_1_600' title='bbox 2611 3715 2685 3770; x_wconf 88' lang='lat' dir='ltr'><strong>ita</strong></span> <span class='ocrx_word' id='word_1_601' title='bbox 2717 3715 3195 3787; x_wconf 90' lang='lat' dir='ltr'><strong>Constantinopoli</strong></span> <span class='ocrx_word' id='word_1_602' title='bbox 3242 3718 3543 3779; x_wconf 80' lang='lat' dir='ltr'><strong>exstitisse,</strong></span> <span class='ocrx_word' id='word_1_603' title='bbox 3570 3733 3700 3773; x_wconf 90' lang='lat' dir='ltr'><strong>cum</strong></span> 
     </span>
    </p>
   </div>
   <div class='ocr_carea' id='block_1_92' title="bbox 2113 3807 3703 3878">
    <p class='ocr_par' dir='ltr' id='par_1_92' title="bbox 2113 3807 3703 3878">
     <span class='ocr_line' id='line_1_92' title="bbox 2113 3807 3703 3878; baseline 0.002 -16"><span class='ocrx_word' id='word_1_604' title='bbox 2113 3823 2142 3862; x_wconf 86' lang='lat' dir='ltr'><strong>a</strong></span> <span class='ocrx_word' id='word_1_605' title='bbox 2166 3807 2516 3862; x_wconf 85' lang='lat' dir='ltr'><strong>Theodoreto</strong></span> <span class='ocrx_word' id='word_1_606' title='bbox 2556 3823 2654 3878; x_wconf 92' lang='lat' dir='ltr'><strong>per</strong></span> <span class='ocrx_word' id='word_1_607' title='bbox 2692 3808 3012 3862; x_wconf 83' lang='lat' dir='ltr'><strong>Patroinum</strong></span> <span class='ocrx_word' id='word_1_608' title='bbox 3052 3809 3436 3864; x_wconf 89' lang='lat' dir='ltr'><strong>draconarium</strong></span> <span class='ocrx_word' id='word_1_609' title='bbox 3486 3809 3703 3865; x_wconf 85' lang='lat' dir='ltr'><strong>litteras</strong></span> 
     </span>
    </p>
   </div>
   <div class='ocr_carea' id='block_1_93' title="bbox 2113 3899 3700 3971">
    <p class='ocr_par' dir='ltr' id='par_1_93' title="bbox 2113 3899 3700 3971">
     <span class='ocr_line' id='line_1_93' title="bbox 2113 3899 3700 3971; baseline 0.001 -17"><span class='ocrx_word' id='word_1_610' title='bbox 2113 3899 2406 3969; x_wconf 86' lang='lat' dir='ltr'><strong>acciperet.</strong></span> <span class='ocrx_word' id='word_1_611' title='bbox 2437 3899 2686 3953; x_wconf 89' lang='lat' dir='ltr'><strong>Fuerunt</strong></span> <span class='ocrx_word' id='word_1_612' title='bbox 2725 3915 2858 3955; x_wconf 89' lang='lat' dir='ltr'><strong>vero</strong></span> <span class='ocrx_word' id='word_1_613' title='bbox 2898 3899 3211 3955; x_wconf 86' lang='lat' dir='ltr'><strong>draconarii</strong></span> <span class='ocrx_word' id='word_1_614' title='bbox 3254 3900 3566 3965; x_wconf 78' lang='lat' dir='ltr'><strong>vexilliferi,</strong></span> <span class='ocrx_word' id='word_1_615' title='bbox 3601 3901 3700 3971; x_wconf 90' lang='lat' dir='ltr'><strong>qui</strong></span> 
     </span>
    </p>
   </div>
   <div class='ocr_carea' id='block_1_94' title="bbox 2113 3989 3698 4062">
    <p class='ocr_par' dir='ltr' id='par_1_94' title="bbox 2113 3989 3698 4062">
     <span class='ocr_line' id='line_1_94' title="bbox 2113 3989 3698 4062; baseline 0.002 -17"><span class='ocrx_word' id='word_1_616' title='bbox 2113 3990 2266 4061; x_wconf 85' lang='lat' dir='ltr'><strong>signa</strong></span> <span class='ocrx_word' id='word_1_617' title='bbox 2305 3989 2618 4045; x_wconf 90' lang='lat' dir='ltr'><strong>cohortium</strong></span> <span class='ocrx_word' id='word_1_618' title='bbox 2649 3999 2892 4061; x_wconf 87' lang='lat' dir='ltr'><strong>portant,</strong></span> <span class='ocrx_word' id='word_1_619' title='bbox 2939 3991 2994 4046; x_wconf 90' lang='lat' dir='ltr'><strong>in</strong></span> <span class='ocrx_word' id='word_1_620' title='bbox 3021 3992 3223 4062; x_wconf 85' lang='lat' dir='ltr'><strong>quibus</strong></span> <span class='ocrx_word' id='word_1_621' title='bbox 3253 3992 3385 4062; x_wconf 88' lang='lat' dir='ltr'><strong>picti</strong></span> <span class='ocrx_word' id='word_1_622' title='bbox 3408 3992 3698 4048; x_wconf 89' lang='lat' dir='ltr'><strong>dracones.</strong></span> 
     </span>
    </p>
   </div>
   <div class='ocr_carea' id='block_1_95' title="bbox 2114 4103 3708 4187">
    <p class='ocr_par' dir='ltr' id='par_1_95' title="bbox 2114 4103 3708 4187">
     <span class='ocr_line' id='line_1_95' title="bbox 2114 4103 3708 4187; baseline 0.001 -29"><span class='ocrx_word' id='word_1_623' title='bbox 2114 4103 2355 4175; x_wconf 76' lang='lat' dir='ltr'><strong>Epistula</strong></span> <span class='ocrx_word' id='word_1_624' title='bbox 2391 4104 2480 4170; x_wconf 87' lang='lat'><strong>60,</strong></span> <span class='ocrx_word' id='word_1_625' title='bbox 2505 4103 2869 4187; x_wconf 64' lang='lat' dir='ltr'><strong>gratulatoria</strong></span> <span class='ocrx_word' id='word_1_626' title='bbox 2915 4106 2986 4158; x_wconf 88' lang='lat' dir='ltr'><strong>ad</strong></span> <span class='ocrx_word' id='word_1_627' title='bbox 3024 4104 3333 4159; x_wconf 83' lang='lat' dir='ltr'><strong>Dioscorum</strong></span> <span class='ocrx_word' id='word_1_628' title='bbox 3358 4105 3708 4165; x_wconf 67' lang='lat' dir='ltr'><strong>Alexandria</strong></span> 
     </span>
    </p>
   </div>
   <div class='ocr_carea' id='block_1_96' title="bbox 2746 4191 3071 4245">
    <p class='ocr_par' dir='ltr' id='par_1_96' title="bbox 2746 4191 3071 4245">
     <span class='ocr_line' id='line_1_96' title="bbox 2746 4191 3071 4245; baseline 0 -18"><span class='ocrx_word' id='word_1_629' title='bbox 2746 4191 3071 4245; x_wconf 75' lang='lat' dir='ltr'><strong>episcopum.</strong></span> 
     </span>
    </p>
   </div>
   <div class='ocr_carea' id='block_1_97' title="bbox 2181 4264 3702 4335">
    <p class='ocr_par' dir='ltr' id='par_1_97' title="bbox 2181 4264 3702 4335">
     <span class='ocr_line' id='line_1_97' title="bbox 2181 4264 3702 4335; baseline 0.001 -15"><span class='ocrx_word' id='word_1_630' title='bbox 2181 4264 2221 4320; x_wconf 93' lang='grc'><strong>1.</strong></span> <span class='ocrx_word' id='word_1_631' title='bbox 2264 4265 2397 4321; x_wconf 87' lang='lat' dir='ltr'><strong>Data</strong></span> <span class='ocrx_word' id='word_1_632' title='bbox 2429 4274 2516 4321; x_wconf 91' lang='lat' dir='ltr'><strong>est</strong></span> <span class='ocrx_word' id='word_1_633' title='bbox 2552 4281 2664 4320; x_wconf 91' lang='lat' dir='ltr'><strong>non</strong></span> <span class='ocrx_word' id='word_1_634' title='bbox 2698 4264 2864 4335; x_wconf 88' lang='lat' dir='ltr'><strong>longo</strong></span> <span class='ocrx_word' id='word_1_635' title='bbox 2891 4274 3297 4335; x_wconf 81' lang='lat' dir='ltr'><strong>posttempore,</strong></span> <span class='ocrx_word' id='word_1_636' title='bbox 3332 4281 3496 4335; x_wconf 84' lang='lat' dir='ltr'><strong>quam</strong></span> <span class='ocrx_word' id='word_1_637' title='bbox 3540 4266 3702 4322; x_wconf 82' lang='lat' dir='ltr'><strong>Dios-</strong></span> 
     </span>
    </p>
   </div>
   <div class='ocr_carea' id='block_1_98' title="bbox 2115 4353 3703 4425">
    <p class='ocr_par' dir='ltr' id='par_1_98' title="bbox 2115 4353 3703 4425">
     <span class='ocr_line' id='line_1_98' title="bbox 2115 4353 3703 4425; baseline 0.001 -16"><span class='ocrx_word' id='word_1_638' title='bbox 2115 4369 2281 4409; x_wconf 90' lang='lat' dir='ltr'><strong>corus</strong></span> <span class='ocrx_word' id='word_1_639' title='bbox 2321 4354 2525 4425; x_wconf 83' lang='lat' dir='ltr'><strong>Cyrillo</strong></span> <span class='ocrx_word' id='word_1_640' title='bbox 2553 4354 2822 4409; x_wconf 75' lang='lat' dir='ltr'><strong>successit</strong></span> <span class='ocrx_word' id='word_1_641' title='bbox 2849 4354 2902 4407; x_wconf 87' lang='lat' dir='ltr'><strong>in</strong></span> <span class='ocrx_word' id='word_1_642' title='bbox 2931 4353 3360 4408; x_wconf 78' lang='lat' dir='ltr'><strong>Alexandrinam</strong></span> <span class='ocrx_word' id='word_1_643' title='bbox 3384 4355 3595 4418; x_wconf 85' lang='lat' dir='ltr'><strong>sedem,</strong></span> <span class='ocrx_word' id='word_1_644' title='bbox 3617 4366 3703 4411; x_wconf 25' lang='lat' dir='ltr'><strong>at.</strong></span> 
     </span>
    </p>
   </div>
   <div class='ocr_carea' id='block_1_99' title="bbox 2113 4444 3703 4518">
    <p class='ocr_par' dir='ltr' id='par_1_99' title="bbox 2113 4444 3703 4518">
     <span class='ocr_line' id='line_1_99' title="bbox 2113 4444 3703 4518; baseline 0.001 -17"><span class='ocrx_word' id='word_1_645' title='bbox 2113 4463 2218 4515; x_wconf 91' lang='lat' dir='ltr'><strong>que</strong></span> <span class='ocrx_word' id='word_1_646' title='bbox 2246 4446 2385 4501; x_wconf 89' lang='lat' dir='ltr'><strong>adeo</strong></span> <span class='ocrx_word' id='word_1_647' title='bbox 2408 4461 2553 4500; x_wconf 90' lang='lat' dir='ltr'><strong>anno</strong></span> <span class='ocrx_word' id='word_1_648' title='bbox 2574 4446 2700 4507; x_wconf 88' lang='grc'>444,</span> <span class='ocrx_word' id='word_1_649' title='bbox 2723 4460 2833 4513; x_wconf 92' lang='lat' dir='ltr'><strong>quo</strong></span> <span class='ocrx_word' id='word_1_650' title='bbox 2855 4444 2990 4500; x_wconf 88' lang='lat' dir='ltr'><strong>abiit</strong></span> <span class='ocrx_word' id='word_1_651' title='bbox 3018 4445 3087 4500; x_wconf 86' lang='lat' dir='ltr'><strong>ad</strong></span> <span class='ocrx_word' id='word_1_652' title='bbox 3112 4460 3342 4515; x_wconf 90' lang='lat' dir='ltr'><strong>superos</strong></span> <span class='ocrx_word' id='word_1_653' title='bbox 3360 4445 3597 4518; x_wconf 86' lang='lat' dir='ltr'><strong>Cyrillus</strong></span> <span class='ocrx_word' id='word_1_654' title='bbox 3610 4447 3703 4502; x_wconf 89' lang='lat' dir='ltr'><strong>die</strong></span> 
     </span>
    </p>
   </div>
   <div class='ocr_carea' id='block_1_100' title="bbox 2112 4534 2851 4592">
    <p class='ocr_par' dir='ltr' id='par_1_100' title="bbox 2112 4534 2851 4592">
     <span class='ocr_line' id='line_1_100' title="bbox 2112 4534 2851 4592; baseline -0.005 0"><span class='ocrx_word' id='word_1_655' title='bbox 2112 4536 2185 4592; x_wconf 67' lang='lat'><strong>28</strong></span> <span class='ocrx_word' id='word_1_656' title='bbox 2212 4536 2458 4592; x_wconf 80' lang='lat' dir='ltr'><strong>Januarii</strong></span> <span class='ocrx_word' id='word_1_657' title='bbox 2488 4543 2585 4589; x_wconf 89' lang='lat' dir='ltr'><strong>aut</strong></span> <span class='ocrx_word' id='word_1_658' title='bbox 2623 4536 2654 4590; x_wconf 90' lang='lat'><strong>9</strong></span> <span class='ocrx_word' id='word_1_659' title='bbox 2682 4534 2851 4590; x_wconf 85' lang='lat' dir='ltr'><strong>Junii.</strong></span> 
     </span>
    </p>
   </div>
   <div class='ocr_carea' id='block_1_101' title="bbox 2180 4625 3704 4698">
    <p class='ocr_par' dir='ltr' id='par_1_101' title="bbox 2180 4625 3704 4698">
     <span class='ocr_line' id='line_1_101' title="bbox 2180 4625 3704 4698; baseline 0.002 -17"><span class='ocrx_word' id='word_1_660' title='bbox 2180 4627 2253 4681; x_wconf 83' lang='lat' dir='ltr'><strong>‘Il.</strong></span> <span class='ocrx_word' id='word_1_661' title='bbox 2295 4625 2682 4682; x_wconf 90' lang='lat' dir='ltr'><strong>Theodoretus</strong></span> <span class='ocrx_word' id='word_1_662' title='bbox 2720 4626 2910 4681; x_wconf 90' lang='lat' dir='ltr'><strong>laudat</strong></span> <span class='ocrx_word' id='word_1_663' title='bbox 2936 4628 3057 4698; x_wconf 88' lang='lat' dir='ltr'><strong>ejus</strong></span> <span class='ocrx_word' id='word_1_664' title='bbox 3080 4626 3415 4698; x_wconf 84' lang='lat' dir='ltr'><strong>singularem</strong></span> <span class='ocrx_word' id='word_1_665' title='bbox 3448 4644 3704 4684; x_wconf 83' lang='lat' dir='ltr'><strong>mansue—</strong></span> 
     </span>
    </p>
   </div>
   <div class='ocr_carea' id='block_1_102' title="bbox 2119 4717 3704 4789">
    <p class='ocr_par' dir='ltr' id='par_1_102' title="bbox 2119 4717 3704 4789">
     <span class='ocr_line' id='line_1_102' title="bbox 2119 4717 3704 4789; baseline 0.001 -18"><span class='ocrx_word' id='word_1_666' title='bbox 2119 4717 2365 4772; x_wconf 88' lang='lat' dir='ltr'><strong>tudinem</strong></span> <span class='ocrx_word' id='word_1_667' title='bbox 2390 4733 2517 4786; x_wconf 84' lang='lat' dir='ltr'><strong>erga</strong></span> <span class='ocrx_word' id='word_1_668' title='bbox 2545 4717 2818 4781; x_wconf 85' lang='lat' dir='ltr'><strong>subditos,</strong></span> <span class='ocrx_word' id='word_1_669' title='bbox 2846 4727 2903 4772; x_wconf 91' lang='lat' dir='ltr'><strong>et</strong></span> <span class='ocrx_word' id='word_1_670' title='bbox 2928 4733 3143 4772; x_wconf 89' lang='lat' dir='ltr'><strong>morum</strong></span> <span class='ocrx_word' id='word_1_671' title='bbox 3166 4718 3492 4773; x_wconf 89' lang='lat' dir='ltr'><strong>modestiam</strong></span> <span class='ocrx_word' id='word_1_672' title='bbox 3525 4735 3540 4772; x_wconf 89' lang='lat'><strong>:</strong></span> <span class='ocrx_word' id='word_1_673' title='bbox 3572 4734 3704 4789; x_wconf 69' lang='lat' dir='ltr'><strong>paro</strong></span> 
     </span>
    </p>
   </div>
   <div class='ocr_carea' id='block_1_103' title="bbox 2118 4809 3703 4880">
    <p class='ocr_par' dir='ltr' id='par_1_103' title="bbox 2118 4809 3703 4880">
     <span class='ocr_line' id='line_1_103' title="bbox 2118 4809 3703 4880; baseline 0.001 -16"><span class='ocrx_word' id='word_1_674' title='bbox 2118 4810 2218 4864; x_wconf 85' lang='lat' dir='ltr'><strong>tim</strong></span> <span class='ocrx_word' id='word_1_675' title='bbox 2250 4811 2378 4880; x_wconf 88' lang='lat' dir='ltr'><strong>quia</strong></span> <span class='ocrx_word' id='word_1_676' title='bbox 2409 4825 2498 4864; x_wconf 86' lang='lat' dir='ltr'><strong>res</strong></span> <span class='ocrx_word' id='word_1_677' title='bbox 2531 4811 2606 4865; x_wconf 87' lang='lat' dir='ltr'><strong>ita</strong></span> <span class='ocrx_word' id='word_1_678' title='bbox 2640 4823 2698 4864; x_wconf 85' lang='lat' dir='ltr'><strong>se</strong></span> <span class='ocrx_word' id='word_1_679' title='bbox 2721 4809 2980 4875; x_wconf 82' lang='lat' dir='ltr'><strong>habebat,</strong></span> <span class='ocrx_word' id='word_1_680' title='bbox 3005 4824 3132 4863; x_wconf 90' lang='lat' dir='ltr'><strong>nam</strong></span> <span class='ocrx_word' id='word_1_681' title='bbox 3160 4809 3248 4863; x_wconf 91' lang='lat' dir='ltr'><strong>his</strong></span> <span class='ocrx_word' id='word_1_682' title='bbox 3281 4809 3494 4864; x_wconf 88' lang='lat' dir='ltr'><strong>artibus</strong></span> <span class='ocrx_word' id='word_1_683' title='bbox 3512 4819 3703 4879; x_wconf 83' lang='lat' dir='ltr'><strong>capta-</strong></span> 
     </span>
    </p>
   </div>
   <div class='ocr_carea' id='block_1_104' title="bbox 2121 4899 3705 4971">
    <p class='ocr_par' dir='ltr' id='par_1_104' title="bbox 2121 4899 3705 4971">
     <span class='ocr_line' id='line_1_104' title="bbox 2121 4899 3705 4971; baseline 0.002 -17"><span class='ocrx_word' id='word_1_684' title='bbox 2121 4899 2215 4954; x_wconf 84' lang='lat' dir='ltr'><strong>bat</strong></span> <span class='ocrx_word' id='word_1_685' title='bbox 2249 4900 2412 4956; x_wconf 92' lang='lat' dir='ltr'><strong>homo</strong></span> <span class='ocrx_word' id='word_1_686' title='bbox 2433 4916 2671 4971; x_wconf 89' lang='lat' dir='ltr'><strong>nequam</strong></span> <span class='ocrx_word' id='word_1_687' title='bbox 2696 4900 2901 4956; x_wconf 87' lang='lat' dir='ltr'><strong>civium</strong></span> <span class='ocrx_word' id='word_1_688' title='bbox 2929 4900 3163 4965; x_wconf 89' lang='lat' dir='ltr'><strong>animos,</strong></span> <span class='ocrx_word' id='word_1_689' title='bbox 3197 4908 3259 4954; x_wconf 93' lang='lat' dir='ltr'><strong>ut</strong></span> <span class='ocrx_word' id='word_1_690' title='bbox 3286 4915 3475 4956; x_wconf 90' lang='lat' dir='ltr'><strong>amore</strong></span> <span class='ocrx_word' id='word_1_691' title='bbox 3513 4907 3705 4971; x_wconf 84' lang='lat' dir='ltr'><strong>postea</strong></span> 
     </span>
    </p>
   </div>
   <div class='ocr_carea' id='block_1_105' title="bbox 2119 4990 3703 5061">
    <p class='ocr_par' dir='ltr' id='par_1_105' title="bbox 2119 4990 3703 5061">
     <span class='ocr_line' id='line_1_105' title="bbox 2119 4990 3703 5061; baseline -0.001 -15"><span class='ocrx_word' id='word_1_692' title='bbox 2119 4990 2448 5047; x_wconf 89' lang='lat' dir='ltr'><strong>abuteretur</strong></span> <span class='ocrx_word' id='word_1_693' title='bbox 2483 4990 2551 5046; x_wconf 90' lang='lat' dir='ltr'><strong>ad</strong></span> <span class='ocrx_word' id='word_1_694' title='bbox 2584 5006 2713 5046; x_wconf 89' lang='lat' dir='ltr'><strong>snas</strong></span> <span class='ocrx_word' id='word_1_695' title='bbox 2739 4991 3055 5046; x_wconf 87' lang='lat' dir='ltr'><strong>molitioues</strong></span> <span class='ocrx_word' id='word_1_696' title='bbox 3088 4992 3430 5047; x_wconf 89' lang='lat' dir='ltr'><strong>roborandas</strong></span> <span class='ocrx_word' id='word_1_697' title='bbox 3461 4992 3703 5061; x_wconf 89' lang='lat' dir='ltr'><strong>:partim</strong></span> 
     </span>
    </p>
   </div>
   <div class='ocr_carea' id='block_1_106' title="bbox 2121 5079 3707 5153">
    <p class='ocr_par' dir='ltr' id='par_1_106' title="bbox 2121 5079 3707 5153">
     <span class='ocr_line' id='line_1_106' title="bbox 2121 5079 3707 5153; baseline 0.003 -20"><span class='ocrx_word' id='word_1_698' title='bbox 2121 5087 2351 5150; x_wconf 88' lang='lat' dir='ltr'><strong>propter</strong></span> <span class='ocrx_word' id='word_1_699' title='bbox 2372 5079 2719 5149; x_wconf 90' lang='lat' dir='ltr'><strong>iniquitatem</strong></span> <span class='ocrx_word' id='word_1_700' title='bbox 2745 5080 2916 5134; x_wconf 89' lang='lat' dir='ltr'><strong>animi</strong></span> <span class='ocrx_word' id='word_1_701' title='bbox 2952 5096 3083 5152; x_wconf 91' lang='lat' dir='ltr'><strong>erga</strong></span> <span class='ocrx_word' id='word_1_702' title='bbox 3115 5080 3401 5153; x_wconf 83' lang='lat' dir='ltr'><strong>Cyrillum,</strong></span> <span class='ocrx_word' id='word_1_703' title='bbox 3429 5081 3525 5151; x_wconf 91' lang='lat' dir='ltr'><strong>qui</strong></span> <span class='ocrx_word' id='word_1_704' title='bbox 3553 5096 3707 5137; x_wconf 87' lang='lat' dir='ltr'><strong>seve-</strong></span> 
     </span>
    </p>
   </div>
   <div class='ocr_carea' id='block_1_107' title="bbox 2117 5169 3707 5239">
    <p class='ocr_par' dir='ltr' id='par_1_107' title="bbox 2117 5169 3707 5239">
     <span class='ocr_line' id='line_1_107' title="bbox 2117 5169 3707 5239; baseline 0.003 -16"><span class='ocrx_word' id='word_1_705' title='bbox 2117 5169 2280 5224; x_wconf 88' lang='lat' dir='ltr'><strong>rioris</strong></span> <span class='ocrx_word' id='word_1_706' title='bbox 2302 5169 2612 5239; x_wconf 85' lang='lat' dir='ltr'><strong>disciplina</strong></span> <span class='ocrx_word' id='word_1_707' title='bbox 2632 5185 2825 5225; x_wconf 82' lang='lat' dir='ltr'><strong>revera</strong></span> <span class='ocrx_word' id='word_1_708' title='bbox 2849 5178 2990 5234; x_wconf 87' lang='lat' dir='ltr'><strong>erat,</strong></span> <span class='ocrx_word' id='word_1_709' title='bbox 3015 5180 3074 5226; x_wconf 82' lang='lat' dir='ltr'><strong>et</strong></span> <span class='ocrx_word' id='word_1_710' title='bbox 3091 5172 3413 5228; x_wconf 87' lang='lat' dir='ltr'><strong>ambitionis</strong></span> <span class='ocrx_word' id='word_1_711' title='bbox 3433 5187 3461 5227; x_wconf 88' lang='lat' dir='ltr'><strong>a</strong></span> <span class='ocrx_word' id='word_1_712' title='bbox 3491 5174 3707 5228; x_wconf 88' lang='lat' dir='ltr'><strong>calum-</strong></span> 
     </span>
    </p>
   </div>
   <div class='ocr_carea' id='block_1_108' title="bbox 2119 5260 2815 5333">
    <p class='ocr_par' dir='ltr' id='par_1_108' title="bbox 2119 5260 2815 5333">
     <span class='ocr_line' id='line_1_108' title="bbox 2119 5260 2815 5333; baseline 0.006 -20"><span class='ocrx_word' id='word_1_713' title='bbox 2119 5260 2430 5316; x_wconf 80' lang='lat' dir='ltr'><strong>uiatoribus</strong></span> <span class='ocrx_word' id='word_1_714' title='bbox 2458 5262 2815 5333; x_wconf 85' lang='lat' dir='ltr'><strong>arguebatur.</strong></span> 
     </span>
    </p>
   </div>
   <div class='ocr_carea' id='block_1_109' title="bbox 2120 5369 3705 5448">
    <p class='ocr_par' dir='ltr' id='par_1_109' title="bbox 2120 5369 3705 5448">
     <span class='ocr_line' id='line_1_109' title="bbox 2120 5369 3705 5448; baseline 0.005 -23"><span class='ocrx_word' id='word_1_715' title='bbox 2120 5369 2365 5441; x_wconf 80' lang='lat' dir='ltr'><strong>Epistola</strong></span> <span class='ocrx_word' id='word_1_716' title='bbox 2398 5371 2489 5437; x_wconf 84' lang='grc'><strong>61,</strong></span> <span class='ocrx_word' id='word_1_717' title='bbox 2516 5371 2843 5428; x_wconf 78' lang='lat' dir='ltr'><strong>salutatoria</strong></span> <span class='ocrx_word' id='word_1_718' title='bbox 2883 5373 2954 5428; x_wconf 85' lang='lat' dir='ltr'><strong>ad</strong></span> <span class='ocrx_word' id='word_1_719' title='bbox 2976 5374 3282 5430; x_wconf 83' lang='lat' dir='ltr'><strong>Archibium</strong></span> <span class='ocrx_word' id='word_1_720' title='bbox 3321 5375 3705 5448; x_wconf 78' lang='lat' dir='ltr'><strong>presbyterum.</strong></span> 
     </span>
    </p>
   </div>
   <div class='ocr_carea' id='block_1_110' title="bbox 2191 5482 3708 5559">
    <p class='ocr_par' dir='ltr' id='par_1_110' title="bbox 2191 5482 3708 5559">
     <span class='ocr_line' id='line_1_110' title="bbox 2191 5482 3708 5559; baseline 0.004 -20"><span class='ocrx_word' id='word_1_721' title='bbox 2191 5482 2473 5540; x_wconf 87' lang='lat' dir='ltr'><strong>Credibile</strong></span> <span class='ocrx_word' id='word_1_722' title='bbox 2498 5493 2604 5550; x_wconf 86' lang='lat' dir='ltr'><strong>est,</strong></span> <span class='ocrx_word' id='word_1_723' title='bbox 2648 5484 2793 5540; x_wconf 87' lang='lat' dir='ltr'><strong>hanc</strong></span> <span class='ocrx_word' id='word_1_724' title='bbox 2838 5485 3087 5558; x_wconf 85' lang='lat' dir='ltr'><strong>ejusdem</strong></span> <span class='ocrx_word' id='word_1_725' title='bbox 3120 5502 3243 5544; x_wconf 88' lang='lat' dir='ltr'><strong>esse</strong></span> <span class='ocrx_word' id='word_1_726' title='bbox 3283 5488 3549 5559; x_wconf 89' lang='lat' dir='ltr'><strong>temporis</strong></span> <span class='ocrx_word' id='word_1_727' title='bbox 3578 5503 3708 5545; x_wconf 85' lang='lat' dir='ltr'><strong>cum</strong></span> 
     </span>
    </p>
   </div>
   <div class='ocr_carea' id='block_1_111' title="bbox 1771 5662 2363 5720">
    <p class='ocr_par' dir='ltr' id='par_1_111' title="bbox 1771 5662 2363 5720">
     <span class='ocr_line' id='line_1_111' title="bbox 1771 5662 2363 5720; baseline 0.002 -1"><span class='ocrx_word' id='word_1_728' title='bbox 1771 5662 2089 5719; x_wconf 82' lang='lat' dir='ltr'><strong>SCHULle</strong></span> <span class='ocrx_word' id='word_1_729' title='bbox 2127 5662 2363 5720; x_wconf 68' lang='lat' dir='ltr'><strong>NOTAE.</strong></span> 
     </span>
    </p>
   </div>
   <div class='ocr_carea' id='block_1_112' title="bbox 513 5803 3513 5887">
    <p class='ocr_par' dir='ltr' id='par_1_112' title="bbox 513 5803 3513 5887">
     <span class='ocr_line' id='line_1_112' title="bbox 513 5803 3513 5887; baseline 0.001 -25"><span class='ocrx_word' id='word_1_730' title='bbox 513 5803 556 5839; x_wconf 83' lang='lat'>”</span> <span class='ocrx_word' id='word_1_731' title='bbox 577 5803 760 5862; x_wconf 87' lang='lat' dir='ltr'><strong>Editio</strong></span> <span class='ocrx_word' id='word_1_732' title='bbox 788 5806 942 5876; x_wconf 91' lang='lat' dir='ltr'><strong>prior</strong></span> <span class='ocrx_word' id='word_1_733' title='bbox 974 5807 1215 5865; x_wconf 87' lang='lat' dir='ltr'><strong>habebat</strong></span> <span class='ocrx_word' id='word_1_734' title='bbox 1260 5823 1556 5868; x_wconf 87' lang='lat' dir='ltr'><strong>numerum</strong></span> <span class='ocrx_word' id='word_1_735' title='bbox 1594 5808 1839 5881; x_wconf 85' lang='lat' dir='ltr'><strong>epistola</strong></span> <span class='ocrx_word' id='word_1_736' title='bbox 1876 5811 1975 5879; x_wconf 82' lang='lat' dir='ltr'><strong>5t;</strong></span> <span class='ocrx_word' id='word_1_737' title='bbox 2009 5810 2129 5866; x_wconf 78' lang='lat' dir='ltr'><strong>hac</strong></span> <span class='ocrx_word' id='word_1_738' title='bbox 2157 5818 2341 5867; x_wconf 87' lang='lat' dir='ltr'><strong>autem</strong></span> <span class='ocrx_word' id='word_1_739' title='bbox 2375 5811 2579 5882; x_wconf 80' lang='lat' dir='ltr'><strong>scripta</strong></span> <span class='ocrx_word' id='word_1_740' title='bbox 2606 5821 2691 5868; x_wconf 83' lang='lat' dir='ltr'><strong>est</strong></span> <span class='ocrx_word' id='word_1_741' title='bbox 2722 5811 2788 5868; x_wconf 85' lang='lat' dir='ltr'><strong>ad</strong></span> <span class='ocrx_word' id='word_1_742' title='bbox 2816 5812 3081 5884; x_wconf 88' lang='lat' dir='ltr'><strong>Agapium</strong></span> <span class='ocrx_word' id='word_1_743' title='bbox 3110 5813 3513 5887; x_wconf 87' lang='lat' dir='ltr'><strong>presbyterum.</strong></span> 
     </span>
    </p>
   </div>
  </div>
