  <div class='ocr_page' id='page_1' title='image "/cluster/home/n/w/nwhite01/storage/ocr_20150623/84:no.5/coo.31924054869858/144.png"; bbox 0 0 4070 6450; ppageno 0'>
   <div class='ocr_carea' id='block_1_1' title="bbox 418 400 535 465">
    <p class='ocr_par' dir='ltr' id='par_1_1' title="bbox 418 400 535 465">
     <span class='ocr_line' id='line_1_1' title="bbox 418 400 535 465; baseline 0.017 -2"><span class='ocrx_word' id='word_1_1' title='bbox 418 400 535 465; x_wconf 80' lang='grc'><strong>273</strong></span> 
     </span>
    </p>
   </div>
   <div class='ocr_carea' id='block_1_2' title="bbox 423 599 2014 683">
    <p class='ocr_par' dir='ltr' id='par_1_2' title="bbox 423 599 2014 683">
     <span class='ocr_line' id='line_1_2' title="bbox 423 599 2014 683; baseline 0.011 -32"><span class='ocrx_word' id='word_1_2' title='bbox 423 599 640 671; x_wconf 74' lang='lat' dir='ltr'><strong>sbyter,</strong></span> <span class='ocrx_word' id='word_1_3' title='bbox 668 602 831 671; x_wconf 86' lang='lat' dir='ltr'><strong>cujus</strong></span> <span class='ocrx_word' id='word_1_4' title='bbox 856 604 1152 673; x_wconf 72' lang='lat' dir='ltr'><strong>perlatoris</strong></span> <span class='ocrx_word' id='word_1_5' title='bbox 1190 606 1246 662; x_wconf 91' lang='lat' dir='ltr'><strong>in</strong></span> <span class='ocrx_word' id='word_1_6' title='bbox 1279 617 1512 680; x_wconf 88' lang='lat' dir='ltr'><strong>utraque</strong></span> <span class='ocrx_word' id='word_1_7' title='bbox 1533 612 1550 630; x_wconf 84' lang='lat'><strong><em>‘</em></strong></span> <span class='ocrx_word' id='word_1_8' title='bbox 1575 611 1740 683; x_wconf 61' lang='lat'><strong>324.</strong></span> <span class='ocrx_word' id='word_1_9' title='bbox 1774 610 1837 667; x_wconf 83' lang='lat' dir='ltr'><strong>ﬁt</strong></span> <span class='ocrx_word' id='word_1_10' title='bbox 1866 628 2014 668; x_wconf 84' lang='lat' dir='ltr'><strong>men-</strong></span> 
     </span>
    </p>
   </div>
   <div class='ocr_carea' id='block_1_3' title="bbox 422 690 2021 773">
    <p class='ocr_par' dir='ltr' id='par_1_3' title="bbox 422 690 2021 773">
     <span class='ocr_line' id='line_1_3' title="bbox 422 690 2021 773; baseline 0.011 -30"><span class='ocrx_word' id='word_1_11' title='bbox 422 692 526 744; x_wconf 81' lang='lat' dir='ltr'><strong>tio.</strong></span> <span class='ocrx_word' id='word_1_12' title='bbox 553 690 739 757; x_wconf 82' lang='lat' dir='ltr'><strong>Quare</strong></span> <span class='ocrx_word' id='word_1_13' title='bbox 772 693 1098 751; x_wconf 86' lang='lat' dir='ltr'><strong>Archibium</strong></span> <span class='ocrx_word' id='word_1_14' title='bbox 1123 701 1320 755; x_wconf 89' lang='lat' dir='ltr'><strong>merito</strong></span> <span class='ocrx_word' id='word_1_15' title='bbox 1348 701 1620 773; x_wconf 84' lang='lat' dir='ltr'><strong>quispiam</strong></span> <span class='ocrx_word' id='word_1_16' title='bbox 1638 704 2021 760; x_wconf 61' lang='lat' dir='ltr'><strong>Alexandrina</strong></span> 
     </span>
    </p>
   </div>
   <div class='ocr_carea' id='block_1_4' title="bbox 422 776 1444 857">
    <p class='ocr_par' dir='ltr' id='par_1_4' title="bbox 422 776 1444 857">
     <span class='ocr_line' id='line_1_4' title="bbox 422 776 1444 857; baseline 0.013 -25"><span class='ocrx_word' id='word_1_17' title='bbox 422 776 693 835; x_wconf 74' lang='lat' dir='ltr'><strong>Ecclesize</strong></span> <span class='ocrx_word' id='word_1_18' title='bbox 725 783 1113 854; x_wconf 72' lang='lat' dir='ltr'><strong>presbyterum</strong></span> <span class='ocrx_word' id='word_1_19' title='bbox 1145 792 1444 857; x_wconf 75' lang='lat' dir='ltr'><strong>putaverit.</strong></span> 
     </span>
    </p>
   </div>
   <div class='ocr_carea' id='block_1_5' title="bbox 420 887 2015 977">
    <p class='ocr_par' dir='ltr' id='par_1_5' title="bbox 420 887 2015 977">
     <span class='ocr_line' id='line_1_5' title="bbox 420 887 2015 977; baseline 0.013 -37"><span class='ocrx_word' id='word_1_20' title='bbox 420 887 676 959; x_wconf 79' lang='lat' dir='ltr'><strong>Eprstola</strong></span> <span class='ocrx_word' id='word_1_21' title='bbox 712 890 818 956; x_wconf 68' lang='lat'><strong>62,</strong></span> <span class='ocrx_word' id='word_1_22' title='bbox 853 891 1177 950; x_wconf 79' lang='lat' dir='ltr'><strong>salutatoria</strong></span> <span class='ocrx_word' id='word_1_23' title='bbox 1213 898 1284 952; x_wconf 85' lang='lat' dir='ltr'><strong>ad</strong></span> <span class='ocrx_word' id='word_1_24' title='bbox 1327 900 1593 957; x_wconf 80' lang='lat' dir='ltr'><strong>Joannem</strong></span> <span class='ocrx_word' id='word_1_25' title='bbox 1632 905 2015 977; x_wconf 73' lang='lat' dir='ltr'><strong>presbyterum.</strong></span> 
     </span>
    </p>
   </div>
   <div class='ocr_carea' id='block_1_6' title="bbox 493 1000 2018 1085">
    <p class='ocr_par' dir='ltr' id='par_1_6' title="bbox 493 1000 2018 1085">
     <span class='ocr_line' id='line_1_6' title="bbox 493 1000 2018 1085; baseline 0.011 -29"><span class='ocrx_word' id='word_1_26' title='bbox 493 1000 540 1056; x_wconf 82' lang='grc' dir='ltr'><strong>Ι.</strong></span> <span class='ocrx_word' id='word_1_27' title='bbox 585 1001 803 1073; x_wconf 81' lang='lat' dir='ltr'><strong>Scripta</strong></span> <span class='ocrx_word' id='word_1_28' title='bbox 837 1013 922 1060; x_wconf 89' lang='lat' dir='ltr'><strong>est</strong></span> <span class='ocrx_word' id='word_1_29' title='bbox 948 1006 1159 1076; x_wconf 80' lang='lat' dir='ltr'><strong>aliquot</strong></span> <span class='ocrx_word' id='word_1_30' title='bbox 1185 1012 1469 1068; x_wconf 85' lang='lat' dir='ltr'><strong>mensibus</strong></span> <span class='ocrx_word' id='word_1_31' title='bbox 1489 1024 1614 1084; x_wconf 88' lang='lat' dir='ltr'><strong>post</strong></span> <span class='ocrx_word' id='word_1_32' title='bbox 1644 1018 2018 1085; x_wconf 68' lang='lat' dir='ltr'><strong>prmcedentes</strong></span> 
     </span>
    </p>
   </div>
   <div class='ocr_carea' id='block_1_7' title="bbox 414 1092 2018 1181">
    <p class='ocr_par' dir='ltr' id='par_1_7' title="bbox 414 1092 2018 1181">
     <span class='ocr_line' id='line_1_7' title="bbox 414 1092 2018 1181; baseline 0.013 -35"><span class='ocrx_word' id='word_1_33' title='bbox 414 1092 565 1148; x_wconf 86' lang='lat' dir='ltr'><strong>duas</strong></span> <span class='ocrx_word' id='word_1_34' title='bbox 592 1111 608 1147; x_wconf 88' lang='lat'><strong>:</strong></span> <span class='ocrx_word' id='word_1_35' title='bbox 645 1093 877 1151; x_wconf 83' lang='lat' dir='ltr'><strong>ﬁtenim</strong></span> <span class='ocrx_word' id='word_1_36' title='bbox 908 1097 965 1150; x_wconf 90' lang='lat' dir='ltr'><strong>in</strong></span> <span class='ocrx_word' id='word_1_37' title='bbox 991 1114 1057 1153; x_wconf 86' lang='lat' dir='ltr'><strong>ea</strong></span> <span class='ocrx_word' id='word_1_38' title='bbox 1082 1103 1289 1157; x_wconf 88' lang='lat' dir='ltr'><strong>mentio</strong></span> <span class='ocrx_word' id='word_1_39' title='bbox 1326 1105 1610 1163; x_wconf 88' lang='lat' dir='ltr'><strong>redeuntis</strong></span> <span class='ocrx_word' id='word_1_40' title='bbox 1632 1107 1855 1164; x_wconf 84' lang='lat' dir='ltr'><strong>Eusebii</strong></span> <span class='ocrx_word' id='word_1_41' title='bbox 1888 1128 2018 1181; x_wconf 80' lang='lat' dir='ltr'><strong>pre-</strong></span> 
     </span>
    </p>
   </div>
   <div class='ocr_carea' id='block_1_8' title="bbox 412 1183 2013 1266">
    <p class='ocr_par' dir='ltr' id='par_1_8' title="bbox 412 1183 2013 1266">
     <span class='ocr_line' id='line_1_8' title="bbox 412 1183 2013 1266; baseline 0.012 -29"><span class='ocrx_word' id='word_1_42' title='bbox 412 1183 632 1255; x_wconf 84' lang='lat' dir='ltr'><strong>sbyteri</strong></span> <span class='ocrx_word' id='word_1_43' title='bbox 669 1202 684 1239; x_wconf 93' lang='lat'><strong>:</strong></span> <span class='ocrx_word' id='word_1_44' title='bbox 719 1184 944 1241; x_wconf 79' lang='lat' dir='ltr'><strong>Rediens</strong></span> <span class='ocrx_word' id='word_1_45' title='bbox 970 1198 1147 1244; x_wconf 85' lang='lat' dir='ltr'><strong>autem</strong></span> <span class='ocrx_word' id='word_1_46' title='bbox 1177 1209 1346 1264; x_wconf 84' lang='lat' dir='ltr'><strong>nuper</strong></span> <span class='ocrx_word' id='word_1_47' title='bbox 1383 1212 1445 1249; x_wconf 78' lang='lat' dir='ltr'><strong>ea:</strong></span> <span class='ocrx_word' id='word_1_48' title='bbox 1473 1199 1650 1266; x_wconf 86' lang='lat' dir='ltr'><strong>patria</strong></span> <span class='ocrx_word' id='word_1_49' title='bbox 1680 1209 1854 1255; x_wconf 81' lang='lat' dir='ltr'><strong>vestra</strong></span> <span class='ocrx_word' id='word_1_50' title='bbox 1886 1200 2013 1257; x_wconf 87' lang='lat' dir='ltr'><strong>reli-</strong></span> 
     </span>
    </p>
   </div>
   <div class='ocr_carea' id='block_1_9' title="bbox 416 1276 1358 1351">
    <p class='ocr_par' dir='ltr' id='par_1_9' title="bbox 416 1276 1358 1351">
     <span class='ocr_line' id='line_1_9' title="bbox 416 1276 1358 1351; baseline 0.014 -24"><span class='ocrx_word' id='word_1_51' title='bbox 416 1276 755 1345; x_wconf 78' lang='lat' dir='ltr'><strong>giosissimus</strong></span> <span class='ocrx_word' id='word_1_52' title='bbox 781 1279 1057 1351; x_wconf 79' lang='lat' dir='ltr'><strong>presbyter</strong></span> <span class='ocrx_word' id='word_1_53' title='bbox 1077 1282 1358 1341; x_wconf 78' lang='lat' dir='ltr'><strong>Eusebius.</strong></span> 
     </span>
    </p>
   </div>
   <div class='ocr_carea' id='block_1_10' title="bbox 492 1367 2018 1454">
    <p class='ocr_par' dir='ltr' id='par_1_10' title="bbox 492 1367 2018 1454">
     <span class='ocr_line' id='line_1_10' title="bbox 492 1367 2018 1454; baseline 0.016 -35"><span class='ocrx_word' id='word_1_54' title='bbox 492 1367 563 1421; x_wconf 84' lang='lat' dir='ltr'><strong>ll.</strong></span> <span class='ocrx_word' id='word_1_55' title='bbox 606 1368 737 1422; x_wconf 89' lang='lat' dir='ltr'><strong>Inde</strong></span> <span class='ocrx_word' id='word_1_56' title='bbox 764 1379 1002 1435; x_wconf 85' lang='lat' dir='ltr'><strong>constat,</strong></span> <span class='ocrx_word' id='word_1_57' title='bbox 1045 1374 1312 1433; x_wconf 86' lang='lat' dir='ltr'><strong>Joannem</strong></span> <span class='ocrx_word' id='word_1_58' title='bbox 1340 1382 1718 1454; x_wconf 80' lang='lat' dir='ltr'><strong>presbyterum</strong></span> <span class='ocrx_word' id='word_1_59' title='bbox 1757 1386 2018 1442; x_wconf 69' lang='lat' dir='ltr'><strong>Ecclesiae</strong></span> 
     </span>
    </p>
   </div>
   <div class='ocr_carea' id='block_1_11' title="bbox 416 1457 2017 1544">
    <p class='ocr_par' dir='ltr' id='par_1_11' title="bbox 416 1457 2017 1544">
     <span class='ocr_line' id='line_1_11' title="bbox 416 1457 2017 1544; baseline 0.014 -34"><span class='ocrx_word' id='word_1_60' title='bbox 416 1457 813 1516; x_wconf 71' lang='lat' dir='ltr'><strong>Alexandrinae</strong></span> <span class='ocrx_word' id='word_1_61' title='bbox 828 1462 1127 1530; x_wconf 80' lang='lat' dir='ltr'><strong>exstitisse,</strong></span> <span class='ocrx_word' id='word_1_62' title='bbox 1149 1483 1455 1540; x_wconf 88' lang='lat' dir='ltr'><strong>magnoque</strong></span> <span class='ocrx_word' id='word_1_63' title='bbox 1480 1473 1536 1527; x_wconf 94' lang='lat' dir='ltr'><strong>in</strong></span> <span class='ocrx_word' id='word_1_64' title='bbox 1552 1476 1732 1544; x_wconf 90' lang='lat' dir='ltr'><strong>pretio</strong></span> <span class='ocrx_word' id='word_1_65' title='bbox 1758 1474 2017 1533; x_wconf 90' lang='lat' dir='ltr'><strong>habuisse</strong></span> 
     </span>
    </p>
   </div>
   <div class='ocr_carea' id='block_1_12' title="bbox 418 1551 2018 1628">
    <p class='ocr_par' dir='ltr' id='par_1_12' title="bbox 418 1551 2018 1628">
     <span class='ocr_line' id='line_1_12' title="bbox 418 1551 2018 1628; baseline 0.014 -23"><span class='ocrx_word' id='word_1_66' title='bbox 418 1551 867 1622; x_wconf 77' lang='lat' dir='ltr'><strong>Theodoretum,</strong></span> <span class='ocrx_word' id='word_1_67' title='bbox 892 1574 1059 1628; x_wconf 90' lang='lat' dir='ltr'><strong>quem</strong></span> <span class='ocrx_word' id='word_1_68' title='bbox 1086 1561 1144 1616; x_wconf 93' lang='lat' dir='ltr'><strong>in</strong></span> <span class='ocrx_word' id='word_1_69' title='bbox 1167 1575 1445 1622; x_wconf 89' lang='lat' dir='ltr'><strong>conventu</strong></span> <span class='ocrx_word' id='word_1_70' title='bbox 1471 1567 1776 1626; x_wconf 84' lang='lat' dir='ltr'><strong>honoriﬁce</strong></span> <span class='ocrx_word' id='word_1_71' title='bbox 1800 1571 2018 1627; x_wconf 87' lang='lat' dir='ltr'><strong>laudas-</strong></span> 
     </span>
    </p>
   </div>
   <div class='ocr_carea' id='block_1_13' title="bbox 428 1652 533 1698">
    <p class='ocr_par' dir='ltr' id='par_1_13' title="bbox 428 1652 533 1698">
     <span class='ocr_line' id='line_1_13' title="bbox 428 1652 533 1698; baseline 0.01 -1"><span class='ocrx_word' id='word_1_72' title='bbox 428 1652 533 1698; x_wconf 83' lang='lat' dir='ltr'><strong>set.</strong></span> 
     </span>
    </p>
   </div>
   <div class='ocr_carea' id='block_1_14' title="bbox 494 1734 2014 1823">
    <p class='ocr_par' dir='ltr' id='par_1_14' title="bbox 494 1734 2014 1823">
     <span class='ocr_line' id='line_1_14' title="bbox 494 1734 2014 1823; baseline 0.016 -36"><span class='ocrx_word' id='word_1_73' title='bbox 494 1734 585 1788; x_wconf 87' lang='lat' dir='ltr'><strong>Ill.</strong></span> <span class='ocrx_word' id='word_1_74' title='bbox 609 1735 760 1791; x_wconf 77' lang='lat' dir='ltr'><strong>Misit</strong></span> <span class='ocrx_word' id='word_1_75' title='bbox 780 1755 914 1795; x_wconf 89' lang='lat' dir='ltr'><strong>vero</strong></span> <span class='ocrx_word' id='word_1_76' title='bbox 928 1742 1217 1811; x_wconf 81' lang='lat' dir='ltr'><strong>epistolam</strong></span> <span class='ocrx_word' id='word_1_77' title='bbox 1239 1745 1621 1807; x_wconf 90' lang='lat' dir='ltr'><strong>Theodoretus</strong></span> <span class='ocrx_word' id='word_1_78' title='bbox 1636 1770 1736 1823; x_wconf 88' lang='lat' dir='ltr'><strong>per</strong></span> <span class='ocrx_word' id='word_1_79' title='bbox 1755 1754 2014 1811; x_wconf 90' lang='lat' dir='ltr'><strong>eumdem</strong></span> 
     </span>
    </p>
   </div>
   <div class='ocr_carea' id='block_1_15' title="bbox 1595 413 2522 481">
    <p class='ocr_par' dir='ltr' id='par_1_15' title="bbox 1595 413 2522 481">
     <span class='ocr_line' id='line_1_15' title="bbox 1595 413 2522 481; baseline 0.008 -7"><span class='ocrx_word' id='word_1_80' title='bbox 1595 413 1693 474; x_wconf 88' lang='lat' dir='ltr'><strong>DE</strong></span> <span class='ocrx_word' id='word_1_81' title='bbox 1726 415 1984 476; x_wconf 86' lang='lat' dir='ltr'>LIBRIS</span> <span class='ocrx_word' id='word_1_82' title='bbox 2014 415 2522 481; x_wconf 73' lang='lat' dir='ltr'><strong>THEODORETII</strong></span> 
     </span>
    </p>
   </div>
   <div class='ocr_carea' id='block_1_16' title="bbox 424 508 2094 595">
    <p class='ocr_par' dir='ltr' id='par_1_16' title="bbox 424 508 2094 595">
     <span class='ocr_line' id='line_1_16' title="bbox 424 508 2094 595; baseline 0.011 -31"><span class='ocrx_word' id='word_1_83' title='bbox 424 508 781 580; x_wconf 72' lang='lat' dir='ltr'><strong>pmcedente</strong></span> <span class='ocrx_word' id='word_1_84' title='bbox 808 529 822 565; x_wconf 90' lang='lat'>:</span> <span class='ocrx_word' id='word_1_85' title='bbox 855 512 1002 569; x_wconf 85' lang='lat' dir='ltr'><strong>idem</strong></span> <span class='ocrx_word' id='word_1_86' title='bbox 1029 515 1175 571; x_wconf 85' lang='lat' dir='ltr'><strong>enim</strong></span> <span class='ocrx_word' id='word_1_87' title='bbox 1200 517 1423 574; x_wconf 88' lang='lat' dir='ltr'><strong>videtur</strong></span> <span class='ocrx_word' id='word_1_88' title='bbox 1441 535 1564 576; x_wconf 89' lang='lat' dir='ltr'><strong>esse</strong></span> <span class='ocrx_word' id='word_1_89' title='bbox 1593 523 1866 579; x_wconf 85' lang='lat' dir='ltr'><strong>Eusebius</strong></span> <span class='ocrx_word' id='word_1_90' title='bbox 1887 539 2016 595; x_wconf 89' lang='lat' dir='ltr'><strong>pre-</strong></span> <span class='ocrx_word' id='word_1_91' title='bbox 2047 531 2094 585; x_wconf 84' lang='lat' dir='ltr'><strong>A</strong></span> 
     </span>
    </p>
   </div>
   <div class='ocr_carea' id='block_1_17' title="bbox 3596 428 3706 496">
    <p class='ocr_par' dir='ltr' id='par_1_17' title="bbox 3596 428 3706 496">
     <span class='ocr_line' id='line_1_17' title="bbox 3596 428 3706 496; baseline -0.018 0"><span class='ocrx_word' id='word_1_92' title='bbox 3596 428 3706 496; x_wconf 72' lang='grc' dir='ltr'><strong>2Ἷῶ</strong></span> 
     </span>
    </p>
   </div>
   <div class='ocr_carea' id='block_1_18' title="bbox 2263 527 3551 608">
    <p class='ocr_par' dir='ltr' id='par_1_18' title="bbox 2263 527 3551 608">
     <span class='ocr_line' id='line_1_18' title="bbox 2263 527 3551 608; baseline 0.011 -28"><span class='ocrx_word' id='word_1_93' title='bbox 2263 527 2508 598; x_wconf 82' lang='lat' dir='ltr'><strong>Epistola</strong></span> <span class='ocrx_word' id='word_1_94' title='bbox 2538 528 2628 595; x_wconf 87' lang='lat'><strong>69,</strong></span> <span class='ocrx_word' id='word_1_95' title='bbox 2660 530 3021 587; x_wconf 85' lang='lat' dir='ltr'><strong>consolatoria</strong></span> <span class='ocrx_word' id='word_1_96' title='bbox 3056 532 3127 587; x_wconf 85' lang='lat' dir='ltr'><strong>ad</strong></span> <span class='ocrx_word' id='word_1_97' title='bbox 3160 533 3551 608; x_wconf 82' lang='lat' dir='ltr'><strong>Eugraphiam.</strong></span> 
     </span>
    </p>
   </div>
   <div class='ocr_carea' id='block_1_19' title="bbox 2192 635 3236 711">
    <p class='ocr_par' dir='ltr' id='par_1_19' title="bbox 2192 635 3236 711">
     <span class='ocr_line' id='line_1_19' title="bbox 2192 635 3236 711; baseline 0.01 -23"><span class='ocrx_word' id='word_1_98' title='bbox 2192 636 2268 689; x_wconf 88' lang='lat' dir='ltr'><strong>De</strong></span> <span class='ocrx_word' id='word_1_99' title='bbox 2294 635 2398 692; x_wconf 90' lang='lat' dir='ltr'><strong>hac</strong></span> <span class='ocrx_word' id='word_1_100' title='bbox 2422 637 2631 692; x_wconf 89' lang='lat' dir='ltr'><strong>dictum</strong></span> <span class='ocrx_word' id='word_1_101' title='bbox 2666 646 2749 694; x_wconf 91' lang='lat' dir='ltr'><strong>est</strong></span> <span class='ocrx_word' id='word_1_102' title='bbox 2769 640 2839 694; x_wconf 87' lang='lat' dir='ltr'><strong>ad</strong></span> <span class='ocrx_word' id='word_1_103' title='bbox 2867 641 3156 711; x_wconf 88' lang='lat' dir='ltr'><strong>epistolam</strong></span> <span class='ocrx_word' id='word_1_104' title='bbox 3183 642 3236 698; x_wconf 92' lang='lat'><strong>8.</strong></span> 
     </span>
    </p>
   </div>
   <div class='ocr_carea' id='block_1_20' title="bbox 2126 746 3705 836">
    <p class='ocr_par' dir='ltr' id='par_1_20' title="bbox 2126 746 3705 836">
     <span class='ocr_line' id='line_1_20' title="bbox 2126 746 3705 836; baseline 0.013 -37"><span class='ocrx_word' id='word_1_105' title='bbox 2126 746 2362 817; x_wconf 84' lang='lat' dir='ltr'><strong>Epistola</strong></span> <span class='ocrx_word' id='word_1_106' title='bbox 2397 748 2484 813; x_wconf 89' lang='lat'><strong>70,</strong></span> <span class='ocrx_word' id='word_1_107' title='bbox 2514 752 2945 836; x_wconf 72' lang='lat' dir='ltr'><strong>commendatitia</strong></span> <span class='ocrx_word' id='word_1_108' title='bbox 2973 754 3044 809; x_wconf 86' lang='lat' dir='ltr'><strong>ad</strong></span> <span class='ocrx_word' id='word_1_109' title='bbox 3066 756 3407 814; x_wconf 85' lang='lat' dir='ltr'><strong>Eustathium</strong></span> <span class='ocrx_word' id='word_1_110' title='bbox 3436 761 3705 833; x_wconf 75' lang='lat' dir='ltr'><strong>Aegarunt</strong></span> 
     </span>
    </p>
   </div>
   <div class='ocr_carea' id='block_1_21' title="bbox 2749 838 3094 894">
    <p class='ocr_par' dir='ltr' id='par_1_21' title="bbox 2749 838 3094 894">
     <span class='ocr_line' id='line_1_21' title="bbox 2749 838 3094 894; baseline 0.017 -19"><span class='ocrx_word' id='word_1_111' title='bbox 2749 838 3067 894; x_wconf 76' lang='lat' dir='ltr'><strong>eptswpum.</strong></span> <span class='ocrx_word' id='word_1_112' title='bbox 3080 873 3094 880; x_wconf 85' lang='lat'><strong>-</strong></span> 
     </span>
    </p>
   </div>
   <div class='ocr_carea' id='block_1_22' title="bbox 2195 928 3704 1010">
    <p class='ocr_par' dir='ltr' id='par_1_22' title="bbox 2195 928 3704 1010">
     <span class='ocr_line' id='line_1_22' title="bbox 2195 928 3704 1010; baseline 0.014 -28"><span class='ocrx_word' id='word_1_113' title='bbox 2195 928 2442 985; x_wconf 81' lang='lat' dir='ltr'><strong>Pertinet</strong></span> <span class='ocrx_word' id='word_1_114' title='bbox 2476 932 2545 986; x_wconf 84' lang='lat' dir='ltr'><strong>ad</strong></span> <span class='ocrx_word' id='word_1_115' title='bbox 2575 948 2780 988; x_wconf 90' lang='lat' dir='ltr'><strong>annum</strong></span> <span class='ocrx_word' id='word_1_116' title='bbox 2816 936 2943 1002; x_wconf 70' lang='lat' dir='ltr'><strong>M5,</strong></span> <span class='ocrx_word' id='word_1_117' title='bbox 2977 948 3073 994; x_wconf 89' lang='lat' dir='ltr'><strong>aut</strong></span> <span class='ocrx_word' id='word_1_118' title='bbox 3105 930 3430 1010; x_wconf 86' lang='lat' dir='ltr'><strong>sequentem</strong></span> <span class='ocrx_word' id='word_1_119' title='bbox 3475 965 3488 1000; x_wconf 90' lang='lat'>:</span> <span class='ocrx_word' id='word_1_120' title='bbox 3522 950 3704 1002; x_wconf 90' lang='lat' dir='ltr'><strong>conti-</strong></span> 
     </span>
    </p>
   </div>
   <div class='ocr_carea' id='block_1_23' title="bbox 2122 1022 3706 1108">
    <p class='ocr_par' dir='ltr' id='par_1_23' title="bbox 2122 1022 3706 1108">
     <span class='ocr_line' id='line_1_23' title="bbox 2122 1022 3706 1108; baseline 0.015 -35"><span class='ocrx_word' id='word_1_121' title='bbox 2122 1028 2218 1074; x_wconf 86' lang='lat' dir='ltr'><strong>net</strong></span> <span class='ocrx_word' id='word_1_122' title='bbox 2249 1022 2398 1077; x_wconf 89' lang='lat' dir='ltr'><strong>enim</strong></span> <span class='ocrx_word' id='word_1_123' title='bbox 2427 1023 2715 1080; x_wconf 90' lang='lat' dir='ltr'><strong>historiam</strong></span> <span class='ocrx_word' id='word_1_124' title='bbox 2744 1027 2927 1084; x_wconf 74' lang='lat' dir='ltr'><strong>Mariae</strong></span> <span class='ocrx_word' id='word_1_125' title='bbox 2956 1031 3242 1101; x_wconf 86' lang='lat' dir='ltr'><strong>cujusdam</strong></span> <span class='ocrx_word' id='word_1_126' title='bbox 3277 1036 3480 1093; x_wconf 87' lang='lat' dir='ltr'><strong>nobilis</strong></span> <span class='ocrx_word' id='word_1_127' title='bbox 3508 1041 3706 1108; x_wconf 77' lang='lat' dir='ltr'><strong>puellae</strong></span> 
     </span>
    </p>
   </div>
   <div class='ocr_carea' id='block_1_24' title="bbox 2122 1108 3703 1190">
    <p class='ocr_par' dir='ltr' id='par_1_24' title="bbox 2122 1108 3703 1190">
     <span class='ocr_line' id='line_1_24' title="bbox 2122 1108 3703 1190; baseline 0.015 -27"><span class='ocrx_word' id='word_1_128' title='bbox 2122 1108 2416 1178; x_wconf 63' lang='lat' dir='ltr'><strong>Africanae,</strong></span> <span class='ocrx_word' id='word_1_129' title='bbox 2456 1131 2580 1184; x_wconf 84' lang='lat' dir='ltr'><strong>quae</strong></span> <span class='ocrx_word' id='word_1_130' title='bbox 2609 1132 2638 1170; x_wconf 92' lang='lat' dir='ltr'><strong>a</strong></span> <span class='ocrx_word' id='word_1_131' title='bbox 2660 1117 2922 1174; x_wconf 84' lang='lat' dir='ltr'><strong>Vandalis</strong></span> <span class='ocrx_word' id='word_1_132' title='bbox 2953 1122 3135 1190; x_wconf 87' lang='lat' dir='ltr'><strong>pretio</strong></span> <span class='ocrx_word' id='word_1_133' title='bbox 3176 1126 3397 1181; x_wconf 86' lang='lat' dir='ltr'><strong>vendita</strong></span> <span class='ocrx_word' id='word_1_134' title='bbox 3429 1141 3703 1186; x_wconf 85' lang='lat' dir='ltr'><strong>mercato-</strong></span> 
     </span>
    </p>
   </div>
   <div class='ocr_carea' id='block_1_25' title="bbox 2121 1200 3700 1284">
    <p class='ocr_par' dir='ltr' id='par_1_25' title="bbox 2121 1200 3700 1284">
     <span class='ocr_line' id='line_1_25' title="bbox 2121 1200 3700 1284; baseline 0.013 -30"><span class='ocrx_word' id='word_1_135' title='bbox 2121 1200 2296 1267; x_wconf 90' lang='lat' dir='ltr'><strong>ribus,</strong></span> <span class='ocrx_word' id='word_1_136' title='bbox 2328 1204 2560 1259; x_wconf 75' lang='lat' dir='ltr'><strong>servivit</strong></span> <span class='ocrx_word' id='word_1_137' title='bbox 2595 1204 2762 1276; x_wconf 85' lang='lat' dir='ltr'><strong>Cyri;</strong></span> <span class='ocrx_word' id='word_1_138' title='bbox 2814 1207 2912 1263; x_wconf 87' lang='lat' dir='ltr'><strong>sed</strong></span> <span class='ocrx_word' id='word_1_139' title='bbox 2957 1209 3260 1283; x_wconf 86' lang='lat' dir='ltr'><strong>redempta,</strong></span> <span class='ocrx_word' id='word_1_140' title='bbox 3303 1217 3451 1284; x_wconf 93' lang='lat' dir='ltr'><strong>quod</strong></span> <span class='ocrx_word' id='word_1_141' title='bbox 3496 1219 3700 1275; x_wconf 89' lang='lat' dir='ltr'><strong>mirum</strong></span> 
     </span>
    </p>
   </div>
   <div class='ocr_carea' id='block_1_26' title="bbox 2119 1293 3701 1373">
    <p class='ocr_par' dir='ltr' id='par_1_26' title="bbox 2119 1293 3701 1373">
     <span class='ocr_line' id='line_1_26' title="bbox 2119 1293 3701 1373; baseline 0.013 -28"><span class='ocrx_word' id='word_1_142' title='bbox 2119 1299 2226 1357; x_wconf 89' lang='lat' dir='ltr'><strong>est,</strong></span> <span class='ocrx_word' id='word_1_143' title='bbox 2254 1307 2285 1346; x_wconf 91' lang='lat' dir='ltr'><strong>a</strong></span> <span class='ocrx_word' id='word_1_144' title='bbox 2312 1293 2602 1358; x_wconf 87' lang='lat' dir='ltr'><strong>militibus,</strong></span> <span class='ocrx_word' id='word_1_145' title='bbox 2630 1304 2687 1351; x_wconf 88' lang='lat' dir='ltr'><strong>et</strong></span> <span class='ocrx_word' id='word_1_146' title='bbox 2716 1313 2746 1351; x_wconf 91' lang='lat' dir='ltr'><strong>a</strong></span> <span class='ocrx_word' id='word_1_147' title='bbox 2774 1297 3123 1356; x_wconf 90' lang='lat' dir='ltr'><strong>Theodoreto</strong></span> <span class='ocrx_word' id='word_1_148' title='bbox 3146 1320 3246 1373; x_wconf 90' lang='lat' dir='ltr'><strong>per</strong></span> <span class='ocrx_word' id='word_1_149' title='bbox 3269 1305 3461 1362; x_wconf 90' lang='lat' dir='ltr'><strong>decem</strong></span> <span class='ocrx_word' id='word_1_150' title='bbox 3484 1324 3701 1366; x_wconf 86' lang='lat' dir='ltr'><strong>menses</strong></span> 
     </span>
    </p>
   </div>
   <div class='ocr_carea' id='block_1_27' title="bbox 2121 1382 3711 1471">
    <p class='ocr_par' dir='ltr' id='par_1_27' title="bbox 2121 1382 3711 1471">
     <span class='ocr_line' id='line_1_27' title="bbox 2121 1382 3711 1471; baseline 0.014 -35"><span class='ocrx_word' id='word_1_151' title='bbox 2121 1382 2334 1440; x_wconf 86' lang='lat' dir='ltr'><strong>idoneis</strong></span> <span class='ocrx_word' id='word_1_152' title='bbox 2360 1386 2622 1441; x_wconf 90' lang='lat' dir='ltr'><strong>subsidiis</strong></span> <span class='ocrx_word' id='word_1_153' title='bbox 2654 1387 2945 1458; x_wconf 87' lang='lat' dir='ltr'><strong>instructa,</strong></span> <span class='ocrx_word' id='word_1_154' title='bbox 2970 1407 3095 1447; x_wconf 91' lang='lat' dir='ltr'><strong>cum</strong></span> <span class='ocrx_word' id='word_1_155' title='bbox 3118 1396 3432 1453; x_wconf 90' lang='lat' dir='ltr'><strong>rescivisset</strong></span> <span class='ocrx_word' id='word_1_156' title='bbox 3452 1400 3521 1455; x_wconf 91' lang='lat' dir='ltr'><strong>de</strong></span> <span class='ocrx_word' id='word_1_157' title='bbox 3547 1410 3711 1471; x_wconf 82' lang='lat' dir='ltr'><strong>patre</strong></span> 
     </span>
    </p>
   </div>
   <div class='ocr_carea' id='block_1_28' title="bbox 2120 1476 3701 1560">
    <p class='ocr_par' dir='ltr' id='par_1_28' title="bbox 2120 1476 3701 1560">
     <span class='ocr_line' id='line_1_28' title="bbox 2120 1476 3701 1560; baseline 0.013 -33"><span class='ocrx_word' id='word_1_158' title='bbox 2120 1476 2497 1547; x_wconf 78' lang='lat' dir='ltr'><strong>magistratum</strong></span> <span class='ocrx_word' id='word_1_159' title='bbox 2527 1478 2584 1534; x_wconf 92' lang='lat' dir='ltr'><strong>in</strong></span> <span class='ocrx_word' id='word_1_160' title='bbox 2615 1478 2933 1553; x_wconf 78' lang='lat' dir='ltr'><strong>Occidentis</strong></span> <span class='ocrx_word' id='word_1_161' title='bbox 2959 1485 3212 1553; x_wconf 89' lang='lat' dir='ltr'><strong>partibus</strong></span> <span class='ocrx_word' id='word_1_162' title='bbox 3238 1498 3464 1560; x_wconf 81' lang='lat' dir='ltr'><strong>gerente</strong></span> <span class='ocrx_word' id='word_1_163' title='bbox 3483 1531 3497 1556; x_wconf 92' lang='lat'><strong>,</strong></span> <span class='ocrx_word' id='word_1_164' title='bbox 3542 1502 3604 1547; x_wconf 92' lang='lat' dir='ltr'><strong>ut</strong></span> <span class='ocrx_word' id='word_1_165' title='bbox 3631 1493 3701 1548; x_wconf 86' lang='lat' dir='ltr'><strong>ad</strong></span> 
     </span>
    </p>
   </div>
   <div class='ocr_carea' id='block_1_29' title="bbox 2121 1566 3704 1654">
    <p class='ocr_par' dir='ltr' id='par_1_29' title="bbox 2121 1566 3704 1654">
     <span class='ocr_line' id='line_1_29' title="bbox 2121 1566 3704 1654; baseline 0.012 -34"><span class='ocrx_word' id='word_1_166' title='bbox 2121 1566 2275 1621; x_wconf 90' lang='lat' dir='ltr'><strong>illum</strong></span> <span class='ocrx_word' id='word_1_167' title='bbox 2311 1569 2777 1638; x_wconf 79' lang='lat' dir='ltr'><strong>proﬁcisceretur,</strong></span> <span class='ocrx_word' id='word_1_168' title='bbox 2815 1578 3237 1633; x_wconf 89' lang='lat' dir='ltr'><strong>commendatur</strong></span> <span class='ocrx_word' id='word_1_169' title='bbox 3266 1580 3541 1651; x_wconf 86' lang='lat' dir='ltr'><strong>Aegarum</strong></span> <span class='ocrx_word' id='word_1_170' title='bbox 3578 1585 3704 1654; x_wconf 75' lang='lat' dir='ltr'><strong>epi-</strong></span> 
     </span>
    </p>
   </div>
   <div class='ocr_carea' id='block_1_30' title="bbox 2120 1661 3703 1729">
    <p class='ocr_par' dir='ltr' id='par_1_30' title="bbox 2120 1661 3703 1729">
     <span class='ocr_line' id='line_1_30' title="bbox 2120 1661 3703 1729; baseline 0.011 -17"><span class='ocrx_word' id='word_1_171' title='bbox 2120 1674 2310 1729; x_wconf 80' lang='lat' dir='ltr'><strong>scOpo,</strong></span> <span class='ocrx_word' id='word_1_172' title='bbox 2334 1676 2441 1729; x_wconf 90' lang='lat' dir='ltr'><strong>qua</strong></span> <span class='ocrx_word' id='word_1_173' title='bbox 2470 1661 2527 1715; x_wconf 93' lang='lat' dir='ltr'><strong>in</strong></span> <span class='ocrx_word' id='word_1_174' title='bbox 2551 1662 2772 1719; x_wconf 81' lang='lat' dir='ltr'><strong>civitate</strong></span> <span class='ocrx_word' id='word_1_175' title='bbox 2793 1666 3050 1722; x_wconf 83' lang='lat' dir='ltr'><strong>secundae</strong></span> <span class='ocrx_word' id='word_1_176' title='bbox 3077 1667 3282 1726; x_wconf 79' lang='lat' dir='ltr'><strong>Ciliciae</strong></span> <span class='ocrx_word' id='word_1_177' title='bbox 3315 1672 3576 1728; x_wconf 77' lang='lat' dir='ltr'><strong>nundinae</strong></span> <span class='ocrx_word' id='word_1_178' title='bbox 3602 1673 3703 1729; x_wconf 89' lang='lat' dir='ltr'><strong>ha-</strong></span> 
     </span>
    </p>
   </div>
   <div class='ocr_carea' id='block_1_31' title="bbox 2120 1749 3703 1824">
    <p class='ocr_par' dir='ltr' id='par_1_31' title="bbox 2120 1749 3703 1824">
     <span class='ocr_line' id='line_1_31' title="bbox 2120 1749 3703 1824; baseline 0.009 -20"><span class='ocrx_word' id='word_1_179' title='bbox 2120 1749 2414 1816; x_wconf 91' lang='lat' dir='ltr'><strong>bebantur,</strong></span> <span class='ocrx_word' id='word_1_180' title='bbox 2451 1752 2520 1807; x_wconf 88' lang='lat' dir='ltr'><strong>ad</strong></span> <span class='ocrx_word' id='word_1_181' title='bbox 2566 1769 2704 1824; x_wconf 88' lang='lat' dir='ltr'><strong>quas</strong></span> <span class='ocrx_word' id='word_1_182' title='bbox 2747 1770 2814 1810; x_wconf 84' lang='lat' dir='ltr'><strong>ex</strong></span> <span class='ocrx_word' id='word_1_183' title='bbox 2853 1754 3150 1814; x_wconf 87' lang='lat' dir='ltr'><strong>Occidente</strong></span> <span class='ocrx_word' id='word_1_184' title='bbox 3194 1771 3531 1818; x_wconf 87' lang='lat' dir='ltr'><strong>mercatores</strong></span> <span class='ocrx_word' id='word_1_185' title='bbox 3568 1777 3703 1819; x_wconf 86' lang='lat' dir='ltr'><strong>con-</strong></span> 
     </span>
    </p>
   </div>
   <div class='ocr_carea' id='block_1_32' title="bbox 420 1822 3702 1923">
    <p class='ocr_par' dir='ltr' id='par_1_32' title="bbox 420 1822 3702 1923">
     <span class='ocr_line' id='line_1_32' title="bbox 420 1822 3702 1923; baseline 0.009 -45"><span class='ocrx_word' id='word_1_186' title='bbox 420 1822 748 1894; x_wconf 81' lang='lat' dir='ltr'><strong>Eusebinm,</strong></span> <span class='ocrx_word' id='word_1_187' title='bbox 786 1847 981 1887; x_wconf 87' lang='lat' dir='ltr'><strong>rursus</strong></span> <span class='ocrx_word' id='word_1_188' title='bbox 1006 1834 1061 1889; x_wconf 90' lang='lat' dir='ltr'><strong>in</strong></span> <span class='ocrx_word' id='word_1_189' title='bbox 1087 1833 1380 1908; x_wconf 64' lang='lat' dir='ltr'><strong>Egyptum</strong></span> <span class='ocrx_word' id='word_1_190' title='bbox 1413 1822 1886 1915; x_wconf 47' lang='lat' dir='ltr'><strong>proﬁciséemem;</strong></span> <span class='ocrx_word' id='word_1_191' title='bbox 1922 1864 2020 1919; x_wconf 74' lang='lat' dir='ltr'><strong>po-</strong></span> <span class='ocrx_word' id='word_1_192' title='bbox 2048 1867 2091 1923; x_wconf 74' lang='grc' dir='ltr'><strong>Β</strong></span> <span class='ocrx_word' id='word_1_193' title='bbox 2120 1839 2296 1898; x_wconf 81' lang='lat' dir='ltr'><strong>ﬂuere</strong></span> <span class='ocrx_word' id='word_1_194' title='bbox 2328 1822 2599 1900; x_wconf 43' lang='lat' dir='ltr'><strong>solerent;</strong></span> <span class='ocrx_word' id='word_1_195' title='bbox 2631 1846 2710 1901; x_wconf 89' lang='lat' dir='ltr'><strong>De</strong></span> <span class='ocrx_word' id='word_1_196' title='bbox 2748 1846 3042 1904; x_wconf 84' lang='lat' dir='ltr'><strong>Eustathio</strong></span> <span class='ocrx_word' id='word_1_197' title='bbox 3079 1849 3219 1907; x_wconf 90' lang='lat' dir='ltr'><strong>nihil</strong></span> <span class='ocrx_word' id='word_1_198' title='bbox 3253 1852 3521 1909; x_wconf 87' lang='lat' dir='ltr'><strong>hactenus</strong></span> <span class='ocrx_word' id='word_1_199' title='bbox 3547 1868 3702 1909; x_wconf 91' lang='lat' dir='ltr'><strong>com-</strong></span> 
     </span>
    </p>
   </div>
   <div class='ocr_carea' id='block_1_33' title="bbox 418 1917 2259 2008">
    <p class='ocr_par' dir='ltr' id='par_1_33' title="bbox 418 1917 2259 2008">
     <span class='ocr_line' id='line_1_33' title="bbox 418 1917 2259 2008; baseline 0.018 -40"><span class='ocrx_word' id='word_1_200' title='bbox 418 1917 708 1989; x_wconf 78' lang='lat' dir='ltr'><strong>stulatqne</strong></span> <span class='ocrx_word' id='word_1_201' title='bbox 739 1937 841 1991; x_wconf 90' lang='lat' dir='ltr'><strong>per</strong></span> <span class='ocrx_word' id='word_1_202' title='bbox 869 1924 1074 1994; x_wconf 89' lang='lat' dir='ltr'><strong>ipsum,</strong></span> <span class='ocrx_word' id='word_1_203' title='bbox 1101 1942 1227 1983; x_wconf 90' lang='lat' dir='ltr'><strong>cum</strong></span> <span class='ocrx_word' id='word_1_204' title='bbox 1259 1941 1655 2003; x_wconf 88' lang='lat' dir='ltr'><strong>reverteretur,</strong></span> <span class='ocrx_word' id='word_1_205' title='bbox 1691 1917 2015 2008; x_wconf 82' lang='lat' dir='ltr'><strong>responsum</strong></span> <span class='ocrx_word' id='word_1_206' title='bbox 2119 1935 2259 2005; x_wconf 67' lang='lat' dir='ltr'><strong>Peri-</strong></span> 
     </span>
    </p>
   </div>
   <div class='ocr_carea' id='block_1_34' title="bbox 414 2008 2016 2095">
    <p class='ocr_par' dir='ltr' id='par_1_34' title="bbox 414 2008 2016 2095">
     <span class='ocr_line' id='line_1_34' title="bbox 414 2008 2016 2095; baseline 0.016 -33"><span class='ocrx_word' id='word_1_207' title='bbox 414 2008 569 2064; x_wconf 70' lang='grc' dir='ltr'><strong>(ιω-ἰ.</strong></span> <span class='ocrx_word' id='word_1_208' title='bbox 596 2011 794 2068; x_wconf 83' lang='lat' dir='ltr'><strong>Nescio</strong></span> <span class='ocrx_word' id='word_1_209' title='bbox 815 2032 886 2071; x_wconf 91' lang='lat' dir='ltr'><strong>an</strong></span> <span class='ocrx_word' id='word_1_210' title='bbox 911 2034 1036 2073; x_wconf 88' lang='lat' dir='ltr'><strong>mea</strong></span> <span class='ocrx_word' id='word_1_211' title='bbox 1059 2035 1145 2075; x_wconf 90' lang='lat' dir='ltr'><strong>me</strong></span> <span class='ocrx_word' id='word_1_212' title='bbox 1173 2020 1327 2076; x_wconf 83' lang='lat' dir='ltr'><strong>fallat</strong></span> <span class='ocrx_word' id='word_1_213' title='bbox 1350 2026 1615 2095; x_wconf 88' lang='lat' dir='ltr'><strong>suspicio,</strong></span> <span class='ocrx_word' id='word_1_214' title='bbox 1653 2038 1732 2084; x_wconf 89' lang='lat' dir='ltr'><strong>tot</strong></span> <span class='ocrx_word' id='word_1_215' title='bbox 1753 2030 2016 2088; x_wconf 88' lang='lat' dir='ltr'><strong>itionibus</strong></span> 
     </span>
    </p>
   </div>
   <div class='ocr_carea' id='block_1_35' title="bbox 418 2101 2013 2192">
    <p class='ocr_par' dir='ltr' id='par_1_35' title="bbox 418 2101 2013 2192">
     <span class='ocr_line' id='line_1_35' title="bbox 418 2101 2013 2192; baseline 0.015 -38"><span class='ocrx_word' id='word_1_216' title='bbox 418 2101 908 2177; x_wconf 85' lang='lat' dir='ltr'><strong>rcditionibusque</strong></span> <span class='ocrx_word' id='word_1_217' title='bbox 951 2110 1254 2168; x_wconf 75' lang='lat' dir='ltr'><strong>Eusebium</strong></span> <span class='ocrx_word' id='word_1_218' title='bbox 1308 2117 1625 2186; x_wconf 81' lang='lat' dir='ltr'><strong>explorasse</strong></span> <span class='ocrx_word' id='word_1_219' title='bbox 1667 2120 2013 2192; x_wconf 87' lang='lat' dir='ltr'><strong>diligentius,</strong></span> 
     </span>
    </p>
   </div>
   <div class='ocr_carea' id='block_1_36' title="bbox 412 2192 2015 2273">
    <p class='ocr_par' dir='ltr' id='par_1_36' title="bbox 412 2192 2015 2273">
     <span class='ocr_line' id='line_1_36' title="bbox 412 2192 2015 2273; baseline 0.014 -28"><span class='ocrx_word' id='word_1_220' title='bbox 412 2192 563 2261; x_wconf 82' lang='lat' dir='ltr'><strong>quid</strong></span> <span class='ocrx_word' id='word_1_221' title='bbox 595 2195 678 2249; x_wconf 88' lang='lat' dir='ltr'><strong>rei</strong></span> <span class='ocrx_word' id='word_1_222' title='bbox 705 2197 1057 2257; x_wconf 72' lang='lat' dir='ltr'><strong>Alexandria:</strong></span> <span class='ocrx_word' id='word_1_223' title='bbox 1086 2214 1402 2273; x_wconf 81' lang='lat' dir='ltr'><strong>gereretur;</strong></span> <span class='ocrx_word' id='word_1_224' title='bbox 1435 2216 1491 2262; x_wconf 91' lang='lat' dir='ltr'><strong>et</strong></span> <span class='ocrx_word' id='word_1_225' title='bbox 1517 2209 1569 2262; x_wconf 91' lang='lat' dir='ltr'><strong>in</strong></span> <span class='ocrx_word' id='word_1_226' title='bbox 1612 2208 1894 2266; x_wconf 90' lang='lat' dir='ltr'><strong>Orientem</strong></span> <span class='ocrx_word' id='word_1_227' title='bbox 1925 2228 2015 2267; x_wconf 88' lang='lat' dir='ltr'><strong>re-</strong></span> 
     </span>
    </p>
   </div>
   <div class='ocr_carea' id='block_1_37' title="bbox 414 2282 2015 2369">
    <p class='ocr_par' dir='ltr' id='par_1_37' title="bbox 414 2282 2015 2369">
     <span class='ocr_line' id='line_1_37' title="bbox 414 2282 2015 2369; baseline 0.016 -35"><span class='ocrx_word' id='word_1_228' title='bbox 414 2282 619 2339; x_wconf 83' lang='lat' dir='ltr'><strong>tulisse</strong></span> <span class='ocrx_word' id='word_1_229' title='bbox 642 2286 713 2340; x_wconf 91' lang='lat' dir='ltr'><strong>ad</strong></span> <span class='ocrx_word' id='word_1_230' title='bbox 734 2289 986 2346; x_wconf 90' lang='lat' dir='ltr'><strong>curiosos</strong></span> <span class='ocrx_word' id='word_1_231' title='bbox 1015 2292 1326 2364; x_wconf 89' lang='lat' dir='ltr'><strong>episcopos,</strong></span> <span class='ocrx_word' id='word_1_232' title='bbox 1350 2307 1406 2351; x_wconf 90' lang='lat' dir='ltr'><strong>ct</strong></span> <span class='ocrx_word' id='word_1_233' title='bbox 1432 2299 1487 2352; x_wconf 91' lang='lat' dir='ltr'><strong>in</strong></span> <span class='ocrx_word' id='word_1_234' title='bbox 1517 2298 1710 2369; x_wconf 89' lang='lat' dir='ltr'><strong>primis</strong></span> <span class='ocrx_word' id='word_1_235' title='bbox 1738 2302 1806 2356; x_wconf 87' lang='lat' dir='ltr'><strong>ad</strong></span> <span class='ocrx_word' id='word_1_236' title='bbox 1832 2302 2015 2358; x_wconf 88' lang='lat' dir='ltr'><strong>Theo-</strong></span> 
     </span>
    </p>
   </div>
   <div class='ocr_carea' id='block_1_38' title="bbox 414 2374 2017 2466">
    <p class='ocr_par' dir='ltr' id='par_1_38' title="bbox 414 2374 2017 2466">
     <span class='ocr_line' id='line_1_38' title="bbox 414 2374 2017 2466; baseline 0.016 -39"><span class='ocrx_word' id='word_1_237' title='bbox 414 2374 703 2444; x_wconf 86' lang='lat' dir='ltr'><strong>doretum,</strong></span> <span class='ocrx_word' id='word_1_238' title='bbox 744 2380 1020 2436; x_wconf 90' lang='lat' dir='ltr'><strong>intentum</strong></span> <span class='ocrx_word' id='word_1_239' title='bbox 1049 2384 1106 2439; x_wconf 90' lang='lat' dir='ltr'><strong>in</strong></span> <span class='ocrx_word' id='word_1_240' title='bbox 1136 2400 1329 2443; x_wconf 87' lang='lat' dir='ltr'><strong>omnes</strong></span> <span class='ocrx_word' id='word_1_241' title='bbox 1354 2392 1614 2461; x_wconf 84' lang='lat' dir='ltr'><strong>carpendi</strong></span> <span class='ocrx_word' id='word_1_242' title='bbox 1642 2391 1840 2466; x_wconf 81' lang='lat' dir='ltr'><strong>Cyrilli.</strong></span> <span class='ocrx_word' id='word_1_243' title='bbox 1859 2412 2017 2452; x_wconf 83' lang='lat' dir='ltr'><strong>occa-</strong></span> 
     </span>
    </p>
   </div>
   <div class='ocr_carea' id='block_1_39' title="bbox 413 2481 633 2524">
    <p class='ocr_par' dir='ltr' id='par_1_39' title="bbox 413 2481 633 2524">
     <span class='ocr_line' id='line_1_39' title="bbox 413 2481 633 2524; baseline 0.018 -4"><span class='ocrx_word' id='word_1_244' title='bbox 413 2481 633 2524; x_wconf 74' lang='lat' dir='ltr'><strong>SIODCS.</strong></span> 
     </span>
    </p>
   </div>
   <div class='ocr_carea' id='block_1_40' title="bbox 854 2586 1625 2658">
    <p class='ocr_par' dir='ltr' id='par_1_40' title="bbox 854 2586 1625 2658">
     <span class='ocr_line' id='line_1_40' title="bbox 854 2586 1625 2658; baseline 0.016 -18"><span class='ocrx_word' id='word_1_245' title='bbox 854 2586 1125 2658; x_wconf 86' lang='lat' dir='ltr'><strong>Epistola,</strong></span> <span class='ocrx_word' id='word_1_246' title='bbox 1155 2591 1251 2658; x_wconf 79' lang='lat'><strong>65,</strong></span> <span class='ocrx_word' id='word_1_247' title='bbox 1285 2595 1625 2652; x_wconf 74' lang='lat' dir='ltr'><strong>Izeortastica.</strong></span> 
     </span>
    </p>
   </div>
   <div class='ocr_carea' id='block_1_41' title="bbox 490 2692 2017 2784">
    <p class='ocr_par' dir='ltr' id='par_1_41' title="bbox 490 2692 2017 2784">
     <span class='ocr_line' id='line_1_41' title="bbox 490 2692 2017 2784; baseline 0.015 -38"><span class='ocrx_word' id='word_1_248' title='bbox 490 2692 781 2752; x_wconf 85' lang='lat' dir='ltr'><strong>Paschalis</strong></span> <span class='ocrx_word' id='word_1_249' title='bbox 826 2707 933 2763; x_wconf 82' lang='lat' dir='ltr'><strong>est,</strong></span> <span class='ocrx_word' id='word_1_250' title='bbox 982 2702 1295 2774; x_wconf 90' lang='lat' dir='ltr'><strong>eodemque</strong></span> <span class='ocrx_word' id='word_1_251' title='bbox 1332 2712 1579 2777; x_wconf 86' lang='lat' dir='ltr'><strong>tempore</strong></span> <span class='ocrx_word' id='word_1_252' title='bbox 1631 2712 1859 2782; x_wconf 85' lang='lat' dir='ltr'><strong>scripta,</strong></span> <span class='ocrx_word' id='word_1_253' title='bbox 1908 2730 2017 2784; x_wconf 88' lang='lat' dir='ltr'><strong>quo</strong></span> 
     </span>
    </p>
   </div>
   <div class='ocr_carea' id='block_1_42' title="bbox 417 2785 2013 2875">
    <p class='ocr_par' dir='ltr' id='par_1_42' title="bbox 417 2785 2013 2875">
     <span class='ocr_line' id='line_1_42' title="bbox 417 2785 2013 2875; baseline 0.015 -39"><span class='ocrx_word' id='word_1_254' title='bbox 417 2785 746 2852; x_wconf 73' lang='lat' dir='ltr'><strong>vexabatur,</strong></span> <span class='ocrx_word' id='word_1_255' title='bbox 793 2804 1017 2860; x_wconf 87' lang='lat' dir='ltr'><strong>quoque</strong></span> <span class='ocrx_word' id='word_1_256' title='bbox 1070 2794 1402 2851; x_wconf 86' lang='lat' dir='ltr'><strong>moliebatur</strong></span> <span class='ocrx_word' id='word_1_257' title='bbox 1448 2799 1744 2856; x_wconf 88' lang='lat' dir='ltr'><strong>Dioscorus</strong></span> <span class='ocrx_word' id='word_1_258' title='bbox 1792 2803 2013 2875; x_wconf 72' lang='lat' dir='ltr'><strong>turbas;</strong></span> 
     </span>
    </p>
   </div>
   <div class='ocr_carea' id='block_1_43' title="bbox 427 2880 1767 2955">
    <p class='ocr_par' dir='ltr' id='par_1_43' title="bbox 427 2880 1767 2955">
     <span class='ocr_line' id='line_1_43' title="bbox 427 2880 1767 2955; baseline 0.013 -27"><span class='ocrx_word' id='word_1_259' title='bbox 427 2890 594 2944; x_wconf 85' lang='lat' dir='ltr'><strong>quare</strong></span> <span class='ocrx_word' id='word_1_260' title='bbox 618 2880 866 2948; x_wconf 84' lang='lat' dir='ltr'><strong>pertinet</strong></span> <span class='ocrx_word' id='word_1_261' title='bbox 894 2882 964 2936; x_wconf 87' lang='lat' dir='ltr'><strong>ad</strong></span> <span class='ocrx_word' id='word_1_262' title='bbox 997 2899 1202 2941; x_wconf 88' lang='lat' dir='ltr'><strong>annum</strong></span> <span class='ocrx_word' id='word_1_263' title='bbox 1232 2887 1357 2955; x_wconf 69' lang='grc'><strong>447,</strong></span> <span class='ocrx_word' id='word_1_264' title='bbox 1389 2899 1487 2945; x_wconf 90' lang='lat' dir='ltr'><strong>aut</strong></span> <span class='ocrx_word' id='word_1_265' title='bbox 1525 2891 1767 2948; x_wconf 88' lang='lat' dir='ltr'><strong>circiter.</strong></span> 
     </span>
    </p>
   </div>
   <div class='ocr_carea' id='block_1_44' title="bbox 874 2995 1582 3068">
    <p class='ocr_par' dir='ltr' id='par_1_44' title="bbox 874 2995 1582 3068">
     <span class='ocr_line' id='line_1_44' title="bbox 874 2995 1582 3068; baseline 0.01 -18"><span class='ocrx_word' id='word_1_266' title='bbox 874 2995 1119 3068; x_wconf 79' lang='lat' dir='ltr'><strong>Epistola</strong></span> <span class='ocrx_word' id='word_1_267' title='bbox 1146 3001 1215 3056; x_wconf 72' lang='grc'>64</span> <span class='ocrx_word' id='word_1_268' title='bbox 1241 3004 1582 3059; x_wconf 76' lang='lat' dir='ltr'><strong>Iteortastica.</strong></span> 
     </span>
    </p>
   </div>
   <div class='ocr_carea' id='block_1_45' title="bbox 490 3105 2013 3183">
    <p class='ocr_par' dir='ltr' id='par_1_45' title="bbox 490 3105 2013 3183">
     <span class='ocr_line' id='line_1_45' title="bbox 490 3105 2013 3183; baseline 0.013 -24"><span class='ocrx_word' id='word_1_269' title='bbox 490 3105 616 3176; x_wconf 86' lang='lat' dir='ltr'><strong>Ipsa</strong></span> <span class='ocrx_word' id='word_1_270' title='bbox 654 3124 881 3181; x_wconf 85' lang='lat' dir='ltr'><strong>quoque</strong></span> <span class='ocrx_word' id='word_1_271' title='bbox 910 3113 1189 3171; x_wconf 85' lang='lat' dir='ltr'><strong>Paschalis</strong></span> <span class='ocrx_word' id='word_1_272' title='bbox 1216 3125 1321 3183; x_wconf 90' lang='lat' dir='ltr'><strong>est,</strong></span> <span class='ocrx_word' id='word_1_273' title='bbox 1388 3119 1485 3174; x_wconf 89' lang='lat' dir='ltr'><strong>sed</strong></span> <span class='ocrx_word' id='word_1_274' title='bbox 1532 3120 1640 3176; x_wconf 88' lang='lat' dir='ltr'><strong>alia</strong></span> <span class='ocrx_word' id='word_1_275' title='bbox 1683 3133 1812 3177; x_wconf 86' lang='lat' dir='ltr'><strong>nota</strong></span> <span class='ocrx_word' id='word_1_276' title='bbox 1844 3133 2013 3179; x_wconf 85' lang='lat' dir='ltr'><strong>caret.</strong></span> 
     </span>
    </p>
   </div>
   <div class='ocr_carea' id='block_1_46' title="bbox 472 3217 1963 3304">
    <p class='ocr_par' dir='ltr' id='par_1_46' title="bbox 472 3217 1963 3304">
     <span class='ocr_line' id='line_1_46' title="bbox 472 3217 1963 3304; baseline 0.011 -33"><span class='ocrx_word' id='word_1_277' title='bbox 472 3217 724 3288; x_wconf 84' lang='lat' dir='ltr'><strong>Epistola</strong></span> <span class='ocrx_word' id='word_1_278' title='bbox 748 3223 838 3288; x_wconf 86' lang='lat'><strong>65,</strong></span> <span class='ocrx_word' id='word_1_279' title='bbox 872 3225 1229 3304; x_wconf 68' lang='lat' dir='ltr'><strong>consolatorie</strong></span> <span class='ocrx_word' id='word_1_280' title='bbox 1255 3230 1325 3283; x_wconf 87' lang='lat' dir='ltr'><strong>ad</strong></span> <span class='ocrx_word' id='word_1_281' title='bbox 1355 3230 1622 3286; x_wconf 82' lang='lat' dir='ltr'><strong>Zenonem</strong></span> <span class='ocrx_word' id='word_1_282' title='bbox 1646 3234 1963 3304; x_wconf 78' lang='lat' dir='ltr'><strong>magistrum</strong></span> 
     </span>
    </p>
   </div>
   <div class='ocr_carea' id='block_1_47' title="bbox 1093 3299 1343 3354">
    <p class='ocr_par' dir='ltr' id='par_1_47' title="bbox 1093 3299 1343 3354">
     <span class='ocr_line' id='line_1_47' title="bbox 1093 3299 1343 3354; baseline 0.016 -4"><span class='ocrx_word' id='word_1_283' title='bbox 1093 3299 1343 3354; x_wconf 77' lang='lat' dir='ltr'><strong>militum.</strong></span> 
     </span>
    </p>
   </div>
   <div class='ocr_carea' id='block_1_48' title="bbox 496 3399 2020 3474">
    <p class='ocr_par' dir='ltr' id='par_1_48' title="bbox 496 3399 2020 3474">
     <span class='ocr_line' id='line_1_48' title="bbox 496 3399 2020 3474; baseline 0.011 -21"><span class='ocrx_word' id='word_1_284' title='bbox 496 3399 541 3453; x_wconf 83' lang='grc' dir='ltr'><strong>Ι.</strong></span> <span class='ocrx_word' id='word_1_285' title='bbox 575 3399 711 3466; x_wconf 86' lang='lat' dir='ltr'><strong>Quis</strong></span> <span class='ocrx_word' id='word_1_286' title='bbox 734 3401 902 3460; x_wconf 77' lang='lat' dir='ltr'><strong>fuerit</strong></span> <span class='ocrx_word' id='word_1_287' title='bbox 929 3406 1101 3474; x_wconf 87' lang='lat' dir='ltr'><strong>Zeno,</strong></span> <span class='ocrx_word' id='word_1_288' title='bbox 1136 3411 1342 3466; x_wconf 90' lang='lat' dir='ltr'><strong>rescire</strong></span> <span class='ocrx_word' id='word_1_289' title='bbox 1369 3410 1498 3467; x_wconf 89' lang='lat' dir='ltr'><strong>licet</strong></span> <span class='ocrx_word' id='word_1_290' title='bbox 1525 3427 1593 3468; x_wconf 83' lang='lat' dir='ltr'><strong>ex</strong></span> <span class='ocrx_word' id='word_1_291' title='bbox 1635 3414 2020 3470; x_wconf 80' lang='lat' dir='ltr'><strong>consularibus</strong></span> 
     </span>
    </p>
   </div>
   <div class='ocr_carea' id='block_1_49' title="bbox 419 3494 2019 3568">
    <p class='ocr_par' dir='ltr' id='par_1_49' title="bbox 419 3494 2019 3568">
     <span class='ocr_line' id='line_1_49' title="bbox 419 3494 2019 3568; baseline 0.009 -23"><span class='ocrx_word' id='word_1_292' title='bbox 419 3494 854 3550; x_wconf 85' lang='lat' dir='ltr'><strong>monumentis:</strong></span> <span class='ocrx_word' id='word_1_293' title='bbox 898 3499 1068 3568; x_wconf 85' lang='lat' dir='ltr'><strong>gessit</strong></span> <span class='ocrx_word' id='word_1_294' title='bbox 1110 3500 1259 3556; x_wconf 90' lang='lat' dir='ltr'><strong>enim</strong></span> <span class='ocrx_word' id='word_1_295' title='bbox 1310 3496 1658 3559; x_wconf 85' lang='lat' dir='ltr'><strong>consulatum</strong></span> <span class='ocrx_word' id='word_1_296' title='bbox 1700 3521 1826 3560; x_wconf 89' lang='lat' dir='ltr'><strong>cum</strong></span> <span class='ocrx_word' id='word_1_297' title='bbox 1860 3507 2019 3560; x_wconf 88' lang='lat' dir='ltr'><strong>Post-</strong></span> 
     </span>
    </p>
   </div>
   <div class='ocr_carea' id='block_1_50' title="bbox 420 3582 2019 3665">
    <p class='ocr_par' dir='ltr' id='par_1_50' title="bbox 420 3582 2019 3665">
     <span class='ocr_line' id='line_1_50' title="bbox 420 3582 2019 3665; baseline 0.012 -30"><span class='ocrx_word' id='word_1_298' title='bbox 420 3582 718 3651; x_wconf 81' lang='lat' dir='ltr'><strong>lnuniano,</strong></span> <span class='ocrx_word' id='word_1_299' title='bbox 740 3603 886 3644; x_wconf 89' lang='lat' dir='ltr'><strong>anno</strong></span> <span class='ocrx_word' id='word_1_300' title='bbox 911 3590 1038 3646; x_wconf 61' lang='grc'><strong>448.</strong></span> <span class='ocrx_word' id='word_1_301' title='bbox 1068 3593 1203 3647; x_wconf 89' lang='lat' dir='ltr'><strong>Nam</strong></span> <span class='ocrx_word' id='word_1_302' title='bbox 1225 3594 1466 3665; x_wconf 83' lang='lat' dir='ltr'><strong>synodus</strong></span> <span class='ocrx_word' id='word_1_303' title='bbox 1489 3596 1733 3652; x_wconf 81' lang='lat' dir='ltr'><strong>Flaviani</strong></span> <span class='ocrx_word' id='word_1_304' title='bbox 1753 3598 2019 3654; x_wconf 84' lang='lat' dir='ltr'><strong>adversus</strong></span> 
     </span>
    </p>
   </div>
   <div class='ocr_carea' id='block_1_51' title="bbox 420 3672 2016 3758">
    <p class='ocr_par' dir='ltr' id='par_1_51' title="bbox 420 3672 2016 3758">
     <span class='ocr_line' id='line_1_51' title="bbox 420 3672 2016 3758; baseline 0.013 -32"><span class='ocrx_word' id='word_1_305' title='bbox 420 3672 718 3744; x_wconf 79' lang='lat' dir='ltr'><strong>Eutychen</strong></span> <span class='ocrx_word' id='word_1_306' title='bbox 787 3682 1074 3738; x_wconf 87' lang='lat' dir='ltr'><strong>consulatu</strong></span> <span class='ocrx_word' id='word_1_307' title='bbox 1120 3685 1390 3753; x_wconf 87' lang='lat' dir='ltr'><strong>Zenonis;</strong></span> <span class='ocrx_word' id='word_1_308' title='bbox 1470 3697 1595 3758; x_wconf 89' lang='lat' dir='ltr'><strong>post</strong></span> <span class='ocrx_word' id='word_1_309' title='bbox 1646 3690 2016 3757; x_wconf 85' lang='lat' dir='ltr'><strong>consulatum,</strong></span> 
     </span>
    </p>
   </div>
   <div class='ocr_carea' id='block_1_52' title="bbox 422 3762 2017 3848">
    <p class='ocr_par' dir='ltr' id='par_1_52' title="bbox 422 3762 2017 3848">
     <span class='ocr_line' id='line_1_52' title="bbox 422 3762 2017 3848; baseline 0.013 -32"><span class='ocrx_word' id='word_1_310' title='bbox 422 3762 774 3833; x_wconf 86' lang='lat' dir='ltr'><strong>Ephesinum</strong></span> <span class='ocrx_word' id='word_1_311' title='bbox 810 3770 1164 3829; x_wconf 87' lang='lat' dir='ltr'><strong>latrocinium</strong></span> <span class='ocrx_word' id='word_1_312' title='bbox 1208 3777 1565 3848; x_wconf 81' lang='lat' dir='ltr'><strong>consignatur</strong></span> <span class='ocrx_word' id='word_1_313' title='bbox 1600 3797 1613 3833; x_wconf 87' lang='lat'><strong>:</strong></span> <span class='ocrx_word' id='word_1_314' title='bbox 1645 3788 1825 3836; x_wconf 81' lang='lat' dir='ltr'><strong>exstat</strong></span> <span class='ocrx_word' id='word_1_315' title='bbox 1848 3781 2017 3836; x_wconf 88' lang='lat' dir='ltr'><strong>etiam</strong></span> 
     </span>
    </p>
   </div>
   <div class='ocr_carea' id='block_1_53' title="bbox 423 3854 2021 3942">
    <p class='ocr_par' dir='ltr' id='par_1_53' title="bbox 423 3854 2021 3942">
     <span class='ocr_line' id='line_1_53' title="bbox 423 3854 2021 3942; baseline 0.013 -35"><span class='ocrx_word' id='word_1_316' title='bbox 423 3854 558 3909; x_wconf 89' lang='lat' dir='ltr'><strong>data</strong></span> <span class='ocrx_word' id='word_1_317' title='bbox 600 3857 670 3911; x_wconf 92' lang='lat' dir='ltr'><strong>ad</strong></span> <span class='ocrx_word' id='word_1_318' title='bbox 712 3858 915 3929; x_wconf 89' lang='lat' dir='ltr'><strong>ipsum,</strong></span> <span class='ocrx_word' id='word_1_319' title='bbox 964 3879 1088 3925; x_wconf 86' lang='lat' dir='ltr'><strong>cum</strong></span> <span class='ocrx_word' id='word_1_320' title='bbox 1116 3875 1335 3937; x_wconf 81' lang='lat' dir='ltr'><strong>gereret</strong></span> <span class='ocrx_word' id='word_1_321' title='bbox 1378 3870 1749 3938; x_wconf 90' lang='lat' dir='ltr'><strong>consulatum,</strong></span> <span class='ocrx_word' id='word_1_322' title='bbox 1788 3872 2021 3942; x_wconf 91' lang='lat' dir='ltr'><strong>epistola</strong></span> 
     </span>
    </p>
   </div>
   <div class='ocr_carea' id='block_1_54' title="bbox 428 3947 1419 4027">
    <p class='ocr_par' dir='ltr' id='par_1_54' title="bbox 428 3947 1419 4027">
     <span class='ocr_line' id='line_1_54' title="bbox 428 3947 1419 4027; baseline 0.015 -27"><span class='ocrx_word' id='word_1_323' title='bbox 428 3948 495 4001; x_wconf 82' lang='lat'><strong>7|</strong></span> <span class='ocrx_word' id='word_1_324' title='bbox 531 3947 893 4018; x_wconf 85' lang='lat' dir='ltr'><strong>Theodoreti,</strong></span> <span class='ocrx_word' id='word_1_325' title='bbox 922 3954 990 4010; x_wconf 88' lang='lat' dir='ltr'><strong>de</strong></span> <span class='ocrx_word' id='word_1_326' title='bbox 1015 3973 1124 4027; x_wconf 89' lang='lat' dir='ltr'><strong>qua</strong></span> <span class='ocrx_word' id='word_1_327' title='bbox 1156 3974 1257 4013; x_wconf 93' lang='lat' dir='ltr'><strong>suo</strong></span> <span class='ocrx_word' id='word_1_328' title='bbox 1278 3961 1419 4015; x_wconf 90' lang='lat' dir='ltr'><strong>loco.</strong></span> 
     </span>
    </p>
   </div>
   <div class='ocr_carea' id='block_1_55' title="bbox 502 4036 2019 4119">
    <p class='ocr_par' dir='ltr' id='par_1_55' title="bbox 502 4036 2019 4119">
     <span class='ocr_line' id='line_1_55' title="bbox 502 4036 2019 4119; baseline 0.014 -30"><span class='ocrx_word' id='word_1_329' title='bbox 502 4036 570 4090; x_wconf 87' lang='lat' dir='ltr'><strong>ll.</strong></span> <span class='ocrx_word' id='word_1_330' title='bbox 611 4037 732 4105; x_wconf 90' lang='lat' dir='ltr'><strong>Quo</strong></span> <span class='ocrx_word' id='word_1_331' title='bbox 775 4051 1022 4113; x_wconf 87' lang='lat' dir='ltr'><strong>tempore</strong></span> <span class='ocrx_word' id='word_1_332' title='bbox 1061 4046 1165 4101; x_wconf 88' lang='lat' dir='ltr'><strong>ista</strong></span> <span class='ocrx_word' id='word_1_333' title='bbox 1206 4049 1413 4119; x_wconf 88' lang='lat' dir='ltr'><strong>scripta</strong></span> <span class='ocrx_word' id='word_1_334' title='bbox 1461 4050 1553 4117; x_wconf 91' lang='lat' dir='ltr'><strong>sit,</strong></span> <span class='ocrx_word' id='word_1_335' title='bbox 1588 4053 1835 4108; x_wconf 85' lang='lat' dir='ltr'><strong>nondum</strong></span> <span class='ocrx_word' id='word_1_336' title='bbox 1883 4055 2019 4110; x_wconf 90' lang='lat' dir='ltr'><strong>mihi</strong></span> 
     </span>
    </p>
   </div>
   <div class='ocr_carea' id='block_1_56' title="bbox 427 4131 2018 4213">
    <p class='ocr_par' dir='ltr' id='par_1_56' title="bbox 427 4131 2018 4213">
     <span class='ocr_line' id='line_1_56' title="bbox 427 4131 2018 4213; baseline 0.014 -32"><span class='ocrx_word' id='word_1_337' title='bbox 427 4136 654 4185; x_wconf 85' lang='lat' dir='ltr'><strong>constat</strong></span> <span class='ocrx_word' id='word_1_338' title='bbox 690 4147 703 4183; x_wconf 92' lang='lat'>:</span> <span class='ocrx_word' id='word_1_339' title='bbox 736 4131 873 4188; x_wconf 85' lang='lat' dir='ltr'><strong>latet</strong></span> <span class='ocrx_word' id='word_1_340' title='bbox 903 4135 1053 4189; x_wconf 89' lang='lat' dir='ltr'><strong>enim</strong></span> <span class='ocrx_word' id='word_1_341' title='bbox 1087 4138 1304 4205; x_wconf 89' lang='lat' dir='ltr'><strong>adhuc,</strong></span> <span class='ocrx_word' id='word_1_342' title='bbox 1339 4150 1435 4196; x_wconf 90' lang='lat' dir='ltr'><strong>aut</strong></span> <span class='ocrx_word' id='word_1_343' title='bbox 1460 4150 1612 4198; x_wconf 91' lang='lat' dir='ltr'><strong>certe</strong></span> <span class='ocrx_word' id='word_1_344' title='bbox 1647 4144 1880 4199; x_wconf 91' lang='lat' dir='ltr'><strong>dubium</strong></span> <span class='ocrx_word' id='word_1_345' title='bbox 1902 4156 2018 4213; x_wconf 86' lang='lat' dir='ltr'><strong>est,</strong></span> 
     </span>
    </p>
   </div>
   <div class='ocr_carea' id='block_1_57' title="bbox 428 4218 2023 4300">
    <p class='ocr_par' dir='ltr' id='par_1_57' title="bbox 428 4218 2023 4300">
     <span class='ocr_line' id='line_1_57' title="bbox 428 4218 2023 4300; baseline 0.013 -29"><span class='ocrx_word' id='word_1_346' title='bbox 428 4218 561 4286; x_wconf 92' lang='lat' dir='ltr'><strong>quis</strong></span> <span class='ocrx_word' id='word_1_347' title='bbox 612 4220 704 4277; x_wconf 90' lang='lat' dir='ltr'><strong>ille</strong></span> <span class='ocrx_word' id='word_1_348' title='bbox 752 4224 971 4279; x_wconf 84' lang='lat' dir='ltr'><strong>tandem</strong></span> <span class='ocrx_word' id='word_1_349' title='bbox 998 4226 1238 4284; x_wconf 87' lang='lat' dir='ltr'><strong>Zenonis</strong></span> <span class='ocrx_word' id='word_1_350' title='bbox 1280 4229 1470 4297; x_wconf 83' lang='lat' dir='ltr'><strong>frater,</strong></span> <span class='ocrx_word' id='word_1_351' title='bbox 1507 4231 1688 4287; x_wconf 87' lang='lat' dir='ltr'><strong>clarus</strong></span> <span class='ocrx_word' id='word_1_352' title='bbox 1717 4235 1937 4300; x_wconf 86' lang='lat' dir='ltr'><strong>militia,</strong></span> <span class='ocrx_word' id='word_1_353' title='bbox 1966 4245 2023 4292; x_wconf 91' lang='lat' dir='ltr'><strong>et</strong></span> 
     </span>
    </p>
   </div>
   <div class='ocr_carea' id='block_1_58' title="bbox 432 4312 2023 4393">
    <p class='ocr_par' dir='ltr' id='par_1_58' title="bbox 432 4312 2023 4393">
     <span class='ocr_line' id='line_1_58' title="bbox 432 4312 2023 4393; baseline 0.013 -31"><span class='ocrx_word' id='word_1_354' title='bbox 432 4312 722 4378; x_wconf 70' lang='lat' dir='ltr'><strong>praeclaris</strong></span> <span class='ocrx_word' id='word_1_355' title='bbox 749 4315 1093 4374; x_wconf 79' lang='lat' dir='ltr'><strong>facinoribus</strong></span> <span class='ocrx_word' id='word_1_356' title='bbox 1129 4320 1352 4387; x_wconf 90' lang='lat' dir='ltr'><strong>nobilis,</strong></span> <span class='ocrx_word' id='word_1_357' title='bbox 1386 4323 1546 4393; x_wconf 90' lang='lat' dir='ltr'><strong>cujus</strong></span> <span class='ocrx_word' id='word_1_358' title='bbox 1567 4323 1631 4378; x_wconf 85' lang='lat' dir='ltr'><strong>in</strong></span> <span class='ocrx_word' id='word_1_359' title='bbox 1654 4325 1811 4379; x_wconf 89' lang='lat' dir='ltr'><strong>obitu</strong></span> <span class='ocrx_word' id='word_1_360' title='bbox 1840 4326 2023 4382; x_wconf 89' lang='lat' dir='ltr'><strong>Theo-</strong></span> 
     </span>
    </p>
   </div>
   <div class='ocr_carea' id='block_1_59' title="bbox 432 4398 2022 4488">
    <p class='ocr_par' dir='ltr' id='par_1_59' title="bbox 432 4398 2022 4488">
     <span class='ocr_line' id='line_1_59' title="bbox 432 4398 2022 4488; baseline 0.013 -35"><span class='ocrx_word' id='word_1_361' title='bbox 432 4398 667 4458; x_wconf 88' lang='lat' dir='ltr'><strong>doretus</strong></span> <span class='ocrx_word' id='word_1_362' title='bbox 711 4406 1048 4477; x_wconf 44' lang='lat' dir='ltr'><strong>magistrum.</strong></span> <span class='ocrx_word' id='word_1_363' title='bbox 1080 4410 1318 4467; x_wconf 91' lang='lat' dir='ltr'><strong>militum</strong></span> <span class='ocrx_word' id='word_1_364' title='bbox 1343 4414 1553 4468; x_wconf 87' lang='lat' dir='ltr'><strong>solatur</strong></span> <span class='ocrx_word' id='word_1_365' title='bbox 1580 4432 1594 4469; x_wconf 86' lang='lat'><strong>:</strong></span> <span class='ocrx_word' id='word_1_366' title='bbox 1627 4417 1899 4488; x_wconf 84' lang='lat' dir='ltr'><strong>suspicari</strong></span> <span class='ocrx_word' id='word_1_367' title='bbox 1942 4428 2022 4473; x_wconf 91' lang='lat' dir='ltr'><strong>ta-</strong></span> 
     </span>
    </p>
   </div>
   <div class='ocr_carea' id='block_1_60' title="bbox 433 4492 1735 4562">
    <p class='ocr_par' dir='ltr' id='par_1_60' title="bbox 433 4492 1735 4562">
     <span class='ocr_line' id='line_1_60' title="bbox 433 4492 1735 4562; baseline 0.013 -17"><span class='ocrx_word' id='word_1_368' title='bbox 433 4506 562 4546; x_wconf 87' lang='lat' dir='ltr'><strong>men</strong></span> <span class='ocrx_word' id='word_1_369' title='bbox 592 4492 676 4549; x_wconf 82' lang='lat' dir='ltr'><strong>fas</strong></span> <span class='ocrx_word' id='word_1_370' title='bbox 703 4503 809 4559; x_wconf 87' lang='lat' dir='ltr'><strong>est,</strong></span> <span class='ocrx_word' id='word_1_371' title='bbox 838 4497 893 4553; x_wconf 92' lang='lat' dir='ltr'><strong>id</strong></span> <span class='ocrx_word' id='word_1_372' title='bbox 920 4507 1048 4556; x_wconf 81' lang='lat' dir='ltr'><strong>ante</strong></span> <span class='ocrx_word' id='word_1_373' title='bbox 1075 4504 1424 4559; x_wconf 82' lang='lat' dir='ltr'><strong>vexationem</strong></span> <span class='ocrx_word' id='word_1_374' title='bbox 1450 4506 1735 4562; x_wconf 86' lang='lat' dir='ltr'><strong>accidisse.</strong></span> 
     </span>
    </p>
   </div>
   <div class='ocr_carea' id='block_1_61' title="bbox 433 4603 2021 4693">
    <p class='ocr_par' dir='ltr' id='par_1_61' title="bbox 433 4603 2021 4693">
     <span class='ocr_line' id='line_1_61' title="bbox 433 4603 2021 4693; baseline 0.013 -35"><span class='ocrx_word' id='word_1_375' title='bbox 433 4603 683 4674; x_wconf 79' lang='lat' dir='ltr'><strong>Epistola</strong></span> <span class='ocrx_word' id='word_1_376' title='bbox 719 4608 813 4693; x_wconf 60' lang='grc' dir='ltr'><strong>66ζ</strong></span> <span class='ocrx_word' id='word_1_377' title='bbox 852 4613 1162 4693; x_wconf 72' lang='lat' dir='ltr'><strong>invitatoria</strong></span> <span class='ocrx_word' id='word_1_378' title='bbox 1202 4616 1273 4693; x_wconf 70' lang='lat' dir='ltr'><strong>qd</strong></span> <span class='ocrx_word' id='word_1_379' title='bbox 1305 4620 1540 4693; x_wconf 70' lang='lat' dir='ltr'><strong>enecenia</strong></span> <span class='ocrx_word' id='word_1_380' title='bbox 1573 4619 1756 4691; x_wconf 87' lang='lat' dir='ltr'><strong>templi</strong></span> <span class='ocrx_word' id='word_1_381' title='bbox 1803 4633 2021 4693; x_wconf 88' lang='lat' dir='ltr'><strong>aposto-</strong></span> 
     </span>
    </p>
   </div>
   <div class='ocr_carea' id='block_1_62' title="bbox 794 4681 1649 4758">
    <p class='ocr_par' dir='ltr' id='par_1_62' title="bbox 794 4681 1649 4758">
     <span class='ocr_line' id='line_1_62' title="bbox 794 4681 1649 4758; baseline 0.009 -23"><span class='ocrx_word' id='word_1_382' title='bbox 794 4681 969 4737; x_wconf 87' lang='lat' dir='ltr'><strong>lorum</strong></span> <span class='ocrx_word' id='word_1_383' title='bbox 1000 4684 1071 4737; x_wconf 80' lang='grc' dir='ltr'><strong>(ιιι</strong></span> <span class='ocrx_word' id='word_1_384' title='bbox 1096 4684 1316 4741; x_wconf 79' lang='lat' dir='ltr'><strong>Aerium</strong></span> <span class='ocrx_word' id='word_1_385' title='bbox 1334 4689 1649 4758; x_wconf 66' lang='lat' dir='ltr'><strong>sophistam.</strong></span> 
     </span>
    </p>
   </div>
   <div class='ocr_carea' id='block_1_63' title="bbox 505 4793 2023 4870">
    <p class='ocr_par' dir='ltr' id='par_1_63' title="bbox 505 4793 2023 4870">
     <span class='ocr_line' id='line_1_63' title="bbox 505 4793 2023 4870; baseline 0.009 -23"><span class='ocrx_word' id='word_1_386' title='bbox 505 4793 585 4847; x_wconf 85' lang='lat' dir='ltr'><strong>De</strong></span> <span class='ocrx_word' id='word_1_387' title='bbox 621 4793 791 4848; x_wconf 88' lang='lat' dir='ltr'><strong>Aerio</strong></span> <span class='ocrx_word' id='word_1_388' title='bbox 829 4794 1080 4865; x_wconf 85' lang='lat' dir='ltr'><strong>50phista</strong></span> <span class='ocrx_word' id='word_1_389' title='bbox 1111 4797 1323 4852; x_wconf 84' lang='lat' dir='ltr'><strong>dictum</strong></span> <span class='ocrx_word' id='word_1_390' title='bbox 1353 4806 1437 4854; x_wconf 88' lang='lat' dir='ltr'><strong>est</strong></span> <span class='ocrx_word' id='word_1_391' title='bbox 1465 4799 1533 4854; x_wconf 89' lang='lat' dir='ltr'><strong>ad</strong></span> <span class='ocrx_word' id='word_1_392' title='bbox 1559 4800 1721 4870; x_wconf 91' lang='lat' dir='ltr'><strong>epist.</strong></span> <span class='ocrx_word' id='word_1_393' title='bbox 1748 4802 1836 4857; x_wconf 79' lang='lat'><strong>30.</strong></span> <span class='ocrx_word' id='word_1_394' title='bbox 1873 4804 2023 4860; x_wconf 85' lang='lat' dir='ltr'><strong>Non-</strong></span> 
     </span>
    </p>
   </div>
   <div class='ocr_carea' id='block_1_64' title="bbox 433 4883 2025 4965">
    <p class='ocr_par' dir='ltr' id='par_1_64' title="bbox 433 4883 2025 4965">
     <span class='ocr_line' id='line_1_64' title="bbox 433 4883 2025 4965; baseline 0.006 -25"><span class='ocrx_word' id='word_1_395' title='bbox 433 4883 567 4940; x_wconf 87' lang='lat' dir='ltr'><strong>dum</strong></span> <span class='ocrx_word' id='word_1_396' title='bbox 589 4888 854 4956; x_wconf 88' lang='lat' dir='ltr'><strong>comperi,</strong></span> <span class='ocrx_word' id='word_1_397' title='bbox 872 4902 985 4957; x_wconf 78' lang='lat' dir='ltr'><strong>qno</strong></span> <span class='ocrx_word' id='word_1_398' title='bbox 1007 4903 1153 4943; x_wconf 87' lang='lat' dir='ltr'><strong>anno</strong></span> <span class='ocrx_word' id='word_1_399' title='bbox 1179 4889 1492 4945; x_wconf 82' lang='lat' dir='ltr'><strong>absolutum</strong></span> <span class='ocrx_word' id='word_1_400' title='bbox 1515 4891 1585 4946; x_wconf 90' lang='lat' dir='ltr'><strong>sit</strong></span> <span class='ocrx_word' id='word_1_401' title='bbox 1610 4894 1872 4963; x_wconf 88' lang='lat' dir='ltr'><strong>templum</strong></span> <span class='ocrx_word' id='word_1_402' title='bbox 1893 4909 2025 4965; x_wconf 87' lang='lat' dir='ltr'><strong>apo-</strong></span> 
     </span>
    </p>
   </div>
   <div class='ocr_carea' id='block_1_65' title="bbox 432 4977 1333 5036">
    <p class='ocr_par' dir='ltr' id='par_1_65' title="bbox 432 4977 1333 5036">
     <span class='ocr_line' id='line_1_65' title="bbox 432 4977 1333 5036; baseline 0.002 -4"><span class='ocrx_word' id='word_1_403' title='bbox 432 4977 594 5032; x_wconf 78' lang='lat' dir='ltr'><strong>stolis</strong></span> <span class='ocrx_word' id='word_1_404' title='bbox 627 4993 660 5032; x_wconf 88' lang='lat' dir='ltr'><strong>a</strong></span> <span class='ocrx_word' id='word_1_405' title='bbox 690 4977 1038 5034; x_wconf 88' lang='lat' dir='ltr'><strong>Theodoreto</strong></span> <span class='ocrx_word' id='word_1_406' title='bbox 1063 4989 1333 5036; x_wconf 87' lang='lat' dir='ltr'><strong>erectum.</strong></span> 
     </span>
    </p>
   </div>
   <div class='ocr_carea' id='block_1_66' title="bbox 502 5086 1952 5166">
    <p class='ocr_par' dir='ltr' id='par_1_66' title="bbox 502 5086 1952 5166">
     <span class='ocr_line' id='line_1_66' title="bbox 502 5086 1952 5166; baseline 0.005 -22"><span class='ocrx_word' id='word_1_407' title='bbox 502 5086 754 5161; x_wconf 85' lang='lat' dir='ltr'><strong>Epistola</strong></span> <span class='ocrx_word' id='word_1_408' title='bbox 783 5090 856 5166; x_wconf 82' lang='lat'><strong>67</strong></span> <span class='ocrx_word' id='word_1_409' title='bbox 873 5100 940 5166; x_wconf 88' lang='lat' dir='ltr'><strong>_et</strong></span> <span class='ocrx_word' id='word_1_410' title='bbox 967 5091 1056 5166; x_wconf 80' lang='lat'><strong>68,</strong></span> <span class='ocrx_word' id='word_1_411' title='bbox 1092 5092 1165 5146; x_wconf 82' lang='lat' dir='ltr'><strong>ad</strong></span> <span class='ocrx_word' id='word_1_412' title='bbox 1184 5092 1471 5166; x_wconf 66' lang='lat' dir='ltr'><strong>Martinam</strong></span> <span class='ocrx_word' id='word_1_413' title='bbox 1510 5103 1559 5148; x_wconf 88' lang='lat' dir='ltr'><strong>et</strong></span> <span class='ocrx_word' id='word_1_414' title='bbox 1592 5095 1952 5166; x_wconf 81' lang='lat' dir='ltr'><strong>Epiphaniam</strong></span> 
     </span>
    </p>
   </div>
   <div class='ocr_carea' id='block_1_67' title="bbox 775 5162 1690 5220">
    <p class='ocr_par' dir='ltr' id='par_1_67' title="bbox 775 5162 1690 5220">
     <span class='ocr_line' id='line_1_67' title="bbox 775 5162 1690 5220; baseline 0.004 -6"><span class='ocrx_word' id='word_1_415' title='bbox 775 5162 1087 5216; x_wconf 78' lang='lat' dir='ltr'><strong>invitatoria</strong></span> <span class='ocrx_word' id='word_1_416' title='bbox 1123 5163 1194 5217; x_wconf 87' lang='lat' dir='ltr'><strong>ad</strong></span> <span class='ocrx_word' id='word_1_417' title='bbox 1222 5164 1406 5218; x_wconf 83' lang='lat' dir='ltr'><strong>eadem</strong></span> <span class='ocrx_word' id='word_1_418' title='bbox 1434 5162 1690 5220; x_wconf 69' lang='lat' dir='ltr'><strong>encaanin.</strong></span> 
     </span>
    </p>
   </div>
   <div class='ocr_carea' id='block_1_68' title="bbox 504 5250 2023 5324">
    <p class='ocr_par' dir='ltr' id='par_1_68' title="bbox 504 5250 2023 5324">
     <span class='ocr_line' id='line_1_68' title="bbox 504 5250 2023 5324; baseline 0.004 -20"><span class='ocrx_word' id='word_1_419' title='bbox 504 5250 545 5304; x_wconf 70' lang='lat' dir='ltr'><strong>I‘.</strong></span> <span class='ocrx_word' id='word_1_420' title='bbox 581 5250 798 5307; x_wconf 89' lang='lat' dir='ltr'><strong>Incerta</strong></span> <span class='ocrx_word' id='word_1_421' title='bbox 830 5251 1088 5307; x_wconf 87' lang='lat' dir='ltr'><strong>similiter</strong></span> <span class='ocrx_word' id='word_1_422' title='bbox 1121 5253 1387 5323; x_wconf 89' lang='lat' dir='ltr'><strong>temporis</strong></span> <span class='ocrx_word' id='word_1_423' title='bbox 1423 5263 1573 5317; x_wconf 89' lang='lat' dir='ltr'><strong>nota,</strong></span> <span class='ocrx_word' id='word_1_424' title='bbox 1599 5255 1817 5324; x_wconf 88' lang='lat' dir='ltr'><strong>ignotus</strong></span> <span class='ocrx_word' id='word_1_425' title='bbox 1845 5255 2023 5310; x_wconf 83' lang='lat' dir='ltr'><strong>Mara-</strong></span> 
     </span>
    </p>
   </div>
   <div class='ocr_carea' id='block_1_69' title="bbox 431 5341 2022 5415">
    <p class='ocr_par' dir='ltr' id='par_1_69' title="bbox 431 5341 2022 5415">
     <span class='ocr_line' id='line_1_69' title="bbox 431 5341 2022 5415; baseline 0.003 -19"><span class='ocrx_word' id='word_1_426' title='bbox 431 5356 555 5404; x_wconf 86' lang='lat' dir='ltr'><strong>nas,</strong></span> <span class='ocrx_word' id='word_1_427' title='bbox 580 5341 803 5412; x_wconf 83' lang='lat' dir='ltr'><strong>ignotus</strong></span> <span class='ocrx_word' id='word_1_428' title='bbox 827 5343 997 5398; x_wconf 90' lang='lat' dir='ltr'><strong>etiam</strong></span> <span class='ocrx_word' id='word_1_429' title='bbox 1018 5342 1381 5415; x_wconf 84' lang='lat' dir='ltr'><strong>Epiphanius,</strong></span> <span class='ocrx_word' id='word_1_430' title='bbox 1406 5343 1510 5398; x_wconf 91' lang='lat' dir='ltr'><strong>nisi</strong></span> <span class='ocrx_word' id='word_1_431' title='bbox 1532 5345 1679 5414; x_wconf 89' lang='lat' dir='ltr'><strong>quod</strong></span> <span class='ocrx_word' id='word_1_432' title='bbox 1711 5345 1801 5401; x_wconf 90' lang='lat' dir='ltr'><strong>ille</strong></span> <span class='ocrx_word' id='word_1_433' title='bbox 1817 5346 2022 5401; x_wconf 90' lang='lat' dir='ltr'><strong>dicitur</strong></span> 
     </span>
    </p>
   </div>
   <div class='ocr_carea' id='block_1_70' title="bbox 430 5432 2022 5503">
    <p class='ocr_par' dir='ltr' id='par_1_70' title="bbox 430 5432 2022 5503">
     <span class='ocr_line' id='line_1_70' title="bbox 430 5432 2022 5503; baseline 0.003 -16"><span class='ocrx_word' id='word_1_434' title='bbox 430 5432 676 5487; x_wconf 67' lang='lat' dir='ltr'><strong>multum</strong></span> <span class='ocrx_word' id='word_1_435' title='bbox 696 5433 1000 5488; x_wconf 91' lang='lat' dir='ltr'><strong>contulisse</strong></span> <span class='ocrx_word' id='word_1_436' title='bbox 1039 5433 1108 5488; x_wconf 87' lang='lat' dir='ltr'><strong>ad</strong></span> <span class='ocrx_word' id='word_1_437' title='bbox 1145 5434 1335 5503; x_wconf 91' lang='lat' dir='ltr'><strong>templi</strong></span> <span class='ocrx_word' id='word_1_438' title='bbox 1368 5433 1655 5499; x_wconf 86' lang='lat' dir='ltr'><strong>fabricam,</strong></span> <span class='ocrx_word' id='word_1_439' title='bbox 1698 5434 1801 5490; x_wconf 85' lang='lat' dir='ltr'><strong>iste</strong></span> <span class='ocrx_word' id='word_1_440' title='bbox 1831 5451 2022 5493; x_wconf 82' lang='lat' dir='ltr'><strong>exsors</strong></span> 
     </span>
    </p>
   </div>
   <div class='ocr_carea' id='block_1_71' title="bbox 432 5521 1323 5596">
    <p class='ocr_par' dir='ltr' id='par_1_71' title="bbox 432 5521 1323 5596">
     <span class='ocr_line' id='line_1_71' title="bbox 432 5521 1323 5596; baseline 0.001 -19"><span class='ocrx_word' id='word_1_441' title='bbox 432 5521 588 5583; x_wconf 74' lang='lat' dir='ltr'><strong>ﬁdei,</strong></span> <span class='ocrx_word' id='word_1_442' title='bbox 616 5530 855 5594; x_wconf 89' lang='lat' dir='ltr'><strong>uterque</strong></span> <span class='ocrx_word' id='word_1_443' title='bbox 875 5522 1135 5596; x_wconf 85' lang='lat' dir='ltr'><strong>Cyrensis</strong></span> <span class='ocrx_word' id='word_1_444' title='bbox 1165 5525 1323 5579; x_wconf 82' lang='lat' dir='ltr'><strong>civis.</strong></span> 
     </span>
    </p>
   </div>
   <div class='ocr_carea' id='block_1_72' title="bbox 503 5615 2019 5691">
    <p class='ocr_par' dir='ltr' id='par_1_72' title="bbox 503 5615 2019 5691">
     <span class='ocr_line' id='line_1_72' title="bbox 503 5615 2019 5691; baseline 0.005 -22"><span class='ocrx_word' id='word_1_445' title='bbox 503 5615 572 5670; x_wconf 87' lang='lat' dir='ltr'><strong>ll.</strong></span> <span class='ocrx_word' id='word_1_446' title='bbox 608 5616 774 5688; x_wconf 75' lang='lat'><strong>325</strong></span> <span class='ocrx_word' id='word_1_447' title='bbox 802 5618 1048 5674; x_wconf 84' lang='lat' dir='ltr'><strong>Observa</strong></span> <span class='ocrx_word' id='word_1_448' title='bbox 1087 5634 1298 5673; x_wconf 83' lang='lat' dir='ltr'><strong>morem</strong></span> <span class='ocrx_word' id='word_1_449' title='bbox 1345 5620 1632 5691; x_wconf 85' lang='lat' dir='ltr'><strong>antiquum</strong></span> <span class='ocrx_word' id='word_1_450' title='bbox 1679 5623 2019 5677; x_wconf 87' lang='lat' dir='ltr'><strong>convocandi</strong></span> 
     </span>
    </p>
   </div>
   <div class='ocr_carea' id='block_1_73' title="bbox 431 5706 2016 5779">
    <p class='ocr_par' dir='ltr' id='par_1_73' title="bbox 431 5706 2016 5779">
     <span class='ocr_line' id='line_1_73' title="bbox 431 5706 2016 5779; baseline 0.004 -19"><span class='ocrx_word' id='word_1_451' title='bbox 431 5706 499 5760; x_wconf 92' lang='lat' dir='ltr'><strong>ad</strong></span> <span class='ocrx_word' id='word_1_452' title='bbox 531 5707 674 5763; x_wconf 79' lang='lat' dir='ltr'><strong>festa</strong></span> <span class='ocrx_word' id='word_1_453' title='bbox 692 5708 1004 5765; x_wconf 86' lang='lat' dir='ltr'><strong>Christiana</strong></span> <span class='ocrx_word' id='word_1_454' title='bbox 1030 5709 1180 5779; x_wconf 88' lang='lat' dir='ltr'><strong>ipsos</strong></span> <span class='ocrx_word' id='word_1_455' title='bbox 1199 5709 1365 5763; x_wconf 88' lang='lat' dir='ltr'><strong>etiam</strong></span> <span class='ocrx_word' id='word_1_456' title='bbox 1391 5709 1661 5776; x_wconf 72' lang='lat' dir='ltr'><strong>infideles,</strong></span> <span class='ocrx_word' id='word_1_457' title='bbox 1692 5720 1750 5767; x_wconf 89' lang='lat' dir='ltr'><strong>ut</strong></span> <span class='ocrx_word' id='word_1_458' title='bbox 1773 5709 2016 5767; x_wconf 87' lang='lat' dir='ltr'><strong>ﬁdelium</strong></span> 
     </span>
    </p>
   </div>
   <div class='ocr_carea' id='block_1_74' title="bbox 430 5799 1605 5873">
    <p class='ocr_par' dir='ltr' id='par_1_74' title="bbox 430 5799 1605 5873">
     <span class='ocr_line' id='line_1_74' title="bbox 430 5799 1605 5873; baseline 0.003 -20"><span class='ocrx_word' id='word_1_459' title='bbox 430 5800 692 5870; x_wconf 77' lang='lat' dir='ltr'><strong>exemplo</strong></span> <span class='ocrx_word' id='word_1_460' title='bbox 713 5799 782 5856; x_wconf 91' lang='lat' dir='ltr'><strong>ad</strong></span> <span class='ocrx_word' id='word_1_461' title='bbox 810 5801 1076 5873; x_wconf 87' lang='lat' dir='ltr'><strong>pietatem</strong></span> <span class='ocrx_word' id='word_1_462' title='bbox 1104 5802 1119 5822; x_wconf 80' lang='lat'><strong><em>‘</em></strong></span> <span class='ocrx_word' id='word_1_463' title='bbox 1154 5801 1605 5857; x_wconf 87' lang='lat' dir='ltr'><strong>incenderentur.</strong></span> 
     </span>
    </p>
   </div>
   <div class='ocr_carea' id='block_1_75' title="bbox 2152 2061 3665 2149">
    <p class='ocr_par' dir='ltr' id='par_1_75' title="bbox 2152 2061 3665 2149">
     <span class='ocr_line' id='line_1_75' title="bbox 2152 2061 3665 2149; baseline 0.011 -33"><span class='ocrx_word' id='word_1_464' title='bbox 2152 2061 2398 2134; x_wconf 80' lang='lat' dir='ltr'><strong>Epistola</strong></span> <span class='ocrx_word' id='word_1_465' title='bbox 2422 2067 2512 2135; x_wconf 78' lang='lat' dir='ltr'><strong>7i,</strong></span> <span class='ocrx_word' id='word_1_466' title='bbox 2542 2070 2903 2149; x_wconf 69' lang='lat' dir='ltr'><strong>gratulatoria</strong></span> <span class='ocrx_word' id='word_1_467' title='bbox 2942 2074 3013 2127; x_wconf 87' lang='lat' dir='ltr'><strong>ad</strong></span> <span class='ocrx_word' id='word_1_468' title='bbox 3043 2074 3312 2149; x_wconf 80' lang='lat' dir='ltr'><strong>Zenonem</strong></span> <span class='ocrx_word' id='word_1_469' title='bbox 3347 2081 3665 2149; x_wconf 76' lang='lat' dir='ltr'><strong>magistrum</strong></span> 
     </span>
    </p>
   </div>
   <div class='ocr_carea' id='block_1_76' title="bbox 2590 2139 3228 2199">
    <p class='ocr_par' dir='ltr' id='par_1_76' title="bbox 2590 2139 3228 2199">
     <span class='ocr_line' id='line_1_76' title="bbox 2590 2139 3228 2199; baseline 0.011 -7"><span class='ocrx_word' id='word_1_470' title='bbox 2590 2139 2820 2195; x_wconf 85' lang='lat' dir='ltr'><strong>militum</strong></span> <span class='ocrx_word' id='word_1_471' title='bbox 2854 2149 2906 2195; x_wconf 91' lang='lat' dir='ltr'><strong>et</strong></span> <span class='ocrx_word' id='word_1_472' title='bbox 2938 2144 3228 2199; x_wconf 85' lang='lat' dir='ltr'><strong>consulem.</strong></span> 
     </span>
    </p>
   </div>
   <div class='ocr_carea' id='block_1_77' title="bbox 2188 2248 3704 2331">
    <p class='ocr_par' dir='ltr' id='par_1_77' title="bbox 2188 2248 3704 2331">
     <span class='ocr_line' id='line_1_77' title="bbox 2188 2248 3704 2331; baseline 0.007 -27"><span class='ocrx_word' id='word_1_473' title='bbox 2188 2248 2365 2306; x_wconf 88' lang='lat' dir='ltr'><strong>Habet</strong></span> <span class='ocrx_word' id='word_1_474' title='bbox 2425 2258 2678 2322; x_wconf 89' lang='lat' dir='ltr'><strong>apertum</strong></span> <span class='ocrx_word' id='word_1_475' title='bbox 2718 2255 2983 2325; x_wconf 88' lang='lat' dir='ltr'><strong>temporis</strong></span> <span class='ocrx_word' id='word_1_476' title='bbox 3055 2257 3426 2314; x_wconf 89' lang='lat' dir='ltr'><strong>characterem</strong></span> <span class='ocrx_word' id='word_1_477' title='bbox 3475 2279 3489 2314; x_wconf 90' lang='lat'><strong>:</strong></span> <span class='ocrx_word' id='word_1_478' title='bbox 3534 2262 3704 2331; x_wconf 88' lang='lat' dir='ltr'><strong>gessit</strong></span> 
     </span>
    </p>
   </div>
   <div class='ocr_carea' id='block_1_78' title="bbox 2118 2339 3702 2408">
    <p class='ocr_par' dir='ltr' id='par_1_78' title="bbox 2118 2339 3702 2408">
     <span class='ocr_line' id='line_1_78' title="bbox 2118 2339 3702 2408; baseline 0.009 -14"><span class='ocrx_word' id='word_1_479' title='bbox 2118 2339 2267 2394; x_wconf 89' lang='lat' dir='ltr'><strong>enim</strong></span> <span class='ocrx_word' id='word_1_480' title='bbox 2311 2341 2461 2396; x_wconf 90' lang='lat' dir='ltr'><strong>Zeno</strong></span> <span class='ocrx_word' id='word_1_481' title='bbox 2505 2343 2854 2400; x_wconf 82' lang='lat' dir='ltr'><strong>consulatum</strong></span> <span class='ocrx_word' id='word_1_482' title='bbox 2903 2361 3047 2402; x_wconf 87' lang='lat' dir='ltr'><strong>anno</strong></span> <span class='ocrx_word' id='word_1_483' title='bbox 3097 2347 3220 2403; x_wconf 75' lang='grc'><strong>448.</strong></span> <span class='ocrx_word' id='word_1_484' title='bbox 3268 2348 3405 2407; x_wconf 79' lang='lat' dir='ltr'><strong>Vide</strong></span> <span class='ocrx_word' id='word_1_485' title='bbox 3436 2360 3595 2408; x_wconf 85' lang='lat' dir='ltr'><strong>notas</strong></span> <span class='ocrx_word' id='word_1_486' title='bbox 3632 2352 3702 2408; x_wconf 81' lang='lat' dir='ltr'><strong>ad</strong></span> 
     </span>
    </p>
   </div>
   <div class='ocr_carea' id='block_1_79' title="bbox 2117 2430 2514 2500">
    <p class='ocr_par' dir='ltr' id='par_1_79' title="bbox 2117 2430 2514 2500">
     <span class='ocr_line' id='line_1_79' title="bbox 2117 2430 2514 2500; baseline 0.013 -15"><span class='ocrx_word' id='word_1_487' title='bbox 2117 2430 2403 2500; x_wconf 88' lang='lat' dir='ltr'><strong>epistolam</strong></span> <span class='ocrx_word' id='word_1_488' title='bbox 2425 2433 2514 2490; x_wconf 82' lang='grc'><strong>65.</strong></span> 
     </span>
    </p>
   </div>
   <div class='ocr_carea' id='block_1_80' title="bbox 2279 2561 3554 2640">
    <p class='ocr_par' dir='ltr' id='par_1_80' title="bbox 2279 2561 3554 2640">
     <span class='ocr_line' id='line_1_80' title="bbox 2279 2561 3554 2640; baseline 0.006 -24"><span class='ocrx_word' id='word_1_489' title='bbox 2279 2561 2524 2634; x_wconf 84' lang='lat' dir='ltr'><strong>Epistola</strong></span> <span class='ocrx_word' id='word_1_490' title='bbox 2557 2564 2646 2632; x_wconf 71' lang='lat'><strong>72,</strong></span> <span class='ocrx_word' id='word_1_491' title='bbox 2677 2567 3000 2622; x_wconf 78' lang='lat' dir='ltr'><strong>heorttstiea</strong></span> <span class='ocrx_word' id='word_1_492' title='bbox 3023 2568 3094 2624; x_wconf 87' lang='lat' dir='ltr'><strong>ad</strong></span> <span class='ocrx_word' id='word_1_493' title='bbox 3116 2569 3554 2640; x_wconf 79' lang='lat' dir='ltr'><strong>Hermesigenem.</strong></span> 
     </span>
    </p>
   </div>
   <div class='ocr_carea' id='block_1_81' title="bbox 2738 2654 3080 2693">
    <p class='ocr_par' dir='ltr' id='par_1_81' title="bbox 2738 2654 3080 2693">
     <span class='ocr_line' id='line_1_81' title="bbox 2738 2654 3080 2693; baseline 0.003 -2"><span class='ocrx_word' id='word_1_494' title='bbox 2738 2654 3080 2693; x_wconf 81' lang='lat' dir='ltr'><strong>assessorem.</strong></span> 
     </span>
    </p>
   </div>
   <div class='ocr_carea' id='block_1_82' title="bbox 2190 2744 3700 2819">
    <p class='ocr_par' dir='ltr' id='par_1_82' title="bbox 2190 2744 3700 2819">
     <span class='ocr_line' id='line_1_82' title="bbox 2190 2744 3700 2819; baseline 0.005 -21"><span class='ocrx_word' id='word_1_495' title='bbox 2190 2744 2385 2800; x_wconf 88' lang='lat' dir='ltr'><strong>Nullus</strong></span> <span class='ocrx_word' id='word_1_496' title='bbox 2425 2752 2519 2800; x_wconf 74' lang='lat' dir='ltr'><strong>est</strong></span> <span class='ocrx_word' id='word_1_497' title='bbox 2553 2747 2669 2803; x_wconf 87' lang='lat' dir='ltr'><strong>sive</strong></span> <span class='ocrx_word' id='word_1_498' title='bbox 2715 2750 3005 2818; x_wconf 87' lang='lat' dir='ltr'><strong>temporis,</strong></span> <span class='ocrx_word' id='word_1_499' title='bbox 3064 2750 3183 2804; x_wconf 89' lang='lat' dir='ltr'><strong>sive</strong></span> <span class='ocrx_word' id='word_1_500' title='bbox 3228 2765 3478 2819; x_wconf 65' lang='lat' dir='ltr'><strong>personat</strong></span> <span class='ocrx_word' id='word_1_501' title='bbox 3513 2750 3700 2817; x_wconf 75' lang='lat' dir='ltr'><strong>index,</strong></span> 
     </span>
    </p>
   </div>
   <div class='ocr_carea' id='block_1_83' title="bbox 2118 2833 3707 2911">
    <p class='ocr_par' dir='ltr' id='par_1_83' title="bbox 2118 2833 3707 2911">
     <span class='ocr_line' id='line_1_83' title="bbox 2118 2833 3707 2911; baseline 0.008 -26"><span class='ocrx_word' id='word_1_502' title='bbox 2118 2833 2223 2886; x_wconf 83' lang='lat' dir='ltr'><strong>nisi</strong></span> <span class='ocrx_word' id='word_1_503' title='bbox 2247 2835 2395 2903; x_wconf 89' lang='lat' dir='ltr'><strong>quod</strong></span> <span class='ocrx_word' id='word_1_504' title='bbox 2420 2833 2840 2907; x_wconf 80' lang='lat' dir='ltr'><strong>Hermesigcnes</strong></span> <span class='ocrx_word' id='word_1_505' title='bbox 2864 2841 3239 2910; x_wconf 83' lang='lat' dir='ltr'><strong>magistratum</strong></span> <span class='ocrx_word' id='word_1_506' title='bbox 3262 2849 3478 2911; x_wconf 84' lang='lat' dir='ltr'><strong>gereret</strong></span> <span class='ocrx_word' id='word_1_507' title='bbox 3493 2841 3547 2896; x_wconf 92' lang='lat' dir='ltr'><strong>in</strong></span> <span class='ocrx_word' id='word_1_508' title='bbox 3570 2841 3707 2897; x_wconf 87' lang='lat' dir='ltr'><strong>vici-</strong></span> 
     </span>
    </p>
   </div>
   <div class='ocr_carea' id='block_1_84' title="bbox 2120 2924 3586 2996">
    <p class='ocr_par' dir='ltr' id='par_1_84' title="bbox 2120 2924 3586 2996">
     <span class='ocr_line' id='line_1_84' title="bbox 2120 2924 3586 2996; baseline 0.005 -20"><span class='ocrx_word' id='word_1_509' title='bbox 2120 2940 2187 2976; x_wconf 87' lang='lat' dir='ltr'><strong>na</strong></span> <span class='ocrx_word' id='word_1_510' title='bbox 2214 2924 2398 2996; x_wconf 84' lang='lat' dir='ltr'><strong>aliqua</strong></span> <span class='ocrx_word' id='word_1_511' title='bbox 2429 2926 2673 2993; x_wconf 86' lang='lat' dir='ltr'><strong>civitate,</strong></span> <span class='ocrx_word' id='word_1_512' title='bbox 2699 2928 2870 2983; x_wconf 87' lang='lat' dir='ltr'><strong>veluti</strong></span> <span class='ocrx_word' id='word_1_513' title='bbox 2898 2929 3105 2985; x_wconf 65' lang='lat' dir='ltr'><strong>Bel-axe</strong></span> <span class='ocrx_word' id='word_1_514' title='bbox 3132 2939 3228 2985; x_wconf 87' lang='lat' dir='ltr'><strong>aut</strong></span> <span class='ocrx_word' id='word_1_515' title='bbox 3257 2930 3586 2986; x_wconf 71' lang='lat' dir='ltr'><strong>Antiochiae.</strong></span> 
     </span>
    </p>
   </div>
   <div class='ocr_carea' id='block_1_85' title="bbox 2295 3058 3523 3134">
    <p class='ocr_par' dir='ltr' id='par_1_85' title="bbox 2295 3058 3523 3134">
     <span class='ocr_line' id='line_1_85' title="bbox 2295 3058 3523 3134; baseline 0.004 -21"><span class='ocrx_word' id='word_1_516' title='bbox 2295 3058 2540 3130; x_wconf 84' lang='lat' dir='ltr'><strong>Epistola</strong></span> <span class='ocrx_word' id='word_1_517' title='bbox 2574 3060 2662 3126; x_wconf 79' lang='lat'><strong>73,</strong></span> <span class='ocrx_word' id='word_1_518' title='bbox 2698 3060 3023 3117; x_wconf 78' lang='lat' dir='ltr'><strong>salutatoria</strong></span> <span class='ocrx_word' id='word_1_519' title='bbox 3057 3063 3128 3117; x_wconf 85' lang='lat' dir='ltr'><strong>ad</strong></span> <span class='ocrx_word' id='word_1_520' title='bbox 3159 3061 3523 3134; x_wconf 83' lang='lat' dir='ltr'><strong>Apollonium.</strong></span> 
     </span>
    </p>
   </div>
   <div class='ocr_carea' id='block_1_86' title="bbox 2045 3170 3706 3257">
    <p class='ocr_par' dir='ltr' id='par_1_86' title="bbox 2045 3170 3706 3257">
     <span class='ocr_line' id='line_1_86' title="bbox 2045 3170 3706 3257; baseline 0.004 -32"><span class='ocrx_word' id='word_1_521' title='bbox 2045 3200 2087 3257; x_wconf 67' lang='grc' dir='ltr'><strong>ο</strong></span> <span class='ocrx_word' id='word_1_522' title='bbox 2190 3170 2351 3227; x_wconf 84' lang='lat' dir='ltr'><strong>Nulla</strong></span> <span class='ocrx_word' id='word_1_523' title='bbox 2378 3174 2639 3243; x_wconf 89' lang='lat' dir='ltr'><strong>temporis</strong></span> <span class='ocrx_word' id='word_1_524' title='bbox 2665 3182 2817 3239; x_wconf 90' lang='lat' dir='ltr'><strong>nota,</strong></span> <span class='ocrx_word' id='word_1_525' title='bbox 2845 3175 2997 3229; x_wconf 92' lang='lat' dir='ltr'><strong>nulla</strong></span> <span class='ocrx_word' id='word_1_526' title='bbox 3019 3184 3117 3230; x_wconf 89' lang='lat' dir='ltr'><strong>aut</strong></span> <span class='ocrx_word' id='word_1_527' title='bbox 3139 3176 3297 3232; x_wconf 89' lang='lat' dir='ltr'><strong>valde</strong></span> <span class='ocrx_word' id='word_1_528' title='bbox 3321 3176 3558 3232; x_wconf 89' lang='lat' dir='ltr'><strong>obscura</strong></span> <span class='ocrx_word' id='word_1_529' title='bbox 3580 3193 3706 3248; x_wconf 91' lang='lat' dir='ltr'><strong>per-</strong></span> 
     </span>
    </p>
   </div>
   <div class='ocr_carea' id='block_1_87' title="bbox 2122 3263 3703 3333">
    <p class='ocr_par' dir='ltr' id='par_1_87' title="bbox 2122 3263 3703 3333">
     <span class='ocr_line' id='line_1_87' title="bbox 2122 3263 3703 3333; baseline 0.003 -15"><span class='ocrx_word' id='word_1_530' title='bbox 2122 3278 2287 3327; x_wconf 71' lang='lat' dir='ltr'><strong>sonae,</strong></span> <span class='ocrx_word' id='word_1_531' title='bbox 2320 3263 2426 3318; x_wconf 90' lang='lat' dir='ltr'><strong>nisi</strong></span> <span class='ocrx_word' id='word_1_532' title='bbox 2458 3264 2606 3333; x_wconf 91' lang='lat' dir='ltr'><strong>quod</strong></span> <span class='ocrx_word' id='word_1_533' title='bbox 2628 3265 2714 3319; x_wconf 91' lang='lat' dir='ltr'><strong>vir</strong></span> <span class='ocrx_word' id='word_1_534' title='bbox 2735 3265 2968 3320; x_wconf 87' lang='lat' dir='ltr'><strong>illustris</strong></span> <span class='ocrx_word' id='word_1_535' title='bbox 2993 3266 3120 3332; x_wconf 81' lang='lat' dir='ltr'><strong>fuit,</strong></span> <span class='ocrx_word' id='word_1_536' title='bbox 3156 3267 3250 3322; x_wconf 88' lang='lat' dir='ltr'><strong>sed</strong></span> <span class='ocrx_word' id='word_1_537' title='bbox 3274 3268 3518 3323; x_wconf 90' lang='lat' dir='ltr'><strong>nondum</strong></span> <span class='ocrx_word' id='word_1_538' title='bbox 3540 3268 3703 3322; x_wconf 81' lang='lat' dir='ltr'><strong>Chri-</strong></span> 
     </span>
    </p>
   </div>
   <div class='ocr_carea' id='block_1_88' title="bbox 2121 3355 3704 3430">
    <p class='ocr_par' dir='ltr' id='par_1_88' title="bbox 2121 3355 3704 3430">
     <span class='ocr_line' id='line_1_88' title="bbox 2121 3355 3704 3430; baseline 0.004 -22"><span class='ocrx_word' id='word_1_539' title='bbox 2121 3355 2363 3421; x_wconf 80' lang='lat' dir='ltr'><strong>stianus;</strong></span> <span class='ocrx_word' id='word_1_540' title='bbox 2408 3371 2531 3425; x_wconf 80' lang='lat' dir='ltr'><strong>quae</strong></span> <span class='ocrx_word' id='word_1_541' title='bbox 2561 3371 2649 3412; x_wconf 90' lang='lat' dir='ltr'><strong>me</strong></span> <span class='ocrx_word' id='word_1_542' title='bbox 2673 3356 2785 3412; x_wconf 89' lang='lat' dir='ltr'><strong>duo</strong></span> <span class='ocrx_word' id='word_1_543' title='bbox 2822 3356 3095 3412; x_wconf 89' lang='lat' dir='ltr'><strong>inducunt</strong></span> <span class='ocrx_word' id='word_1_544' title='bbox 3142 3359 3199 3413; x_wconf 91' lang='lat' dir='ltr'><strong>in</strong></span> <span class='ocrx_word' id='word_1_545' title='bbox 3225 3360 3602 3430; x_wconf 88' lang='lat' dir='ltr'><strong>conjecturam</strong></span> <span class='ocrx_word' id='word_1_546' title='bbox 3633 3360 3704 3414; x_wconf 84' lang='lat' dir='ltr'><strong>de</strong></span> 
     </span>
    </p>
   </div>
   <div class='ocr_carea' id='block_1_89' title="bbox 2120 3445 3703 3520">
    <p class='ocr_par' dir='ltr' id='par_1_89' title="bbox 2120 3445 3703 3520">
     <span class='ocr_line' id='line_1_89' title="bbox 2120 3445 3703 3520; baseline 0.004 -22"><span class='ocrx_word' id='word_1_547' title='bbox 2120 3445 2412 3515; x_wconf 90' lang='lat' dir='ltr'><strong>Apollonio</strong></span> <span class='ocrx_word' id='word_1_548' title='bbox 2454 3447 2657 3501; x_wconf 89' lang='lat' dir='ltr'><strong>comite</strong></span> <span class='ocrx_word' id='word_1_549' title='bbox 2700 3463 2984 3502; x_wconf 89' lang='lat' dir='ltr'><strong>sacrarum</strong></span> <span class='ocrx_word' id='word_1_550' title='bbox 3014 3448 3393 3519; x_wconf 87' lang='lat' dir='ltr'><strong>largitionum,</strong></span> <span class='ocrx_word' id='word_1_551' title='bbox 3434 3450 3502 3505; x_wconf 91' lang='lat' dir='ltr'><strong>ad</strong></span> <span class='ocrx_word' id='word_1_552' title='bbox 3537 3467 3703 3520; x_wconf 85' lang='lat' dir='ltr'><strong>quem</strong></span> 
     </span>
    </p>
   </div>
   <div class='ocr_carea' id='block_1_90' title="bbox 2120 3537 3705 3613">
    <p class='ocr_par' dir='ltr' id='par_1_90' title="bbox 2120 3537 3705 3613">
     <span class='ocr_line' id='line_1_90' title="bbox 2120 3537 3705 3613; baseline 0.003 -21"><span class='ocrx_word' id='word_1_553' title='bbox 2120 3545 2205 3592; x_wconf 89' lang='lat' dir='ltr'><strong>est</strong></span> <span class='ocrx_word' id='word_1_554' title='bbox 2232 3537 2465 3606; x_wconf 82' lang='lat' dir='ltr'><strong>epistola</strong></span> <span class='ocrx_word' id='word_1_555' title='bbox 2492 3539 2615 3595; x_wconf 82' lang='lat' dir='ltr'><strong>l05.</strong></span> <span class='ocrx_word' id='word_1_556' title='bbox 2647 3538 2829 3605; x_wconf 83' lang='lat' dir='ltr'><strong>Quare</strong></span> <span class='ocrx_word' id='word_1_557' title='bbox 2862 3542 3066 3596; x_wconf 89' lang='lat' dir='ltr'><strong>omissa</strong></span> <span class='ocrx_word' id='word_1_558' title='bbox 3090 3541 3333 3607; x_wconf 89' lang='lat' dir='ltr'><strong>videtur,</strong></span> <span class='ocrx_word' id='word_1_559' title='bbox 3368 3551 3592 3613; x_wconf 89' lang='lat' dir='ltr'><strong>propter</strong></span> <span class='ocrx_word' id='word_1_560' title='bbox 3618 3543 3705 3596; x_wconf 81' lang='lat' dir='ltr'><strong>in-</strong></span> 
     </span>
    </p>
   </div>
   <div class='ocr_carea' id='block_1_91' title="bbox 2121 3626 3707 3704">
    <p class='ocr_par' dir='ltr' id='par_1_91' title="bbox 2121 3626 3707 3704">
     <span class='ocr_line' id='line_1_91' title="bbox 2121 3626 3707 3704; baseline 0.005 -24"><span class='ocrx_word' id='word_1_561' title='bbox 2121 3626 2468 3693; x_wconf 79' lang='lat' dir='ltr'><strong>ﬁdelitatem,</strong></span> <span class='ocrx_word' id='word_1_562' title='bbox 2487 3628 2635 3699; x_wconf 88' lang='lat' dir='ltr'><strong>quod</strong></span> <span class='ocrx_word' id='word_1_563' title='bbox 2654 3629 2971 3685; x_wconf 88' lang='lat' dir='ltr'><strong>observavit</strong></span> <span class='ocrx_word' id='word_1_564' title='bbox 2994 3630 3386 3695; x_wconf 82' lang='lat' dir='ltr'><strong>Gothofredus,</strong></span> <span class='ocrx_word' id='word_1_565' title='bbox 3422 3631 3707 3704; x_wconf 79' lang='lat' dir='ltr'><strong>dignitatis</strong></span> 
     </span>
    </p>
   </div>
   <div class='ocr_carea' id='block_1_92' title="bbox 2123 3718 2430 3791">
    <p class='ocr_par' dir='ltr' id='par_1_92' title="bbox 2123 3718 2430 3791">
     <span class='ocr_line' id='line_1_92' title="bbox 2123 3718 2430 3791; baseline 0.007 -20"><span class='ocrx_word' id='word_1_566' title='bbox 2123 3718 2430 3791; x_wconf 73' lang='lat' dir='ltr'><strong>inscriptio.</strong></span> 
     </span>
    </p>
   </div>
   <div class='ocr_carea' id='block_1_93' title="bbox 2344 3854 3481 3925">
    <p class='ocr_par' dir='ltr' id='par_1_93' title="bbox 2344 3854 3481 3925">
     <span class='ocr_line' id='line_1_93' title="bbox 2344 3854 3481 3925; baseline 0.004 -16"><span class='ocrx_word' id='word_1_567' title='bbox 2344 3854 2590 3925; x_wconf 80' lang='lat' dir='ltr'><strong>Epistola</strong></span> <span class='ocrx_word' id='word_1_568' title='bbox 2626 3855 2694 3910; x_wconf 76' lang='grc'><strong>’14</strong></span> <span class='ocrx_word' id='word_1_569' title='bbox 2732 3858 3050 3913; x_wconf 75' lang='lat' dir='ltr'><strong>beortastica</strong></span> <span class='ocrx_word' id='word_1_570' title='bbox 3084 3858 3155 3912; x_wconf 85' lang='lat' dir='ltr'><strong>ad</strong></span> <span class='ocrx_word' id='word_1_571' title='bbox 3187 3857 3481 3914; x_wconf 79' lang='lat' dir='ltr'><strong>Urbanum.</strong></span> 
     </span>
    </p>
   </div>
   <div class='ocr_carea' id='block_1_94' title="bbox 2189 3966 2948 4038">
    <p class='ocr_par' dir='ltr' id='par_1_94' title="bbox 2189 3966 2948 4038">
     <span class='ocr_line' id='line_1_94' title="bbox 2189 3966 2948 4038; baseline 0.003 -16"><span class='ocrx_word' id='word_1_572' title='bbox 2189 3966 2351 4022; x_wconf 75' lang='lat' dir='ltr'><strong>Caret</strong></span> <span class='ocrx_word' id='word_1_573' title='bbox 2372 3968 2522 4023; x_wconf 91' lang='lat' dir='ltr'><strong>omni</strong></span> <span class='ocrx_word' id='word_1_574' title='bbox 2555 3968 2778 4038; x_wconf 90' lang='lat' dir='ltr'><strong>penitus</strong></span> <span class='ocrx_word' id='word_1_575' title='bbox 2796 3977 2948 4025; x_wconf 90' lang='lat' dir='ltr'><strong>nota.</strong></span> 
     </span>
    </p>
   </div>
   <div class='ocr_carea' id='block_1_95' title="bbox 2215 4100 3605 4172">
    <p class='ocr_par' dir='ltr' id='par_1_95' title="bbox 2215 4100 3605 4172">
     <span class='ocr_line' id='line_1_95' title="bbox 2215 4100 3605 4172; baseline 0.002 -19"><span class='ocrx_word' id='word_1_576' title='bbox 2215 4100 2459 4171; x_wconf 87' lang='lat' dir='ltr'><strong>Epistola</strong></span> <span class='ocrx_word' id='word_1_577' title='bbox 2492 4102 2581 4167; x_wconf 79' lang='lat'><strong>75,</strong></span> <span class='ocrx_word' id='word_1_578' title='bbox 2612 4101 2899 4172; x_wconf 83' lang='lat' dir='ltr'><strong>familiaris</strong></span> <span class='ocrx_word' id='word_1_579' title='bbox 2934 4102 3005 4156; x_wconf 85' lang='lat' dir='ltr'><strong>ad</strong></span> <span class='ocrx_word' id='word_1_580' title='bbox 3031 4102 3251 4156; x_wconf 85' lang='lat' dir='ltr'><strong>clericos</strong></span> <span class='ocrx_word' id='word_1_581' title='bbox 3283 4100 3605 4157; x_wconf 73' lang='lat' dir='ltr'><strong>Berteenset.</strong></span> 
     </span>
    </p>
   </div>
   <div class='ocr_carea' id='block_1_96' title="bbox 2192 4213 3705 4285">
    <p class='ocr_par' dir='ltr' id='par_1_96' title="bbox 2192 4213 3705 4285">
     <span class='ocr_line' id='line_1_96' title="bbox 2192 4213 3705 4285; baseline 0.001 -18"><span class='ocrx_word' id='word_1_582' title='bbox 2192 4213 2326 4267; x_wconf 87' lang='lat' dir='ltr'><strong>Data</strong></span> <span class='ocrx_word' id='word_1_583' title='bbox 2349 4222 2435 4267; x_wconf 90' lang='lat' dir='ltr'><strong>est</strong></span> <span class='ocrx_word' id='word_1_584' title='bbox 2465 4213 2782 4268; x_wconf 88' lang='lat' dir='ltr'><strong>Theoctisto</strong></span> <span class='ocrx_word' id='word_1_585' title='bbox 2809 4214 3072 4285; x_wconf 90' lang='lat' dir='ltr'><strong>episcopo</strong></span> <span class='ocrx_word' id='word_1_586' title='bbox 3102 4230 3215 4268; x_wconf 88' lang='lat' dir='ltr'><strong>non</strong></span> <span class='ocrx_word' id='word_1_587' title='bbox 3253 4214 3328 4269; x_wconf 91' lang='lat' dir='ltr'><strong>ita</strong></span> <span class='ocrx_word' id='word_1_588' title='bbox 3363 4214 3578 4285; x_wconf 86' lang='lat' dir='ltr'><strong>pridem</strong></span> <span class='ocrx_word' id='word_1_589' title='bbox 3609 4229 3705 4268; x_wconf 88' lang='lat' dir='ltr'><strong>or—</strong></span> 
     </span>
    </p>
   </div>
   <div class='ocr_carea' id='block_1_97' title="bbox 2122 4302 3707 4374">
    <p class='ocr_par' dir='ltr' id='par_1_97' title="bbox 2122 4302 3707 4374">
     <span class='ocr_line' id='line_1_97' title="bbox 2122 4302 3707 4374; baseline 0.003 -17"><span class='ocrx_word' id='word_1_590' title='bbox 2122 4302 2330 4366; x_wconf 82' lang='lat' dir='ltr'><strong>dinato,</strong></span> <span class='ocrx_word' id='word_1_591' title='bbox 2362 4312 2528 4374; x_wconf 90' lang='lat' dir='ltr'><strong>atque</strong></span> <span class='ocrx_word' id='word_1_592' title='bbox 2558 4303 2634 4359; x_wconf 83' lang='lat' dir='ltr'><strong>ita</strong></span> <span class='ocrx_word' id='word_1_593' title='bbox 2667 4320 2811 4360; x_wconf 88' lang='lat' dir='ltr'><strong>anno</strong></span> <span class='ocrx_word' id='word_1_594' title='bbox 2832 4305 2958 4370; x_wconf 70' lang='lat'><strong>457,</strong></span> <span class='ocrx_word' id='word_1_595' title='bbox 2983 4312 3079 4360; x_wconf 89' lang='lat' dir='ltr'><strong>aut</strong></span> <span class='ocrx_word' id='word_1_596' title='bbox 3097 4304 3222 4361; x_wconf 74' lang='grc'><strong>458.</strong></span> <span class='ocrx_word' id='word_1_597' title='bbox 3250 4304 3530 4361; x_wconf 88' lang='lat' dir='ltr'><strong>Successit</strong></span> <span class='ocrx_word' id='word_1_598' title='bbox 3557 4305 3707 4361; x_wconf 88' lang='lat' dir='ltr'><strong>enim</strong></span> 
     </span>
    </p>
   </div>
   <div class='ocr_carea' id='block_1_98' title="bbox 2124 4393 3739 4464">
    <p class='ocr_par' dir='ltr' id='par_1_98' title="bbox 2124 4393 3739 4464">
     <span class='ocr_line' id='line_1_98' title="bbox 2124 4393 3739 4464; baseline 0.005 -18"><span class='ocrx_word' id='word_1_599' title='bbox 2124 4393 2215 4447; x_wconf 91' lang='lat' dir='ltr'><strong>ille</strong></span> <span class='ocrx_word' id='word_1_600' title='bbox 2238 4393 2461 4461; x_wconf 89' lang='lat' dir='ltr'><strong>Acacio,</strong></span> <span class='ocrx_word' id='word_1_601' title='bbox 2502 4394 2596 4464; x_wconf 90' lang='lat' dir='ltr'><strong>qui</strong></span> <span class='ocrx_word' id='word_1_602' title='bbox 2622 4395 2910 4450; x_wconf 91' lang='lat' dir='ltr'><strong>ordinatus</strong></span> <span class='ocrx_word' id='word_1_603' title='bbox 2939 4403 3027 4450; x_wconf 88' lang='lat' dir='ltr'><strong>est</strong></span> <span class='ocrx_word' id='word_1_604' title='bbox 3065 4411 3211 4451; x_wconf 89' lang='lat' dir='ltr'><strong>anno</strong></span> <span class='ocrx_word' id='word_1_605' title='bbox 3238 4395 3343 4451; x_wconf 81' lang='lat'><strong>578</strong></span> <span class='ocrx_word' id='word_1_606' title='bbox 3374 4396 3479 4451; x_wconf 90' lang='lat' dir='ltr'><strong>sub</strong></span> <span class='ocrx_word' id='word_1_607' title='bbox 3517 4396 3739 4459; x_wconf 81' lang='lat' dir='ltr'><strong>ﬁnem..-</strong></span> 
     </span>
    </p>
   </div>
   <div class='ocr_carea' id='block_1_99' title="bbox 2125 4487 3741 4558">
    <p class='ocr_par' dir='ltr' id='par_1_99' title="bbox 2125 4487 3741 4558">
     <span class='ocr_line' id='line_1_99' title="bbox 2125 4487 3741 4558; baseline 0.001 -19"><span class='ocrx_word' id='word_1_608' title='bbox 2125 4494 2222 4540; x_wconf 90' lang='lat' dir='ltr'><strong>aut</strong></span> <span class='ocrx_word' id='word_1_609' title='bbox 2240 4487 2400 4541; x_wconf 91' lang='lat' dir='ltr'><strong>initio</strong></span> <span class='ocrx_word' id='word_1_610' title='bbox 2434 4487 2738 4558; x_wconf 88' lang='lat' dir='ltr'><strong>sequentis,</strong></span> <span class='ocrx_word' id='word_1_611' title='bbox 2763 4496 2826 4541; x_wconf 90' lang='lat' dir='ltr'><strong>ut</strong></span> <span class='ocrx_word' id='word_1_612' title='bbox 2865 4495 3080 4543; x_wconf 91' lang='lat' dir='ltr'><strong>constat</strong></span> <span class='ocrx_word' id='word_1_613' title='bbox 3115 4504 3183 4543; x_wconf 79' lang='lat' dir='ltr'><strong>ex</strong></span> <span class='ocrx_word' id='word_1_614' title='bbox 3215 4488 3448 4543; x_wconf 89' lang='lat' dir='ltr'><strong>historia</strong></span> <span class='ocrx_word' id='word_1_615' title='bbox 3484 4487 3707 4543; x_wconf 85' lang='lat' dir='ltr'><strong>concilii</strong></span> <span class='ocrx_word' id='word_1_616' title='bbox 3737 4518 3741 4522; x_wconf 65' lang='grc'><strong>›</strong></span> 
     </span>
    </p>
   </div>
   <div class='ocr_carea' id='block_1_100' title="bbox 2125 4574 3711 4648">
    <p class='ocr_par' dir='ltr' id='par_1_100' title="bbox 2125 4574 3711 4648">
     <span class='ocr_line' id='line_1_100' title="bbox 2125 4574 3711 4648; baseline 0.005 -20"><span class='ocrx_word' id='word_1_617' title='bbox 2125 4574 2478 4641; x_wconf 81' lang='lat' dir='ltr'><strong>Antiocheni,</strong></span> <span class='ocrx_word' id='word_1_618' title='bbox 2516 4591 2548 4630; x_wconf 88' lang='lat' dir='ltr'><strong>a</strong></span> <span class='ocrx_word' id='word_1_619' title='bbox 2573 4592 2683 4646; x_wconf 91' lang='lat' dir='ltr'><strong>quo</strong></span> <span class='ocrx_word' id='word_1_620' title='bbox 2716 4577 3047 4647; x_wconf 88' lang='lat' dir='ltr'><strong>legationem</strong></span> <span class='ocrx_word' id='word_1_621' title='bbox 3072 4578 3286 4648; x_wconf 85' lang='lat' dir='ltr'><strong>accepit</strong></span> <span class='ocrx_word' id='word_1_622' title='bbox 3314 4577 3587 4634; x_wconf 87' lang='lat' dir='ltr'><strong>Eusebius</strong></span> <span class='ocrx_word' id='word_1_623' title='bbox 3610 4577 3711 4636; x_wconf 81' lang='lat' dir='ltr'><strong>Sa-</strong></span> 
     </span>
    </p>
   </div>
   <div class='ocr_carea' id='block_1_101' title="bbox 2128 4666 3710 4739">
    <p class='ocr_par' dir='ltr' id='par_1_101' title="bbox 2128 4666 3710 4739">
     <span class='ocr_line' id='line_1_101' title="bbox 2128 4666 3710 4739; baseline 0.001 -18"><span class='ocrx_word' id='word_1_624' title='bbox 2128 4667 2456 4722; x_wconf 88' lang='lat' dir='ltr'><strong>mosatensis</strong></span> <span class='ocrx_word' id='word_1_625' title='bbox 2493 4666 2678 4724; x_wconf 89' lang='lat' dir='ltr'><strong>Acacii</strong></span> <span class='ocrx_word' id='word_1_626' title='bbox 2722 4668 3030 4734; x_wconf 88' lang='lat' dir='ltr'><strong>ordinator,</strong></span> <span class='ocrx_word' id='word_1_627' title='bbox 3072 4669 3349 4739; x_wconf 87' lang='lat' dir='ltr'><strong>simulque</strong></span> <span class='ocrx_word' id='word_1_628' title='bbox 3389 4670 3710 4724; x_wconf 82' lang='lat' dir='ltr'><strong>mandatum</strong></span> 
     </span>
    </p>
   </div>
   <div class='ocr_carea' id='block_1_102' title="bbox 2125 4758 3709 4829">
    <p class='ocr_par' dir='ltr' id='par_1_102' title="bbox 2125 4758 3709 4829">
     <span class='ocr_line' id='line_1_102' title="bbox 2125 4758 3709 4829; baseline 0 -16"><span class='ocrx_word' id='word_1_629' title='bbox 2125 4758 2454 4829; x_wconf 90' lang='lat' dir='ltr'><strong>providendi</strong></span> <span class='ocrx_word' id='word_1_630' title='bbox 2480 4759 2721 4815; x_wconf 89' lang='lat' dir='ltr'><strong>viduatis</strong></span> <span class='ocrx_word' id='word_1_631' title='bbox 2740 4761 2797 4815; x_wconf 91' lang='lat' dir='ltr'><strong>in</strong></span> <span class='ocrx_word' id='word_1_632' title='bbox 2818 4759 3045 4817; x_wconf 90' lang='lat' dir='ltr'><strong>Oriente</strong></span> <span class='ocrx_word' id='word_1_633' title='bbox 3073 4760 3365 4826; x_wconf 82' lang='lat' dir='ltr'><strong>Ecclesiis;</strong></span> <span class='ocrx_word' id='word_1_634' title='bbox 3390 4759 3555 4820; x_wconf 73' lang='lat' dir='ltr'><strong>vidua</strong></span> <span class='ocrx_word' id='word_1_635' title='bbox 3576 4775 3709 4815; x_wconf 88' lang='lat' dir='ltr'><strong>vero</strong></span> 
     </span>
    </p>
   </div>
   <div class='ocr_carea' id='block_1_103' title="bbox 2126 4850 3709 4924">
    <p class='ocr_par' dir='ltr' id='par_1_103' title="bbox 2126 4850 3709 4924">
     <span class='ocr_line' id='line_1_103' title="bbox 2126 4850 3709 4924; baseline 0 -19"><span class='ocrx_word' id='word_1_636' title='bbox 2126 4860 2258 4907; x_wconf 90' lang='lat' dir='ltr'><strong>tunc</strong></span> <span class='ocrx_word' id='word_1_637' title='bbox 2283 4859 2403 4906; x_wconf 90' lang='lat' dir='ltr'><strong>erat</strong></span> <span class='ocrx_word' id='word_1_638' title='bbox 2427 4851 2757 4906; x_wconf 71' lang='lat' dir='ltr'><strong>Bermensis.</strong></span> <span class='ocrx_word' id='word_1_639' title='bbox 2787 4850 2925 4906; x_wconf 88' lang='lat' dir='ltr'><strong>Cum</strong></span> <span class='ocrx_word' id='word_1_640' title='bbox 2945 4868 3076 4924; x_wconf 86' lang='lat' dir='ltr'><strong>ergo</strong></span> <span class='ocrx_word' id='word_1_641' title='bbox 3100 4852 3336 4908; x_wconf 88' lang='lat' dir='ltr'><strong>Aeacius</strong></span> <span class='ocrx_word' id='word_1_642' title='bbox 3360 4853 3709 4909; x_wconf 76' lang='lat' dir='ltr'><strong>Bertnensem</strong></span> 
     </span>
    </p>
   </div>
   <div class='ocr_carea' id='block_1_104' title="bbox 2121 4943 3706 5016">
    <p class='ocr_par' dir='ltr' id='par_1_104' title="bbox 2121 4943 3706 5016">
     <span class='ocr_line' id='line_1_104' title="bbox 2121 4943 3706 5016; baseline -0.001 -19"><span class='ocrx_word' id='word_1_643' title='bbox 2121 4943 2500 5013; x_wconf 86' lang='lat' dir='ltr'><strong>episcopatum</strong></span> <span class='ocrx_word' id='word_1_644' title='bbox 2542 4944 2809 5006; x_wconf 75' lang='lat' dir='ltr'><strong>tenuerit:</strong></span> <span class='ocrx_word' id='word_1_645' title='bbox 2826 4959 3006 5000; x_wconf 79' lang='lat' dir='ltr'><strong>annos</strong></span> <span class='ocrx_word' id='word_1_646' title='bbox 3031 4944 3429 5016; x_wconf 87' lang='lat' dir='ltr'><strong>quinquaginta</strong></span> <span class='ocrx_word' id='word_1_647' title='bbox 3466 4951 3523 4998; x_wconf 90' lang='lat' dir='ltr'><strong>et</strong></span> <span class='ocrx_word' id='word_1_648' title='bbox 3560 4951 3706 5006; x_wconf 90' lang='lat' dir='ltr'><strong>octo,</strong></span> 
     </span>
    </p>
   </div>
   <div class='ocr_carea' id='block_1_105' title="bbox 2126 5032 3710 5105">
    <p class='ocr_par' dir='ltr' id='par_1_105' title="bbox 2126 5032 3710 5105">
     <span class='ocr_line' id='line_1_105' title="bbox 2126 5032 3710 5105; baseline -0.002 -16"><span class='ocrx_word' id='word_1_649' title='bbox 2126 5044 2187 5090; x_wconf 92' lang='lat' dir='ltr'><strong>ut</strong></span> <span class='ocrx_word' id='word_1_650' title='bbox 2240 5034 2408 5090; x_wconf 89' lang='lat' dir='ltr'><strong>tradit</strong></span> <span class='ocrx_word' id='word_1_651' title='bbox 2442 5035 2830 5092; x_wconf 91' lang='lat' dir='ltr'><strong>Theodoretus</strong></span> <span class='ocrx_word' id='word_1_652' title='bbox 2881 5036 2939 5091; x_wconf 91' lang='lat' dir='ltr'><strong>in</strong></span> <span class='ocrx_word' id='word_1_653' title='bbox 2982 5035 3261 5090; x_wconf 66' lang='lat' dir='ltr'><strong>Philotimo</strong></span> <span class='ocrx_word' id='word_1_654' title='bbox 3304 5050 3426 5105; x_wconf 87' lang='lat' dir='ltr'><strong>cap.</strong></span> <span class='ocrx_word' id='word_1_655' title='bbox 3469 5035 3527 5098; x_wconf 70' lang='lat'><strong>2,</strong></span> <span class='ocrx_word' id='word_1_656' title='bbox 3570 5032 3710 5087; x_wconf 88' lang='lat' dir='ltr'><strong>obiit</strong></span> 
     </span>
    </p>
   </div>
   <div class='ocr_carea' id='block_1_106' title="bbox 2123 5125 3708 5197">
    <p class='ocr_par' dir='ltr' id='par_1_106' title="bbox 2123 5125 3708 5197">
     <span class='ocr_line' id='line_1_106' title="bbox 2123 5125 3708 5197; baseline -0.003 -16"><span class='ocrx_word' id='word_1_657' title='bbox 2123 5133 2274 5182; x_wconf 90' lang='lat' dir='ltr'><strong>certe</strong></span> <span class='ocrx_word' id='word_1_658' title='bbox 2310 5142 2459 5182; x_wconf 86' lang='lat' dir='ltr'><strong>anno</strong></span> <span class='ocrx_word' id='word_1_659' title='bbox 2498 5127 2604 5180; x_wconf 73' lang='grc'><strong>457</strong></span> <span class='ocrx_word' id='word_1_660' title='bbox 2649 5136 2744 5184; x_wconf 80' lang='lat' dir='ltr'><strong>aut</strong></span> <span class='ocrx_word' id='word_1_661' title='bbox 2786 5128 2913 5191; x_wconf 62' lang='lat'><strong>458,</strong></span> <span class='ocrx_word' id='word_1_662' title='bbox 2963 5127 3338 5197; x_wconf 86' lang='lat' dir='ltr'><strong>nonagenario</strong></span> <span class='ocrx_word' id='word_1_663' title='bbox 3376 5125 3570 5193; x_wconf 85' lang='lat' dir='ltr'><strong>major,</strong></span> <span class='ocrx_word' id='word_1_664' title='bbox 3613 5130 3708 5179; x_wconf 86' lang='lat' dir='ltr'><strong>aut</strong></span> 
     </span>
    </p>
   </div>
   <div class='ocr_carea' id='block_1_107' title="bbox 2122 5211 3706 5287">
    <p class='ocr_par' dir='ltr' id='par_1_107' title="bbox 2122 5211 3706 5287">
     <span class='ocr_line' id='line_1_107' title="bbox 2122 5211 3706 5287; baseline -0.005 -16"><span class='ocrx_word' id='word_1_665' title='bbox 2122 5217 2453 5287; x_wconf 84' lang='lat' dir='ltr'><strong>etiampene</strong></span> <span class='ocrx_word' id='word_1_666' title='bbox 2481 5216 2834 5275; x_wconf 69' lang='lat' dir='ltr'><strong>centonarius</strong></span> <span class='ocrx_word' id='word_1_667' title='bbox 2866 5233 2880 5269; x_wconf 86' lang='lat'><strong>:</strong></span> <span class='ocrx_word' id='word_1_668' title='bbox 2918 5216 3005 5268; x_wconf 80' lang='lat' dir='ltr'><strong>vix</strong></span> <span class='ocrx_word' id='word_1_669' title='bbox 3042 5216 3188 5269; x_wconf 88' lang='lat' dir='ltr'><strong>enim</strong></span> <span class='ocrx_word' id='word_1_670' title='bbox 3218 5212 3409 5267; x_wconf 86' lang='lat' dir='ltr'><strong>credat</strong></span> <span class='ocrx_word' id='word_1_671' title='bbox 3441 5211 3586 5280; x_wconf 83' lang='lat' dir='ltr'><strong>quis,</strong></span> <span class='ocrx_word' id='word_1_672' title='bbox 3619 5227 3706 5264; x_wconf 59' lang='lat' dir='ltr'><strong>op</strong></span> 
     </span>
    </p>
   </div>
   <div class='ocr_carea' id='block_1_108' title="bbox 2122 5303 3707 5373">
    <p class='ocr_par' dir='ltr' id='par_1_108' title="bbox 2122 5303 3707 5373">
     <span class='ocr_line' id='line_1_108' title="bbox 2122 5303 3707 5373; baseline -0.005 -13"><span class='ocrx_word' id='word_1_673' title='bbox 2122 5307 2368 5361; x_wconf 89' lang='lat' dir='ltr'><strong>dinatum</strong></span> <span class='ocrx_word' id='word_1_674' title='bbox 2397 5315 2522 5360; x_wconf 87' lang='lat' dir='ltr'><strong>ante</strong></span> <span class='ocrx_word' id='word_1_675' title='bbox 2548 5321 2753 5360; x_wconf 89' lang='lat' dir='ltr'><strong>annum</strong></span> <span class='ocrx_word' id='word_1_676' title='bbox 2784 5303 3285 5373; x_wconf 88' lang='lat' dir='ltr'><strong>quadragesimum,</strong></span> <span class='ocrx_word' id='word_1_677' title='bbox 3313 5316 3437 5354; x_wconf 88' lang='lat' dir='ltr'><strong>cum</strong></span> <span class='ocrx_word' id='word_1_678' title='bbox 3462 5309 3588 5355; x_wconf 86' lang='lat' dir='ltr'><strong>ante</strong></span> <span class='ocrx_word' id='word_1_679' title='bbox 3619 5318 3707 5353; x_wconf 83' lang='lat' dir='ltr'><strong>or—</strong></span> 
     </span>
    </p>
   </div>
   <div class='ocr_carea' id='block_1_109' title="bbox 2123 5391 3707 5462">
    <p class='ocr_par' dir='ltr' id='par_1_109' title="bbox 2123 5391 3707 5462">
     <span class='ocr_line' id='line_1_109' title="bbox 2123 5391 3707 5462; baseline -0.004 -9"><span class='ocrx_word' id='word_1_680' title='bbox 2123 5398 2463 5455; x_wconf 84' lang='lat' dir='ltr'><strong>dinationem</strong></span> <span class='ocrx_word' id='word_1_681' title='bbox 2494 5397 2587 5451; x_wconf 86' lang='lat' dir='ltr'><strong>diu</strong></span> <span class='ocrx_word' id='word_1_682' title='bbox 2615 5412 2673 5450; x_wconf 91' lang='lat' dir='ltr'><strong>se</strong></span> <span class='ocrx_word' id='word_1_683' title='bbox 2694 5394 3007 5450; x_wconf 80' lang='lat' dir='ltr'><strong>exercuerit</strong></span> <span class='ocrx_word' id='word_1_684' title='bbox 3037 5392 3140 5447; x_wconf 90' lang='lat' dir='ltr'><strong>sub</strong></span> <span class='ocrx_word' id='word_1_685' title='bbox 3168 5391 3410 5453; x_wconf 83' lang='lat' dir='ltr'><strong>Asterie,</strong></span> <span class='ocrx_word' id='word_1_686' title='bbox 3440 5391 3620 5462; x_wconf 75' lang='lat'><strong>323,</strong></span> <span class='ocrx_word' id='word_1_687' title='bbox 3650 5400 3707 5446; x_wconf 81' lang='lat' dir='ltr'><strong>et</strong></span> 
     </span>
    </p>
   </div>
   <div class='ocr_carea' id='block_1_110' title="bbox 2124 5482 3357 5559">
    <p class='ocr_par' dir='ltr' id='par_1_110' title="bbox 2124 5482 3357 5559">
     <span class='ocr_line' id='line_1_110' title="bbox 2124 5482 3357 5559; baseline -0.006 -16"><span class='ocrx_word' id='word_1_688' title='bbox 2124 5505 2223 5559; x_wconf 86' lang='lat' dir='ltr'><strong>pro</strong></span> <span class='ocrx_word' id='word_1_689' title='bbox 2248 5488 2351 5543; x_wconf 80' lang='lat' dir='ltr'><strong>ﬁde</strong></span> <span class='ocrx_word' id='word_1_690' title='bbox 2374 5503 2462 5542; x_wconf 86' lang='lat' dir='ltr'><strong>res</strong></span> <span class='ocrx_word' id='word_1_691' title='bbox 2498 5503 2606 5541; x_wconf 75' lang='lat' dir='ltr'><strong>non</strong></span> <span class='ocrx_word' id='word_1_692' title='bbox 2642 5484 2791 5555; x_wconf 87' lang='lat' dir='ltr'><strong>parvi</strong></span> <span class='ocrx_word' id='word_1_693' title='bbox 2820 5482 3084 5538; x_wconf 90' lang='lat' dir='ltr'><strong>momenti</strong></span> <span class='ocrx_word' id='word_1_694' title='bbox 3105 5482 3357 5553; x_wconf 86' lang='lat' dir='ltr'><strong>gesserit.</strong></span> 
     </span>
    </p>
   </div>
   <div class='ocr_carea' id='block_1_111' title="bbox 2125 5593 3699 5673">
    <p class='ocr_par' dir='ltr' id='par_1_111' title="bbox 2125 5593 3699 5673">
     <span class='ocr_line' id='line_1_111' title="bbox 2125 5593 3699 5673; baseline -0.005 -15"><span class='ocrx_word' id='word_1_695' title='bbox 2125 5600 2365 5673; x_wconf 85' lang='lat' dir='ltr'><strong>Epistola</strong></span> <span class='ocrx_word' id='word_1_696' title='bbox 2391 5598 2478 5663; x_wconf 85' lang='lat'><strong>76,</strong></span> <span class='ocrx_word' id='word_1_697' title='bbox 2519 5597 2814 5653; x_wconf 84' lang='lat' dir='ltr'><strong>hortatoria</strong></span> <span class='ocrx_word' id='word_1_698' title='bbox 2840 5596 2909 5651; x_wconf 81' lang='lat' dir='ltr'><strong>ad</strong></span> <span class='ocrx_word' id='word_1_699' title='bbox 2947 5594 3206 5652; x_wconf 82' lang='lat' dir='ltr'><strong>Uranium</strong></span> <span class='ocrx_word' id='word_1_700' title='bbox 3239 5593 3364 5665; x_wconf 82' lang='lat' dir='ltr'><strong>Cyri</strong></span> <span class='ocrx_word' id='word_1_701' title='bbox 3396 5593 3699 5665; x_wconf 76' lang='lat' dir='ltr'><strong>prtesidem.</strong></span> 
     </span>
    </p>
   </div>
   <div class='ocr_carea' id='block_1_112' title="bbox 2189 5706 3715 5780">
    <p class='ocr_par' dir='ltr' id='par_1_112' title="bbox 2189 5706 3715 5780">
     <span class='ocr_line' id='line_1_112' title="bbox 2189 5706 3715 5780; baseline -0.002 -16"><span class='ocrx_word' id='word_1_702' title='bbox 2189 5710 2361 5776; x_wconf 88' lang='lat' dir='ltr'><strong>Quem</strong></span> <span class='ocrx_word' id='word_1_703' title='bbox 2396 5717 2452 5765; x_wconf 90' lang='lat' dir='ltr'><strong>et</strong></span> <span class='ocrx_word' id='word_1_704' title='bbox 2485 5707 2705 5780; x_wconf 85' lang='lat' dir='ltr'><strong>quando</strong></span> <span class='ocrx_word' id='word_1_705' title='bbox 2732 5708 2987 5764; x_wconf 88' lang='lat' dir='ltr'><strong>hortetur</strong></span> <span class='ocrx_word' id='word_1_706' title='bbox 3019 5707 3087 5763; x_wconf 88' lang='lat' dir='ltr'><strong>ad</strong></span> <span class='ocrx_word' id='word_1_707' title='bbox 3120 5706 3303 5772; x_wconf 80' lang='lat' dir='ltr'><strong>iidem,</strong></span> <span class='ocrx_word' id='word_1_708' title='bbox 3332 5707 3483 5762; x_wconf 88' lang='lat' dir='ltr'><strong>nullo</strong></span> <span class='ocrx_word' id='word_1_709' title='bbox 3521 5706 3715 5765; x_wconf 15' lang='lat' dir='ltr'><strong>indito.</strong></span> 
     </span>
    </p>
   </div>
   <div class='ocr_carea' id='block_1_113' title="bbox 2122 5800 2397 5875">
    <p class='ocr_par' dir='ltr' id='par_1_113' title="bbox 2122 5800 2397 5875">
     <span class='ocr_line' id='line_1_113' title="bbox 2122 5800 2397 5875; baseline 0 -19"><span class='ocrx_word' id='word_1_710' title='bbox 2122 5800 2397 5875; x_wconf 79' lang='lat' dir='ltr'><strong>proditur.</strong></span> 
     </span>
    </p>
   </div>
  </div>
