4070 6500
423 410 530 475 275

1559 414 1939 477 GARNERII
1980 414 2480 477 DISSERTATIO
2514 415 2596 475 II.

3606 422 3714 486 276

424 523 670 593 Epistula
692 523 757 577 '77
776 533 825 577 et
850 523 939 589 78,
953 521 1036 597 3d
1057 520 1334 597 Eulalium
1357 532 1410 597 et
1430 523 1718 579 Eusebium
1743 527 2010 597 episcopos
2041 532 2086 586 A
2183 523 2430 595 Epistola
2454 525 2543 589 8i,
2568 525 2958 596 deprecatoria,
2995 525 3066 579 ad
3087 524 3317 581 Nonium
3347 529 3637 586 consulem.

942 592 1173 648 Persicae
1190 594 1478 649 Armenias.

492 709 535 763 l.
566 708 843 763 Armeniae
874 707 1113 764 Persicae
1156 709 1382 764 nomine
1435 709 1745 780 appellatur
1780 725 1846 766 ea
1883 726 2012 780 pars

420 800 696 855 Armenia:
743 798 998 872 majoris,
1032 814 1157 872 quae
1201 800 1392 856 Mediae
1428 801 1685 867 vicinior,
1733 817 2010 872 quamque

419 898 832 961 occupaverunt
854 890 1036 947 Persae
1072 890 1177 946 sub
1214 891 1463 957 Valente,
1510 891 1716 962 diuque
1758 891 2007 947 retinue—

419 987 576 1033 runt.

487 1071 551 1126 ll.
570 1070 708 1127 Cum
726 1079 875 1126 mota
889 1079 1035 1127 esset
1058 1072 1116 1127 in
1134 1071 1381 1136 Perside,
1406 1072 1697 1143 lsdegerde
1716 1089 1865 1143 rege,
1884 1088 2010 1143 per-

417 1161 652 1228 secutio,
693 1169 753 1215 ut
790 1161 958 1216 tradit
986 1162 1390 1228 Theodoretus,
1423 1164 1667 1233 pervasit
1700 1164 1794 1219 illa
1831 1166 2009 1236 regio-

416 1269 517 1319 nes
544 1253 876 1319 remotiores
899 1254 1149 1309 Romano
1188 1254 1421 1325 imperio
1450 1263 1689 1325 ereptas,
1725 1272 1836 1327 quo
1866 1264 2007 1312 tem—

417 1360 553 1415 pore
615 1345 1007 1401 Theodoretus
1046 1346 1373 1416 episcopos,
1428 1345 1524 1416 qui
1574 1360 1745 1417 prope
1776 1347 2009 1403 aberant

417 1436 488 1493 ab
523 1437 911 1508 Euphratesia,
966 1437 1173 1493 litteris
1214 1438 1452 1503 monuit,
1503 1436 1639 1509 quid
1676 1447 1828 1494 esset
1868 1455 2009 1510 opus

418 1527 594 1594 factu,
626 1546 697 1585 ne
726 1530 984 1585 deessent
1013 1528 1214 1596 ollicio,
1240 1539 1357 1585 tum
1393 1531 1447 1585 in
1474 1530 1697 1587 tuendis
1725 1533 2003 1605 gregibus,

418 1627 538 1675 tum
571 1637 698 1692 erga
727 1622 1040 1678 desertores
1067 1621 1216 1687 ﬁdei,
1252 1631 1305 1676 et
1332 1623 1685 1693 pmnitentes.

487 1711 578 1767 ll].
606 1712 871 1768 Ilortatur
894 1729 1023 1784 ergo
1048 1712 1188 1768 duos
1214 1711 1283 1767 ad
1303 1726 1525 1784 gregem
1547 1713 1856 1768 curandum
1882 1728 2009 1784 per-

416 1804 723 1860 secutionis
784 1814 1068 1875 tempore,
1121 1818 1418 1876 monetque
1486 1822 1597 1861 non
1669 1805 2008 1861 deserendas

2190 618 2231 672 l.
2271 616 2533 688 Ejusdem
2580 617 2790 686 pariter
2829 616 3141 688 argumenti
3174 632 3239 673 ac
3266 620 3534 690 temporis
3581 638 3711 677 cum

2119 708 2401 779 prioribus
2419 706 2656 762 duabus.

2190 798 2253 852 ll.
2291 797 2525 852 Maxima
2567 813 2698 875 pars
2743 797 3115 869 chronologiae
3144 814 3332 853 rerum
3366 799 3707 857 Theodoreti

2118 891 2324 962 pendet
2372 906 2440 946 ex
2469 891 2772 961 quaestione
2807 890 2876 945 de
2904 891 3091 945 verbis
3122 891 3520 962 inscriptionis,
3559 894 3705 950 sitne

2118 982 2407 1037 retinenda
2441 982 2690 1037 omnium
2722 982 2976 1037 codicum
3004 983 3191 1049 lectio,
3244 1001 3367 1054 quae
3391 985 3557 1040 habet
3584 1002 3710 1041 con-

2116 1071 2316 1136 sulem;
2372 1088 2442 1126 an
2490 1071 2840 1143 corrigenda,
2894 1073 3041 1141 quod
3083 1074 3201 1128 vult
3242 1074 3597 1143 Baronius“;
3652 1083 3709 1131 et

2117 1166 2326 1221 Nonius
2356 1180 2467 1219 non
2496 1165 2687 1219 consul
2718 1164 3006 1230 dicendus,
3039 1166 3134 1220 sed
3160 1167 3490 1222 consularis.

2187 1257 2276 1313 lll.
2312 1256 2678 1313 lletinendam
2704 1257 2924 1327 opinor,
2955 1258 3085 1329 quia
3115 1259 3342 1313 retineri
3373 1260 3512 1314 nihil
3537 1270 3707 1327 vetat,

2116 1352 2227 1406 imo
2263 1350 2422 1420 plura
2442 1349 2640 1420 jubent
2664 1366 2676 1403 :
2698 1349 3083 1421 corrigendam
3107 1351 3226 1405 vult
3255 1351 3544 1417 Baronius,
3570 1369 3707 1424 quo-

2115 1442 2263 1497 niam
2317 1441 2425 1495 nisi
2470 1439 2780 1495 eonsularis
2829 1457 2932 1511 pro
2960 1442 3187 1497 consule
3220 1451 3479 1513 ponatur,
3514 1445 3709 1498 ὑπατι-

2114 1534 2209 1597 κὸς
2235 1548 2337 1603 pro
2366 1533 2576 1603 ὑπάτῳ,
2600 1531 2737 1588 falsa
2761 1543 2919 1604 putat
2942 1533 3152 1600 futura,
3179 1551 3301 1605 quae
3321 1535 3708 1595 Theodoretus

2115 1631 2308 1678 sancto
2337 1622 2509 1677 Leoni
2534 1622 2732 1677 scribit
2762 1622 2868 1678 sub
2897 1624 3063 1678 linem
3091 1624 3223 1678 anni
3244 1624 3371 1689 449,
3403 1641 3461 1680 se
3484 1643 3706 1698 nempe,

2113 1728 2241 1769 cum
2287 1712 2443 1767 daret
2477 1713 2717 1779 litteras,
2774 1713 2969 1785 viginti
3000 1724 3211 1786 septem
3232 1732 3407 1772 annos
3435 1717 3491 1771 in
3519 1720 3709 1788 ponti-

2113 1804 2278 1860 ﬁcatu
2322 1804 2500 1875 egisse
2550 1821 2563 1858 :
2606 1804 2811 1876 egisset
2838 1805 2989 1861 enim
3019 1806 3213 1877 viginti
3244 1815 3300 1861 et
3326 1823 3547 1876 novem,
3594 1810 3711 1864 imo

415 1910 548 1950 oves
579 1895 724 1965 turpi
750 1895 873 1967 fuga
899 1914 914 1963 ;
951 1898 1045 1952 sed
1076 1914 1173 1952 eos
1202 1899 1297 1968 qui
1323 1899 1460 1969 lapsi
1491 1898 1691 1965 forent,
1721 1897 1918 1953 idonea
1947 1905 2005 1952 et
2038 1891 2078 1946 Β
2107 1897 2223 1953 fere
2248 1898 2493 1969 triginta,
2520 1897 2589 1962 si,
2613 1912 2724 1968 quo
2751 1906 3000 1967 tempore
3030 1898 3198 1954 dabat
3220 1899 3320 1955 has
3360 1899 3427 1955 ad
3466 1901 3705 1957 Nonnum

418 1986 776 2042 misericorde
800 1989 1127 2058 poenitentia
1148 1989 1545 2046 restituendos.

485 2078 575 2135 lV.
609 2079 710 2135 Vix
762 2079 995 2136 delinire
1035 2081 1186 2146 licet,
1236 2097 1347 2151 quo
1396 2097 1540 2136 anno
1587 2090 1698 2136 tam
1739 2080 2003 2136 salutaria

417 2171 626 2228 monita
670 2172 1052 2229 Theodoretus
1082 2174 1301 2241 dederit
1338 2193 1350 2228 :
1383 2173 1657 2245 siquidem
1694 2189 1869 2229 annos
1901 2174 2001 2228 tri-

415 2261 568 2333 ginta
596 2263 913 2332 persecutio
959 2264 1149 2320 isthaee
1182 2264 1423 2329 duravit,
1468 2265 1538 2319 ab
1566 2279 1713 2320 anno
1743 2264 2005 2321 videlicet

415 2353 522 2408 420
551 2354 620 2408 ad
645 2353 771 2409 450.
795 2354 1028 2409 Videtur
1050 2364 1233 2410 tamen
1266 2354 1651 2411 Theodoretus
1676 2364 1808 2411 tunc
1832 2356 2003 2412 fuisse

416 2444 638 2511 senior;
672 2447 811 2515 petit
832 2446 981 2500 enim
1005 2446 1074 2501 ab
1101 2446 1340 2512 Eulalio,
1366 2447 1513 2517 quod
1540 2446 1789 2502 seniores
1824 2448 2004 2502 solent

415 2535 487 2591 ab
514 2535 731 2602 amicis,
767 2538 1054 2607 impetrari
1084 2552 1116 2592 a
1153 2537 1267 2592 Deo
1295 2537 1314 2559 *
1342 2537 1624 2605 precibus,
1662 2547 1724 2594 ut
1758 2539 2003 2609 reliquos

413 2625 544 2681 vitae
589 2641 765 2681 annos
817 2643 886 2682 ex
934 2627 1117 2698 legum
1170 2626 1344 2697 ipsius
1382 2638 1657 2699 prwcepto
1713 2629 2001 2699 transigat.

414 2716 575 2785 Quod
599 2718 643 2772 si
662 2717 737 2772 ita
765 2727 871 2784 est,
902 2718 1123 2772 videtur
1151 2718 1358 2789 scripta
1384 2719 1616 2790 epistola
1646 2719 1870 2774 circiter
1900 2735 2001 2773 an-

414 2824 550 2866 num
571 2810 697 2874 445,
723 2825 851 2864 cum
874 2809 1259 2864 Theodoretus
1283 2810 1399 2865 fere
1418 2821 1564 2866 esset
1589 2810 1999 2881 sexagenarius,

415 2914 521 2956 nec
545 2900 791 2978 adhuc}
816 2900 1129 2956 Theodosio
1159 2910 1460 2971 pateretur,
1493 2918 1617 2972 quas
1648 2902 2000 2972 postmodum

413 2991 765 3048 acciderunt:
784 3007 895 3046 non
920 2992 1091 3057 enim,
1118 3002 1180 3046 ut
1201 3000 1285 3046 est
1305 2992 1538 3062 querula
1560 3009 1648 3048 res
1663 2992 1906 3058 aﬂlictio,
1932 2992 2001 3047 de

412 3080 532 3136 suis
570 3096 852 3147 aerumnis,
889 3097 1028 3152 quas
1077 3080 1372 3136 videbatur
1421 3081 1529 3137 sibi
1583 3097 1683 3153 pro
1730 3082 1836 3137 ﬁde
1887 3081 2000 3152 pati

411 3171 659 3228 siluisset
684 3172 827 3243 apud
857 3187 975 3238 eos,
1005 3173 1099 3243 qui
1134 3172 1578 3243 persecutionem
1608 3188 1710 3245 pro
1736 3166 2000 3245 religione

410 3267 724 3324 Christiana
745 3267 1152 3337 experirentur.

2110 1989 2343 2054 litteras,
2379 1996 2436 2043 et
2466 1988 2677 2043 Nemus
2704 1989 2900 2043 consul
2924 1997 3093 2055 esset,
3126 2001 3183 2045 et
3208 1991 3319 2062 jam
3346 1991 3462 2062 ipse
3487 1993 3704 2065 exegis-

2111 2089 2195 2135 set
2228 2079 2422 2150 viginti
2447 2080 2693 2151 qninque
2719 2096 2896 2135 annos
2927 2081 2983 2134 in
3011 2082 3351 2152 episcopatu.

2180 2170 2269 2226 IV.
2293 2170 2497 2226 Verum
2517 2179 2712 2225 contra
2730 2169 3025 2225 Baronium
3048 2171 3258 2226 faciunt
3273 2172 3707 2230 demonstratio-

2110 2278 2210 2318 nes
2240 2263 2468 2317 omnino
2491 2278 2606 2318 sex.
2641 2262 2824 2317 Prima
2847 2262 2915 2317 ad
2941 2263 3245 2329 hominem,
3275 2265 3699 2335 utloquuntur:

2110 2368 2235 2406 nam
2255 2352 2526 2407 Baronius
2556 2368 2743 2407 secum
2768 2360 2992 2422 pugnat.
3027 2351 3164 2407 Cum
3191 2352 3339 2406 enim
3365 2362 3551 2423 aperte
3571 2370 3705 2407 con-

2110 2450 2237 2508 stet,
2260 2442 2668 2498 Theoderetum
2688 2443 2831 2497 hanc
2847 2443 3137 2513 epistolam
3154 2442 3395 2510 dedisse,
3414 2460 3539 2498 cum
3557 2444 3705 2517 Cyro

2109 2531 2297 2601 egredi
2326 2532 2532 2586 vetitus
2558 2541 2643 2587 est
2669 2551 2681 2586 :
2709 2547 2947 2603 cumque
2972 2532 3243 2588 Baronius
3267 2533 3702 2603 prohibitionem

2109 2623 2309 2678 factam
2335 2640 2455 2679 esse
2481 2633 2694 2679 asserat
2719 2641 2865 2680 anno
2884 2626 3011 2691 445,
3044 2641 3154 2695 quo
3179 2634 3425 2696 tempore
3452 2626 3702 2682 nondum

2109 2716 2456 2771 consulatum
2472 2726 2718 2787 gesserat
2734 2718 2965 2785 Nemus,
2977 2717 3211 2787 epistola
3230 2729 3380 2773 certe
3396 2735 3508 2773 non
3521 2717 3703 2788 potuit

2108 2808 2388 2865 consulari
2438 2808 2696 2875 inscribi,
2754 2807 2810 2863 id
2839 2816 2945 2876 est,
2996 2809 3232 2875 homini,
3282 2810 3377 2880 qui
3409 2811 3699 2867 consulatu

2110 2897 2406 2953 defunctus
2423 2899 2514 2954 sit.

2185 2991 2244 3046 ν.
2281 2990 2557 3057 Secunda,
2612 2992 2817 3046 iterum
2846 2992 2913 3046 ad
2945 2990 3252 3047 hominem.
3304 2990 3364 3046 Si
3384 2989 3565 3062 jussio
3592 2990 3701 3045 im-

2109 3083 2383 3153 peratoris
2413 3083 2555 3138 facta
2579 3092 2664 3138 est
2690 3100 2835 3139 anno
2854 3085 2981 3151 445,
3014 3084 3293 3155 quomodo
3319 3084 3703 3140 Theodoretus

2110 3192 2254 3231 anno
2281 3177 2387 3231 444
2415 3186 2543 3247 post
2568 3176 2781 3232 obitqu
2810 3177 3001 3248 Cyrilli
3034 3178 3341 3233 Antiochia:
3373 3178 3700 3234 concionem

2031 3245 2075 3303 (ἶ
2109 3268 2324 3333 habuit,
2366 3245 2531 3338 quam
2561 3268 2765 3324 Marius
2795 3245 3066 3324 Mercator
3097 3278 3209 3325 etv
3233 3270 3476 3342 synodus
3497 3271 3701 3325 refert?

483 3359 548 3415 V.
571 3358 675 3413 Vix
698 3359 830 3413 licet
856 3358 1108 3423 definire,
1143 3371 1380 3427 quarum
1406 3357 1696 3413 civitatum
1729 3358 2006 3413 Ecelesias
2106 3360 2297 3415 Paruit
2317 3360 2463 3415 enitn
2497 3360 2753 3431 religiose
2775 3361 3032 3433 jussioni,
3057 3377 3160 3417 nec
3182 3369 3307 3432 post
3327 3370 3607 3431 acceptam
3628 3362 3701 3416 ad

412 3450 661 3505 Eulalius
691 3458 749 3505 et
787 3448 1066 3504 Eusebius
1108 3447 1357 3503 texerint
1382 3465 1397 3501 :
1425 3448 1567 3504 nihil
1610 3463 1779 3519 porro
1805 3448 2005 3504 melius
2104 3451 2504 3506 Antiochenam
2529 3451 2807 3507 civitatem
2836 3454 3087 3519 accessit,
3127 3463 3186 3507 ut
3221 3454 3335 3524 ipse
3368 3461 3623 3508 testatur.

411 3541 616 3597 adduci
647 3548 831 3611 potest
884 3540 952 3596 ad
983 3540 1036 3594 id
1074 3538 1518 3608 persuadendum
1552 3554 1664 3611 quo
1702 3538 1771 3597 de
1800 3539 2001 3612 ageba-

436 3620 462 3643 ν
967 3631 978 3643 .
1065 3631 1076 3643 .
1197 3630 1207 3640 .
1398 3630 1410 3642 .

416 3642 532 3699 tur,
557 3647 722 3703 quam
751 3630 901 3702 quod
924 3632 1014 3687 his
1042 3631 1243 3687 litteras
1263 3638 1603 3687 continetur.

442 3743 691 3817 Epistola
719 3745 806 3811 79,
834 3744 1201 3814 deprecatoria
1222 3743 1292 3797 ad
1309 3741 1623 3798 Anatolium
1652 3743 1957 3814 panicium.

480 3858 524 3915 l.
554 3856 680 3913 Haec
700 3867 757 3913 et
783 3857 903 3912 aliae
925 3865 1037 3912 tres
1060 3866 1461 3927 consequentes
1488 3858 1653 3913 unius
1681 3866 1812 3915 sunt
1831 3873 2018 3928 argu-A

410 3950 583 4009 menti
633 3966 648 4004 :
691 3949 980 4005 continent
1024 3949 1173 4005 enim
1227 3950 1564 4006 Theodoreti
1597 3951 1883 4020 querelam
1928 3948 1997 4004 de

411 4040 669 4097 mandato
703 4040 1078 4111 imperatoris,
1112 4056 1224 4112 quo
1252 4043 1445 4112 jussus
1471 4052 1593 4098 erat
1625 4040 1753 4114 Cyri
1791 4041 1998 4099 finibus

408 4146 469 4187 se
490 4130 799 4186 continere.

476 4220 545 4277 ll.
568 4219 751 4287 Quare
792 4220 1092 4279 clarissimi
1124 4229 1255 4277 sunt
1284 4228 1343 4277 et
1380 4222 1513 4277 anni
1537 4230 1595 4276 et
1630 4237 1994 4292 personarum

408 4311 621 4366 indices
648 4331 661 4364 :
687 4326 1046 4380 personarum
1067 4310 1316 4381 quidem,
1338 4313 1469 4382 quia
1493 4313 1702 4368 nobilia
1732 4322 1863 4369 sunt
1881 4316 1997 4370 sin-

407 4403 661 4474 gularum
686 4402 910 4457 nomina
934 4421 952 4458 :~
975 4403 1106 4458 anni
1134 4417 1287 4468 vero,
1308 4404 1570 4473 quoniam
1595 4420 1705 4459 una
1727 4406 1992 4462 scribitur

404 4493 582 4549 Nomo
611 4494 842 4560 consuli,
873 4494 991 4563 qui,
1021 4500 1083 4547 ut
1109 4500 1196 4549 est
1225 4494 1371 4564 apud
1406 4509 1601 4550 omnes
1626 4495 1683 4549 in
1714 4496 1988 4563 confesso,

406 4600 556 4640 anno
583 4584 688 4639 445
719 4600 997 4639 summum
1029 4586 1413 4657 magistratum
1443 4586 1631 4656 gessit.

474 4676 544 4732 l‘ll
598 4675 707 4731 Sed
739 4676 857 4731 lucc
880 4675 1112 4746 epoeha,
1142 4685 1202 4731 ut
1226 4685 1312 4732 est
1340 4676 1585 4746 plurium
1605 4677 1837 4731 aliarum
1866 4676 1992 4732 fun-

404 4770 747 4834 damentum,
769 4769 844 4824 ita
871 4767 1202 4824 stabilienda
1223 4777 1310 4823 est
1328 4768 1645 4824 ﬁrmissime
1678 4768 1745 4824 ad
1778 4769 1989 4839 episto-

403 4858 512 4915 lam
541 4857 631 4912 81.

465 4947 533 5006 ιν
550 4991 563 5004 .
588 4950 663 5004 De
682 4947 941 5004 Anatolio
967 4947 1178 5003 dictum
1202 4956 1290 5002 est
1317 4948 1386 5003 ad
1421 4948 1586 5019 epist.
1618 4948 1708 5003 45.

472 5042 539 5096 ν.
573 5041 767 5096 Totam
791 5039 1033 5095 mandati
1062 5038 1400 5109 imperatorii
1430 5039 1497 5093 ad
1530 5055 1590 5096 se
1621 5039 1775 5096 missi
1807 5040 1983 5095 histo-

400 5128 540 5184 riam
574 5129 869 5198 diligenter
903 5126 1289 5183 Theodoretus
1328 5137 1538 5195 narrat,
1576 5130 1849 5200 simulque
1884 5132 1983 5186 ad-

397 5221 585 5291 iuncta
622 5220 783 5290 327
814 5218 1110 5287 diligenter
1142 5219 1483 5276 observanda
1514 5241 1527 5275 :
1570 5221 1808 5279 diximus
1856 5224 1983 5282 inde

401 5312 456 5367 in
482 5311 605 5365 Vita
642 5326 764 5380 quae
792 5308 1166 5380 pertinebant.

401 5434 641 5507 Epistola
669 5434 736 5490 80
754 5475 768 5501 ,
798 5435 1160 5505 deprecator-ia
1187 5440 1258 5494 ad
1280 5440 1615 5499 Eutrechium
1651 5447 1977 5518 praefectum.

469 5545 726 5616 Ejusdem
757 5546 1065 5616 argumenti
1084 5558 1148 5604 et
1174 5554 1436 5622 temporis
1461 5570 1583 5610 cum
1609 5558 1972 5626 prmeedente.

398 5636 471 5691 lle
498 5634 795 5691 Eutrecltio
829 5635 1035 5692 dictum
1062 5650 1148 5695 est
1180 5642 1247 5697 ad
1274 5644 1562 5714 epistolam
1590 5648 1674 5701 57.

2173 3544 2260 3599 Vl.
2319 3543 2527 3599 Tertia.
2583 3544 2791 3600 Eodem
2834 3551 3082 3616 tempore
3130 3553 3187 3601 et
3228 3546 3283 3600 in
3312 3545 3699 3601 eademcausa

2105 3635 2496 3691 Theodoretus
2525 3636 2763 3690 Nomum
2791 3637 3075 3692 consulem
3098 3645 3156 3692 et
3176 3637 3536 3693 Eutreehium
3556 3652 3703 3707 prae-

2101 3727 2309 3783 fectum
2340 3727 2637 3799 compellat
2684 3745 2700 3782 :
2753 3728 2906 3798 atqui
2942 3730 2998 3784 in
3026 3728 3285 3784 eumdem
3313 3745 3519 3784 annum
3548 3744 3698 3799 prie-

2103 3820 2315 3875 t‘ectura
2346 3820 2660 3884 Eutreehii,
2695 3829 2753 3875 et
2775 3820 2937 3875 Nonii
2966 3821 3289 3876 consulatus
3315 3820 3694 3876 conveniunt:

2101 3912 2271 3981 igitur
2301 3919 2396 3974 aut
2426 3919 2620 3965 neutra
2647 3912 2975 3983 corrigenda
2995 3921 3083 3967 est
3105 3913 3291 3974 lectio,
3316 3922 3411 3967 aut
3431 3919 3695 3982 utraque.

2101 4004 2381 4060 Posterior
2403 4019 2535 4059 vero
2564 4004 2768 4075 corrigi
2798 4018 2911 4059 non
2942 4013 3156 4075 potest,
3204 4003 3494 4059 retinenda
3522 4003 3699 4074 igitur

2098 4094 2269 4166 prior.

2168 4188 2280 4242 Vll.
2339 4187 2566 4255 Quarta.
2622 4187 3011 4243 Theodoretus
3065 4187 3330 4258 epistolas
3378 4196 3491 4242 tres
3535 4185 3700 4242 dedit

2097 4281 2164 4334 ad
2197 4281 2434 4336 Nonium
2468 4280 2706 4336 diversis
2738 4279 3079 4349 temporibus
3117 4298 3129 4334 :
3165 4279 3398 4350 primam
3434 4279 3695 4334 inscribit

2097 4375 2352 4444 magistro
2399 4373 2687 4443 ofﬁciorum
2715 4412 2730 4437 ,
2790 4379 3123 4441 postremam
3164 4372 3409 4443 patricio,
3447 4370 3688 4424 mediam

2096 4464 2334 4530 consuli;
2368 4472 2504 4519 tunc
2532 4479 2665 4535 ergo
2687 4463 2895 4518 Nomus
2920 4463 3267 4518 consulatum
3290 4462 3539 4534 gerebat,
3558 4477 3688 4516 cum

2022 4588 2066 4643 υ
2097 4558 2312 4627 accepit
2334 4556 2594 4622 mediam,
2625 4555 2900 4627 siquidem
2922 4556 3189 4627 inscripto
3216 4556 3448 4627 singulis
3469 4554 3690 4610 duabus

2094 4650 2218 4704 aliis
2252 4649 2572 4719 magistratu
2606 4649 2959 4720 fungebatur,
3000 4665 3127 4704 eum
3161 4649 3312 4719 ipsas
3342 4647 3571 4718 recepit.

2164 4740 2302 4795 Vlll.
2337 4738 2559 4805 Quinta.
2590 4740 2972 4795 Theodoretus
2991 4741 3289 4804 neminem,
3314 4740 3408 4809 qui
3429 4738 3684 4794 consula.

2092 4838 2211 4885 tum
2237 4830 2516 4901 gessisset,
2547 4831 2898 4887 consularem
2923 4831 3248 4895 nominavit,
3279 4846 3404 4885 cum
3425 4828 3682 4900 pluribus

2091 4923 2257 4994 328
2309 4921 2523 4978 litteras
2573 4922 2731 4978 daret
2786 4931 2912 4993 post
2966 4938 3244 4978 summum
3297 4921 3679 4992 magistratum

2090 5018 2337 5083 gestum;
2392 5012 2492 5067 sed
2526 5029 2639 5067 suae
2666 5027 2943 5082 quemque
2972 5012 3256 5083 dignitatis
3285 5013 3529 5075 nomine,
3569 5027 3680 5080 qua

2091 5112 2223 5158 tunc
2275 5104 2634 5174 insigniretur
2685 5122 2703 5156 εν
2750 5119 2930 5173 neque
2973 5104 3120 5159 enim
3170 5104 3511 5169 Anatolium,
3560 5105 3676 5158 An-

2090 5194 2357 5259 tiochum,
2390 5194 2774 5259 Ariobindam,
2807 5194 3152 5259 Senatorem,
3182 5195 3446 5269 Taurum,
3473 5195 3676 5251 Vinco-

2088 5287 2317 5349 malum,
2351 5288 2643 5342 consulatu
2673 5286 2915 5353 functos,
2958 5295 3054 5342 aut
3084 5288 3341 5343 consules
3372 5287 3673 5357 inscripsit,

2090 5388 2187 5433 aut
2216 5377 2567 5441 consulares;
2631 5377 2727 5432 sed
2779 5378 2867 5431 vel
2910 5377 3200 5447 patricios,
3239 5377 3388 5431 velut
3421 5381 3435 5396 ‘
3464 5376 3674 5431 Anato-

2088 5468 2255 5532 lium,
2308 5468 2696 5533 Ariobindam,
2748 5468 3104 5535 Senatorem,
3157 5477 3214 5524 et
3256 5469 3533 5535 Taurum;
3588 5468 3671 5522 vel

2086 5557 2394 5627 prml‘ectos,
2431 5566 2493 5612 ut
2516 5559 2887 5628 Antiochum;
2914 5563 3001 5616 vel
3026 5562 3315 5633 magistros
3341 5559 3670 5627 ciliciorum,

2083 5656 2142 5702 ut
2169 5648 2564 5704 Vincomalum.

1734 5786 1909 5844 SCHL’
1924 5786 2052 5842 Lle
2101 5783 2339 5841 NOT/E.

468 5838 511 5872 “
538 5840 658 5898 για.
691 5858 880 5916 supra,
912 5859 967 5914 p.
1001 5847 1129 5906 2x19.
