4070 6468
365 386 480 445 .9277

1554 399 1651 458 DE
1691 401 1864 462 ΗΒΚ
1878 402 1946 460 IS
1982 403 2489 463 THEODOBETI‘.

3545 415 3654 475 278

585 495 1255 591 Scala._Eruditissimutn
1281 503 1628 561 Cardinalem
1657 508 1967 564 fefellerunt
1997 518 2040 572 Α
2067 512 2304 566 militum
2347 512 2590 568 Orientis
2639 521 2695 568 et
2725 514 2960 570 consuli.
3023 515 3164 571 Ilinc
3191 518 3441 590 arguitur
3461 523 3650 591 opinio

369 585 554 639 verba
599 586 850 656 epistolae
882 593 1275 660 consequentis
1311 595 1380 648 ad
1402 596 1704 652 Eusebium
1734 617 1746 651 :
1782 619 1798 650 ι
1827 601 1969 655 Inte—

369 692 539 744 grum
563 689 668 742 est,
692 679 782 732 cui
803 681 1025 736 animus
1044 683 1230 748 fuerit,
1255 686 1480 756 antiqua
1500 703 1666 758 opera
1685 705 1805 744 mea
1821 693 1971 746 evol-

369 782 544 832 vere,
599 781 715 822 tum
756 786 822 825 ea
867 789 990 842 quae
1013 784 1140 829 ante
1165 778 1434 846 synodum
1465 779 1816 848 Ephesinam,
1853 792 1966 836 tum

369 873 502 927 quae
523 867 652 928 post
673 862 822 916 illam
846 879 1057 930 rursus,
1081 875 1210 920 ante
1228 868 1516 926 duodecim
1533 888 1706 928 annos
1717 875 1960 944 scripsi.»

371 947 504 1004 "me
530 950 684 1004 enim
709 953 1104 1023 interpretatus
1123 967 1228 1024 est,
1255 961 1484 1030 perinde
1510 979 1574 1018 ac
1594 965 1640 1018 si
1658 964 1972 1021 Theodore-

371 1047 468 1093 tus
493 1042 861 1110 signiﬁcaret,
891 1061 1098 1101 annum
1127 1065 1239 1118 quo
1263 1052 1561 1118 scribebat,
1583 1055 1969 1110 duodecimum

367 1146 500 1185 esse
532 1132 604 1185 ab
631 1133 910 1202 Ephesina
941 1139 1150 1208 synodo
1193 1157 1206 1194 :
1245 1149 1302 1194 at
1328 1143 1453 1212 quis
1483 1160 1595 1198 non
1619 1145 1822 1213 videat,
1857 1163 1970 1202 ser-

373 1237 604 1278 monem
649 1241 774 1282 esse
823 1229 892 1282 de
925 1231 1086 1286 libris
1120 1248 1260 1301 quos
1288 1234 1578 1292 duodecim
1603 1239 1780 1305 annis,
1818 1250 1970 1294 antc-

371 1331 550 1385 quam
583 1318 801 1374 litteras
826 1321 1005 1388 daret,
1036 1325 1318 1380 ediderat?

453 1405 660 1458 Verum
693 1407 800 1462 hac
820 1408 890 1464 de
913 1413 1218 1479 quaestione
1247 1414 1586 1484 disputatum
1611 1427 1696 1472 est
1715 1419 1892 1488 capite
1912 1422 1966 1484 2,

377 1513 510 1550 cum
563 1508 784 1568 tempus
831 1500 959 1556 initi
1012 1519 1045 1557 a
1099 1505 1452 1562 Theodoreto
1497 1509 1845 1580 episcopatus
1889 1512 1970 1564 in-

383 1588 724 1657 quireretur.

387 1737 628 1808 Epistula
679 1740 768 1807 8‘2,
827 1743 1113 1812 familiaris
1163 1747 1234 1800 ad
1277 1747 1561 1802 Eusebium
1610 1749 1830 1821 Ancyra:
1857 1753 1958 1822 cpi-

1059 1831 1293 1885 scapum.

449 1943 492 1997 l.
523 1943 734 1997 Eodem
753 1943 868 1998 fere
888 1961 1036 1999 anno
1057 1945 1182 2000 data
1197 1955 1302 2012 est,
1327 1963 1437 2016 quo
1453 1948 1668 2016 priores
1686 1950 1806 2004 alia:
1824 1958 1963 2016 tres;

377 2033 706 2102 exponenda
731 2050 864 2088 vero
887 2036 1029 2088 κατὰ
1055 2039 1237 2106 μέρος,
1265 2037 1526 2105 quoniam
1554 2038 1702 2092 nulla
1723 2047 1825 2100 est,
1849 2056 1969 2108 qua:

377 2125 542 2192 piura
568 2123 636 2177 ad
679 2124 966 2179 historiam
991 2125 1326 2194 pertinentia
1351 2128 1631 2183 contineat
1659 2146 1672 2180 :
1699 2129 1794 2184 sed
1817 2131 1970 2199 prius

376 2217 449 2270 de
475 2218 723 2272 Eusebio
745 2233 942 2287 pauca.

429 2309 816 2374 ILTheodoto,
828 2310 984 2380 cujus
995 2310 1209 2368 celebre
1221 2326 1418 2366 nomen
1430 2321 1513 2366 est
1525 2311 1579 2366 in
1595 2311 1970 2367 Actisconcilii

377 2399 674 2468 Ephesini,
710 2397 1010 2464 successit;
1053 2414 1163 2468 quo
1195 2413 1361 2462 anno,
1393 2400 1684 2454 incertum.
1717 2399 1974 2456 Interfuit

375 2488 622 2542 concilio
642 2488 887 2542 Flaviani
914 2489 1180 2544 adversus
1199 2490 1484 2561 Eutychen
1505 2506 1649 2546 anno
1664 2491 1788 2556 448,
1809 2491 1976 2546 latro-

375 2578 554 2632 cinali
571 2593 677 2647 pro
689 2577 936 2649 Eutyche
953 2594 1099 2634 anno
1109 2579 1234 2645 449,
1247 2579 1679 2636 Chalcedonensi
1693 2598 1835 2637 anno
1846 2584 1941 2636 451
1959 2623 1970 2634 .

377 2670 504 2724 Non
533 2669 629 2722 diu
667 2668 774 2724 fuit
801 2678 1086 2739 superstes
1119 2689 1132 2724 :
1166 2687 1290 2726 nam
1325 2672 1382 2725 in
1409 2673 1602 2743 synodi
1631 2673 1856 2728 Calatiae
1884 2675 1972 2727 lit-

381 2761 518 2814 teris
577 2759 648 2814 ad
693 2759 937 2815 Leonem
987 2761 1376 2832 imperatorem
1427 2764 1728 2819 subscribit
1765 2765 1974 2834 primus

391 2852 708 2904 Anastasius
737 2850 964 2921 Ancyra:
988 2853 1272 2922 episwpus.

461 2941 756 2996 Eusebium
778 2943 1026 3012 oportuit
1059 2944 1194 2998 levis
1235 2944 1529 2998 admodum
1568 2953 1622 2998 et
1661 2946 1976 3000 inconstan—

391 3030 458 3082 tis
485 3029 656 3083 animi
687 3029 882 3093 fuisse,
937 3040 998 3084 ut
1045 3031 1136 3100 qui
1169 3031 1456 3102 Eutychen
1500 3030 1974 3100 Constantinopoli

385 3117 769 3186 damnaverit,
825 3131 886 3174 ut
935 3136 1034 3190 par
1079 3129 1225 3187 erat;
1291 3130 1347 3175 et
1373 3120 1572 3190 Ephesi
1609 3121 1662 3173 in
1687 3120 1976 3175 latrocinio

385 3210 712 3276 absolverit,
764 3211 1024 3267 damnato
1057 3213 1349 3277 Flaviano;
1401 3219 1457 3265 et
1481 3211 1826 3266 Chalcedone
1860 3222 1977 3267 tan-

382 3299 516 3352 dem
548 3301 690 3356 diris
715 3301 1024 3356 devoverit.
1081 3301 1186 3357 Sed
1211 3303 1322 3372 jam
1351 3302 1562 3373 singula
1583 3303 1828 3372 epistolae
1855 3318 1978 3372 per-

381 3405 711 3460 sequamur.

459 3485 554 3538 lll.
584 3485 972 3540 Theodoretus
993 3485 1170 3539 amice
1191 3485 1427 3555 primum
1452 3483 1978 3553 queritur,defuisse

383 3573 574 3629 oﬂicio
597 3576 920 3641 Eusebium,
945 3577 1039 3645 qui
1061 3575 1322 3630 aﬂlictum
1343 3584 1399 3630 et
1416 3575 1742 3629 calumniam
1761 3589 1980 3644 passum

386 3666 512 3720 suis
539 3667 744 3721 litteris
773 3683 882 3722 non
911 3669 982 3722 sit
1007 3667 1232 3722 solatus.
1273 3666 1476 3721 Scribit
1502 3666 1769 3736 igitur'ex
1795 3665 1983 3719 dome-

387 3759 538 3812 stico
567 3773 670 3812 suo
702 3758 918 3812 exsilio.

469 3849 558 3901 IV.
600 3849 790 3902 Refert
828 3847 1028 3904 deinde
1052 3889 1065 3910 ,
1123 3861 1219 3902 eos
1260 3847 1366 3902 sibi
1403 3847 1733 3901 calumniam
1765 3846 1980 3909 fecisse,

391 3939 492 4008 qui
525 3955 590 3992 ea
627 3947 950 4009 tempestate
985 3939 1296 4002 Marcionis,
1335 3938 1630 4002 Valentini,
1667 3938 1897 3992 Manetis
1929 3946 1985 3991 et

395 4033 727 4087 Docetarum
759 4033 994 4086 haeresin
1019 4039 1351 4086 renovarent
1382 4049 1394 4083 :
1429 4031 1480 4084 id
1507 4031 1637 4084 olim
1661 4029 1866 4101 objecit
1884 4029 1987 4100 Cy-

399 4122 528 4175 rillo
550 4162 564 4186 ,
615 4137 743 4176 cum
779 4131 1037 4192 argueret
1071 4123 1310 4192 capitula
1343 4122 1657 4187 duodecim,
1705 4123 1851 4191 quod
1885 4124 1986 4176 ob-

399 4213 738 4266 servandum
787 4223 890 4268 est.
949 4213 1006 4267 ld
1041 4213 1218 4283 ipsum
1248 4223 1438 4284 postea
1471 4213 1527 4266 in
1563 4213 1880 4282 prmfatione
1919 4213 1988 4266 ad

401 4305 702 4360 Eranisten
755 4306 1058 4375 exprobrat
1111 4305 1467 4368 adversariis,
1506 4321 1752 4374 quorum,
1790 4303 1986 4372 inquit,

403 4397 620 4467 αἵρεσιν
651 4395 908 4466 ἄντικρυς
940 4395 1323 4467 στηλιτεύομεν
1345 4396 1411 4449 ⁸⁸.
1444 4395 1578 4450 Mira
1599 4393 1873 4464 emphasis
1899 4410 1992 4448 vo-

404 4503 556 4550 cum,
591 4487 792 4557 quibus
829 4487 1073 4556 dialogos
1103 4486 1308 4541 indicat
1339 4503 1354 4542 :
1388 4487 1456 4540 iis
1485 4487 1630 4540 enim
1653 4485 1993 4540 adversario-
2031 4518 2070 4569 υ

407 4595 532 4632 rum
555 4579 786 4634 hmrcsin
807 4595 874 4632 ex
897 4579 1149 4642 adverso,
1181 4587 1236 4633 et
1256 4586 1443 4648 aperte
1467 4579 1617 4633 velut
1637 4579 1690 4632 in
1712 4577 1872 4647 cippo
1907 4578 1992 4631 in—

411 4671 606 4725 scribit
638 4677 695 4724 et
724 4669 981 4727 traducit.
1713 4731 1718 4736 _

481 4761 648 4831 329
681 4761 744 4816 V.
771 4761 910 4816 Tum
933 4763 1262 4816 calumniam
1282 4762 1584 4831 exponit“,
1613 4761 1757 4831 quod
1784 4761 1838 4815 in
1860 4762 1998 4816 duos

415 4852 559 4906 ﬁlios
589 4851 873 4907 Christum
898 4851 1146 4906 dividere
1170 4852 1532 4918 diceretur",
1562 4853 1744 4908 dictus
1763 4862 1846 4907 est
1867 4870 1998 4908 vero

415 4953 710 5014 prepterea
744 4943 892 5014 quod
933 4943 1139 4999 aet-iter
1189 4943 1453 5000 adversus
1487 4944 1804 5000 defensores
1838 4945 2001 4998 unius
2080 4954 2088 4962 '

417 5043 632 5089 naturae
657 5034 822 5088 Verbi
856 5035 1155 5090 incarnatze
1189 5042 1244 5088 et
1274 5033 1504 5106 dialogis
1532 5035 1806 5099 invectus,
1862 5043 1917 5088 et
1944 5034 1997 5086 in

413 5125 681 5197 Cyrillum
714 5133 992 5180 mortuum
1031 5141 1130 5196 pro
1161 5125 1425 5180 concione
1455 5125 1702 5179 invectus
1723 5125 1886 5178 foret.

489 5217 578 5270 Vl.
619 5216 740 5270 Mox
771 5224 957 5270 narrat
989 5216 1217 5270 missum
1246 5231 1366 5271 esse
1401 5216 1468 5270 ab
1500 5217 1834 5284 imperatore
1855 5231 2002 5268 com-

415 5307 779 5362 monitorium
815 5305 1104 5376 στρατηγῷ
1133 5308 1226 5360 καὶ
1250 5307 1438 5376 ὑπάτῳ
1453 5305 1518 5371 ⁸³,
1547 5305 1721 5360 Nemo
1743 5303 2002 5376 magistro

2071 603 2264 673 nuperi
2311 605 2634 674 cujusdam,
2695 606 2929 662 volentis
2979 607 3248 677 Lupicino
3293 611 3650 668 commonito-

2070 695 2213 748 rium
2257 710 2378 750 essc
2429 695 2740 760 directum,
2797 713 2904 766 qua
2938 697 3004 753 de
3034 699 3292 768 opinione
3331 701 3548 758 dicetur
3582 705 3647 757 ad

2065 788 2360 855 epistolam
2393 802 2476 840 xc.
2511 788 2696 852 Addit,
2753 789 3174 845 commonitorio
3201 807 3311 846 non
3354 793 3630 848 contineri

2070 877 2475 932 accusationem
2506 877 2734 934 haeresis
2757 920 2771 944 ,
2836 879 2932 934 sed
2966 881 3394 950 prohibitionem
3424 882 3550 955 Cyri
3585 885 3648 938 ﬁ—

2071 966 2234 1020 nibus
2287 967 2605 1038 egrediendi
2634 1007 2648 1032 ,
2711 969 3178 1038 propterea,quod
3231 971 3469 1041 synodos
3501 974 3645 1044 apud

2069 1057 2417 1112 Antiochiam
2455 1067 2808 1129 convocaret,
2863 1059 3064 1128 quibus
3085 1076 3284 1130 nempe
3316 1063 3647 1119 sollicitabat

2069 1149 2455 1218 episcoporum
2476 1149 2710 1214 animos,
2735 1165 2806 1204 ne
2825 1149 3014 1222 Cyrilli
3031 1151 3365 1222 Joannisque
3385 1155 3442 1208 in
3461 1164 3644 1224 partes

2073 1240 2389 1305 transirent,
2425 1241 2687 1312 pacisque
2714 1242 2934 1297 sancitaa
2953 1241 3101 1313 leges
3127 1244 3502 1300 observarent.

2141 1329 2250 1384 VII.
2306 1329 2472 1384 Addit
2495 1331 2694 1395 etiam,
2746 1345 2804 1384 se
2827 1331 3076 1399 paruisse
3103 1331 3643 1398 continuolibenter,

2069 1431 2124 1477 et
2147 1422 2436 1476 calumniae
2455 1430 2728 1486 auctores,
2767 1422 2878 1475 Deo
2903 1420 3226 1485 ulciscente,
3258 1429 3480 1492 argutos
3501 1437 3642 1484 esse.

2069 1529 2374 1584 eorumque
2404 1513 2731 1584 patefactam
2758 1513 2993 1568 haeresin
3025 1532 3038 1567 :
3071 1514 3334 1568 nimirum
3359 1521 3488 1569 tunc
3512 1522 3647 1568 tem-

2071 1605 2220 1675 poris
2261 1605 2489 1658 Armeni
2529 1603 2806 1668 monachi,
2850 1604 2942 1673 qui
2973 1604 3135 1673 primi
3167 1605 3317 1658 litem
3339 1613 3644 1670 moverant,

2071 1694 2402 1763 deprehensi
2431 1702 2562 1748 sunt
2583 1695 3018 1764 Apollinaristae;
3071 1703 3202 1751 tunc
3228 1697 3392 1751 simul
3423 1705 3648 1752 vocatus

2075 1785 2130 1838 in
2183 1785 2554 1855 suspicionem
2607 1784 2914 1856 Eutyches,
2973 1785 3368 1840 monachorum
3417 1785 3648 1840 istorum

2003 1846 2041 1899 Β
2068 1875 2271 1930 fautor.

2141 1967 2277 2021 Vlll.
2315 1966 2522 2021 Scribit
2547 1975 2750 2032 tamen,
2773 1967 2828 2020 in
2850 1981 2908 2022 se
2931 1965 3316 2021 Alexandriam
3335 1965 3404 2018 ab
3428 1965 3496 2022 iis
3515 1981 3642 2020 con-

2072 2057 2292 2110 citatam
2344 2073 2444 2126 per
2489 2057 2791 2121 ministros,
2852 2058 2947 2126 qui
2991 2064 3314 2127 spargerent
3341 2057 3642 2126 in-vulgus,

2073 2149 2212 2204 duos
2239 2165 2270 2203 a
2295 2149 2644 2204 Theodoreto
2675 2149 2818 2203 ﬁlios
2839 2147 3082 2213 defendi,
3136 2163 3262 2203 cum
3293 2156 3474 2202 tamen
3505 2148 3650 2202 hanc

2075 2243 2412 2310 impietatem
2451 2249 2770 2296 exsecretur
2805 2259 2817 2294 :
2850 2239 3180 2295 sollicitatus
3207 2253 3405 2307 nempe
3427 2246 3511 2292 est
3535 2239 3644 2308 jam

2075 2329 2202 2385 inde
2250 2329 2318 2384 ab
2362 2329 2608 2402 Eutyche
2653 2329 2976 2392 Dioscorus,
3033 2333 3094 2380 ut
3139 2327 3196 2380 in
3239 2325 3648 2380 Theodoretum

2075 2420 2308 2475 szeviret.
2347 2419 2479 2474 Vide
2509 2426 2831 2488 sequentem
2854 2418 3168 2487 epistolam.

2147 2511 2238 2565 lx.
2276 2512 2366 2566 Ait
2387 2527 2444 2566 se
2476 2511 2744 2564 imitatum
2769 2509 3020 2563 Nicmnos
3037 2509 3248 2568 Patres,
3274 2506 3366 2574 qui
3387 2505 3656 2558 adversus

2075 2603 2268 2657 Arium
2303 2602 2679 2671 disputantes,
2719 2601 2876 2654 multi
2905 2599 3131 2653 fuerunt
3165 2597 3221 2650 in
3250 2595 3561 2650 dividendis
3593 2595 3652 2648 in

2073 2695 2298 2750 Christo
2339 2693 2572 2748 naturis.
2631 2692 2780 2747 idem
2821 2691 2989 2745 habet
3021 2697 3077 2744 et
3107 2687 3300 2744 iisdem
3333 2687 3446 2740 fere
3470 2684 3654 2740 verbis

2077 2787 2134 2840 in
2160 2784 2404 2838 secundo
2422 2783 2658 2853 dialogo,
2697 2783 2793 2851 qui
2829 2781 3142 2850 Inconfusus
3175 2777 3402 2833 dicitur.

2147 2877 2214 2930 Χ,
2251 2875 2604 2930 Contestatur
2641 2881 2831 2943 postea
2853 2915 2865 2938 ,
2924 2873 3068 2926 hanc
3090 2869 3490 2925 confessionem
3535 2883 3565 2921 a
3593 2881 3654 2922 se

2079 2979 2187 3018 non
2227 2963 2466 3031 primum
2507 2960 2618 3024 cdi,
2675 2959 2830 3028 quasi
2859 2973 2957 3028 per
2983 2958 3092 3012 vim
3119 2967 3175 3012 et
3197 2963 3404 3010 metum
3439 2963 3654 3010 extorta

2078 3063 2252 3119 esset;
2305 3053 2402 3108 sed
2429 3069 2584 3108 suam
2619 3067 2833 3120 semper
2853 3050 3022 3104 fuisse
3057 3055 3398 3102 constantem
3428 3053 3655 3100 senten—

2083 3145 2235 3208 tiam,
2266 3157 2432 3213 quam
2463 3142 2695 3210 quisque
2727 3140 2843 3194 suis
2872 3154 2940 3192 ex
2967 3138 3144 3202 libris,
3179 3151 3318 3205 quos
3346 3135 3505 3205 longe
3531 3143 3657 3189 ante

2079 3234 2260 3288 editos
2280 3240 2554 3296 recenset,
2589 3231 2898 3300 intelligere
2919 3229 3111 3298 possit.
3161 3229 3238 3281 De
3263 3226 3422 3280 libris
3447 3225 3657 3280 dictum

2080 3333 2162 3378 est
2195 3339 2314 3392 cap.
2339 3323 2393 3388 5,
2445 3322 2541 3376 sed
2597 3320 2741 3375 inter
2779 3319 3144 3374 recensendos
3179 3317 3352 3371 libros
3383 3316 3450 3370 de
3477 3332 3664 3385 repre—

2082 3410 2347 3468 hensione
2375 3412 2740 3480 capitulorum
2775 3413 2918 3473 silet,
2955 3418 3010 3464 et
3041 3409 3109 3464 de
3135 3409 3354 3462 Diodori
3387 3425 3452 3461 ac
3479 3408 3660 3461 Theo-

2081 3506 2200 3560 dori
2219 3505 2588 3574 Mopsuestcni
2609 3503 2946 3558 defensione.

2151 3599 2219 3651 Χ.
2255 3597 2504 3666 Denique
2529 3597 2772 3666 postulat
2801 3595 2869 3650 ab
2891 3595 3131 3650 Eusebio
3152 3633 3164 3656 ,
3217 3603 3277 3648 ut
3297 3591 3652 3646 calumniato-

2086 3689 2240 3744 ribus
2271 3688 2524 3752 obsistat,
2561 3687 2852 3742 calumniae
2877 3686 3176 3740 vanitatem
3202 3684 3476 3748 ostendat,
3507 3691 3664 3752 opta-

2087 3769 2196 3836 tam
2217 3779 2590 3834 Ecelesiarum
2613 3793 2804 3848 pacem
2825 3795 2855 3832 a
2879 3779 2990 3831 Deo
3011 3775 3290 3846 etilagitet,
3315 3791 3473 3830 suum
3497 3773 3564 3828 de
3583 3774 3668 3828 in-

2087 3873 2284 3927 eundis
2329 3887 2430 3941 pro
2471 3871 2576 3926 ﬁde
2617 3869 3011 3925 certaminibus
3037 3867 3380 3938 propositum
3410 3867 3668 3936 precibus

2088 3961 2396 4016 conﬁrmet.

2160 4055 2176 4074 '
2205 4052 2318 4106 ΧΠ.
2349 4052 2430 4106 Ex
2453 4051 2539 4104 his
2569 4050 2954 4120 intelliguntur
2977 4050 3150 4102 multa
3175 4049 3355 4118 magni
3380 4046 3664 4108 momenti,

2091 4145 2186 4200 sed
2215 4145 2332 4199 haec
2357 4143 2581 4214 majoris
2607 4142 2718 4196 duo
2751 4161 2764 4194 :
2799 4141 3054 4204 alterum,
3095 4139 3443 4208 imperatoris
3461 4137 3669 4208 jussio-

2092 4251 2216 4290 nem
2245 4235 2313 4288 de
2343 4250 2453 4289 non
2473 4231 2824 4304 egrediendis
2849 4231 3050 4286 ﬁnibus
3071 4229 3196 4300 Cyri
3218 4229 3422 4286 editam
3440 4245 3559 4284 esse
3574 4244 3672 4282 au-

2093 4327 2324 4390 aui-£5;
2380 4326 2636 4390 alterum,
2694 4323 2940 4393 dialogos
2984 4320 3218 4391 scriptos
3246 4337 3366 4375 esse
3417 4329 3543 4374 ante
3567 4335 3670 4374 an-

2095 4437 2225 4476 num
2249 4421 2354 4475 445
2370 4422 2436 4473 ⁸⁸.

2097 4555 2259 4625 330
2289 4551 2530 4623 Epistula
2553 4551 2640 4616 85,
2671 4549 2992 4625 apologetica
3023 4551 3092 4603 ad
3117 4549 3422 4604 Dioscorum
3445 4547 3678 4602 Alexan-

2650 4621 2780 4675 driae
2811 4623 3134 4690 episcopum.

2171 4758 2210 4811 l.
2242 4757 2382 4819 lllzec,
2411 4755 2618 4825 pariter
2641 4771 2704 4809 ac
2725 4753 3062 4824 praecedens.
3086 4754 3268 4824 magni
3291 4752 3553 4808 momenti
3569 4759 3674 4816 est,

2103 4849 2364 4918 quoniam
2397 4847 2688 4902 historicas
2715 4846 2904 4915 plures
2930 4854 3086 4899 notas
3115 4844 3302 4898 habet.

2176 4940 2238 4993 ll.
2277 4939 2411 5004 Quis
2441 4939 2738 4994 Dioscorus
2761 4937 2947 5000 fuerit,
2978 4951 3140 4990 nemo
3165 4935 3340 4990 nescit
3365 4953 3377 4987 :
3402 4950 3511 5003 quo
3535 4948 3680 4986 anno

2110 5027 2492 5082 Theudor-etus
2519 5025 2588 5080 ad
2614 5027 2791 5095 ipsum
2823 5023 3126 5094 scripserit,
3159 5022 3288 5076 inde
3311 5019 3523 5090 liquido
3551 5033 3682 5072 con—

2109 5129 2235 5174 stat.
2264 5139 2280 5169 ‹
2307 5119 2433 5183 Sex,
2465 5119 2664 5188 inquit,
2690 5117 2966 5172 continuis
2988 5116 3148 5169 annis
3178 5113 3338 5168 docui
3374 5111 3476 5164 sub
3507 5111 3682 5162 beata:

2109 5221 2420 5280 sanctasque
2453 5209 2728 5264 memoriae
2762 5205 3046 5262 Theodoto
3081 5201 3528 5258 Antiochensium
3561 5199 3680 5268 cpi—

2108 5319 2302 5372 scopo;
2340 5302 2614 5357 tredecim.
2637 5315 2827 5354 rursus
2853 5297 2973 5350 aliis
3010 5295 3112 5348 sub
3139 5295 3299 5347 beato
3326 5292 3576 5355 Joanne;
3615 5289 3684 5342 ad

1775 5455 2092 5514 SCHULZII
2133 5453 2362 5510 NOT/E.

493 5675 540 5706 ⁸⁸
565 5673 682 5728 Non
718 5681 932 5726 exstant
977 5673 1077 5725 ista
1105 5671 1156 5724 in
1200 5669 1407 5740 praafat.
1442 5670 1506 5724 ad
1528 5669 1838 5740 Eranisten.

425 5745 549 5797 Vid.
577 5759 764 5812 supra,
795 5760 846 5813 ι).
883 5745 1001 5796 I77.
1045 5743 1084 5772 ⁸⁷
1116 5737 1616 5813 ΟιιὸτΙ-ῖ-Αἱεενειιιν.
1644 5739 1766 5792 Vid.
1798 5753 2078 5813 supra,_p._
2109 5737 2224 5788 I75.

1943 5668 1984 5698 “
2014 5665 2260 5722 Caluum.
2299 5665 2370 5717 De
2399 5665 2498 5716 hac
2523 5659 2686 5713 etiam
2715 5656 2962 5725 queritur
2989 5655 3044 5706 in
3069 5654 3226 5725 epist.
3261 5645 3686 5725 arlDioscornm.

2302 5735 2346 5764 ’⁵⁸
2377 5733 2484 5785 καί.
2513 5730 2708 5784 Aberat
2735 5717 2822 5782 'ab
2863 5725 2993 5779 edit.
3023 5717 3216 5792 priori.
3295 5719 3337 5748 θ’
3369 5717 3476 5772 llos
3507 5723 3688 5766 autem

424 5816 601 5871 libros
631 5801 902 5868 non-ante
934 5827 1062 5866 ann.
1089 5801 1189 5866 ΜΘ
1219 5811 1451 5880 scriptos
1495 5825 1636 5875 esse,
1685 5801 1948 5862 astruitur
1997 5801 2154 5868 infra,
2209 5821 2254 5856 c.
2289 5803 2340 5864 6,
2384 5802 2410 5871 ᾗ
2452 5801 2538 5854 '22.
