4070 6442
407 342 517 408 279

1545 352 1927 413 GARNERII
1966 352 2462 416 DISSERTATIO
2499 356 2582 415 II.

3600 353 3713 416 280

408 456 527 510 hac
554 454 823 524 septimus
844 455 934 509 hic
950 472 1128 509 annus
1152 465 1235 509 est
1265 455 1377 511 Deo
1400 457 1712 514 charissimi
1733 461 2009 532 archiepi-
2037 469 2079 521 A
2112 464 2197 517 sui
2240 464 2450 519 erroris
2494 463 2748 534 protulit,
2804 463 3080 533 simulque
3129 477 3188 517 se
3230 461 3562 518 calumniam
3588 459 3704 533 pati

406 546 559 616 scepi
579 545 786 600 domini
811 546 1060 599 Domni.»
1097 546 1232 600 Nam
1264 563 1391 602 cum
1419 549 1715 607 defunctus
1734 554 1806 607 sit
1828 552 2008 608 Theo-

409 637 573 692 dotus
589 651 733 691 anno
748 636 871 701 £27,
889 645 950 689 ut
968 636 1132 690 tradit
1149 637 1533 697 Theodoretns
1550 642 1607 695 in
1625 642 1862 697 Historia
1878 685 1892 708 ,
1915 661 2010 699 ne-

408 743 564 784 cesse
586 737 669 783 est
696 728 963 783 Joannem
993 728 1300 785 decessisse
1327 732 1439 786 vita
1474 733 1623 788 circa
1648 735 1754 789 440
1772 752 2004 797 annum.

410 825 507 871 aut
547 817 705 871 initio
754 818 1073 887 sequentis,
1131 835 1255 874 cum
1310 821 1575 877 tredecim
1597 840 1769 879 annos
1818 827 2007 882 sedem

411 906 684 973 tenuerit;
726 914 892 977 atque
913 908 990 962 ita
1011 918 1229 979 oportet
1250 928 1454 967 annum
1478 915 2006 986 septimumDomni,

410 993 508 1063 qui
536 993 736 1049 Joanni
761 997 1055 1062 successit,
1081 998 1328 1055 incidere
1351 1001 1408 1055 in
1427 1018 1632 1058 annum
1649 1004 1857 1063 Christi
1880 1008 2004 1075 447,

411 1100 525 1155 quo
571 1094 821 1157 tempore
852 1087 1037 1145 datam
1076 1092 1366 1160 epistolam
1412 1096 1695 1152 latendum
1719 1102 1885 1155 est".
1927 1102 2009 1156 Ex

414 1176 520 1232 hac
572 1178 818 1235 evidenti
868 1181 1345 1240 demonstratione
1387 1197 1624 1253 constat,
1661 1190 2007 1248 Alhertinum

416 1269 656 1338 turpiter
684 1271 927 1342 lapsum,
964 1273 1214 1343 aliosque
1248 1275 1302 1328 in
1329 1292 1577 1333 errorem
1607 1282 1859 1347 traxisse,
1881 1300 2007 1339 cum

412 1360 658 1431 dialogos
689 1378 720 1417 a
750 1363 1101 1421 Theodoreto
1121 1366 1437 1423 elaboratos
1463 1371 1660 1426 scribit
1679 1383 1804 1442 post
1822 1378 2009 1432 conci-

414 1450 550 1505 lium
571 1450 1038 1522 Chalcedonense,
1072 1471 1218 1512 anno
1237 1458 1334 1514 451
1357 1476 1373 1526 ;
1411 1475 1606 1515 eorum
1627 1463 1776 1518 enim
1804 1464 1864 1520 lit
1888 1482 2006 1523 me-

415 1542 592 1597 moria
624 1544 679 1598 in
710 1545 815 1600 hac
842 1547 1094 1617 epistola.

487 1631 580 1686 lll.
637 1632 746 1688 Sed
774 1636 888 1706 jam
920 1638 1137 1709 singula
1164 1640 1340 1711 ipsius
1385 1644 1454 1699 ad
1484 1661 1715 1703 examen
1735 1650 2002 1706 vocanda.

417 1722 665 1780 Primum
714 1729 1034 1785 consolatur
1071 1747 1132 1788 se
1175 1732 1561 1793 Theodoretns
1597 1742 1851 1811 exemplo
1886 1752 2002 1798 tum

414 1812 664 1884 Iosephi,
703 1818 798 1887 qui
832 1819 964 1874 olim
993 1821 1050 1876 in
1070 1822 1305 1896 Egypto
1329 1837 1557 1898 propter
1577 1832 1799 1901 nuptias
1818 1841 2006 1890 sancte
2038 1811 2080 1865 Β

415 1909 595 1965 cultas
618 1911 840 1984 indigna
860 1929 1058 1985 passus
1083 1918 1176 1984 sit,
1199 1935 1266 1975 ac
1283 1936 1508 1978 carcere
1528 1925 1854 1993 conclusus;
1889 1934 2006 1983 tum

416 2001 678 2070 Davidis,
732 2007 830 2076 qui
879 2009 1031 2065 velut
1066 2010 1347 2081 impotens
1376 2022 1645 2085 tyrannus
1693 2019 1903 2090 ejectus
1934 2021 2009 2074 sit

418 2094 476 2149 in
498 2097 786 2166 exsilium;
819 2108 934 2155 tum
954 2103 1124 2159 etiam
1144 2103 1378 2171 Christi,
1410 2110 1506 2176 qui
1529 2109 1791 2165 seductor
1808 2112 2002 2167 audiit.

416 2187 713 2243 Alludebat
743 2191 956 2248 scilicet
990 2194 1060 2248 ad
1093 2210 1289 2251 causas
1313 2206 1448 2262 tres,
1487 2208 1716 2271 propter
1738 2218 1876 2272 quas
1908 2220 2005 2260 ve-

416 2279 652 2335 xabatur
684 2299 698 2335 :
730 2284 876 2353 quod
906 2286 1221 2343 ordinasset
1244 2289 1515 2345 lrenaum
1535 2292 1834 2363 digamum,
1857 2297 2006 2366 quod

416 2371 477 2427 in
511 2373 736 2444 synodis
787 2376 1201 2445 dominaretur,
1255 2390 1313 2437 et
1342 2384 1492 2452 quod
1520 2387 1882 2445 concionibus
1908 2406 2007 2461 po-

416 2464 580 2535 pulos
609 2466 877 2522 seducere
907 2468 1209 2526 diceretur.

491 2555 582 2610 IV.
634 2557 843 2613 Deinde
870 2561 1211 2629 queritur“,
1249 2580 1309 2620 se
1344 2567 1655 2625 inauditum
1683 2586 1714 2626 a
1741 2572 2006 2629 Dioscoro

417 2646 763 2714 damnatum,
782 2665 908 2705 cum
930 2650 985 2706 id
1003 2652 1489 2725 criminidaretur,
1508 2662 1654 2730 quod
1673 2678 1772 2732 pro
1788 2664 2005 2720 concio-

414 2752 489 2792 ne
504 2737 813 2795 Antiochia
838 2739 1123 2798 Christum
1151 2746 1207 2800 in
1230 2745 1370 2801 duos
1392 2748 1537 2805 filios
1557 2750 1855 2807 divisisset.
1880 2753 2005 2809 Hac

416 2826 512 2882 illa
538 2829 734 2885 concio
759 2838 872 2894 est,
927 2848 1036 2903 qua
1086 2835 1142 2891 in
1169 2848 1421 2894 sanctum
1447 2839 1711 2911 Cyrillum
1736 2842 1851 2898 vita
1874 2843 2003 2899 l'un-

415 2929 569 2975 ctum
594 2923 795 2978 acerbe
815 2923 973 2989 dixit,
1006 2926 1110 2983 sub
1132 2927 1298 2985 linem
1319 2931 1451 2986 anni
1472 2933 1599 2987 Ml.
1628 2933 1770 2990 Hinc
1784 2936 2005 2991 concio-

413 3012 504 3068 nis
535 3014 826 3086 γνησιότης
853 3018 1143 3086 probatur.

493 3104 557 3159 V.
610 3105 808 3161 Postea
853 3107 922 3163 de
964 3112 1383 3168 accusatoribus
1416 3115 1495 3171 ait
1541 3133 1554 3169 :
1601 3136 1620 3169 ‹
1647 3118 1730 3173 Illi
1773 3120 1999 3189 quidem
2028 3145 2071 3202 ο

410 3203 527 3250 tres
551 3202 709 3260 sunt,
762 3204 859 3250 aut
887 3205 1125 3267 quatuor
1149 3238 1164 3264 ,
1200 3208 1296 3255 aut
1323 3201 1638 3271 quindecim
1665 3222 1681 3272 ;
1743 3220 1844 3277 ego
1867 3222 2001 3262 vero

409 3287 615 3342 multas
660 3286 948 3343 hominum
995 3290 1270 3362 myriades
1322 3301 1486 3350 recta
1523 3295 1787 3353 doctrinae
1832 3305 2001 3354 testes

410 3377 670 3433 habeo".
696 3398 715 3431 ο
756 3379 943 3445 Addit,
978 3397 1088 3451 quo
1107 3382 1324 3452 plausu,
1359 3401 1577 3456 quaque
1606 3390 2005 3459 approbatione

411 3486 725 3526 sermonem
749 3471 818 3526 ad
841 3473 1108 3542 populum
1133 3474 1438 3534 Antiochia
1468 3478 1648 3534 facere
1668 3481 1891 3537 soleret.

482 3564 574 3620 VI.
626 3564 766 3619 Tum
812 3564 977 3620 ﬁdem
1016 3582 1174 3621 suam
1222 3568 1290 3623 de
1332 3585 1444 3625 uno
1480 3570 1653 3636 Filio,
1692 3582 1751 3628 et
1775 3572 2001 3643 Virgine

410 3656 647 3727 Deipara
677 3657 924 3727 exponit,
966 3659 1426 3730 testimoniisque,
1453 3664 1653 3732 partim
1677 3662 1998 3733 Scriptura,

410 3748 611 3819 partim
629 3749 852 3804 Patrum
872 3753 1162 3805 eonhrmat
1181 3769 1193 3806 :
1212 3753 1464 3807 meminit
1483 3769 1616 3808 vero
1641 3754 1786 3809 inter
1812 3756 2001 3812 Patres

408 3839 727 3895 all‘erendos
772 3840 1069 3896 Alexandri
1095 3851 1152 3898 et
1171 3843 1457 3900 Athanasii
1502 3845 1999 3903 Alexandrinorum

412 3931 732 4000 prasulum,
771 3934 1023 4003 quamvis
1046 3935 1209 3991 ambo
1236 3935 1557 3993 defensores
1578 3938 1691 3993 sint
1724 3939 1889 3994 unius
1912 3940 2000 3994 in-

411 4031 649 4078 carnata
676 4024 845 4079 Verbi
865 4035 1078 4081 natura
1124 4045 1136 4082 :
1178 4029 1432 4098 meminit
1452 4044 1675 4099 quoque
1710 4030 2001 4103 Theophili

409 4123 470 4170 et
496 4114 708 4187 Cyrilli,
739 4131 853 4186 pra
872 4118 1042 4173 animi
1063 4119 1418 4186 conﬁdentia,
1447 4124 1602 4192 quasi
1628 4122 1755 4180 inde
1776 4141 2000 4181 causam

410 4206 767 4276 potissimum
802 4222 961 4263 suam
995 4209 1304 4283 adjuvaret,
1352 4212 1500 4268 unde
1526 4214 1846 4272 labefactari
1873 4232 1999 4274 cre-

413 4297 549 4353 deba
557 4305 666 4353 tur.

480 4387 639 4458 331
677 4389 791 4445 VII.
817 4390 1068 4448 Ostentat
1094 4408 1316 4463 quoque
1345 4409 1506 4449 suum
1532 4409 1657 4449 cum
1677 4394 1883 4467 Cyrillo
1904 4397 1999 4451 lit-

2111 564 2339 622 questus
2360 563 2466 620 est,
2502 557 2661 626 quasi
2691 557 3034 611 contrarium
3055 556 3308 610 sentiret.

2185 646 2275 700 IX.
2313 647 2420 714 Qui
2459 649 2625 718 paulo
2659 649 2930 703 attentius
2978 656 3232 702 versatus
3259 647 3425 701 fuerit
3455 647 3511 701 in
3534 648 3706 703 rebus

2108 748 2164 792 et
2190 739 2348 794 libris
2372 739 2728 806 Theodoreti,
2754 740 2950 810 ipsius,
2970 741 3190 809 opinor,
3212 739 3554 794 desiderabit
3573 755 3703 809 pru-

2109 831 2383 898 dentiam;
2428 833 2635 903 quippe
2686 833 2782 902 qui
2827 831 2898 886 ad
2940 833 3265 886 Dioscorum
3297 830 3548 885 scribens
3569 830 3705 885 Ale-

2110 924 2442 979 xandrinum
2465 925 2812 994 episcopum,
2862 922 3168 994 Cyrillique
3195 924 3547 991 pracessoris
3579 931 3703 978 stu-

2108 1015 2329 1070 diosum
2359 1028 2421 1071 ut
2448 1017 2544 1086 qui
2573 1016 2833 1080 maxime,
2882 1015 3060 1070 libros
3083 1014 3292 1078 laudet,
3320 1015 3564 1084 velitque
3588 1030 3705 1070 sua
3774 1000 3779 1019 ἶ

2108 1107 2163 1161 in
2203 1108 2607 1162 Alexandrinos
2636 1108 3005 1162 observantia
3031 1116 3220 1168 testes.
3268 1107 3323 1160 in
3351 1106 3558 1176 quibus
3587 1123 3702 1161 non

2107 1204 2286 1259 solum
2312 1204 2603 1258 Eranisten
2649 1218 2762 1256 non
2785 1203 3021 1256 obscure
3048 1201 3216 1254 faciat
3237 1200 3700 1283 Alexandrinum,

2107 1295 2203 1350 sed
2233 1295 2398 1349 etiam
2435 1294 2545 1348 licti
2576 1293 2821 1348 nominis
2844 1292 2991 1347 illius
3038 1293 3188 1346 larva
3213 1291 3301 1345 vel
3323 1290 3586 1361 Cyrillum
3610 1290 3699 1345 in-

2108 1387 2261 1452 duat,
2313 1386 2545 1457 perinde
2585 1402 2650 1441 ac
2703 1386 2748 1441 si
2790 1402 2901 1441 una
2950 1384 3256 1454 eademque
3289 1384 3478 1454 Cyrilli
3507 1385 3700 1454 opinio

2107 1480 2343 1536 diversis
2388 1477 2735 1548 temporibus
2786 1478 3063 1532 diversam
3111 1476 3344 1530 formam
3391 1476 3635 1530 induerit
3681 1493 3695 1528 :

2106 1572 2268 1626 aliam
2295 1586 2494 1642 nempe
2519 1612 2533 1636 ,
2589 1579 2883 1640 antequam
2911 1570 3357 1624 anathematismi
3394 1569 3699 1640 reprehen-

2107 1662 2406 1728 derentur;
2447 1662 2632 1727 aliam,
2665 1678 2789 1716 eum
2820 1662 3133 1716 sanciretur
3163 1676 3267 1730 pax
3294 1660 3702 1725 Eeclesiarum;

2107 1754 2268 1809 aliam
2324 1755 2663 1809 reviviscens
2697 1755 2752 1809 in
2779 1753 3086 1810 monachis.
3131 1761 3247 1807 tum
3268 1752 3542 1820 Armenis,
3579 1761 3697 1808 tum

2105 1849 2753 1919 Constantinopolitanis.

2249 1959 2494 2032 Epistola
2516 1960 2606 2027 84,
2639 1959 2903 2033 enryclica
2942 1960 3014 2013 ad
3038 1964 3306 2033 episcopos
3332 1961 3549 2017 Cilicia.

2177 2075 2220 2130 1.
2254 2073 2463 2128 Eodem
2495 2081 2766 2143 tempore,
2801 2089 2919 2143 quo
2934 2074 3272 2144 praecedens,
3302 2082 3358 2129 et
3380 2074 3577 2130 eodem
3601 2091 3696 2129 ar-

2106 2175 2369 2239 gumento
2417 2166 2624 2236 scripta
2662 2174 2748 2220 est
2795 2183 2809 2219 :
2854 2165 3106 2236 pluribus
3131 2167 3280 2221 enim
3309 2166 3698 2222 Theodoretns

2105 2259 2304 2329 probat
2335 2256 2604 2313 unitatem
2632 2255 2778 2319 Filii,
2813 2266 3112 2327 monetque
3144 2258 3484 2313 coercendos
3512 2259 3695 2327 panis

2105 2348 2496 2404 ecclesiasticis
2520 2362 2639 2413 eos,
2689 2347 2783 2417 qui
2818 2346 3099 2403 Christum
3132 2349 3185 2403 in
3213 2349 3355 2404 duos
3375 2348 3520 2403 ﬁlios
3547 2349 3696 2404 divi-

2105 2440 2331 2508 derent;
2379 2440 2583 2510 quippe
2618 2454 2743 2494 cum
2772 2438 2900 2494 inde
2932 2449 3055 2495 orta
3085 2440 3366 2496 diceretur
3411 2456 3575 2495 causa
3597 2456 3696 2496 ca-

2104 2531 2331 2587 lumnia
2355 2531 2411 2585 in
2431 2530 2744 2587 Orientales
2759 2530 2999 2601 jactata,
3022 2531 3169 2599 quod
3191 2532 3246 2585 in
3267 2530 3461 2586 Cilicia
3481 2531 3699 2586 ferren-

2108 2632 2199 2678 tur
2224 2637 2367 2687 esse,
2398 2620 2494 2691 qui
2523 2621 2672 2676 hunc
2694 2636 2942 2675 errorem
2966 2629 3239 2676 errarent.

2176 2716 2192 2734 ⁸
2214 2712 2279 2767 11.
2301 2712 2649 2784 Encyelicarn
2670 2711 2944 2780 inscripsi,
2963 2712 3258 2781 siquidem,
3278 2721 3339 2767 ut
3355 2727 3421 2765 ex
3437 2710 3693 2780 sequenti

2103 2801 2336 2872 epistola
2368 2808 2604 2866 constat,
2637 2800 2803 2855 missa
2829 2799 2999 2853 sit~ad
3026 2801 3315 2870 utriusque
3337 2799 3545 2854 Cilicia
3568 2799 3692 2869 epi-

2103 2908 2323 2963 scopos,
2375 2892 2429 2948 id
2473 2900 2577 2957 est,
2624 2891 2693 2947 ad
2739 2891 3031 2961 utriusque
3057 2892 3355 2961 provincia
3404 2892 3690 2962 primates,

2105 2985 2432 3043 Tarsensem
2468 2984 2678 3053 prima,
2712 2982 3158 3038 Anazarbensem
3191 2983 3467 3047 secunda,
3499 2982 3596 3052 qui
3622 2981 3693 3036 de

2104 3092 2259 3130 more
2306 3075 2375 3129 ad
2423 3075 2718 3129 inferiores
2746 3076 2991 3146 reliquos
3036 3074 3498 3128 transmitterem.
3532 3072 3692 3127 Unde

2104 3167 2324 3236 Opinor,
2354 3165 2767 3221 Theodoretum
2800 3182 2911 3221 non
2934 3182 3057 3229 suo,
3092 3166 3188 3220 sed
3220 3165 3304 3219 vel
3332 3164 3695 3219 Antiochena

2102 3260 2189 3313 vel
2220 3257 2599 3328 Euphratesia
2628 3258 2820 3329 synodi
2845 3259 3069 3333 nomine
3096 3258 3405 3327 scripsisse.

2175 3349 2265 3405 IlI.
2306 3350 2381 3404 Ea
2408 3357 2736 3419 tempestate
2771 3349 3100 3405 Theodorus
3123 3348 3299 3410 Tarsi,
3340 3347 3516 3419 Cyrus
3541 3346 3683 3400 Ana-

2104 3441 2255 3495 zarbi
2289 3440 2477 3495 sedem
2508 3440 2766 3506 tenebat,
2825 3449 2888 3495 ut
2922 3440 3204 3511 colligitur
3232 3455 3300 3494 ex
3328 3435 3690 3509 sequentibus

2108 3533 2335 3606 synodis
2359 3533 2537 3587 tribus
2566 3548 2694 3587 mox
2715 3533 2938 3587 habitis.

2176 3624 2265 3679 lV.
2301 3624 2475 3679 Porro
2503 3633 2684 3678 autem
2721 3623 2777 3678 in
2804 3623 2908 3677 hac
2932 3622 3191 3693 pericope
3221 3640 3235 3675 :
3274 3641 3292 3672 ί
3312 3620 3454 3676 Sunt
3477 3629 3689 3686 autem,

2102 3717 2197 3787 qui
2220 3717 2426 3782 dicant,
2455 3716 2747 3771 calumnia
2770 3731 2992 3769 causam
3018 3730 3117 3770 eos
3138 3714 3386 3783 arripere
3409 3729 3478 3768 ex
3496 3711 3691 3782 paucis

2101 3806 2471 3876 quibusdam,
2529 3803 2625 3873 qui
2677 3803 2823 3873 apud
2873 3819 2976 3858 nos
3030 3803 3105 3858 ita
3149 3803 3428 3868 sentiunt;
3459 3820 3478 3853 ι
3531 3816 3689 3855 com-

2100 3896 2364 3951 mutanda
2392 3894 2610 3949 videtur
2636 3909 2744 3948 vox
2773 3893 2963 3963 prima
2996 3908 3269 3962 persona,
3292 3892 3349 3946 in
3368 3905 3563 3946 vocem
3602 3906 3692 3945 se-

2102 3987 2316 4052 cunda,
2356 3985 2820 4055 scribendumque
2851 3985 2906 4039 in
2928 3992 3079 4039 tequ
3101 3984 3351 4040 Graec"
3382 3987 3513 4055 παρ’
3535 3984 3689 4053 ὑμῖν,

2100 4094 2212 4134 non
2239 4078 2369 4149 παρ’
2400 4078 2561 4148 ἡμῖν,
2596 4077 2651 4132 in
2684 4077 2882 4132 Latino
2909 4077 3051 4150 apud
3078 4093 3189 4139 vos,
3242 4091 3355 4130 non
3380 4074 3526 4145 apud
3548 4091 3644 4128 nos
3667 4090 3690 4129 :

2102 4179 2254 4237 totus
2276 4170 2424 4225 enim
2450 4177 2744 4235 contextus
2774 4170 2917 4224 hanc
2938 4168 3379 4224 emendationem
3401 4167 3589 4237 exigit.

2100 4283 2262 4354 332
2278 4282 2521 4354 Epistola
2539 4282 2628 4347 85,
2655 4281 2981 4353 apologen'ca
3003 4281 3073 4335 ad
3087 4279 3347 4335 Basiliam
3363 4280 3685 4350 episcopum.

2173 4396 2215 4451 I.
2249 4395 2601 4451 Mani-festum
2632 4394 2803 4450 habet
2851 4394 3115 4465 temporis
3142 4393 3405 4449 indicium
3439 4412 3452 4447 :
3482 4392 3687 4462 scripta

410 4485 660 4533 terarum
686 4484 1081 4539 commercium
1106 4525 1122 4548 ,
1181 4493 1240 4540 ut
1270 4485 1433 4539 tacite
1457 4484 1697 4541 dilueret
1727 4486 1996 4558 obiectam
2029 4479 2075 4537 Ι)
2100 4490 2248 4545 enim
2294 4498 2378 4543 est
2403 4488 2582 4558 primo
2624 4495 2747 4557 post
2785 4486 2943 4541 datas
2983 4503 3014 4541 a
3055 4484 3404 4540 Theodoreto
3432 4483 3501 4538 ad
3524 4484 3686 4538 Dios-

410 4568 578 4623 animi
601 4570 655 4624 in
678 4569 942 4643 Cyrillum
963 4575 1361 4646 impotentiam.
1383 4574 1587 4632 Veruln
1608 4579 1734 4634 silet
1759 4594 2000 4648 conque-

411 4669 557 4715 stum
585 4677 706 4718 esse
746 4663 944 4721 Joanni
972 4666 1318 4723 Antiocheno
1356 4666 1619 4740 Cyrillum
1645 4709 1660 4735 ,
1711 4669 1858 4742 quod
1883 4669 1999 4724 suis

413 4751 612 4808 litteris
640 4754 984 4812 abuteretur.

486 4842 625 4900 Vlll.
678 4846 927 4917 Denique
976 4848 1437 4904 anathematismo
1472 4848 1634 4903 fidem
1667 4864 1824 4903 suam
1859 4865 1993 4905 con-

411 4929 585 4984 cludit
629 4950 642 4986 :
698 4953 714 4984 ι
741 4934 796 4989 Si
823 4936 950 5005 quis
976 4944 1221 4990 sanctam
1247 4937 1525 5008 Virginem
1561 4938 1848 5008 Deiparam
1882 4955 1991 4995 non

411 5019 567 5085 dicit,
592 5032 688 5079 aut
709 5041 911 5093 purum
932 5026 1213 5081 hominem
1236 5037 1395 5081 vocat
1427 5027 1720 5082 Dominum
1741 5040 1992 5085 nostrum

413 5112 595 5167 losum
640 5114 956 5180 Christum,
1007 5117 1095 5172 vel
1146 5121 1201 5171 in
1244 5117 1384 5173 duos
1412 5118 1556 5174 ﬁlios
1593 5119 1791 5175 dividit
1821 5138 1991 5177 unum

412 5202 764 5274 Unigenitum
801 5221 868 5261 ac
884 5206 1311 5277 primogenitum
1329 5209 1509 5265 omnis
1525 5218 1823 5267 creatura:
1848 5227 1879 5267 a
1896 5228 1993 5283 spe

413 5293 468 5347 in
492 5293 772 5351 Christum
799 5296 1019 5352 excidat
1040 5336 1055 5362 ,
1089 5307 1147 5353 et
1172 5298 1319 5354 dicet
1344 5302 1524 5356 omnis
1548 5304 1784 5374 populus
1810 5305 1988 5371 :Fiat,

413 5384 522 5441 list.
538 5406 554 5438 ι
594 5387 796 5441 Verum
816 5387 1011 5442 eadem
1035 5389 1203 5444 verba
1226 5390 1514 5448 Nestorius
1535 5394 1652 5449 sine
1667 5397 1990 5471 pra-judicio

2099 4596 2291 4636 eorum
2344 4579 2713 4651 apologetieas
2741 4579 2985 4645 litteras;
3019 4579 3283 4643 secundo,
3312 4587 3435 4649 post
3455 4578 3684 4632 missum

2098 4685 2129 4723 a
2153 4670 2417 4726 Dioscoro
2444 4669 2962 4740 Constantinopolin
2988 4669 3306 4739 episcopum
3327 4710 3341 4735 ,
3376 4669 3473 4738 qui
3499 4668 3685 4723 Theo-

2097 4761 2350 4816 doretum
2380 4761 2625 4830 aliosque
2654 4760 2963 4816 Orientales
2997 4760 3141 4829 apud
3173 4761 3564 4829 imperatorem
3594 4775 3687 4814 ac-

2097 4862 2348 4920 cusaret;
2405 4854 2603 4918 tertio,
2657 4852 2822 4907 simul
2869 4867 2994 4906 cum
3029 4852 3261 4922 epistola
3284 4858 3682 4920 consequente,

2100 4946 2359 5002 Flaviano
2405 4947 2701 5016 inscripta;
2764 4953 2820 5001 et
2870 4954 2994 5015 post
3030 4945 3365 5017 eneyclicam
3392 4944 3683 5014 epistolam

2099 5039 2165 5093 ad
2198 5039 2483 5108 utriusque
2510 5037 2717 5092 Cilicia
2742 5037 3027 5107 primates.

2171 5131 2237 5185 II.
2292 5131 2417 5186 Hac
2453 5131 2560 5184 tria
2616 5128 2899 5183 suntanni
2927 5129 3032 5183 448
3085 5126 3678 5197 ineipientisindicia:

2100 5236 2227 5274 nam
2262 5220 2555 5275 Flavianus
2578 5218 2845 5274 successit
2870 5219 3066 5274 Proclo
3096 5219 3200 5273 sub
3222 5218 3386 5273 linem
3407 5219 3534 5272 anni
3553 5218 3679 5273 M7.

2099 5312 2484 5366 Theodoretns
2513 5311 2882 5381 apologeticas
2909 5310 3131 5381 scripsit
3155 5310 3223 5364 ad
3244 5310 3568 5364 Dioscorum
3592 5308 3685 5364 lit-

2097 5404 2245 5453 teras
2267 5415 2411 5455 anno
2438 5399 2538 5457 417
2559 5400 2671 5469 jam
2697 5399 2916 5465 allecto,
2944 5408 3000 5453 et
3023 5415 3090 5454 eo
3115 5407 3361 5469 tempore
3382 5399 3681 5455 Dioscorus

1779 5550 2100 5630 scnULG
2136 5574 2370 5631 sons.

482 5690 532 5721 ⁷ο
564 5688 640 5742 Ad
672 5703 875 5771 annum
899 5691 1100 5753 Christi
1131 5699 1254 5763 448,
1281 5701 1517 5757 refertur
1546 5705 1705 5766 intra,
1729 5722 1760 5759 (ε
1805 5707 1857 5771 6,
1883 5708 1911 5775 ᾗ
1942 5707 1985 5759 1.

482 5769 601 5828 runt
618 5760 890 5821 nonnulli.
916 5763 1142 5822 Prastat
1170 5779 1352 5827 autem
1380 5773 1545 5830 lectio
1579 5777 1881 5835 ἀκροατῶν.
1907 5780 2005 5831 aud

2103 5731 2105 5738 ·
2137 5709 2336 5763 Vid.su
2382 5726 2461 5791 ra,
2493 5727 2546 5792 p.
2585 5712 2680 5765 l75
2704 5720 2759 5765 et
2797 5711 2919 5791 .529.
2999 5714 3041 5744 ⁷³
3066 5714 3220 5767 Hom.
3258 5712 3354 5765 ἀνθ
3395 5712 3580 5769 ώπων.
3607 5722 3680 5789 ut

2103 5796 2230 5835 rum.
2267 5781 2310 5813 ⁷³
2341 5726 2463 5835 Qtd.
2494 5791 2654 5835 Istam
2688 5782 2980 5835 lectionem
3011 5799 3193 5835 supra.
3228 5792 3267 5835 t.
3302 5731 3394 5835 1v?
3426 5798 3481 5835 ι).
3517 5782 3674 5835 1152.

410 5757 601 5831 legunt
618 5760 890 5821 nonnulli.
916 5763 1142 5822 Prastat
1170 5757 1352 5827 autem
1380 5757 1555 5830 lectio
1568 5757 2005 5845 ίᾶέιρὸᾷτῶὗῗαὶιὰ

2103 5757 2232 5836 ηιὶὲιῖ
2245 5757 2255 5761 ⁷
2267 5757 2310 5813 τῖ

2389 5781 2463 5835 id.
2494 5781 2654 5837 istam
2688 5782 2980 5839 lectionem
3011 5799 3193 5846 supra.
3228 5792 3267 5839 t.
3302 5781 3393 5850 IV,
3423 5798 3481 5854 p.
3517 5782 3674 5838 “5:2.
