4070 6444
230 396 337 464 Ml

1431 404 1530 465 DE
1569 403 1826 464 LIBRlS
1859 401 2375 463 THEODORETI.

3418 400 3526 463 282

233 513 342 584 jam
395 512 630 568 miserat
674 511 732 566 in
777 513 975 568 urbem
1034 512 1238 583 regiam
1294 520 1670 567 accusatorem
1718 510 1838 581 epi-
1868 518 1915 574 Α
1944 511 2134 581 bytero
2163 510 2430 573 habitam,
2461 510 2896 581 expositamque,
2929 520 2991 567 ut
3027 513 3246 583 Opinor,
3286 512 3530 568 Athana.

237 616 494 673 scopum.

303 694 399 748 III.
438 694 705 761 Basilius,
745 695 837 750 cui
866 694 1101 765 epistola
1129 691 1478 759 inscribitur,
1508 693 1645 763 quin
1672 691 1841 748 fuerit

234 785 513 841 Seleuciae
536 788 856 858 episcOpus,
890 802 956 841 ac
987 785 1209 841 Isauriae
1230 786 1457 854 primas,
1501 785 1693 839 nullus
1718 783 1837 838 fere

230 876 437 934 dubito
463 898 477 932 :
502 895 634 933 nam
655 889 713 937 et
729 862 919 949 prima:
936 878 1145 934 Ciliciae
1163 878 1383 933 vicinus
1400 886 1542 941 erat,
1559 886 1616 931 et
1631 890 1843 945 magna:

231 978 369 1024 tunc
415 971 795 1035 auctoritatis,
834 970 1003 1025 etiam
1040 971 1094 1021 in
1124 969 1250 1024 aula
1271 1008 1287 1034 ,
1350 976 1408 1023 et
1439 966 1680 1022 amicitia
1712 982 1840 1023 cum

233 1060 602 1117 Theodoreto
630 1063 986 1131 conjunctus.
1043 1041 1128 1123 Ο

300 1154 397 1209 ιν.
439 1152 727 1209 Successit
749 1151 1015 1216 Dexiano,
1056 1149 1149 1220 qui
1175 1150 1413 1205 concilio
1443 1149 1723 1222 Ephesino
1756 1148 1841 1204 in-

238 1244 461 1311 terfuit;
484 1244 667 1300 adfuit
692 1258 825 1298 vero
853 1243 972 1313 ipse
1005 1250 1243 1311 quatuor
1267 1240 1518 1296 conciliis
1547 1257 1561 1295 :
1595 1240 1837 1295 Flaviani

234 1335 863 1405 Constantinopolitano
919 1333 1187 1388 adversus
1209 1333 1497 1403 Eutychen
1546 1349 1691 1387 anno
1711 1332 1836 1396 448,

235 1427 523 1498 Ephesiae
555 1425 806 1480 Dioscuri
860 1440 1008 1479 anno
1045 1424 1170 1488 449,
1222 1423 1838 1479 Chalcedonensicecu-

235 1518 458 1574 menico
486 1534 637 1572 anno
659 1517 786 1581 451,
838 1526 897 1571 et
943 1532 975 1571 e
1013 1532 1110 1571 sua
1140 1516 1365 1570 Isauria:
1393 1514 1603 1586 synodo
1636 1514 1704 1569 ad
1730 1515 1836 1570 im-

242 1622 555 1684 peratorem
589 1611 834 1666 Leonem
867 1609 1155 1684 rescripsit
1185 1624 1332 1664 anno
1355 1608 1480 1663 458.

321 1705 381 1759 ν.
418 1704 543 1759 Fuit
571 1704 740 1757 homo
771 1700 1204 1765 commutabilis,
1241 1700 1359 1754 sive
1385 1698 1534 1761 ﬁdei,
1570 1698 1686 1755 sive
1716 1715 1837 1753 ser-

245 1797 422 1850 monis
471 1813 486 1848 :
543 1810 670 1849 nam
710 1795 1001 1866 Eutychen
1024 1793 1304 1848 damnavit
1331 1808 1458 1847 cum
1482 1792 1741 1846 Flaviano
1777 1791 1834 1846 in

1943 599 2012 653 sii
2071 598 2376 670 Cyrillique
2441 600 2511 653 de
2587 615 2693 654 una
2758 601 2925 656 Verbi
2994 604 3264 659 incarnati
3333 615 3532 659 natura

1941 691 2293 753 sententiam,
2325 691 2616 745 anathema
2644 692 2893 747 dicerent
2920 694 3008 755 iis.
3037 695 3131 765 qui
3156 695 3438 750 Christum
3474 696 3529 751 in

1941 778 2081 833 duos
2099 773 2253 833 't‘tlios
2285 778 2618 846 dividerent,
2655 782 3085 854 nominatimque
3109 786 3126 805 '
3160 784 3527 851 Theodoreto,

1942 871 2093 925 velut
2128 870 2377 925 omnium
2420 871 2784 927 nobilissimo.
2812 873 3132 930 Tumultum
3180 876 3366 944 populi
3394 893 3527 929 ana-

1943 961 2125 1014 thema
2170 960 2560 1031 ingeminantis
2588 977 2696 1015 non
2750 963 3013 1032 repressit
3055 965 3368 1029 Dioscorus,
3429 966 3525 1020 sed

1940 1050 2220 1120 excipiens
2262 1051 2331 1106 de
2372 1066 2523 1105 more
2559 1051 2807 1107 docentis
2840 1069 3187 1120 sermonem,
3234 1067 3385 1112 stans
3425 1074 3526 1113 suo

1938 1139 2106 1196 etiam
2139 1141 2580 1212 suﬂ‘ragiojuvit.
2620 1144 2797 1200 «Tulit
2820 1147 3076 1218 illos,qui
3104 1148 3269 1202 nobis
3293 1151 3526 1204 anathe-

1938 1246 2027 1285 ma
2055 1231 2321 1298 dicerent,
2352 1249 2689 1305 surgensque
2715 1245 2769 1291 et
2798 1239 3108 1294 acclamans
3146 1241 3367 1293 illorum
3425 1257 3523 1295 vo-

1940 1336 2034 1376 ces
2071 1322 2438 1378 conﬁrmavit.
2476 1349 2495 1376 ο

2000 1413 2054 1466 5.
2083 1412 2198 1468 Sub
2223 1415 2418 1469 Proclo
2445 1418 2741 1488 contigisse
2786 1429 2847 1474 ut
2874 1420 3208 1476 Antiocheni
3244 1424 3525 1479 consenti-

1939 1512 2064 1557 rent
2091 1504 2146 1557 in
2175 1505 2768 1579 Constantinopolitani
2808 1513 3071 1568 antistitis
3118 1515 3526 1584 prasidentiam

1936 1608 1967 1648 a
1995 1596 2238 1651 secundo
2268 1599 2505 1654 concilio
2537 1603 2781 1670 generali
2813 1613 3096 1661 statutam.

2004 1687 2057 1741 4.
2071 1688 2226 1745 Unde
2241 1699 2429 1745 natum
2448 1692 2518 1747 sit
2532 1693 2777 1748 Dioscori
2804 1695 2861 1750 in
2874 1696 3159 1753 Theodore
3170 1707 3283 1752 tum
3303 1699 3488 1754 odium
3509 1718 3522 1753 :

1938 1779 2173 1834 credidit
2214 1782 2363 1836 enim
2408 1782 2771 1842 Antiochenis
2808 1798 3093 1844 auctorem
3140 1790 3335 1856 fuisse,
3369 1808 3527 1847 nova:

242 1887 376 1942 urbe
404 1886 580 1956 regia,
616 1885 857 1940 absolvit
891 1900 1020 1941 cum
1048 1884 1314 1939 Dioscoro
1336 1882 1560 1953 Ephesi,
1585 1898 1839 1937 exsecra—
1871 1890 1910 1943 Β
1940 1871 2127 1924 Roma?
2153 1872 2373 1941 Prwsuli
2397 1872 2692 1942 primatum
2730 1876 2985 1932 cedendi.

238 1990 326 2035 tus
352 1987 441 2033 est
471 1993 603 2032 cum
626 1976 880 2032 Ecclesia
907 1973 1284 2039 Chalcedone,
1316 1972 1410 2027 ubi
1438 1970 1678 2032 veniam,
1708 1985 1836 2023 cum

233 2084 352 2125 eam
388 2068 722 2139 suppliciter
765 2074 1054 2138 rogasset,
1104 2065 1215 2119 vim
1245 2064 1351 2120 sibi
1379 2063 1585 2119 illatam
1633 2062 1832 2132 Ephesi

233 2168 518 2226 causatus,
579 2159 845 2214 Dioscoro
870 2158 1005 2213 licet
1027 2171 1221 2228 preces
1246 2157 1521 2222 elevante,
1571 2154 1830 2210 obtinuit.

234 2296 476 2369 Epistola
509 2295 602 2362 86,
634 2295 1012 2419 deprecator?!
1029 2295 1099 2349 ad
1118 2293 1439 2349 Flavianum
1460 2291 1836 2349 Constantino-

878 2381 944 2419 no
970 2383 985 2418 τ
1014 2381 1199 2419 anum.

877 2381 1199 2436 pomarium.

302 2503 347 2557 l.
381 2502 643 2558 Pertinet
692 2502 885 2573 procul
920 2501 1093 2557 dubio
1146 2500 1215 2555 ad
1246 2515 1450 2555 annum
1480 2501 1607 2556 M7.
1641 2500 1833 2570 Neque

233 2595 376 2649 enim
402 2595 590 2665 potuit
615 2603 713 2648 aut
734 2594 904 2649 citius
930 2592 1125 2657 scribi,
1150 2600 1247 2646 aut
1267 2593 1447 2647 serius
1474 2610 1487 2646 :
1515 2608 1627 2647 non
1643 2592 1830 2658 citius,

234 2686 362 2757 quia
410 2685 714 2740 Flavianus
759 2685 1035 2740 successit
1064 2684 1263 2739 Proclo
1295 2684 1408 2739 vita
1435 2683 1624 2739 functo
1652 2684 1741 2739 die
1761 2683 1835 2739 24

236 2774 492 2833 Octobris
542 2777 675 2830 anni
717 2776 857 2843 447;
914 2791 1025 2830 non
1062 2775 1295 2840 tardius,
1339 2791 1464 2829 cum
1492 2774 1835 2845 praecesserit

247 2867 509 2938 synodum
531 2883 562 2922 a
588 2868 854 2922 Flaviano
880 2867 1149 2923 adversus
1164 2866 1448 2938 Eutychen
1474 2865 1714 2920 habitam
1738 2880 1836 2919 an-

250 2974 322 3013 no
341 2958 444 3013 H8
466 2959 551 3014 die
574 2969 777 3014 octavo
799 2958 1149 3014 Novembris.
1201 2959 1378 3022 Adde,
1410 2958 1558 3028 quod
1582 2957 1833 3029 ejusdem

244 3051 313 3107 sit
337 3052 644 3122 argumenti
672 3066 798 3106 cum
821 3051 1186 3121 praecedente.

309 3142 373 3196 II.
411 3142 488 3197 De
515 3142 780 3197 Flaviano
800 3142 1010 3198 dictum
1038 3152 1200 3199 antea
1233 3144 1302 3198 ad
1325 3142 1615 3213 epistolam
1636 3140 1724 3195 II.

1999 1958 2052 2014 5.
2089 1957 2214 2014 Hinc
2250 1961 2437 2027 verba,
2476 1962 2767 2019 Dioscorus.
2803 1967 3083 2037 epistolam
3130 1969 3201 2023 ad
3239 1987 3333 2024 nos
3387 1974 3525 2026 scri-

1936 2052 2061 2121 psit,
2094 2060 2226 2117 etc.,
2268 2053 2584 2123 accipienda
2627 2072 2737 2110 non
2784 2073 2906 2112 esse
2939 2059 3007 2114 de
3043 2060 3272 2130 privatis
3303 2062 3522 2128 litteris,

1937 2143 2094 2212 quasi
2128 2143 2423 2199 Dioscorus
2448 2146 2799 2203 Theodoreto
2833 2149 3045 2220 aliquas
3074 2151 3310 2218 dederit;
3339 2154 3435 2208 sed
3456 2154 3526 2210 de

1936 2235 2326 2292 communibus
2359 2238 2543 2293 missis
2574 2239 2640 2294 ad
2680 2241 2975 2308 Donmum,
3010 2260 3242 2312 quarum
3273 2245 3529 2301 Theodo-

1935 2337 2110 2391 retus,
2131 2328 2380 2384 scribens
2408 2330 2691 2397 Dioscoro,
2712 2334 2981 2389 meminit.
3002 2336 3082 2390 Ad
3120 2336 3391 2392 Domuum
3422 2338 3527 2393 illa;

1934 2426 1992 2473 et
2022 2418 2091 2473 ad
2137 2420 2258 2491 ejus
2302 2422 2572 2493 synodum
2605 2424 3025 2496 dirigebantur;
3072 2429 3219 2498 quod
3260 2428 3330 2485 de
3373 2445 3527 2485 more

1934 2513 2121 2580 ﬁebat,
2158 2531 2284 2570 cum
2317 2518 2536 2589 negotia
2566 2520 2838 2590 ejusmodi
2865 2530 3255 2581 tractarentur.

1999 2607 2063 2662 V.
2110 2608 2314 2663 Verum
2355 2609 2460 2663 hoc
2500 2610 2558 2664 in
2612 2611 2734 2666 loco
2782 2610 3023 2668 ﬁnienda
3073 2623 3158 2668 est
3204 2624 3527 2670 controver-

1933 2699 2013 2754 sia
2031 2740 2045 2762 ,
2073 2716 2195 2770 qua:
2216 2716 2342 2756 eum
2374 2702 2610 2757 Baronio
2646 2704 2831 2761 habita
2853 2714 2939 2761 est
2966 2705 3022 2761 in
3046 2707 3166 2761 Vita
3193 2707 3529 2763 Theodoreti

1933 2793 2111 2861 capite
2128 2793 2158 2846 7
2176 2794 2241 2845 ⁷⁸.
2267 2792 2440 2848 Suum
2457 2794 2667 2850 scilicet
2690 2796 2744 2850 in
2762 2811 2985 2852 sensum
3008 2801 3345 2869 exponendas
3365 2816 3530 2855 voces

1934 2880 2099 2952 hujus
2121 2883 2385 2952 epistolae,
2415 2901 2537 2953 quae
2585 2886 2958 2942 illustrissimo
3001 2889 3256 2958 scriptori
3286 2890 3530 2945 occasio-

1934 2984 2061 3024 nem
2086 2969 2357 3024 dederunl
2383 2972 2836 3028 comminiscendi
2861 2976 3180 3041 concilium,
3216 2977 3284 3031 de
3308 2993 3418 3047 quo
3450 2978 3528 3032 ibi

1934 3061 2192 3116 diximus.
2225 3061 2365 3116 Sunt
2405 3072 2590 3117 autem
2626 3064 2895 3133 ejusmodi
2930 3082 2942 3117 :
2990 3084 3007 3115 r
3042 3065 3212 3129 Scito,
3280 3066 3523 3129 domine,

1937 3151 2081 3207 hanc
2109 3152 2263 3206 illum
2293 3153 2660 3224 (Dioscorum)
2694 3154 2959 3209 adversus
2982 3171 3083 3210 nos
3107 3154 3530 3226 pusillanimita—

308 3235 401 3291 lII.
432 3236 491 3289 In
509 3235 746 3305 epistola
769 3234 1090 3300 continetur
1109 3232 1833 3304 vehemensquerelaTheo-
1863 3226 1906 3283 (ἶ
1940 3250 2050 3298 tem
2086 3258 2312 3314 gerere,
2349 3260 2417 3300 ex
2460 3260 2572 3314 quo
2620 3245 2899 3317 synodicis
2945 3246 3145 3302 vestris
3201 3247 3305 3301 sub
3354 3246 3530 3302 beatae

232 3327 410 3382 doreti
440 3326 511 3381 de
542 3328 826 3391 Dioscoro,
881 3343 1007 3396 quae
1045 3336 1314 3398 quantum
1341 3326 1703 3381 nihilominus
1727 3324 1836 3379 dif-

234 3419 373 3473 ferat
415 3435 448 3472 a
487 3418 718 3488 querela
750 3418 1104 3488 postmodum
1149 3419 1295 3489 apud
1325 3428 1574 3474 sanctum
1595 3418 1835 3472 Leonem

234 3511 373 3565 facta
397 3551 414 3572 .
473 3526 642 3565 nemo
675 3509 769 3580 qui
796 3511 1017 3583 legerit,
1053 3526 1164 3566 non
1186 3511 1359 3566 videt.
1416 3510 1588 3565 Nemo
1616 3525 1835 3580 quoque

232 3620 338 3657 non
384 3603 521 3657 inde
566 3602 844 3674 intelligit,
901 3603 1143 3658 Leonem
1172 3603 1505 3673 appellatum
1530 3617 1652 3658 esse
1684 3602 1833 3657 velut

225 3696 510 3765 judicent;
548 3695 892 3761 Flavianum,
920 3704 981 3749 ut
1004 3703 1316 3765 patronum.

298 3790 393 3845 IV.
448 3790 659 3845 Praeter
700 3789 845 3845 hanc
873 3789 1300 3859 querimoniam,
1347 3788 1510 3859 digna
1534 3797 1683 3851 sunt,
1714 3801 1836 3857 qua:

231 3884 634 3947 observentur,
678 3882 727 3935 I.
758 3882 983 3936 Missum
1016 3896 1046 3935 a
1072 3880 1424 3936 Theodoreto
1450 3879 1834 3935 Alexandriam

240 3975 664 4045 presbyterum;
700 3973 1003 4031 Eusebium
1026 3972 1243 4042 opinor,
1264 3988 1362 4041 per
1385 3987 1548 4042 quem
1570 3971 1835 4025 Dioscoro

240 4067 608 4127 renuntiavit,
640 4081 698 4120 se
726 4065 1009 4137 synodicis
1034 4064 1221 4136 Cyrilli
1263 4072 1321 4118 et
1353 4062 1582 4119 Joannis
1609 4061 1845 4132 acquie-‘

234 4172 432 4217 mere.
490 4154 643 4225 quod
673 4154 942 4209 hactenus
970 4159 1249 4208 renuerat.
1276 4150 1457 4218 Quare
1483 4151 1574 4204 hic
1594 4150 1836 4219 primum

237 4248 455 4304 mentio
496 4246 560 4303 ﬁt
612 4246 868 4302 conversi
916 4245 986 4300 ad
1029 4253 1233 4299 rectam
1277 4242 1462 4305 fidem,
1520 4249 1615 4295 aut
1641 4241 1835 4295 saltem

238 4359 268 4393 a
292 4339 530 4410 pristina
554 4337 929 4393 obstinatione
949 4335 1264 4405 evigilantis
1281 4331 1618 4388 Theodoreti
1636 4349 1648 4382 :
1663 4346 1839 4401 quan-

239 4444 408 4496 quam
460 4428 624 4498 333
674 4425 990 4497 synodicas,
1039 4426 1152 4496 jam
1195 4423 1321 4479 inde
1356 4439 1387 4479 a
1414 4430 1660 4491 tempore
1686 4421 1837 4491 pacis

1939 3334 2216 3389 memoria:
2250 3335 2444 3390 Proclo
2481 3335 2639 3390 factis
2662 3377 2677 3400 ,
2710 3347 3026 3391 sanctorum
3060 3338 3283 3392 Patrum
3324 3337 3531 3409 regulis

1939 3424 2293 3491 inhacrentes,
2325 3427 2663 3481 assensimus
2696 3446 2708 3481 :
2740 3443 2804 3482 ac
2830 3428 2898 3484 de
2920 3432 3021 3483 hoc
3042 3445 3143 3483 nos
3172 3429 3339 3484 semel
3364 3439 3530 3499 atque

1939 3518 2141 3571 iterum
2178 3518 2516 3589 increpasse,
2541 3519 2697 3588 quasi
2730 3528 2786 3574 et
2813 3520 3307 3586 Antioclienorum,
3341 3530 3401 3576 ut
3428 3520 3525 3584 ait,

1939 3613 1995 3658 ct
2015 3604 2509 3660 Alexandrinorum
2534 3607 2661 3676 jura
2687 3607 3117 3677 prodiderimus.
3158 3630 3175 3660 ι

1999 3698 2147 3764 Quas
2175 3714 2307 3753 vero
2336 3698 2718 3754 Theodoretus
2750 3699 3042 3771 synodicas
3058 3700 3160 3755 sub
3200 3701 3395 3755 Proclo
3444 3700 3525 3755 fa-

1936 3801 2053 3845 ctas
2094 3790 2590 3861 ConstantinOpoli,
2620 3792 2770 3846 etab
2796 3792 3158 3847 Antiochenis
3198 3792 3529 3863 approbatas

1938 3891 2235 3946 memorat,
2291 3898 2402 3937 non
2429 3883 2566 3937 alias
2596 3884 2814 3953 opinor,
2860 3899 3023 3953 quam
3077 3899 3198 3953 qua:
3260 3885 3316 3939 in
3362 3900 3528 3939 causa

1938 3972 2217 4028 Athanasii
2260 3974 2665 4028 Perrhenorum
2712 3975 2954 4044 episcopi
2989 3975 3254 4030 confectae
3295 3984 3425 4030 sunt
3468 3976 3528 4031 in

1938 4065 2193 4127 concilio,
2231 4065 2374 4118 unde
2407 4065 2636 4119 Proclus
2679 4064 2744 4119 ad
2798 4066 3064 4119 Domnum
3102 4080 3167 4119 ea
3193 4065 3261 4119 de
3290 4080 3348 4121 re
3386 4064 3528 4120 scri-

1938 4157 2065 4225 psit.
2124 4156 2345 4210 Litterae
2408 4155 2556 4209 enim
2603 4156 2783 4210 Procli
2828 4157 3145 4211 referuntur
3197 4158 3254 4211 in
3285 4158 3525 4213 concilio

1936 4246 2100 4318 335.
2121 4246 2553 4301 Chalcedonensi
2602 4246 2708 4302 hoc
2755 4248 2965 4303 titulo:
3021 4249 3377 4321 Ἀντίγραφον
3409 4266 3531 4304 συν.

1940 4339 2119 4394 οδικοῦ
2163 4339 2507 4410 γράμματος.
2536 4338 2627 4409 Τῷ
2649 4339 2945 4411 ὁσιωτάτῳ,
2977 4340 3070 4394 καὶ
3107 4339 3525 4411 θεοφιλεστάτῳ,

1938 4431 2034 4486 καὶ
2083 4429 2479 4503 συλλειτουργῷ
2520 4430 2733 4503 Δόμνῳ,
2763 4431 3028 4501 Πρόκλος.
3061 4431 3119 4487 ἐν
3161 4430 3381 4503 Χριστῷ
3404 4431 3528 4503 χαι-

243 4520 416 4583 ‘mitaa,
453 4534 581 4575 cum
613 4519 983 4581 mitterentur,
1018 4518 1245 4587 legerat,
1276 4524 1333 4571 et
1362 4531 1426 4570 ea
1453 4522 1608 4586 parte
1634 4513 1835 4584 proba-
1871 4560 1912 4613 υ
1946 4542 2079 4596 ρειν,

242 4620 421 4673 vorat,
473 4626 584 4680 qua
621 4608 858 4663 duarum
886 4617 1208 4662 naturarum
1242 4607 1551 4662 doctrinam
1583 4605 1836 4662 contine-

241 4701 414 4770 bant;
481 4719 593 4757 non
643 4710 830 4757 tamen
874 4703 1298 4771 subscripserat,
1352 4701 1552 4772 partim
1597 4699 1838 4756 Nestorii

242 4810 456 4859 amore,
481 4795 683 4865 partim
705 4793 898 4867 Cyrilli
918 4794 1067 4849 odio.
1096 4793 1239 4849 Cave
1262 4808 1430 4864 porro
1449 4792 1836 4865 synodicarum

244 4888 563 4943 litterarum
593 4889 819 4943 nomine
867 4888 1146 4958 intelligas
1171 4901 1302 4953 eas,
1356 4902 1479 4956 qua:
1516 4885 1838 4940 anathema-

247 4979 443 5035 tismos
487 4980 818 5049 subjunctos
855 4979 1087 5046 habent;
1147 4978 1243 5034 sed
1296 4993 1419 5050 qua:
1451 4978 1520 5033 ab
1553 4977 1621 5031 iis
1654 4975 1839 5031 verbis

247 5068 466 5126 initium
494 5072 711 5126 ducunt
737 5089 750 5125 :
776 5070 1047 5126 Latentur
1066 5070 1202 5136 coeli,
1237 5078 1344 5125 etc.

317 5162 370 5217 2.
398 5165 692 5232 Quomodo
727 5165 782 5218 in
809 5179 1073 5218 canonem
1099 5163 1381 5218 Nicaenum
1406 5175 1660 5232 peccasse
1687 5160 1844 5215 Dios-

242 5270 415 5313 corus
454 5274 485 5312 a
523 5257 875 5313 Theodoreto
909 5256 1133 5324 dicitur,
1172 5263 1234 5310 ut
1256 5254 1351 5325 qui
1374 5254 1442 5310 de
1465 5253 1655 5309 aliena:
1701 5253 1844 5308 diue-

240 5350 389 5404 eesis
439 5348 670 5405 homine
713 5348 985 5419 judicium
1026 5348 1341 5403 exercuerit
1374 5364 1387 5400 :
1417 5360 1729 5417 quanquam
1775 5360 1846 5399 ne

237 5437 438 5496 violati
460 5438 696 5494 canonis
721 5438 985 5494 invidiam
1037 5438 1367 5502 incurreret,
1390 5436 1589 5509 judicii
1615 5436 1845 5491 formam

238 5547 357 5587 non
389 5532 595 5595 tenuit,
625 5532 722 5587 sed
751 5531 948 5587 callide
983 5531 1199 5587 induxit
1225 5541 1574 5588 accusatores
1594 5528 1849 5586 Orienta-

241 5624 386 5678 lium
417 5624 745 5689 monachos,
782 5621 878 5693 qui
898 5631 1028 5693 post
1066 5623 1386 5681 concionem
1407 5621 1477 5679 de
1502 5621 1607 5678 [ide
1635 5637 1665 5676 a
1690 5636 1847 5693 pres-

2012 4618 2199 4672 Potest
2233 4628 2411 4672 tamen
2459 4615 2700 4671 suboriri
2747 4615 3011 4670 nonnulla
3042 4615 3296 4685 quaestio,
3336 4631 3530 4685 quam-

1942 4709 2155 4772 obrem,
2184 4708 2228 4762 si
2258 4723 2346 4762 res
2373 4708 2446 4760 ita
2464 4723 2523 4761 se
2549 4707 2764 4772 habuit,
2790 4716 2852 4760 ut
2868 4705 3126 4771 diximus,
3151 4704 3531 4760 Theodoretus

1941 4798 2256 4869 scripserit,
2289 4799 2664 4855 Antiochenos
2695 4814 2979 4855 assensum
3007 4797 3309 4868 praebuisse
3348 4795 3532 4853 Procli

1943 4889 2239 4962 synodicis,
2279 4892 2392 4953 τοῖς
2416 4889 2526 4942 τῶν
2556 4890 2727 4958 ἁγίων
2758 4890 3015 4959 πατέρων
3048 4892 3269 4942 κανόσιν
3303 4888 3531 4941 ἀκολου-

1945 4981 2249 5051 θήσανταςε
2277 4996 2378 5035 cur
2405 4981 2628 5036 eosdem
2658 4981 3037 5036 Antiochenos
3068 4980 3368 5035 Dioscorus
3407 4995 3536 5050 pro-

1946 5072 2074 5126 dita:
2095 5087 2207 5126 sua:
2243 5086 2308 5125 ac
2337 5071 2723 5127 Alexandrinae
2750 5070 3013 5126 Ecclesiae
3053 5085 3181 5125 reos
3223 5069 3448 5134 fecerit;
3475 5077 3533 5124 et

1948 5180 2058 5235 quo
2103 5164 2159 5217 in
2189 5164 2359 5235 gradu
2392 5172 2524 5219 tunc
2572 5163 2836 5234 temporis
2860 5162 3156 5218 Dioscorus
3199 5160 3533 5216 constitutus

1948 5265 2115 5310 CSSCL

2012 5347 2214 5401 Verum
2243 5353 2304 5401 ut
2337 5361 2368 5401 a
2405 5354 2684 5415 postremo
2710 5341 2919 5404 ordiar,
2940 5339 3238 5394 Dioscorus
3265 5351 3390 5391 cum
3416 5336 3531 5389 An-

1948 5436 2218 5492 tiocheuis
2242 5436 2450 5490 crimen
2494 5430 2822 5503 proditionis
2841 5428 3128 5497 objiceret,
3176 5441 3374 5482 recens
3409 5440 3536 5480 suc-

1948 5535 2189 5583 cesserat
2213 5525 2268 5580 in
2300 5524 2489 5595 Cyrilli
2513 5522 2693 5576 locum
2726 5519 2816 5574 die
2844 5517 2915 5573 28
2936 5517 3205 5582 Januarii,
3245 5531 3392 5570 anno
3428 5514 3534 5569 444

1950 5619 2217 5674 defuncti.
2243 5616 2458 5689 Objccit
2482 5628 2636 5678 vero,
2673 5611 2801 5683 quia
2824 5611 3066 5667 Domnus
3089 5606 3365 5681 synodicis
3395 5605 3530 5662 Pro-

1603 5777 1918 5833 SCIIL‘LZII
1974 5774 2204 5831 ΝΟΤίΕ.

318 5870 365 5903 ⁷⁸
397 5868 527 5927 \'id.
551 5883 739 5943 supra,
761 5886 817 5945 p.
852 5869 972 5925 172.

3549 5252 3557 5313 !
