  <div class='ocr_page' id='page_1' title='image "/cluster/home/n/w/nwhite01/storage/ocr_20150623/84:no.5/coo.31924054869858/149.png"; bbox 0 0 4070 6442; ppageno 0'>
   <div class='ocr_carea' id='block_1_1' title="bbox 593 392 699 456">
    <p class='ocr_par' dir='ltr' id='par_1_1' title="bbox 593 392 699 456">
     <span class='ocr_line' id='line_1_1' title="bbox 593 392 699 456; baseline 0.028 -3"><span class='ocrx_word' id='word_1_1' title='bbox 593 392 699 456; x_wconf 76' lang='lat'><strong>283</strong></span> 
     </span>
    </p>
   </div>
   <div class='ocr_carea' id='block_1_2' title="bbox 1723 392 2735 455">
    <p class='ocr_par' dir='ltr' id='par_1_2' title="bbox 1723 392 2735 455">
     <span class='ocr_line' id='line_1_2' title="bbox 1723 392 2735 455; baseline -0.004 -1"><span class='ocrx_word' id='word_1_2' title='bbox 1723 395 2101 455; x_wconf 82' lang='lat' dir='ltr'><strong>GARNERII</strong></span> <span class='ocrx_word' id='word_1_3' title='bbox 2142 392 2636 453; x_wconf 78' lang='lat' dir='ltr'><strong>DISSERTATIO</strong></span> <span class='ocrx_word' id='word_1_4' title='bbox 2676 392 2735 451; x_wconf 87' lang='lat' dir='ltr'><strong>II</strong></span> 
     </span>
    </p>
   </div>
   <div class='ocr_carea' id='block_1_3' title="bbox 3750 382 3857 446">
    <p class='ocr_par' dir='ltr' id='par_1_3' title="bbox 3750 382 3857 446">
     <span class='ocr_line' id='line_1_3' title="bbox 3750 382 3857 446; baseline 0 0"><span class='ocrx_word' id='word_1_5' title='bbox 3750 382 3857 446; x_wconf 78' lang='lat'><strong>284</strong></span> 
     </span>
    </p>
   </div>
   <div class='ocr_carea' id='block_1_4' title="bbox 594 493 3859 572">
    <p class='ocr_par' dir='ltr' id='par_1_4' title="bbox 594 493 3859 572">
     <span class='ocr_line' id='line_1_4' title="bbox 594 493 3859 572; baseline -0.002 -17"><span class='ocrx_word' id='word_1_6' title='bbox 594 501 665 555; x_wconf 89' lang='lat' dir='ltr'><strong>cli</strong></span> <span class='ocrx_word' id='word_1_7' title='bbox 689 500 891 556; x_wconf 88' lang='lat' dir='ltr'><strong>litteris</strong></span> <span class='ocrx_word' id='word_1_8' title='bbox 928 499 1271 565; x_wconf 76' lang='lat' dir='ltr'><strong>admonitus,</strong></span> <span class='ocrx_word' id='word_1_9' title='bbox 1318 499 1671 572; x_wconf 89' lang='lat' dir='ltr'><strong>dijudicatam</strong></span> <span class='ocrx_word' id='word_1_10' title='bbox 1718 502 1997 556; x_wconf 76' lang='lat' dir='ltr'><strong>Athanasii</strong></span> <span class='ocrx_word' id='word_1_11' title='bbox 2040 503 2171 557; x_wconf 86' lang='lat' dir='ltr'><strong>Per-</strong></span> <span class='ocrx_word' id='word_1_12' title='bbox 2198 507 2242 563; x_wconf 76' lang='grc' dir='ltr'>Α</span> <span class='ocrx_word' id='word_1_13' title='bbox 2272 501 2417 556; x_wconf 89' lang='lat' dir='ltr'><strong>data.</strong></span> <span class='ocrx_word' id='word_1_14' title='bbox 2462 502 2589 556; x_wconf 92' lang='lat' dir='ltr'><strong>Fuit</strong></span> <span class='ocrx_word' id='word_1_15' title='bbox 2633 501 2926 571; x_wconf 70' lang='lat' dir='ltr'><strong>prmlectus</strong></span> <span class='ocrx_word' id='word_1_16' title='bbox 2970 496 3126 553; x_wconf 84' lang='lat' dir='ltr'><strong>urbis</strong></span> <span class='ocrx_word' id='word_1_17' title='bbox 3160 493 3667 564; x_wconf 78' lang='lat' dir='ltr'><strong>ConstantinOpolis</strong></span> <span class='ocrx_word' id='word_1_18' title='bbox 3712 508 3859 548; x_wconf 89' lang='lat' dir='ltr'><strong>anno</strong></span> 
     </span>
    </p>
   </div>
   <div class='ocr_carea' id='block_1_5' title="bbox 595 588 2170 660">
    <p class='ocr_par' dir='ltr' id='par_1_5' title="bbox 595 588 2170 660">
     <span class='ocr_line' id='line_1_5' title="bbox 595 588 2170 660; baseline 0.001 -17"><span class='ocrx_word' id='word_1_19' title='bbox 595 590 811 645; x_wconf 85' lang='lat' dir='ltr'><strong>rhensis</strong></span> <span class='ocrx_word' id='word_1_20' title='bbox 844 603 1062 644; x_wconf 81' lang='lat' dir='ltr'><strong>causam</strong></span> <span class='ocrx_word' id='word_1_21' title='bbox 1095 589 1496 659; x_wconf 86' lang='lat' dir='ltr'><strong>recognovcrit,</strong></span> <span class='ocrx_word' id='word_1_22' title='bbox 1530 588 1822 660; x_wconf 81' lang='lat' dir='ltr'><strong>quofacto</strong></span> <span class='ocrx_word' id='word_1_23' title='bbox 1847 591 2023 645; x_wconf 90' lang='lat' dir='ltr'><strong>videri</strong></span> <span class='ocrx_word' id='word_1_24' title='bbox 2070 606 2170 660; x_wconf 87' lang='lat' dir='ltr'><strong>po-</strong></span> 
     </span>
    </p>
   </div>
   <div class='ocr_carea' id='block_1_6' title="bbox 595 680 2172 751">
    <p class='ocr_par' dir='ltr' id='par_1_6' title="bbox 595 680 2172 751">
     <span class='ocr_line' id='line_1_6' title="bbox 595 680 2172 751; baseline -0.001 -16"><span class='ocrx_word' id='word_1_25' title='bbox 595 682 721 746; x_wconf 91' lang='lat' dir='ltr'><strong>tuit,</strong></span> <span class='ocrx_word' id='word_1_26' title='bbox 747 681 1040 751; x_wconf 80' lang='lat' dir='ltr'><strong>primatum</strong></span> <span class='ocrx_word' id='word_1_27' title='bbox 1060 680 1256 735; x_wconf 89' lang='lat' dir='ltr'><strong>Proclo</strong></span> <span class='ocrx_word' id='word_1_28' title='bbox 1272 680 1608 746; x_wconf 81' lang='lat' dir='ltr'><strong>concedere;</strong></span> <span class='ocrx_word' id='word_1_29' title='bbox 1638 680 1906 749; x_wconf 85' lang='lat' dir='ltr'><strong>siquidem</strong></span> <span class='ocrx_word' id='word_1_30' title='bbox 1935 689 1995 735; x_wconf 89' lang='lat' dir='ltr'><strong>ut</strong></span> <span class='ocrx_word' id='word_1_31' title='bbox 2012 681 2172 736; x_wconf 84' lang='lat' dir='ltr'><strong>amici</strong></span> 
     </span>
    </p>
   </div>
   <div class='ocr_carea' id='block_1_7' title="bbox 594 758 2175 843">
    <p class='ocr_par' dir='ltr' id='par_1_7' title="bbox 594 758 2175 843">
     <span class='ocr_line' id='line_1_7' title="bbox 594 758 2175 843; baseline 0.001 -18"><span class='ocrx_word' id='word_1_32' title='bbox 594 782 678 826; x_wconf 86' lang='lat' dir='ltr'><strong>est</strong></span> <span class='ocrx_word' id='word_1_33' title='bbox 703 770 931 840; x_wconf 84' lang='lat' dir='ltr'><strong>privatis</strong></span> <span class='ocrx_word' id='word_1_34' title='bbox 957 771 1160 825; x_wconf 80' lang='lat' dir='ltr'><strong>litteris</strong></span> <span class='ocrx_word' id='word_1_35' title='bbox 1196 785 1420 826; x_wconf 90' lang='lat' dir='ltr'><strong>monere</strong></span> <span class='ocrx_word' id='word_1_36' title='bbox 1446 771 1515 826; x_wconf 89' lang='lat' dir='ltr'><strong>de</strong></span> <span class='ocrx_word' id='word_1_37' title='bbox 1550 769 1747 837; x_wconf 89' lang='lat' dir='ltr'><strong>oﬁicio,</strong></span> <span class='ocrx_word' id='word_1_38' title='bbox 1793 770 1868 826; x_wconf 88' lang='lat' dir='ltr'><strong>ita</strong></span> <span class='ocrx_word' id='word_1_39' title='bbox 1898 758 2175 843; x_wconf 78' lang='lat' dir='ltr'><strong>synodicis</strong></span> 
     </span>
    </p>
   </div>
   <div class='ocr_carea' id='block_1_8' title="bbox 594 863 1308 933">
    <p class='ocr_par' dir='ltr' id='par_1_8' title="bbox 594 863 1308 933">
     <span class='ocr_line' id='line_1_8' title="bbox 594 863 1308 933; baseline -0.001 -15"><span class='ocrx_word' id='word_1_40' title='bbox 594 863 662 918; x_wconf 81' lang='lat' dir='ltr'><strong>ad</strong></span> <span class='ocrx_word' id='word_1_41' title='bbox 687 863 1029 933; x_wconf 84' lang='lat' dir='ltr'><strong>superiorem</strong></span> <span class='ocrx_word' id='word_1_42' title='bbox 1048 863 1308 932; x_wconf 83' lang='lat' dir='ltr'><strong>pertinet.</strong></span> 
     </span>
    </p>
   </div>
   <div class='ocr_carea' id='block_1_9' title="bbox 659 952 2177 1010">
    <p class='ocr_par' dir='ltr' id='par_1_9' title="bbox 659 952 2177 1010">
     <span class='ocr_line' id='line_1_9' title="bbox 659 952 2177 1010; baseline -0.001 -2"><span class='ocrx_word' id='word_1_43' title='bbox 659 953 780 1008; x_wconf 83' lang='lat' dir='ltr'><strong>Jam</strong></span> <span class='ocrx_word' id='word_1_44' title='bbox 818 968 951 1008; x_wconf 88' lang='lat' dir='ltr'><strong>vero</strong></span> <span class='ocrx_word' id='word_1_45' title='bbox 988 969 1114 1007; x_wconf 91' lang='lat' dir='ltr'><strong>cum</strong></span> <span class='ocrx_word' id='word_1_46' title='bbox 1146 952 1514 1008; x_wconf 84' lang='lat' dir='ltr'><strong>Alexandrina</strong></span> <span class='ocrx_word' id='word_1_47' title='bbox 1545 954 1705 1009; x_wconf 87' lang='lat' dir='ltr'><strong>sedes</strong></span> <span class='ocrx_word' id='word_1_48' title='bbox 1745 952 1985 1010; x_wconf 90' lang='lat' dir='ltr'><strong>secunda</strong></span> <span class='ocrx_word' id='word_1_49' title='bbox 2009 952 2177 1007; x_wconf 85' lang='lat' dir='ltr'><strong>fuerit</strong></span> 
     </span>
    </p>
   </div>
   <div class='ocr_carea' id='block_1_10' title="bbox 595 1041 2178 1112">
    <p class='ocr_par' dir='ltr' id='par_1_10' title="bbox 595 1041 2178 1112">
     <span class='ocr_line' id='line_1_10' title="bbox 595 1041 2178 1112; baseline 0 -17"><span class='ocrx_word' id='word_1_50' title='bbox 595 1048 718 1111; x_wconf 90' lang='lat' dir='ltr'><strong>post</strong></span> <span class='ocrx_word' id='word_1_51' title='bbox 738 1041 1058 1106; x_wconf 84' lang='lat' dir='ltr'><strong>Romanam,</strong></span> <span class='ocrx_word' id='word_1_52' title='bbox 1086 1041 1428 1096; x_wconf 88' lang='lat' dir='ltr'><strong>Antiochena</strong></span> <span class='ocrx_word' id='word_1_53' title='bbox 1460 1051 1582 1112; x_wconf 91' lang='lat' dir='ltr'><strong>post</strong></span> <span class='ocrx_word' id='word_1_54' title='bbox 1610 1042 2033 1098; x_wconf 81' lang='lat' dir='ltr'><strong>Alexandrinam</strong></span> <span class='ocrx_word' id='word_1_55' title='bbox 2067 1050 2178 1096; x_wconf 89' lang='lat' dir='ltr'><strong>ter-</strong></span> 
     </span>
    </p>
   </div>
   <div class='ocr_carea' id='block_1_11' title="bbox 599 1130 2178 1204">
    <p class='ocr_par' dir='ltr' id='par_1_11' title="bbox 599 1130 2178 1204">
     <span class='ocr_line' id='line_1_11' title="bbox 599 1130 2178 1204; baseline 0.001 -19"><span class='ocrx_word' id='word_1_56' title='bbox 599 1132 693 1197; x_wconf 87' lang='lat' dir='ltr'><strong>tia,</strong></span> <span class='ocrx_word' id='word_1_57' title='bbox 723 1130 890 1202; x_wconf 87' lang='lat' dir='ltr'><strong>idque</strong></span> <span class='ocrx_word' id='word_1_58' title='bbox 919 1140 1196 1187; x_wconf 91' lang='lat' dir='ltr'><strong>servatum</strong></span> <span class='ocrx_word' id='word_1_59' title='bbox 1216 1133 1383 1188; x_wconf 84' lang='lat' dir='ltr'><strong>fuerit</strong></span> <span class='ocrx_word' id='word_1_60' title='bbox 1413 1134 1525 1204; x_wconf 91' lang='lat' dir='ltr'><strong>jam</strong></span> <span class='ocrx_word' id='word_1_61' title='bbox 1560 1133 1689 1188; x_wconf 90' lang='lat' dir='ltr'><strong>inde</strong></span> <span class='ocrx_word' id='word_1_62' title='bbox 1713 1150 1744 1188; x_wconf 93' lang='lat' dir='ltr'><strong>a</strong></span> <span class='ocrx_word' id='word_1_63' title='bbox 1768 1133 1961 1204; x_wconf 91' lang='lat' dir='ltr'><strong>primis</strong></span> <span class='ocrx_word' id='word_1_64' title='bbox 1990 1132 2178 1188; x_wconf 88' lang='lat' dir='ltr'><strong>Eccle-</strong></span> 
     </span>
    </p>
   </div>
   <div class='ocr_carea' id='block_1_12' title="bbox 598 1221 2178 1294">
    <p class='ocr_par' dir='ltr' id='par_1_12' title="bbox 598 1221 2178 1294">
     <span class='ocr_line' id='line_1_12' title="bbox 598 1221 2178 1294; baseline 0.001 -18"><span class='ocrx_word' id='word_1_65' title='bbox 598 1221 693 1277; x_wconf 65' lang='lat' dir='ltr'><strong>siae</strong></span> <span class='ocrx_word' id='word_1_66' title='bbox 720 1222 1086 1292; x_wconf 84' lang='lat' dir='ltr'><strong>temporibus,</strong></span> <span class='ocrx_word' id='word_1_67' title='bbox 1116 1223 1722 1294; x_wconf 88' lang='lat' dir='ltr'><strong>Constantinopolitana</strong></span> <span class='ocrx_word' id='word_1_68' title='bbox 1750 1240 1941 1281; x_wconf 87' lang='lat' dir='ltr'><strong>recens</strong></span> <span class='ocrx_word' id='word_1_69' title='bbox 1969 1225 2178 1280; x_wconf 84' lang='lat' dir='ltr'><strong>consti-</strong></span> 
     </span>
    </p>
   </div>
   <div class='ocr_carea' id='block_1_13' title="bbox 598 1312 2179 1388">
    <p class='ocr_par' dir='ltr' id='par_1_13' title="bbox 598 1312 2179 1388">
     <span class='ocr_line' id='line_1_13' title="bbox 598 1312 2179 1388; baseline 0.003 -21"><span class='ocrx_word' id='word_1_70' title='bbox 598 1320 738 1378; x_wconf 88' lang='lat' dir='ltr'><strong>tuta,</strong></span> <span class='ocrx_word' id='word_1_71' title='bbox 767 1312 813 1368; x_wconf 90' lang='lat' dir='ltr'><strong>si</strong></span> <span class='ocrx_word' id='word_1_72' title='bbox 841 1314 1143 1369; x_wconf 90' lang='lat' dir='ltr'><strong>secundum</strong></span> <span class='ocrx_word' id='word_1_73' title='bbox 1176 1315 1357 1370; x_wconf 92' lang='lat' dir='ltr'><strong>locum</strong></span> <span class='ocrx_word' id='word_1_74' title='bbox 1386 1326 1587 1382; x_wconf 88' lang='lat' dir='ltr'><strong>teneat,</strong></span> <span class='ocrx_word' id='word_1_75' title='bbox 1616 1320 1816 1388; x_wconf 80' lang='lat' dir='ltr'><strong>jusque</strong></span> <span class='ocrx_word' id='word_1_76' title='bbox 1860 1316 2033 1387; x_wconf 93' lang='lat' dir='ltr'><strong>ipsius</strong></span> <span class='ocrx_word' id='word_1_77' title='bbox 2075 1316 2179 1371; x_wconf 88' lang='lat' dir='ltr'><strong>hac</strong></span> 
     </span>
    </p>
   </div>
   <div class='ocr_carea' id='block_1_14' title="bbox 597 1401 2177 1476">
    <p class='ocr_par' dir='ltr' id='par_1_14' title="bbox 597 1401 2177 1476">
     <span class='ocr_line' id='line_1_14' title="bbox 597 1401 2177 1476; baseline 0.003 -21"><span class='ocrx_word' id='word_1_78' title='bbox 597 1401 654 1456; x_wconf 92' lang='lat' dir='ltr'><strong>in</strong></span> <span class='ocrx_word' id='word_1_79' title='bbox 700 1412 857 1474; x_wconf 89' lang='lat' dir='ltr'><strong>parte</strong></span> <span class='ocrx_word' id='word_1_80' title='bbox 906 1412 1255 1475; x_wconf 77' lang='lat' dir='ltr'><strong>agnoscatur,</strong></span> <span class='ocrx_word' id='word_1_81' title='bbox 1303 1419 1530 1461; x_wconf 90' lang='lat' dir='ltr'><strong>necesse</strong></span> <span class='ocrx_word' id='word_1_82' title='bbox 1567 1415 1655 1462; x_wconf 91' lang='lat' dir='ltr'><strong>est</strong></span> <span class='ocrx_word' id='word_1_83' title='bbox 1683 1414 1975 1476; x_wconf 89' lang='lat' dir='ltr'><strong>utramque</strong></span> <span class='ocrx_word' id='word_1_84' title='bbox 2015 1406 2177 1459; x_wconf 89' lang='lat' dir='ltr'><strong>aliam</strong></span> 
     </span>
    </p>
   </div>
   <div class='ocr_carea' id='block_1_15' title="bbox 596 1494 1512 1569">
    <p class='ocr_par' dir='ltr' id='par_1_15' title="bbox 596 1494 1512 1569">
     <span class='ocr_line' id='line_1_15' title="bbox 596 1494 1512 1569; baseline 0.003 -19"><span class='ocrx_word' id='word_1_85' title='bbox 596 1494 784 1551; x_wconf 82' lang='lat' dir='ltr'><strong>sedem</strong></span> <span class='ocrx_word' id='word_1_86' title='bbox 812 1496 1233 1567; x_wconf 81' lang='lat' dir='ltr'><strong>patriarchalem</strong></span> <span class='ocrx_word' id='word_1_87' title='bbox 1255 1497 1512 1569; x_wconf 89' lang='lat' dir='ltr'><strong>deprimi.</strong></span> 
     </span>
    </p>
   </div>
   <div class='ocr_carea' id='block_1_16' title="bbox 689 1606 2087 1693">
    <p class='ocr_par' dir='ltr' id='par_1_16' title="bbox 689 1606 2087 1693">
     <span class='ocr_line' id='line_1_16' title="bbox 689 1606 2087 1693; baseline 0.004 -32"><span class='ocrx_word' id='word_1_88' title='bbox 689 1606 931 1679; x_wconf 76' lang='lat' dir='ltr'><strong>Epistula</strong></span> <span class='ocrx_word' id='word_1_89' title='bbox 971 1608 1061 1675; x_wconf 89' lang='lat'><strong>87,</strong></span> <span class='ocrx_word' id='word_1_90' title='bbox 1110 1607 1397 1693; x_wconf 75' lang='lat' dir='ltr'><strong>familiaris</strong></span> <span class='ocrx_word' id='word_1_91' title='bbox 1432 1609 1503 1664; x_wconf 79' lang='lat' dir='ltr'><strong>ad</strong></span> <span class='ocrx_word' id='word_1_92' title='bbox 1537 1609 1803 1666; x_wconf 79' lang='lat' dir='ltr'><strong>Domuum</strong></span> <span class='ocrx_word' id='word_1_93' title='bbox 1837 1611 2087 1683; x_wconf 71' lang='lat' dir='ltr'><strong>Apamea:</strong></span> 
     </span>
    </p>
   </div>
   <div class='ocr_carea' id='block_1_17' title="bbox 1229 1696 1544 1752">
    <p class='ocr_par' dir='ltr' id='par_1_17' title="bbox 1229 1696 1544 1752">
     <span class='ocr_line' id='line_1_17' title="bbox 1229 1696 1544 1752; baseline 0.01 -18"><span class='ocrx_word' id='word_1_94' title='bbox 1229 1696 1544 1752; x_wconf 69' lang='lat' dir='ltr'><strong>episcopum.</strong></span> 
     </span>
    </p>
   </div>
   <div class='ocr_carea' id='block_1_18' title="bbox 659 1787 1985 1862">
    <p class='ocr_par' dir='ltr' id='par_1_18' title="bbox 659 1787 1985 1862">
     <span class='ocr_line' id='line_1_18' title="bbox 659 1787 1985 1862; baseline 0.002 -20"><span class='ocrx_word' id='word_1_95' title='bbox 659 1787 700 1842; x_wconf 91' lang='lat' dir='ltr'><strong>l.</strong></span> <span class='ocrx_word' id='word_1_96' title='bbox 737 1787 945 1843; x_wconf 89' lang='lat' dir='ltr'><strong>Eodem</strong></span> <span class='ocrx_word' id='word_1_97' title='bbox 973 1796 1220 1860; x_wconf 90' lang='lat' dir='ltr'><strong>tempore</strong></span> <span class='ocrx_word' id='word_1_98' title='bbox 1248 1796 1415 1860; x_wconf 84' lang='lat' dir='ltr'><strong>atque</strong></span> <span class='ocrx_word' id='word_1_99' title='bbox 1446 1790 1612 1846; x_wconf 90' lang='lat' dir='ltr'><strong>etiam</strong></span> <span class='ocrx_word' id='word_1_100' title='bbox 1644 1802 1985 1862; x_wconf 90' lang='lat' dir='ltr'><strong>argumento.</strong></span> 
     </span>
    </p>
   </div>
   <div class='ocr_carea' id='block_1_19' title="bbox 668 1878 2177 1954">
    <p class='ocr_par' dir='ltr' id='par_1_19' title="bbox 668 1878 2177 1954">
     <span class='ocr_line' id='line_1_19' title="bbox 668 1878 2177 1954; baseline 0.003 -21"><span class='ocrx_word' id='word_1_101' title='bbox 668 1878 736 1934; x_wconf 90' lang='lat' dir='ltr'><strong>ll.</strong></span> <span class='ocrx_word' id='word_1_102' title='bbox 788 1879 1032 1935; x_wconf 89' lang='lat' dir='ltr'><strong>Domnus</strong></span> <span class='ocrx_word' id='word_1_103' title='bbox 1059 1880 1360 1950; x_wconf 87' lang='lat' dir='ltr'><strong>primatum</strong></span> <span class='ocrx_word' id='word_1_104' title='bbox 1407 1881 1587 1936; x_wconf 88' lang='lat' dir='ltr'><strong>tenuit</strong></span> <span class='ocrx_word' id='word_1_105' title='bbox 1630 1880 1687 1935; x_wconf 91' lang='lat' dir='ltr'><strong>in</strong></span> <span class='ocrx_word' id='word_1_106' title='bbox 1718 1881 1960 1937; x_wconf 89' lang='lat' dir='ltr'><strong>secunda</strong></span> <span class='ocrx_word' id='word_1_107' title='bbox 2000 1881 2177 1954; x_wconf 85' lang='lat' dir='ltr'><strong>Syria,</strong></span> 
     </span>
    </p>
   </div>
   <div class='ocr_carea' id='block_1_20' title="bbox 598 1970 2180 2043">
    <p class='ocr_par' dir='ltr' id='par_1_20' title="bbox 598 1970 2180 2043">
     <span class='ocr_line' id='line_1_20' title="bbox 598 1970 2180 2043; baseline 0.003 -18"><span class='ocrx_word' id='word_1_108' title='bbox 598 1970 759 2043; x_wconf 85' lang='lat' dir='ltr'><strong>cujus</strong></span> <span class='ocrx_word' id='word_1_109' title='bbox 782 1971 1104 2042; x_wconf 86' lang='lat' dir='ltr'><strong>metropolis</strong></span> <span class='ocrx_word' id='word_1_110' title='bbox 1147 1973 1388 2043; x_wconf 82' lang='lat' dir='ltr'><strong>Apamea</strong></span> <span class='ocrx_word' id='word_1_111' title='bbox 1425 1990 1438 2026; x_wconf 94' lang='lat'>:</span> <span class='ocrx_word' id='word_1_112' title='bbox 1466 1972 1719 2027; x_wconf 85' lang='lat' dir='ltr'><strong>interfuit</strong></span> <span class='ocrx_word' id='word_1_113' title='bbox 1744 1973 1983 2028; x_wconf 92' lang='lat' dir='ltr'><strong>concilio</strong></span> <span class='ocrx_word' id='word_1_114' title='bbox 2016 1973 2180 2029; x_wconf 89' lang='lat' dir='ltr'><strong>Chal-</strong></span> 
     </span>
    </p>
   </div>
   <div class='ocr_carea' id='block_1_21' title="bbox 597 2060 2184 2135">
    <p class='ocr_par' dir='ltr' id='par_1_21' title="bbox 597 2060 2184 2135">
     <span class='ocr_line' id='line_1_21' title="bbox 597 2060 2184 2135; baseline 0.004 -19"><span class='ocrx_word' id='word_1_115' title='bbox 597 2060 916 2129; x_wconf 87' lang='lat' dir='ltr'><strong>cedonensi,</strong></span> <span class='ocrx_word' id='word_1_116' title='bbox 945 2071 1174 2134; x_wconf 90' lang='lat' dir='ltr'><strong>eratque</strong></span> <span class='ocrx_word' id='word_1_117' title='bbox 1202 2064 1445 2120; x_wconf 89' lang='lat' dir='ltr'><strong>amicitia</strong></span> <span class='ocrx_word' id='word_1_118' title='bbox 1473 2063 1735 2135; x_wconf 80' lang='lat' dir='ltr'><strong>singulari</strong></span> <span class='ocrx_word' id='word_1_119' title='bbox 1775 2081 1900 2121; x_wconf 93' lang='lat' dir='ltr'><strong>cum</strong></span> <span class='ocrx_word' id='word_1_120' title='bbox 1933 2065 2184 2121; x_wconf 89' lang='lat' dir='ltr'><strong>Theodo-</strong></span> 
     </span>
    </p>
   </div>
   <div class='ocr_carea' id='block_1_22' title="bbox 597 2154 1101 2224">
    <p class='ocr_par' dir='ltr' id='par_1_22' title="bbox 597 2154 1101 2224">
     <span class='ocr_line' id='line_1_22' title="bbox 597 2154 1101 2224; baseline 0.008 -19"><span class='ocrx_word' id='word_1_121' title='bbox 597 2160 718 2206; x_wconf 90' lang='lat' dir='ltr'><strong>reto</strong></span> <span class='ocrx_word' id='word_1_122' title='bbox 753 2154 1101 2224; x_wconf 91' lang='lat' dir='ltr'><strong>conjunctus.</strong></span> 
     </span>
    </p>
   </div>
   <div class='ocr_carea' id='block_1_23' title="bbox 672 2243 2185 2316">
    <p class='ocr_par' dir='ltr' id='par_1_23' title="bbox 672 2243 2185 2316">
     <span class='ocr_line' id='line_1_23' title="bbox 672 2243 2185 2316; baseline 0.003 -17"><span class='ocrx_word' id='word_1_123' title='bbox 672 2243 766 2299; x_wconf 89' lang='lat' dir='ltr'><strong>lll.</strong></span> <span class='ocrx_word' id='word_1_124' title='bbox 803 2245 891 2300; x_wconf 88' lang='lat' dir='ltr'><strong>Fit</strong></span> <span class='ocrx_word' id='word_1_125' title='bbox 926 2245 981 2300; x_wconf 92' lang='lat' dir='ltr'><strong>in</strong></span> <span class='ocrx_word' id='word_1_126' title='bbox 1007 2246 1239 2316; x_wconf 89' lang='lat' dir='ltr'><strong>epistola</strong></span> <span class='ocrx_word' id='word_1_127' title='bbox 1269 2263 1453 2303; x_wconf 89' lang='lat' dir='ltr'><strong>sermo</strong></span> <span class='ocrx_word' id='word_1_128' title='bbox 1481 2248 1550 2303; x_wconf 88' lang='lat' dir='ltr'><strong>de</strong></span> <span class='ocrx_word' id='word_1_129' title='bbox 1584 2248 1803 2303; x_wconf 89' lang='lat' dir='ltr'><strong>clericis</strong></span> <span class='ocrx_word' id='word_1_130' title='bbox 1826 2247 2185 2305; x_wconf 88' lang='lat' dir='ltr'><strong>Osroenensi—</strong></span> 
     </span>
    </p>
   </div>
   <div class='ocr_carea' id='block_1_24' title="bbox 599 2335 2183 2407">
    <p class='ocr_par' dir='ltr' id='par_1_24' title="bbox 599 2335 2183 2407">
     <span class='ocr_line' id='line_1_24' title="bbox 599 2335 2183 2407; baseline 0.004 -17"><span class='ocrx_word' id='word_1_131' title='bbox 599 2335 726 2401; x_wconf 89' lang='lat' dir='ltr'><strong>bus,</strong></span> <span class='ocrx_word' id='word_1_132' title='bbox 754 2337 852 2407; x_wconf 91' lang='lat' dir='ltr'><strong>qui</strong></span> <span class='ocrx_word' id='word_1_133' title='bbox 887 2336 1105 2394; x_wconf 90' lang='lat' dir='ltr'><strong>libellos</strong></span> <span class='ocrx_word' id='word_1_134' title='bbox 1142 2339 1406 2394; x_wconf 90' lang='lat' dir='ltr'><strong>adversus</strong></span> <span class='ocrx_word' id='word_1_135' title='bbox 1435 2340 1584 2395; x_wconf 90' lang='lat' dir='ltr'><strong>lbam</strong></span> <span class='ocrx_word' id='word_1_136' title='bbox 1614 2341 1958 2406; x_wconf 87' lang='lat' dir='ltr'><strong>obtulerunt,</strong></span> <span class='ocrx_word' id='word_1_137' title='bbox 1986 2342 2183 2397; x_wconf 90' lang='lat' dir='ltr'><strong>dicun-</strong></span> 
     </span>
    </p>
   </div>
   <div class='ocr_carea' id='block_1_25' title="bbox 604 2428 2184 2502">
    <p class='ocr_par' dir='ltr' id='par_1_25' title="bbox 604 2428 2184 2502">
     <span class='ocr_line' id='line_1_25' title="bbox 604 2428 2184 2502; baseline 0.005 -22"><span class='ocrx_word' id='word_1_138' title='bbox 604 2436 806 2496; x_wconf 88' lang='lat' dir='ltr'><strong>turque</strong></span> <span class='ocrx_word' id='word_1_139' title='bbox 852 2442 1043 2498; x_wconf 86' lang='lat' dir='ltr'><strong>pacem</strong></span> <span class='ocrx_word' id='word_1_140' title='bbox 1077 2428 1338 2485; x_wconf 61' lang='lat' dir='ltr'><strong>Ecclesia:</strong></span> <span class='ocrx_word' id='word_1_141' title='bbox 1379 2430 1651 2496; x_wconf 90' lang='lat' dir='ltr'><strong>turbasse,</strong></span> <span class='ocrx_word' id='word_1_142' title='bbox 1688 2438 1745 2485; x_wconf 90' lang='lat' dir='ltr'><strong>et</strong></span> <span class='ocrx_word' id='word_1_143' title='bbox 1788 2439 1980 2487; x_wconf 89' lang='lat' dir='ltr'><strong>contra</strong></span> <span class='ocrx_word' id='word_1_144' title='bbox 2007 2432 2184 2502; x_wconf 89' lang='lat' dir='ltr'><strong>ipsum</strong></span> 
     </span>
    </p>
   </div>
   <div class='ocr_carea' id='block_1_26' title="bbox 602 2517 2185 2595">
    <p class='ocr_par' dir='ltr' id='par_1_26' title="bbox 602 2517 2185 2595">
     <span class='ocr_line' id='line_1_26' title="bbox 602 2517 2185 2595; baseline 0.005 -24"><span class='ocrx_word' id='word_1_145' title='bbox 602 2517 1013 2574; x_wconf 88' lang='lat' dir='ltr'><strong>Theodoretum</strong></span> <span class='ocrx_word' id='word_1_146' title='bbox 1066 2519 1399 2591; x_wconf 77' lang='lat' dir='ltr'><strong>singularem</strong></span> <span class='ocrx_word' id='word_1_147' title='bbox 1458 2521 1567 2577; x_wconf 63' lang='lat' dir='ltr'><strong>Iba:</strong></span> <span class='ocrx_word' id='word_1_148' title='bbox 1619 2522 1877 2589; x_wconf 91' lang='lat' dir='ltr'><strong>amicum,</strong></span> <span class='ocrx_word' id='word_1_149' title='bbox 1941 2524 2185 2595; x_wconf 89' lang='lat' dir='ltr'><strong>aliosque</strong></span> 
     </span>
    </p>
   </div>
   <div class='ocr_carea' id='block_1_27' title="bbox 598 2609 1669 2683">
    <p class='ocr_par' dir='ltr' id='par_1_27' title="bbox 598 2609 1669 2683">
     <span class='ocr_line' id='line_1_27' title="bbox 598 2609 1669 2683; baseline 0.003 -18"><span class='ocrx_word' id='word_1_150' title='bbox 598 2609 843 2666; x_wconf 82' lang='lat' dir='ltr'><strong>Orientis</strong></span> <span class='ocrx_word' id='word_1_151' title='bbox 866 2611 1157 2683; x_wconf 88' lang='lat' dir='ltr'><strong>episcopos</strong></span> <span class='ocrx_word' id='word_1_152' title='bbox 1182 2613 1355 2668; x_wconf 90' lang='lat' dir='ltr'><strong>multa</strong></span> <span class='ocrx_word' id='word_1_153' title='bbox 1386 2613 1669 2668; x_wconf 75' lang='lat' dir='ltr'><strong>effudisse.</strong></span> 
     </span>
    </p>
   </div>
   <div class='ocr_carea' id='block_1_28' title="bbox 665 2700 2185 2775">
    <p class='ocr_par' dir='ltr' id='par_1_28' title="bbox 665 2700 2185 2775">
     <span class='ocr_line' id='line_1_28' title="bbox 665 2700 2185 2775; baseline 0.001 -20"><span class='ocrx_word' id='word_1_154' title='bbox 665 2700 754 2755; x_wconf 73' lang='grc' dir='ltr'><strong>ιν.</strong></span> <span class='ocrx_word' id='word_1_155' title='bbox 788 2702 864 2757; x_wconf 87' lang='lat' dir='ltr'><strong>De</strong></span> <span class='ocrx_word' id='word_1_156' title='bbox 901 2718 1066 2758; x_wconf 89' lang='lat' dir='ltr'><strong>causa</strong></span> <span class='ocrx_word' id='word_1_157' title='bbox 1097 2703 1370 2775; x_wconf 88' lang='lat' dir='ltr'><strong>ejusmodi</strong></span> <span class='ocrx_word' id='word_1_158' title='bbox 1395 2704 1725 2759; x_wconf 89' lang='lat' dir='ltr'><strong>clericorum</strong></span> <span class='ocrx_word' id='word_1_159' title='bbox 1757 2704 1881 2759; x_wconf 83' lang='lat' dir='ltr'><strong>vide</strong></span> <span class='ocrx_word' id='word_1_160' title='bbox 1913 2705 2185 2759; x_wconf 89' lang='lat' dir='ltr'><strong>actionem</strong></span> 
     </span>
    </p>
   </div>
   <div class='ocr_carea' id='block_1_29' title="bbox 603 2793 2189 2867">
    <p class='ocr_par' dir='ltr' id='par_1_29' title="bbox 603 2793 2189 2867">
     <span class='ocr_line' id='line_1_29' title="bbox 603 2793 2189 2867; baseline 0 -18"><span class='ocrx_word' id='word_1_161' title='bbox 603 2793 673 2850; x_wconf 90' lang='grc'><strong>10</strong></span> <span class='ocrx_word' id='word_1_162' title='bbox 692 2796 912 2851; x_wconf 87' lang='lat' dir='ltr'><strong>concilii</strong></span> <span class='ocrx_word' id='word_1_163' title='bbox 944 2795 1432 2861; x_wconf 88' lang='lat' dir='ltr'><strong>Chalcedonensis,</strong></span> <span class='ocrx_word' id='word_1_164' title='bbox 1473 2798 1629 2867; x_wconf 86' lang='lat' dir='ltr'><strong>cujus</strong></span> <span class='ocrx_word' id='word_1_165' title='bbox 1653 2796 1804 2851; x_wconf 86' lang='lat' dir='ltr'><strong>Actis</strong></span> <span class='ocrx_word' id='word_1_166' title='bbox 1832 2797 2037 2851; x_wconf 89' lang='lat' dir='ltr'><strong>inserta</strong></span> <span class='ocrx_word' id='word_1_167' title='bbox 2059 2803 2189 2850; x_wconf 91' lang='lat' dir='ltr'><strong>sunt</strong></span> 
     </span>
    </p>
   </div>
   <div class='ocr_carea' id='block_1_30' title="bbox 601 2885 2188 2961">
    <p class='ocr_par' dir='ltr' id='par_1_30' title="bbox 601 2885 2188 2961">
     <span class='ocr_line' id='line_1_30' title="bbox 601 2885 2188 2961; baseline 0.001 -21"><span class='ocrx_word' id='word_1_168' title='bbox 601 2885 808 2956; x_wconf 89' lang='lat' dir='ltr'><strong>judicia</strong></span> <span class='ocrx_word' id='word_1_169' title='bbox 834 2887 963 2951; x_wconf 83' lang='lat' dir='ltr'><strong>duo,</strong></span> <span class='ocrx_word' id='word_1_170' title='bbox 990 2904 1113 2959; x_wconf 71' lang='lat' dir='ltr'><strong>quas</strong></span> <span class='ocrx_word' id='word_1_171' title='bbox 1143 2889 1211 2945; x_wconf 92' lang='lat' dir='ltr'><strong>de</strong></span> <span class='ocrx_word' id='word_1_172' title='bbox 1228 2889 1319 2944; x_wconf 88' lang='lat' dir='ltr'><strong>lha</strong></span> <span class='ocrx_word' id='word_1_173' title='bbox 1349 2888 1476 2961; x_wconf 75' lang='lat' dir='ltr'><strong>Tyri</strong></span> <span class='ocrx_word' id='word_1_174' title='bbox 1500 2899 1555 2945; x_wconf 91' lang='lat' dir='ltr'><strong>ct</strong></span> <span class='ocrx_word' id='word_1_175' title='bbox 1587 2889 1769 2961; x_wconf 72' lang='lat' dir='ltr'><strong>Beryti</strong></span> <span class='ocrx_word' id='word_1_176' title='bbox 1800 2888 2188 2945; x_wconf 82' lang='lat' dir='ltr'><strong>accusantibus</strong></span> 
     </span>
    </p>
   </div>
   <div class='ocr_carea' id='block_1_31' title="bbox 607 2975 1365 3035">
    <p class='ocr_par' dir='ltr' id='par_1_31' title="bbox 607 2975 1365 3035">
     <span class='ocr_line' id='line_1_31' title="bbox 607 2975 1365 3035; baseline 0.001 -3"><span class='ocrx_word' id='word_1_177' title='bbox 607 2975 824 3033; x_wconf 85' lang='lat' dir='ltr'><strong>clericis</strong></span> <span class='ocrx_word' id='word_1_178' title='bbox 856 2979 1098 3035; x_wconf 86' lang='lat' dir='ltr'><strong>exercita</strong></span> <span class='ocrx_word' id='word_1_179' title='bbox 1123 2980 1365 3035; x_wconf 91' lang='lat' dir='ltr'><strong>fuerunt.</strong></span> 
     </span>
    </p>
   </div>
   <div class='ocr_carea' id='block_1_32' title="bbox 688 3089 2113 3175">
    <p class='ocr_par' dir='ltr' id='par_1_32' title="bbox 688 3089 2113 3175">
     <span class='ocr_line' id='line_1_32' title="bbox 688 3089 2113 3175; baseline -0.001 -30"><span class='ocrx_word' id='word_1_180' title='bbox 688 3089 936 3162; x_wconf 78' lang='lat' dir='ltr'><strong>Epistula</strong></span> <span class='ocrx_word' id='word_1_181' title='bbox 961 3091 1049 3175; x_wconf 62' lang='lat'><strong>88,</strong></span> <span class='ocrx_word' id='word_1_182' title='bbox 1072 3092 1437 3163; x_wconf 82' lang='lat' dir='ltr'><strong>deprecatoria</strong></span> <span class='ocrx_word' id='word_1_183' title='bbox 1460 3093 1530 3145; x_wconf 86' lang='lat' dir='ltr'><strong>ad</strong></span> <span class='ocrx_word' id='word_1_184' title='bbox 1555 3092 1787 3146; x_wconf 83' lang='lat' dir='ltr'><strong>Taurum</strong></span> <span class='ocrx_word' id='word_1_185' title='bbox 1811 3092 2113 3163; x_wconf 81' lang='lat' dir='ltr'><strong>patricium.</strong></span> 
     </span>
    </p>
   </div>
   <div class='ocr_carea' id='block_1_33' title="bbox 2272 584 3860 662">
    <p class='ocr_par' dir='ltr' id='par_1_33' title="bbox 2272 584 3860 662">
     <span class='ocr_line' id='line_1_33' title="bbox 2272 584 3860 662; baseline -0.008 -14"><span class='ocrx_word' id='word_1_186' title='bbox 2272 592 2408 657; x_wconf 72' lang='lat'><strong>422;</strong></span> <span class='ocrx_word' id='word_1_187' title='bbox 2461 592 2748 662; x_wconf 64' lang='lat' dir='ltr'><strong>praefectus</strong></span> <span class='ocrx_word' id='word_1_188' title='bbox 2791 590 3048 660; x_wconf 77' lang='lat' dir='ltr'><strong>przetorio</strong></span> <span class='ocrx_word' id='word_1_189' title='bbox 3098 602 3245 643; x_wconf 88' lang='lat' dir='ltr'><strong>anno</strong></span> <span class='ocrx_word' id='word_1_190' title='bbox 3271 587 3407 653; x_wconf 73' lang='lat'><strong>428;</strong></span> <span class='ocrx_word' id='word_1_191' title='bbox 3459 584 3653 640; x_wconf 87' lang='lat' dir='ltr'><strong>consul</strong></span> <span class='ocrx_word' id='word_1_192' title='bbox 3710 599 3860 637; x_wconf 79' lang='lat' dir='ltr'><strong>anno</strong></span> 
     </span>
    </p>
   </div>
   <div class='ocr_carea' id='block_1_34' title="bbox 2273 676 3861 753">
    <p class='ocr_par' dir='ltr' id='par_1_34' title="bbox 2273 676 3861 753">
     <span class='ocr_line' id='line_1_34' title="bbox 2273 676 3861 753; baseline -0.008 -13"><span class='ocrx_word' id='word_1_193' title='bbox 2273 686 2409 750; x_wconf 69' lang='lat'><strong>429;</strong></span> <span class='ocrx_word' id='word_1_194' title='bbox 2444 683 2733 752; x_wconf 80' lang='lat' dir='ltr'><strong>praefectus</strong></span> <span class='ocrx_word' id='word_1_195' title='bbox 2774 683 3030 753; x_wconf 75' lang='lat' dir='ltr'><strong>praetorio</strong></span> <span class='ocrx_word' id='word_1_196' title='bbox 3063 694 3260 736; x_wconf 86' lang='lat' dir='ltr'><strong>rursus</strong></span> <span class='ocrx_word' id='word_1_197' title='bbox 3299 692 3445 734; x_wconf 91' lang='lat' dir='ltr'><strong>anno</strong></span> <span class='ocrx_word' id='word_1_198' title='bbox 3473 676 3598 739; x_wconf 76' lang='lat'><strong>456,</strong></span> <span class='ocrx_word' id='word_1_199' title='bbox 3622 683 3679 730; x_wconf 92' lang='lat' dir='ltr'><strong>et</strong></span> <span class='ocrx_word' id='word_1_200' title='bbox 3711 690 3861 729; x_wconf 89' lang='lat' dir='ltr'><strong>anno</strong></span> 
     </span>
    </p>
   </div>
   <div class='ocr_carea' id='block_1_35' title="bbox 2273 767 3861 844">
    <p class='ocr_par' dir='ltr' id='par_1_35' title="bbox 2273 767 3861 844">
     <span class='ocr_line' id='line_1_35' title="bbox 2273 767 3861 844; baseline -0.007 -15"><span class='ocrx_word' id='word_1_201' title='bbox 2273 776 2396 840; x_wconf 79' lang='lat'><strong>4&#39;59,</strong></span> <span class='ocrx_word' id='word_1_202' title='bbox 2448 783 2505 829; x_wconf 89' lang='lat' dir='ltr'><strong>et</strong></span> <span class='ocrx_word' id='word_1_203' title='bbox 2525 788 2667 828; x_wconf 89' lang='lat' dir='ltr'><strong>anno</strong></span> <span class='ocrx_word' id='word_1_204' title='bbox 2698 773 2836 840; x_wconf 83' lang='lat'><strong>440;</strong></span> <span class='ocrx_word' id='word_1_205' title='bbox 2877 772 3203 844; x_wconf 89' lang='lat' dir='ltr'><strong>cognitorin</strong></span> <span class='ocrx_word' id='word_1_206' title='bbox 3222 784 3389 825; x_wconf 90' lang='lat' dir='ltr'><strong>causa</strong></span> <span class='ocrx_word' id='word_1_207' title='bbox 3408 767 3675 838; x_wconf 87' lang='lat' dir='ltr'><strong>Eutychis</strong></span> <span class='ocrx_word' id='word_1_208' title='bbox 3711 781 3861 819; x_wconf 84' lang='lat' dir='ltr'><strong>anno</strong></span> 
     </span>
    </p>
   </div>
   <div class='ocr_carea' id='block_1_36' title="bbox 2273 857 3865 936">
    <p class='ocr_par' dir='ltr' id='par_1_36' title="bbox 2273 857 3865 936">
     <span class='ocr_line' id='line_1_36' title="bbox 2273 857 3865 936; baseline -0.008 -16"><span class='ocrx_word' id='word_1_209' title='bbox 2273 865 2411 931; x_wconf 91' lang='lat'><strong>448;</strong></span> <span class='ocrx_word' id='word_1_210' title='bbox 2437 865 2609 936; x_wconf 90' lang='lat' dir='ltr'><strong>judex</strong></span> <span class='ocrx_word' id='word_1_211' title='bbox 2635 865 2691 920; x_wconf 91' lang='lat' dir='ltr'><strong>in</strong></span> <span class='ocrx_word' id='word_1_212' title='bbox 2712 864 2949 920; x_wconf 90' lang='lat' dir='ltr'><strong>concilio</strong></span> <span class='ocrx_word' id='word_1_213' title='bbox 2970 860 3409 919; x_wconf 88' lang='lat' dir='ltr'><strong>Cbalcedonensi</strong></span> <span class='ocrx_word' id='word_1_214' title='bbox 3440 873 3586 913; x_wconf 91' lang='lat' dir='ltr'><strong>anno</strong></span> <span class='ocrx_word' id='word_1_215' title='bbox 3612 857 3735 912; x_wconf 78' lang='lat' dir='ltr'><strong>45L</strong></span> <span class='ocrx_word' id='word_1_216' title='bbox 3765 857 3865 910; x_wconf 80' lang='lat' dir='ltr'><strong>Est</strong></span> 
     </span>
    </p>
   </div>
   <div class='ocr_carea' id='block_1_37' title="bbox 2274 946 3862 1024">
    <p class='ocr_par' dir='ltr' id='par_1_37' title="bbox 2274 946 3862 1024">
     <span class='ocr_line' id='line_1_37' title="bbox 2274 946 3862 1024; baseline -0.009 -12"><span class='ocrx_word' id='word_1_217' title='bbox 2274 957 2342 1012; x_wconf 90' lang='lat' dir='ltr'><strong>ad</strong></span> <span class='ocrx_word' id='word_1_218' title='bbox 2361 973 2488 1012; x_wconf 94' lang='lat' dir='ltr'><strong>eum</strong></span> <span class='ocrx_word' id='word_1_219' title='bbox 2520 956 2712 1011; x_wconf 90' lang='lat' dir='ltr'><strong>lsidori</strong></span> <span class='ocrx_word' id='word_1_220' title='bbox 2740 955 3033 1011; x_wconf 57' lang='lat' dir='ltr'><strong>Pelusiotae</strong></span> <span class='ocrx_word' id='word_1_221' title='bbox 3058 954 3290 1024; x_wconf 91' lang='lat' dir='ltr'><strong>epistola</strong></span> <span class='ocrx_word' id='word_1_222' title='bbox 3319 966 3426 1006; x_wconf 91' lang='lat' dir='ltr'><strong>una</strong></span> <span class='ocrx_word' id='word_1_223' title='bbox 3447 950 3592 1004; x_wconf 87' lang='lat' dir='ltr'><strong>libro</strong></span> <span class='ocrx_word' id='word_1_224' title='bbox 3618 948 3670 1012; x_wconf 91' lang='grc'><strong>1,</strong></span> <span class='ocrx_word' id='word_1_225' title='bbox 3693 946 3862 1017; x_wconf 90' lang='lat' dir='ltr'><strong>epist.</strong></span> 
     </span>
    </p>
   </div>
   <div class='ocr_carea' id='block_1_38' title="bbox 2261 1039 3707 1103">
    <p class='ocr_par' dir='ltr' id='par_1_38' title="bbox 2261 1039 3707 1103">
     <span class='ocr_line' id='line_1_38' title="bbox 2261 1039 3707 1103; baseline -0.006 -2"><span class='ocrx_word' id='word_1_226' title='bbox 2261 1039 2398 1102; x_wconf 63' lang='lat'><strong>&#39;416.</strong></span> <span class='ocrx_word' id='word_1_227' title='bbox 2421 1049 2540 1103; x_wconf 87' lang='lat' dir='ltr'><strong>Non</strong></span> <span class='ocrx_word' id='word_1_228' title='bbox 2572 1046 2928 1102; x_wconf 88' lang='lat' dir='ltr'><strong>mediocriter</strong></span> <span class='ocrx_word' id='word_1_229' title='bbox 2954 1061 3043 1100; x_wconf 90' lang='lat' dir='ltr'><strong>res</strong></span> <span class='ocrx_word' id='word_1_230' title='bbox 3067 1042 3471 1099; x_wconf 83' lang='lat' dir='ltr'><strong>ecclesiasticas</strong></span> <span class='ocrx_word' id='word_1_231' title='bbox 3495 1040 3707 1096; x_wconf 90' lang='lat' dir='ltr'><strong>calluit.</strong></span> 
     </span>
    </p>
   </div>
   <div class='ocr_carea' id='block_1_39' title="bbox 2276 1154 3865 1231">
    <p class='ocr_par' dir='ltr' id='par_1_39' title="bbox 2276 1154 3865 1231">
     <span class='ocr_line' id='line_1_39' title="bbox 2276 1154 3865 1231; baseline -0.008 -17"><span class='ocrx_word' id='word_1_232' title='bbox 2276 1159 2517 1231; x_wconf 82' lang='lat' dir='ltr'><strong>Epistula</strong></span> <span class='ocrx_word' id='word_1_233' title='bbox 2543 1158 2611 1215; x_wconf 90' lang='lat'><strong>90</strong></span> <span class='ocrx_word' id='word_1_234' title='bbox 2630 1200 2645 1225; x_wconf 94' lang='lat'><strong>,</strong></span> <span class='ocrx_word' id='word_1_235' title='bbox 2675 1159 3041 1231; x_wconf 83' lang='lat' dir='ltr'><strong>deprecatoria</strong></span> <span class='ocrx_word' id='word_1_236' title='bbox 3068 1156 3140 1211; x_wconf 87' lang='lat' dir='ltr'><strong>ad</strong></span> <span class='ocrx_word' id='word_1_237' title='bbox 3169 1156 3484 1228; x_wconf 77' lang='lat' dir='ltr'><strong>Lupicinum</strong></span> <span class='ocrx_word' id='word_1_238' title='bbox 3526 1154 3865 1222; x_wconf 67' lang='lat' dir='ltr'><strong>magistrum.</strong></span> 
     </span>
    </p>
   </div>
   <div class='ocr_carea' id='block_1_40' title="bbox 2338 1264 3866 1344">
    <p class='ocr_par' dir='ltr' id='par_1_40' title="bbox 2338 1264 3866 1344">
     <span class='ocr_line' id='line_1_40' title="bbox 2338 1264 3866 1344; baseline -0.01 -14"><span class='ocrx_word' id='word_1_239' title='bbox 2338 1275 2380 1330; x_wconf 94' lang='lat' dir='ltr'><strong>l.</strong></span> <span class='ocrx_word' id='word_1_240' title='bbox 2414 1275 2491 1329; x_wconf 90' lang='lat' dir='ltr'><strong>De</strong></span> <span class='ocrx_word' id='word_1_241' title='bbox 2541 1272 2811 1344; x_wconf 90' lang='lat' dir='ltr'><strong>Lupicino</strong></span> <span class='ocrx_word' id='word_1_242' title='bbox 2853 1270 2993 1327; x_wconf 89' lang='lat' dir='ltr'><strong>nihil</strong></span> <span class='ocrx_word' id='word_1_243' title='bbox 3039 1267 3333 1325; x_wconf 86' lang='lat' dir='ltr'><strong>admodum</strong></span> <span class='ocrx_word' id='word_1_244' title='bbox 3371 1264 3680 1326; x_wconf 81' lang='lat' dir='ltr'><strong>observavi,</strong></span> <span class='ocrx_word' id='word_1_245' title='bbox 3719 1278 3866 1332; x_wconf 73' lang='lat' dir='ltr'><strong>pra:—</strong></span> 
     </span>
    </p>
   </div>
   <div class='ocr_carea' id='block_1_41' title="bbox 2279 1352 3868 1434">
    <p class='ocr_par' dir='ltr' id='par_1_41' title="bbox 2279 1352 3868 1434">
     <span class='ocr_line' id='line_1_41' title="bbox 2279 1352 3868 1434; baseline -0.009 -15"><span class='ocrx_word' id='word_1_246' title='bbox 2279 1372 2524 1434; x_wconf 87' lang='lat' dir='ltr'><strong>terquam</strong></span> <span class='ocrx_word' id='word_1_247' title='bbox 2548 1363 2694 1433; x_wconf 91' lang='lat' dir='ltr'><strong>quod</strong></span> <span class='ocrx_word' id='word_1_248' title='bbox 2720 1361 2825 1417; x_wconf 87' lang='lat' dir='ltr'><strong>fuit</strong></span> <span class='ocrx_word' id='word_1_249' title='bbox 2849 1359 3109 1431; x_wconf 86' lang='lat' dir='ltr'><strong>magister</strong></span> <span class='ocrx_word' id='word_1_250' title='bbox 3133 1358 3370 1413; x_wconf 88' lang='lat' dir='ltr'><strong>militum</strong></span> <span class='ocrx_word' id='word_1_251' title='bbox 3387 1396 3403 1422; x_wconf 95' lang='lat'><strong>,</strong></span> <span class='ocrx_word' id='word_1_252' title='bbox 3434 1355 3701 1426; x_wconf 86' lang='lat' dir='ltr'><strong>religione</strong></span> <span class='ocrx_word' id='word_1_253' title='bbox 3732 1352 3868 1406; x_wconf 89' lang='lat' dir='ltr'><strong>illu-</strong></span> 
     </span>
    </p>
   </div>
   <div class='ocr_carea' id='block_1_42' title="bbox 2279 1447 3236 1517">
    <p class='ocr_par' dir='ltr' id='par_1_42' title="bbox 2279 1447 3236 1517">
     <span class='ocr_line' id='line_1_42' title="bbox 2279 1447 3236 1517; baseline -0.005 -11"><span class='ocrx_word' id='word_1_254' title='bbox 2279 1453 2429 1517; x_wconf 86' lang='lat' dir='ltr'><strong>stris,</strong></span> <span class='ocrx_word' id='word_1_255' title='bbox 2454 1460 2511 1506; x_wconf 92' lang='lat' dir='ltr'><strong>et</strong></span> <span class='ocrx_word' id='word_1_256' title='bbox 2539 1458 2683 1505; x_wconf 65' lang='lat' dir='ltr'><strong>notae</strong></span> <span class='ocrx_word' id='word_1_257' title='bbox 2705 1450 2965 1504; x_wconf 86' lang='lat' dir='ltr'><strong>omnibus</strong></span> <span class='ocrx_word' id='word_1_258' title='bbox 2990 1447 3236 1503; x_wconf 89' lang='lat' dir='ltr'><strong>virtutis.</strong></span> 
     </span>
    </p>
   </div>
   <div class='ocr_carea' id='block_1_43' title="bbox 2347 1531 3873 1611">
    <p class='ocr_par' dir='ltr' id='par_1_43' title="bbox 2347 1531 3873 1611">
     <span class='ocr_line' id='line_1_43' title="bbox 2347 1531 3873 1611; baseline -0.008 -15"><span class='ocrx_word' id='word_1_259' title='bbox 2347 1542 2411 1596; x_wconf 91' lang='lat' dir='ltr'><strong>ll.</strong></span> <span class='ocrx_word' id='word_1_260' title='bbox 2460 1540 2565 1608; x_wconf 85' lang='lat' dir='ltr'><strong>Qui</strong></span> <span class='ocrx_word' id='word_1_261' title='bbox 2614 1540 2834 1611; x_wconf 88' lang='lat' dir='ltr'><strong>scripsit</strong></span> <span class='ocrx_word' id='word_1_262' title='bbox 2863 1554 3039 1610; x_wconf 90' lang='lat' dir='ltr'><strong>nuper</strong></span> <span class='ocrx_word' id='word_1_263' title='bbox 3059 1539 3146 1604; x_wconf 80' lang='grc'><strong>⁷⁵,</strong></span> <span class='ocrx_word' id='word_1_264' title='bbox 3191 1536 3261 1593; x_wconf 90' lang='lat' dir='ltr'><strong>ad</strong></span> <span class='ocrx_word' id='word_1_265' title='bbox 3298 1550 3423 1592; x_wconf 90' lang='lat' dir='ltr'><strong>eum</strong></span> <span class='ocrx_word' id='word_1_266' title='bbox 3462 1535 3645 1589; x_wconf 89' lang='lat' dir='ltr'><strong>datam</strong></span> <span class='ocrx_word' id='word_1_267' title='bbox 3694 1531 3873 1586; x_wconf 86' lang='lat' dir='ltr'><strong>fuisse</strong></span> 
     </span>
    </p>
   </div>
   <div class='ocr_carea' id='block_1_44' title="bbox 2280 1620 3874 1701">
    <p class='ocr_par' dir='ltr' id='par_1_44' title="bbox 2280 1620 3874 1701">
     <span class='ocr_line' id='line_1_44' title="bbox 2280 1620 3874 1701; baseline -0.011 -12"><span class='ocrx_word' id='word_1_268' title='bbox 2280 1633 2642 1696; x_wconf 90' lang='lat' dir='ltr'><strong>sanctionem,</strong></span> <span class='ocrx_word' id='word_1_269' title='bbox 2664 1645 2772 1701; x_wconf 92' lang='lat' dir='ltr'><strong>qua</strong></span> <span class='ocrx_word' id='word_1_270' title='bbox 2793 1628 3175 1684; x_wconf 88' lang='lat' dir='ltr'><strong>Theodoretus</strong></span> <span class='ocrx_word' id='word_1_271' title='bbox 3191 1625 3487 1697; x_wconf 83' lang='lat' dir='ltr'><strong>jubebatur</strong></span> <span class='ocrx_word' id='word_1_272' title='bbox 3507 1637 3565 1677; x_wconf 89' lang='lat' dir='ltr'><strong>se</strong></span> <span class='ocrx_word' id='word_1_273' title='bbox 3580 1620 3874 1676; x_wconf 89' lang='lat' dir='ltr'><strong>continere</strong></span> 
     </span>
    </p>
   </div>
   <div class='ocr_carea' id='block_1_45' title="bbox 2281 1711 3871 1796">
    <p class='ocr_par' dir='ltr' id='par_1_45' title="bbox 2281 1711 3871 1796">
     <span class='ocr_line' id='line_1_45' title="bbox 2281 1711 3871 1796; baseline -0.009 -17"><span class='ocrx_word' id='word_1_274' title='bbox 2281 1723 2458 1796; x_wconf 89' lang='lat' dir='ltr'><strong>Cyro;</strong></span> <span class='ocrx_word' id='word_1_275' title='bbox 2506 1738 2617 1777; x_wconf 92' lang='lat' dir='ltr'><strong>non</strong></span> <span class='ocrx_word' id='word_1_276' title='bbox 2646 1722 2875 1794; x_wconf 88' lang='lat' dir='ltr'><strong>legerat,</strong></span> <span class='ocrx_word' id='word_1_277' title='bbox 2908 1720 3129 1791; x_wconf 88' lang='lat' dir='ltr'><strong>opinor,</strong></span> <span class='ocrx_word' id='word_1_278' title='bbox 3176 1716 3420 1773; x_wconf 63' lang='lat' dir='ltr'><strong>Graecam</strong></span> <span class='ocrx_word' id='word_1_279' title='bbox 3446 1711 3871 1782; x_wconf 89' lang='lat' dir='ltr'><strong>inscriptionem</strong></span> 
     </span>
    </p>
   </div>
   <div class='ocr_carea' id='block_1_46' title="bbox 2282 1800 3872 1885">
    <p class='ocr_par' dir='ltr' id='par_1_46' title="bbox 2282 1800 3872 1885">
     <span class='ocr_line' id='line_1_46' title="bbox 2282 1800 3872 1885; baseline -0.012 -15"><span class='ocrx_word' id='word_1_280' title='bbox 2282 1815 2448 1885; x_wconf 80' lang='lat' dir='ltr'><strong>hujus</strong></span> <span class='ocrx_word' id='word_1_281' title='bbox 2486 1812 2750 1884; x_wconf 65' lang='lat' dir='ltr'><strong>epistolae,</strong></span> <span class='ocrx_word' id='word_1_282' title='bbox 2800 1818 2857 1866; x_wconf 88' lang='lat' dir='ltr'><strong>et</strong></span> <span class='ocrx_word' id='word_1_283' title='bbox 2878 1824 3071 1864; x_wconf 85' lang='lat' dir='ltr'><strong>vocem</strong></span> <span class='ocrx_word' id='word_1_284' title='bbox 3099 1821 3265 1861; x_wconf 92' lang='lat' dir='ltr'><strong>unam</strong></span> <span class='ocrx_word' id='word_1_285' title='bbox 3302 1802 3548 1874; x_wconf 66' lang='lat' dir='ltr'><strong>epistola:</strong></span> <span class='ocrx_word' id='word_1_286' title='bbox 3585 1800 3689 1865; x_wconf 75' lang='lat'><strong>82;</strong></span> <span class='ocrx_word' id='word_1_287' title='bbox 3738 1812 3872 1853; x_wconf 90' lang='lat' dir='ltr'><strong>cum</strong></span> 
     </span>
    </p>
   </div>
   <div class='ocr_carea' id='block_1_47' title="bbox 2282 1889 3874 1965">
    <p class='ocr_par' dir='ltr' id='par_1_47' title="bbox 2282 1889 3874 1965">
     <span class='ocr_line' id='line_1_47' title="bbox 2282 1889 3874 1965; baseline -0.013 -3"><span class='ocrx_word' id='word_1_288' title='bbox 2282 1907 2430 1963; x_wconf 91' lang='lat' dir='ltr'><strong>enim</strong></span> <span class='ocrx_word' id='word_1_289' title='bbox 2458 1906 2515 1961; x_wconf 93' lang='lat' dir='ltr'><strong>in</strong></span> <span class='ocrx_word' id='word_1_290' title='bbox 2550 1903 2745 1960; x_wconf 87' lang='lat' dir='ltr'><strong>Latina</strong></span> <span class='ocrx_word' id='word_1_291' title='bbox 2780 1901 3035 1956; x_wconf 90' lang='lat' dir='ltr'><strong>versione</strong></span> <span class='ocrx_word' id='word_1_292' title='bbox 3065 1899 3353 1965; x_wconf 91' lang='lat' dir='ltr'><strong>utriusque</strong></span> <span class='ocrx_word' id='word_1_293' title='bbox 3390 1894 3497 1949; x_wconf 89' lang='lat' dir='ltr'><strong>loci</strong></span> <span class='ocrx_word' id='word_1_294' title='bbox 3528 1892 3746 1947; x_wconf 89' lang='lat' dir='ltr'><strong>videret</strong></span> <span class='ocrx_word' id='word_1_295' title='bbox 3766 1889 3874 1943; x_wconf 88' lang='lat' dir='ltr'><strong>ad-</strong></span> 
     </span>
    </p>
   </div>
   <div class='ocr_carea' id='block_1_48' title="bbox 2282 1979 3875 2065">
    <p class='ocr_par' dir='ltr' id='par_1_48' title="bbox 2282 1979 3875 2065">
     <span class='ocr_line' id='line_1_48' title="bbox 2282 1979 3875 2065; baseline -0.013 -12"><span class='ocrx_word' id='word_1_296' title='bbox 2282 1997 2520 2054; x_wconf 87' lang='lat' dir='ltr'><strong>hibitum</strong></span> <span class='ocrx_word' id='word_1_297' title='bbox 2569 1992 2816 2065; x_wconf 85' lang='lat' dir='ltr'><strong>magistri</strong></span> <span class='ocrx_word' id='word_1_298' title='bbox 2866 2005 3069 2045; x_wconf 89' lang='lat' dir='ltr'><strong>nomen</strong></span> <span class='ocrx_word' id='word_1_299' title='bbox 3099 2030 3113 2055; x_wconf 96' lang='lat'><strong>,</strong></span> <span class='ocrx_word' id='word_1_300' title='bbox 3154 1986 3405 2043; x_wconf 87' lang='lat' dir='ltr'><strong>eamdem</strong></span> <span class='ocrx_word' id='word_1_301' title='bbox 3457 1998 3580 2039; x_wconf 91' lang='lat' dir='ltr'><strong>esse</strong></span> <span class='ocrx_word' id='word_1_302' title='bbox 3628 1979 3875 2036; x_wconf 88' lang='lat' dir='ltr'><strong>credidit</strong></span> 
     </span>
    </p>
   </div>
   <div class='ocr_carea' id='block_1_49' title="bbox 2282 2076 3872 2163">
    <p class='ocr_par' dir='ltr' id='par_1_49' title="bbox 2282 2076 3872 2163">
     <span class='ocr_line' id='line_1_49' title="bbox 2282 2076 3872 2163; baseline -0.014 -16"><span class='ocrx_word' id='word_1_303' title='bbox 2282 2089 2756 2163; x_wconf 88' lang='lat' dir='ltr'><strong>signiﬁcationem.</strong></span> <span class='ocrx_word' id='word_1_304' title='bbox 2804 2086 3007 2141; x_wconf 79' lang='lat' dir='ltr'><strong>Verum</strong></span> <span class='ocrx_word' id='word_1_305' title='bbox 3049 2084 3107 2137; x_wconf 92' lang='lat' dir='ltr'><strong>in</strong></span> <span class='ocrx_word' id='word_1_306' title='bbox 3160 2079 3393 2150; x_wconf 88' lang='lat' dir='ltr'><strong>epistola</strong></span> <span class='ocrx_word' id='word_1_307' title='bbox 3436 2076 3526 2139; x_wconf 79' lang='lat'><strong>82,</strong></span> <span class='ocrx_word' id='word_1_308' title='bbox 3562 2083 3650 2130; x_wconf 89' lang='lat' dir='ltr'><strong>est</strong></span> <span class='ocrx_word' id='word_1_309' title='bbox 3698 2088 3872 2142; x_wconf 77' lang='grc' dir='ltr'><strong>στραο</strong></span> 
     </span>
    </p>
   </div>
   <div class='ocr_carea' id='block_1_50' title="bbox 2281 2164 3871 2253">
    <p class='ocr_par' dir='ltr' id='par_1_50' title="bbox 2281 2164 3871 2253">
     <span class='ocr_line' id='line_1_50' title="bbox 2281 2164 3871 2253; baseline -0.013 -15"><span class='ocrx_word' id='word_1_310' title='bbox 2281 2184 2453 2253; x_wconf 80' lang='grc' dir='ltr'><strong>τηγῷ,</strong></span> <span class='ocrx_word' id='word_1_311' title='bbox 2469 2197 2592 2251; x_wconf 64' lang='lat' dir='ltr'><strong>qua:</strong></span> <span class='ocrx_word' id='word_1_312' title='bbox 2612 2193 2711 2234; x_wconf 93' lang='lat' dir='ltr'><strong>vos</strong></span> <span class='ocrx_word' id='word_1_313' title='bbox 2737 2177 3058 2247; x_wconf 88' lang='lat' dir='ltr'><strong>magistrum</strong></span> <span class='ocrx_word' id='word_1_314' title='bbox 3077 2173 3315 2227; x_wconf 92' lang='lat' dir='ltr'><strong>militum</strong></span> <span class='ocrx_word' id='word_1_315' title='bbox 3342 2167 3651 2239; x_wconf 86' lang='lat' dir='ltr'><strong>signiﬁcat;</strong></span> <span class='ocrx_word' id='word_1_316' title='bbox 3675 2166 3731 2219; x_wconf 93' lang='lat' dir='ltr'><strong>in</strong></span> <span class='ocrx_word' id='word_1_317' title='bbox 3757 2164 3871 2219; x_wconf 86' lang='lat' dir='ltr'><strong>hac</strong></span> 
     </span>
    </p>
   </div>
   <div class='ocr_carea' id='block_1_51' title="bbox 2288 2258 3723 2346">
    <p class='ocr_par' dir='ltr' id='par_1_51' title="bbox 2288 2258 3723 2346">
     <span class='ocr_line' id='line_1_51' title="bbox 2288 2258 3723 2346; baseline -0.013 -18"><span class='ocrx_word' id='word_1_318' title='bbox 2288 2275 2593 2346; x_wconf 80' lang='grc' dir='ltr'><strong>μαγίστρῳ,</strong></span> <span class='ocrx_word' id='word_1_319' title='bbox 2627 2284 2750 2341; x_wconf 62' lang='lat' dir='ltr'><strong>quae</strong></span> <span class='ocrx_word' id='word_1_320' title='bbox 2771 2266 3020 2338; x_wconf 87' lang='lat' dir='ltr'><strong>magistri</strong></span> <span class='ocrx_word' id='word_1_321' title='bbox 3048 2264 3352 2320; x_wconf 78' lang='lat' dir='ltr'><strong>ciliciorum</strong></span> <span class='ocrx_word' id='word_1_322' title='bbox 3368 2258 3593 2331; x_wconf 90' lang='lat' dir='ltr'><strong>propria</strong></span> <span class='ocrx_word' id='word_1_323' title='bbox 3619 2263 3723 2312; x_wconf 88' lang='lat' dir='ltr'><strong>est.</strong></span> 
     </span>
    </p>
   </div>
   <div class='ocr_carea' id='block_1_52' title="bbox 2357 2348 3873 2424">
    <p class='ocr_par' dir='ltr' id='par_1_52' title="bbox 2357 2348 3873 2424">
     <span class='ocr_line' id='line_1_52' title="bbox 2357 2348 3873 2424; baseline -0.013 -8"><span class='ocrx_word' id='word_1_324' title='bbox 2357 2362 2442 2417; x_wconf 88' lang='lat' dir='ltr'><strong>Ill.</strong></span> <span class='ocrx_word' id='word_1_325' title='bbox 2463 2360 2522 2415; x_wconf 89' lang='lat' dir='ltr'><strong>1d</strong></span> <span class='ocrx_word' id='word_1_326' title='bbox 2538 2374 2670 2414; x_wconf 87' lang='lat' dir='ltr'><strong>vero</strong></span> <span class='ocrx_word' id='word_1_327' title='bbox 2686 2355 3011 2420; x_wconf 89' lang='lat' dir='ltr'><strong>notandum,</strong></span> <span class='ocrx_word' id='word_1_328' title='bbox 3034 2352 3182 2424; x_wconf 91' lang='lat' dir='ltr'><strong>quod</strong></span> <span class='ocrx_word' id='word_1_329' title='bbox 3206 2350 3373 2407; x_wconf 89' lang='lat' dir='ltr'><strong>tradit</strong></span> <span class='ocrx_word' id='word_1_330' title='bbox 3388 2348 3791 2409; x_wconf 87' lang='lat' dir='ltr'><strong>Theodoretus,</strong></span> <span class='ocrx_word' id='word_1_331' title='bbox 3810 2358 3873 2398; x_wconf 88' lang='lat' dir='ltr'><strong>se</strong></span> 
     </span>
    </p>
   </div>
   <div class='ocr_carea' id='block_1_53' title="bbox 2281 2437 3872 2526">
    <p class='ocr_par' dir='ltr' id='par_1_53' title="bbox 2281 2437 3872 2526">
     <span class='ocr_line' id='line_1_53' title="bbox 2281 2437 3872 2526; baseline -0.013 -17"><span class='ocrx_word' id='word_1_332' title='bbox 2281 2456 2390 2526; x_wconf 90' lang='lat' dir='ltr'><strong>jam</strong></span> <span class='ocrx_word' id='word_1_333' title='bbox 2423 2450 2727 2508; x_wconf 87' lang='lat' dir='ltr'><strong>senectutis</strong></span> <span class='ocrx_word' id='word_1_334' title='bbox 2767 2456 2971 2502; x_wconf 91' lang='lat' dir='ltr'><strong>metam</strong></span> <span class='ocrx_word' id='word_1_335' title='bbox 3017 2447 3327 2515; x_wconf 90' lang='lat' dir='ltr'><strong>ingressum</strong></span> <span class='ocrx_word' id='word_1_336' title='bbox 3358 2459 3371 2495; x_wconf 92' lang='lat'><strong>:</strong></span> <span class='ocrx_word' id='word_1_337' title='bbox 3408 2448 3611 2494; x_wconf 90' lang='lat' dir='ltr'><strong>metam</strong></span> <span class='ocrx_word' id='word_1_338' title='bbox 3652 2437 3872 2506; x_wconf 87' lang='lat' dir='ltr'><strong>utique,</strong></span> 
     </span>
    </p>
   </div>
   <div class='ocr_carea' id='block_1_54' title="bbox 2287 2530 3875 2615">
    <p class='ocr_par' dir='ltr' id='par_1_54' title="bbox 2287 2530 3875 2615">
     <span class='ocr_line' id='line_1_54' title="bbox 2287 2530 3875 2615; baseline -0.013 -14"><span class='ocrx_word' id='word_1_339' title='bbox 2287 2562 2396 2601; x_wconf 90' lang='lat' dir='ltr'><strong>non</strong></span> <span class='ocrx_word' id='word_1_340' title='bbox 2425 2559 2533 2615; x_wconf 92' lang='lat' dir='ltr'><strong>qua</strong></span> <span class='ocrx_word' id='word_1_341' title='bbox 2561 2542 2771 2608; x_wconf 89' lang='lat' dir='ltr'><strong>ﬁnitur,</strong></span> <span class='ocrx_word' id='word_1_342' title='bbox 2794 2540 2891 2595; x_wconf 91' lang='lat' dir='ltr'><strong>sed</strong></span> <span class='ocrx_word' id='word_1_343' title='bbox 2923 2538 3071 2593; x_wconf 89' lang='lat' dir='ltr'><strong>unde</strong></span> <span class='ocrx_word' id='word_1_344' title='bbox 3093 2535 3289 2605; x_wconf 90' lang='lat' dir='ltr'><strong>incipit</strong></span> <span class='ocrx_word' id='word_1_345' title='bbox 3308 2540 3598 2596; x_wconf 87' lang='lat' dir='ltr'><strong>senectus;</strong></span> <span class='ocrx_word' id='word_1_346' title='bbox 3634 2530 3749 2584; x_wconf 63' lang='lat' dir='ltr'><strong>haec</strong></span> <span class='ocrx_word' id='word_1_347' title='bbox 3773 2543 3875 2582; x_wconf 86' lang='lat' dir='ltr'><strong>au-</strong></span> 
     </span>
    </p>
   </div>
   <div class='ocr_carea' id='block_1_55' title="bbox 2287 2629 3874 2702">
    <p class='ocr_par' dir='ltr' id='par_1_55' title="bbox 2287 2629 3874 2702">
     <span class='ocr_line' id='line_1_55' title="bbox 2287 2629 3874 2702; baseline -0.013 -9"><span class='ocrx_word' id='word_1_348' title='bbox 2287 2647 2396 2693; x_wconf 91' lang='lat' dir='ltr'><strong>tem</strong></span> <span class='ocrx_word' id='word_1_349' title='bbox 2433 2636 2586 2691; x_wconf 88' lang='lat' dir='ltr'><strong>varia</strong></span> <span class='ocrx_word' id='word_1_350' title='bbox 2619 2643 2704 2690; x_wconf 89' lang='lat' dir='ltr'><strong>est</strong></span> <span class='ocrx_word' id='word_1_351' title='bbox 2733 2651 2746 2687; x_wconf 86' lang='lat'><strong>:</strong></span> <span class='ocrx_word' id='word_1_352' title='bbox 2779 2648 2905 2687; x_wconf 91' lang='lat' dir='ltr'><strong>nam</strong></span> <span class='ocrx_word' id='word_1_353' title='bbox 2940 2646 3062 2702; x_wconf 72' lang='lat' dir='ltr'><strong>qua:</strong></span> <span class='ocrx_word' id='word_1_354' title='bbox 3090 2629 3339 2693; x_wconf 87' lang='lat' dir='ltr'><strong>minima,</strong></span> <span class='ocrx_word' id='word_1_355' title='bbox 3370 2634 3598 2682; x_wconf 89' lang='lat' dir='ltr'><strong>octavus</strong></span> <span class='ocrx_word' id='word_1_356' title='bbox 3631 2630 3717 2676; x_wconf 89' lang='lat' dir='ltr'><strong>est</strong></span> <span class='ocrx_word' id='word_1_357' title='bbox 3741 2635 3874 2690; x_wconf 81' lang='lat' dir='ltr'><strong>sep-</strong></span> 
     </span>
    </p>
   </div>
   <div class='ocr_carea' id='block_1_56' title="bbox 2287 2713 3876 2793">
    <p class='ocr_par' dir='ltr' id='par_1_56' title="bbox 2287 2713 3876 2793">
     <span class='ocr_line' id='line_1_56' title="bbox 2287 2713 3876 2793; baseline -0.013 -8"><span class='ocrx_word' id='word_1_358' title='bbox 2287 2729 2552 2793; x_wconf 90' lang='lat' dir='ltr'><strong>tenarius,</strong></span> <span class='ocrx_word' id='word_1_359' title='bbox 2597 2726 2652 2781; x_wconf 91' lang='lat' dir='ltr'><strong>id</strong></span> <span class='ocrx_word' id='word_1_360' title='bbox 2687 2733 2792 2792; x_wconf 88' lang='lat' dir='ltr'><strong>est,</strong></span> <span class='ocrx_word' id='word_1_361' title='bbox 2845 2738 3023 2778; x_wconf 89' lang='lat' dir='ltr'><strong>annus</strong></span> <span class='ocrx_word' id='word_1_362' title='bbox 3067 2720 3243 2776; x_wconf 80' lang='lat' dir='ltr'><strong>aetatis</strong></span> <span class='ocrx_word' id='word_1_363' title='bbox 3286 2718 3393 2786; x_wconf 80' lang='lat'><strong>56;</strong></span> <span class='ocrx_word' id='word_1_364' title='bbox 3444 2732 3566 2787; x_wconf 64' lang='lat' dir='ltr'><strong>quae.</strong></span> <span class='ocrx_word' id='word_1_365' title='bbox 3611 2713 3876 2779; x_wconf 76' lang='lat' dir='ltr'><strong>maxima,</strong></span> 
     </span>
    </p>
   </div>
   <div class='ocr_carea' id='block_1_57' title="bbox 2288 2804 3874 2887">
    <p class='ocr_par' dir='ltr' id='par_1_57' title="bbox 2288 2804 3874 2887">
     <span class='ocr_line' id='line_1_57' title="bbox 2288 2804 3874 2887; baseline -0.011 -12"><span class='ocrx_word' id='word_1_366' title='bbox 2288 2836 2467 2876; x_wconf 89' lang='lat' dir='ltr'><strong>nonus</strong></span> <span class='ocrx_word' id='word_1_367' title='bbox 2492 2816 2856 2887; x_wconf 87' lang='lat' dir='ltr'><strong>septenarius,</strong></span> <span class='ocrx_word' id='word_1_368' title='bbox 2879 2815 2972 2885; x_wconf 91' lang='lat' dir='ltr'><strong>qui</strong></span> <span class='ocrx_word' id='word_1_369' title='bbox 2994 2814 3062 2867; x_wconf 81' lang='grc'><strong>65</strong></span> <span class='ocrx_word' id='word_1_370' title='bbox 3089 2812 3265 2867; x_wconf 76' lang='lat' dir='ltr'><strong>mtatis</strong></span> <span class='ocrx_word' id='word_1_371' title='bbox 3285 2825 3490 2869; x_wconf 81' lang='lat' dir='ltr'><strong>annus;</strong></span> <span class='ocrx_word' id='word_1_372' title='bbox 3518 2822 3640 2876; x_wconf 61' lang='lat' dir='ltr'><strong>qua:</strong></span> <span class='ocrx_word' id='word_1_373' title='bbox 3667 2804 3874 2867; x_wconf 82' lang='lat' dir='ltr'><strong>media,</strong></span> 
     </span>
    </p>
   </div>
   <div class='ocr_carea' id='block_1_58' title="bbox 2288 2897 3877 2972">
    <p class='ocr_par' dir='ltr' id='par_1_58' title="bbox 2288 2897 3877 2972">
     <span class='ocr_line' id='line_1_58' title="bbox 2288 2897 3877 2972; baseline -0.01 -7"><span class='ocrx_word' id='word_1_374' title='bbox 2288 2926 2465 2967; x_wconf 91' lang='lat' dir='ltr'><strong>annus</strong></span> <span class='ocrx_word' id='word_1_375' title='bbox 2492 2910 2714 2963; x_wconf 90' lang='lat' dir='ltr'><strong>circiter</strong></span> <span class='ocrx_word' id='word_1_376' title='bbox 2751 2907 2840 2962; x_wconf 86' lang='lat'><strong>60.</strong></span> <span class='ocrx_word' id='word_1_377' title='bbox 2875 2906 3048 2972; x_wconf 86' lang='lat' dir='ltr'><strong>Quam</strong></span> <span class='ocrx_word' id='word_1_378' title='bbox 3076 2905 3143 2959; x_wconf 92' lang='lat' dir='ltr'><strong>de</strong></span> <span class='ocrx_word' id='word_1_379' title='bbox 3173 2903 3351 2957; x_wconf 90' lang='lat' dir='ltr'><strong>tribus</strong></span> <span class='ocrx_word' id='word_1_380' title='bbox 3382 2899 3573 2955; x_wconf 89' lang='lat' dir='ltr'><strong>statuit</strong></span> <span class='ocrx_word' id='word_1_381' title='bbox 3612 2897 3877 2952; x_wconf 55' lang='lat' dir='ltr'><strong>Theodo.</strong></span> 
     </span>
    </p>
   </div>
   <div class='ocr_carea' id='block_1_59' title="bbox 2291 2989 3879 3065">
    <p class='ocr_par' dir='ltr' id='par_1_59' title="bbox 2291 2989 3879 3065">
     <span class='ocr_line' id='line_1_59' title="bbox 2291 2989 3879 3065; baseline -0.011 -8"><span class='ocrx_word' id='word_1_382' title='bbox 2291 3002 2483 3057; x_wconf 85' lang='lat' dir='ltr'><strong>retus?</strong></span> <span class='ocrx_word' id='word_1_383' title='bbox 2521 3000 2578 3055; x_wconf 93' lang='lat' dir='ltr'><strong>Si</strong></span> <span class='ocrx_word' id='word_1_384' title='bbox 2614 2998 2920 3062; x_wconf 89' lang='lat' dir='ltr'><strong>minimam,</strong></span> <span class='ocrx_word' id='word_1_385' title='bbox 2962 3006 3117 3051; x_wconf 91' lang='lat' dir='ltr'><strong>ortus</strong></span> <span class='ocrx_word' id='word_1_386' title='bbox 3156 2995 3332 3065; x_wconf 89' lang='lat' dir='ltr'><strong>ipsius</strong></span> <span class='ocrx_word' id='word_1_387' title='bbox 3356 2990 3651 3060; x_wconf 85' lang='lat' dir='ltr'><strong>contigisse</strong></span> <span class='ocrx_word' id='word_1_388' title='bbox 3679 2989 3879 3043; x_wconf 82' lang='lat' dir='ltr'><strong>dicen-</strong></span> 
     </span>
    </p>
   </div>
   <div class='ocr_carea' id='block_1_60' title="bbox 2290 3081 3877 3155">
    <p class='ocr_par' dir='ltr' id='par_1_60' title="bbox 2290 3081 3877 3155">
     <span class='ocr_line' id='line_1_60' title="bbox 2290 3081 3877 3155; baseline -0.009 -5"><span class='ocrx_word' id='word_1_389' title='bbox 2290 3094 2392 3149; x_wconf 86' lang='lat' dir='ltr'><strong>dus</strong></span> <span class='ocrx_word' id='word_1_390' title='bbox 2417 3101 2502 3148; x_wconf 91' lang='lat' dir='ltr'><strong>est</strong></span> <span class='ocrx_word' id='word_1_391' title='bbox 2540 3107 2685 3147; x_wconf 88' lang='lat' dir='ltr'><strong>anno</strong></span> <span class='ocrx_word' id='word_1_392' title='bbox 2706 3091 2804 3145; x_wconf 72' lang='grc'><strong>591</strong></span> <span class='ocrx_word' id='word_1_393' title='bbox 2833 3107 2847 3155; x_wconf 91' lang='lat'><strong>;</strong></span> <span class='ocrx_word' id='word_1_394' title='bbox 2888 3089 2934 3143; x_wconf 92' lang='lat' dir='ltr'><strong>si</strong></span> <span class='ocrx_word' id='word_1_395' title='bbox 2962 3088 3275 3151; x_wconf 84' lang='lat' dir='ltr'><strong>maximam,</strong></span> <span class='ocrx_word' id='word_1_396' title='bbox 3309 3100 3453 3139; x_wconf 89' lang='lat' dir='ltr'><strong>anno</strong></span> <span class='ocrx_word' id='word_1_397' title='bbox 3487 3083 3625 3147; x_wconf 80' lang='lat'><strong>584;</strong></span> <span class='ocrx_word' id='word_1_398' title='bbox 3671 3081 3715 3136; x_wconf 90' lang='lat' dir='ltr'><strong>si</strong></span> <span class='ocrx_word' id='word_1_399' title='bbox 3751 3095 3877 3135; x_wconf 86' lang='lat' dir='ltr'><strong>me-</strong></span> 
     </span>
    </p>
   </div>
   <div class='ocr_carea' id='block_1_61' title="bbox 671 3171 2186 3272">
    <p class='ocr_par' dir='ltr' id='par_1_61' title="bbox 671 3199 2186 3272">
     <span class='ocr_line' id='line_1_61' title="bbox 671 3199 2186 3272; baseline 0.001 -17"><span class='ocrx_word' id='word_1_400' title='bbox 671 3200 716 3255; x_wconf 93' lang='lat' dir='ltr'><strong>l.</strong></span> <span class='ocrx_word' id='word_1_401' title='bbox 756 3199 883 3256; x_wconf 59' lang='lat' dir='ltr'><strong>Haec</strong></span> <span class='ocrx_word' id='word_1_402' title='bbox 911 3208 968 3255; x_wconf 88' lang='lat' dir='ltr'><strong>et</strong></span> <span class='ocrx_word' id='word_1_403' title='bbox 991 3200 1112 3257; x_wconf 68' lang='lat' dir='ltr'><strong>alite</strong></span> <span class='ocrx_word' id='word_1_404' title='bbox 1147 3211 1552 3272; x_wconf 88' lang='lat' dir='ltr'><strong>consequentes</strong></span> <span class='ocrx_word' id='word_1_405' title='bbox 1578 3216 1685 3256; x_wconf 91' lang='lat' dir='ltr'><strong>una</strong></span> <span class='ocrx_word' id='word_1_406' title='bbox 1711 3211 1768 3258; x_wconf 90' lang='lat' dir='ltr'><strong>et</strong></span> <span class='ocrx_word' id='word_1_407' title='bbox 1794 3200 1986 3271; x_wconf 88' lang='lat' dir='ltr'><strong>viginti</strong></span> <span class='ocrx_word' id='word_1_408' title='bbox 2030 3202 2186 3256; x_wconf 87' lang='lat' dir='ltr'><strong>unius</strong></span> 
     </span>
    </p>
   </div>
   <div class='ocr_carea' id='block_1_62' title="bbox 2294 3171 3882 3272">
    <p class='ocr_par' dir='ltr' id='par_1_62' title="bbox 2294 3171 3882 3257">
     <span class='ocr_line' id='line_1_62' title="bbox 2294 3171 3882 3257; baseline -0.011 -16"><span class='ocrx_word' id='word_1_409' title='bbox 2294 3186 2460 3249; x_wconf 89' lang='lat' dir='ltr'><strong>diam,</strong></span> <span class='ocrx_word' id='word_1_410' title='bbox 2493 3198 2651 3257; x_wconf 87' lang='lat' dir='ltr'><strong>anno</strong></span> <span class='ocrx_word' id='word_1_411' title='bbox 2692 3181 2816 3245; x_wconf 77' lang='lat'><strong>586,</strong></span> <span class='ocrx_word' id='word_1_412' title='bbox 2867 3178 3141 3249; x_wconf 89' lang='lat' dir='ltr'><strong>siquidem</strong></span> <span class='ocrx_word' id='word_1_413' title='bbox 3191 3176 3309 3230; x_wconf 76' lang='lat' dir='ltr'><strong>haec</strong></span> <span class='ocrx_word' id='word_1_414' title='bbox 3348 3173 3580 3244; x_wconf 90' lang='lat' dir='ltr'><strong>epistola</strong></span> <span class='ocrx_word' id='word_1_415' title='bbox 3635 3171 3760 3226; x_wconf 83' lang='lat' dir='ltr'><strong>data</strong></span> <span class='ocrx_word' id='word_1_416' title='bbox 3791 3180 3882 3225; x_wconf 86' lang='lat' dir='ltr'><strong>est</strong></span> 
     </span>
    </p>
   </div>
   <div class='ocr_carea' id='block_1_63' title="bbox 605 3291 2186 3361">
    <p class='ocr_par' dir='ltr' id='par_1_63' title="bbox 605 3291 2186 3361">
     <span class='ocr_line' id='line_1_63' title="bbox 605 3291 2186 3361; baseline -0.001 -16"><span class='ocrx_word' id='word_1_417' title='bbox 605 3298 737 3345; x_wconf 79' lang='lat' dir='ltr'><strong>sunt</strong></span> <span class='ocrx_word' id='word_1_418' title='bbox 770 3291 1106 3361; x_wconf 86' lang='lat' dir='ltr'><strong>argumenti,</strong></span> <span class='ocrx_word' id='word_1_419' title='bbox 1155 3291 1432 3361; x_wconf 91' lang='lat' dir='ltr'><strong>uniusque</strong></span> <span class='ocrx_word' id='word_1_420' title='bbox 1479 3292 1782 3359; x_wconf 87' lang='lat' dir='ltr'><strong>temporis,</strong></span> <span class='ocrx_word' id='word_1_421' title='bbox 1837 3301 1895 3346; x_wconf 88' lang='lat' dir='ltr'><strong>et</strong></span> <span class='ocrx_word' id='word_1_422' title='bbox 1938 3292 1995 3345; x_wconf 91' lang='lat' dir='ltr'><strong>in</strong></span> <span class='ocrx_word' id='word_1_423' title='bbox 2023 3307 2186 3346; x_wconf 91' lang='lat' dir='ltr'><strong>unam</strong></span> 
     </span>
    </p>
   </div>
   <div class='ocr_carea' id='block_1_64' title="bbox 606 3381 2188 3454">
    <p class='ocr_par' dir='ltr' id='par_1_64' title="bbox 606 3381 2188 3454">
     <span class='ocr_line' id='line_1_64' title="bbox 606 3381 2188 3454; baseline 0.001 -19"><span class='ocrx_word' id='word_1_424' title='bbox 606 3381 831 3437; x_wconf 82' lang='lat' dir='ltr'><strong>direch</strong></span> <span class='ocrx_word' id='word_1_425' title='bbox 856 3382 1132 3438; x_wconf 88' lang='lat' dir='ltr'><strong>civitatem</strong></span> <span class='ocrx_word' id='word_1_426' title='bbox 1156 3383 1384 3453; x_wconf 77' lang='lat' dir='ltr'><strong>regiam,</strong></span> <span class='ocrx_word' id='word_1_427' title='bbox 1421 3382 1489 3436; x_wconf 91' lang='lat' dir='ltr'><strong>ad</strong></span> <span class='ocrx_word' id='word_1_428' title='bbox 1519 3397 1683 3452; x_wconf 88' lang='lat' dir='ltr'><strong>quam</strong></span> <span class='ocrx_word' id='word_1_429' title='bbox 1718 3382 1927 3438; x_wconf 89' lang='lat' dir='ltr'><strong>scilicet</strong></span> <span class='ocrx_word' id='word_1_430' title='bbox 1955 3381 2188 3454; x_wconf 87' lang='lat' dir='ltr'><strong>delegati</strong></span> 
     </span>
    </p>
   </div>
   <div class='ocr_carea' id='block_1_65' title="bbox 604 3468 1550 3542">
    <p class='ocr_par' dir='ltr' id='par_1_65' title="bbox 604 3468 1550 3542">
     <span class='ocr_line' id='line_1_65' title="bbox 604 3468 1550 3542; baseline -0.001 -17"><span class='ocrx_word' id='word_1_431' title='bbox 604 3486 675 3525; x_wconf 88' lang='lat' dir='ltr'><strong>ex</strong></span> <span class='ocrx_word' id='word_1_432' title='bbox 704 3468 926 3527; x_wconf 87' lang='lat' dir='ltr'><strong>Oriente</strong></span> <span class='ocrx_word' id='word_1_433' title='bbox 952 3472 1197 3542; x_wconf 88' lang='lat' dir='ltr'><strong>episcopi</strong></span> <span class='ocrx_word' id='word_1_434' title='bbox 1230 3471 1550 3541; x_wconf 82' lang='lat' dir='ltr'><strong>pergebant.</strong></span> 
     </span>
    </p>
   </div>
   <div class='ocr_carea' id='block_1_66' title="bbox 676 3560 2191 3633">
    <p class='ocr_par' dir='ltr' id='par_1_66' title="bbox 676 3560 2191 3633">
     <span class='ocr_line' id='line_1_66' title="bbox 676 3560 2191 3633; baseline 0.001 -18"><span class='ocrx_word' id='word_1_435' title='bbox 676 3560 741 3615; x_wconf 89' lang='lat' dir='ltr'><strong>ll.</strong></span> <span class='ocrx_word' id='word_1_436' title='bbox 788 3561 936 3617; x_wconf 85' lang='lat' dir='ltr'><strong>Missi</strong></span> <span class='ocrx_word' id='word_1_437' title='bbox 974 3571 1105 3617; x_wconf 90' lang='lat' dir='ltr'><strong>sunt</strong></span> <span class='ocrx_word' id='word_1_438' title='bbox 1148 3576 1282 3616; x_wconf 91' lang='lat' dir='ltr'><strong>vero</strong></span> <span class='ocrx_word' id='word_1_439' title='bbox 1319 3561 1561 3632; x_wconf 79' lang='lat' dir='ltr'><strong>episcopi</strong></span> <span class='ocrx_word' id='word_1_440' title='bbox 1613 3561 1727 3627; x_wconf 92' lang='lat' dir='ltr'><strong>illi,</strong></span> <span class='ocrx_word' id='word_1_441' title='bbox 1778 3570 1841 3617; x_wconf 89' lang='lat' dir='ltr'><strong>ut</strong></span> <span class='ocrx_word' id='word_1_442' title='bbox 1887 3562 2191 3633; x_wconf 89' lang='lat' dir='ltr'><strong>legatorum</strong></span> 
     </span>
    </p>
   </div>
   <div class='ocr_carea' id='block_1_67' title="bbox 606 3651 2192 3725">
    <p class='ocr_par' dir='ltr' id='par_1_67' title="bbox 606 3651 2192 3725">
     <span class='ocr_line' id='line_1_67' title="bbox 606 3651 2192 3725; baseline 0.001 -18"><span class='ocrx_word' id='word_1_443' title='bbox 606 3651 857 3707; x_wconf 90' lang='lat' dir='ltr'><strong>Dioscori</strong></span> <span class='ocrx_word' id='word_1_444' title='bbox 896 3653 1274 3708; x_wconf 89' lang='lat' dir='ltr'><strong>molitionibus</strong></span> <span class='ocrx_word' id='word_1_445' title='bbox 1309 3654 1663 3720; x_wconf 87' lang='lat' dir='ltr'><strong>obsisterent,</strong></span> <span class='ocrx_word' id='word_1_446' title='bbox 1694 3663 1860 3725; x_wconf 88' lang='lat' dir='ltr'><strong>atque</strong></span> <span class='ocrx_word' id='word_1_447' title='bbox 1885 3654 2192 3710; x_wconf 89' lang='lat' dir='ltr'><strong>accusatio—</strong></span> 
     </span>
    </p>
   </div>
   <div class='ocr_carea' id='block_1_68' title="bbox 607 3744 2193 3818">
    <p class='ocr_par' dir='ltr' id='par_1_68' title="bbox 607 3744 2193 3818">
     <span class='ocr_line' id='line_1_68' title="bbox 607 3744 2193 3818; baseline 0.001 -19"><span class='ocrx_word' id='word_1_448' title='bbox 607 3759 735 3799; x_wconf 89' lang='lat' dir='ltr'><strong>nem</strong></span> <span class='ocrx_word' id='word_1_449' title='bbox 765 3744 1029 3801; x_wconf 90' lang='lat' dir='ltr'><strong>adversus</strong></span> <span class='ocrx_word' id='word_1_450' title='bbox 1052 3744 1360 3801; x_wconf 88' lang='lat' dir='ltr'><strong>Orientales</strong></span> <span class='ocrx_word' id='word_1_451' title='bbox 1393 3746 1683 3816; x_wconf 90' lang='lat' dir='ltr'><strong>ipsumque</strong></span> <span class='ocrx_word' id='word_1_452' title='bbox 1722 3747 1975 3818; x_wconf 87' lang='lat' dir='ltr'><strong>inprimis</strong></span> <span class='ocrx_word' id='word_1_453' title='bbox 2011 3748 2193 3802; x_wconf 82' lang='lat' dir='ltr'><strong>Theo-</strong></span> 
     </span>
    </p>
   </div>
   <div class='ocr_carea' id='block_1_69' title="bbox 608 3835 2148 3895">
    <p class='ocr_par' dir='ltr' id='par_1_69' title="bbox 608 3835 2148 3895">
     <span class='ocr_line' id='line_1_69' title="bbox 608 3835 2148 3895; baseline 0.001 -5"><span class='ocrx_word' id='word_1_454' title='bbox 608 3835 865 3891; x_wconf 92' lang='lat' dir='ltr'><strong>doretum</strong></span> <span class='ocrx_word' id='word_1_455' title='bbox 888 3836 957 3891; x_wconf 90' lang='lat' dir='ltr'><strong>de</strong></span> <span class='ocrx_word' id='word_1_456' title='bbox 983 3837 1163 3892; x_wconf 84' lang='lat' dir='ltr'><strong>diviso</strong></span> <span class='ocrx_word' id='word_1_457' title='bbox 1198 3837 1254 3892; x_wconf 92' lang='lat' dir='ltr'><strong>in</strong></span> <span class='ocrx_word' id='word_1_458' title='bbox 1285 3836 1426 3893; x_wconf 91' lang='lat' dir='ltr'><strong>duos</strong></span> <span class='ocrx_word' id='word_1_459' title='bbox 1446 3837 1588 3895; x_wconf 88' lang='lat' dir='ltr'><strong>ﬁlios</strong></span> <span class='ocrx_word' id='word_1_460' title='bbox 1608 3837 1829 3895; x_wconf 89' lang='lat' dir='ltr'><strong>Christo</strong></span> <span class='ocrx_word' id='word_1_461' title='bbox 1851 3840 2148 3895; x_wconf 89' lang='lat' dir='ltr'><strong>diluerent.</strong></span> 
     </span>
    </p>
   </div>
   <div class='ocr_carea' id='block_1_70' title="bbox 675 3927 2196 4002">
    <p class='ocr_par' dir='ltr' id='par_1_70' title="bbox 675 3927 2196 4002">
     <span class='ocr_line' id='line_1_70' title="bbox 675 3927 2196 4002; baseline 0.002 -20"><span class='ocrx_word' id='word_1_462' title='bbox 675 3927 768 3982; x_wconf 84' lang='grc' dir='ltr'>ΙΙΙ.</span> <span class='ocrx_word' id='word_1_463' title='bbox 788 3927 931 3984; x_wconf 88' lang='lat' dir='ltr'><strong>Sunt</strong></span> <span class='ocrx_word' id='word_1_464' title='bbox 954 3937 1139 3983; x_wconf 91' lang='lat' dir='ltr'><strong>autem</strong></span> <span class='ocrx_word' id='word_1_465' title='bbox 1162 3928 1285 3985; x_wconf 67' lang='lat' dir='ltr'><strong>duae</strong></span> <span class='ocrx_word' id='word_1_466' title='bbox 1313 3938 1371 3985; x_wconf 89' lang='lat' dir='ltr'><strong>et</strong></span> <span class='ocrx_word' id='word_1_467' title='bbox 1395 3931 1590 4002; x_wconf 85' lang='lat' dir='ltr'><strong>viginti</strong></span> <span class='ocrx_word' id='word_1_468' title='bbox 1622 3931 1870 4002; x_wconf 70' lang='lat' dir='ltr'><strong>epistolae</strong></span> <span class='ocrx_word' id='word_1_469' title='bbox 1887 3947 1918 3986; x_wconf 92' lang='lat' dir='ltr'><strong>a</strong></span> <span class='ocrx_word' id='word_1_470' title='bbox 1940 3930 2196 3986; x_wconf 87' lang='lat' dir='ltr'><strong>Theodo-</strong></span> 
     </span>
    </p>
   </div>
   <div class='ocr_carea' id='block_1_71' title="bbox 610 4019 2198 4093">
    <p class='ocr_par' dir='ltr' id='par_1_71' title="bbox 610 4019 2198 4093">
     <span class='ocr_line' id='line_1_71' title="bbox 610 4019 2198 4093; baseline 0.002 -20"><span class='ocrx_word' id='word_1_471' title='bbox 610 4026 733 4073; x_wconf 91' lang='lat' dir='ltr'><strong>reto</strong></span> <span class='ocrx_word' id='word_1_472' title='bbox 765 4033 911 4074; x_wconf 90' lang='lat' dir='ltr'><strong>anno</strong></span> <span class='ocrx_word' id='word_1_473' title='bbox 936 4019 1037 4073; x_wconf 83' lang='lat'><strong>447</strong></span> <span class='ocrx_word' id='word_1_474' title='bbox 1070 4029 1305 4076; x_wconf 79' lang='lat' dir='ltr'><strong>exeunte</strong></span> <span class='ocrx_word' id='word_1_475' title='bbox 1338 4022 1558 4093; x_wconf 78' lang='lat' dir='ltr'><strong>scriptae</strong></span> <span class='ocrx_word' id='word_1_476' title='bbox 1583 4021 1653 4077; x_wconf 91' lang='lat' dir='ltr'><strong>ad</strong></span> <span class='ocrx_word' id='word_1_477' title='bbox 1687 4021 1981 4093; x_wconf 89' lang='lat' dir='ltr'><strong>optimates</strong></span> <span class='ocrx_word' id='word_1_478' title='bbox 2012 4021 2198 4076; x_wconf 90' lang='lat' dir='ltr'><strong>trede-</strong></span> 
     </span>
    </p>
   </div>
   <div class='ocr_carea' id='block_1_72' title="bbox 609 4108 2199 4184">
    <p class='ocr_par' dir='ltr' id='par_1_72' title="bbox 609 4108 2199 4184">
     <span class='ocr_line' id='line_1_72' title="bbox 609 4108 2199 4184; baseline 0.001 -19"><span class='ocrx_word' id='word_1_479' title='bbox 609 4109 742 4176; x_wconf 90' lang='lat' dir='ltr'><strong>cim,</strong></span> <span class='ocrx_word' id='word_1_480' title='bbox 771 4108 1061 4182; x_wconf 90' lang='lat' dir='ltr'><strong>episcopos</strong></span> <span class='ocrx_word' id='word_1_481' title='bbox 1089 4118 1221 4178; x_wconf 90' lang='lat' dir='ltr'><strong>tres,</strong></span> <span class='ocrx_word' id='word_1_482' title='bbox 1256 4113 1609 4184; x_wconf 87' lang='lat' dir='ltr'><strong>presbyteros</strong></span> <span class='ocrx_word' id='word_1_483' title='bbox 1638 4112 1778 4169; x_wconf 89' lang='lat' dir='ltr'><strong>duos</strong></span> <span class='ocrx_word' id='word_1_484' title='bbox 1797 4154 1812 4179; x_wconf 93' lang='lat'><strong>,</strong></span> <span class='ocrx_word' id='word_1_485' title='bbox 1840 4128 2157 4170; x_wconf 70' lang='lat' dir='ltr'><strong>(economos</strong></span> <span class='ocrx_word' id='word_1_486' title='bbox 2181 4114 2199 4134; x_wconf 75' lang='lat'><strong>‘</strong></span> 
     </span>
    </p>
   </div>
   <div class='ocr_carea' id='block_1_73' title="bbox 610 4201 1723 4272">
    <p class='ocr_par' dir='ltr' id='par_1_73' title="bbox 610 4201 1723 4272">
     <span class='ocr_line' id='line_1_73' title="bbox 610 4201 1723 4272; baseline 0.002 -16"><span class='ocrx_word' id='word_1_487' title='bbox 610 4202 817 4272; x_wconf 87' lang='lat' dir='ltr'><strong>pariter</strong></span> <span class='ocrx_word' id='word_1_488' title='bbox 840 4201 1001 4269; x_wconf 90' lang='lat' dir='ltr'><strong>duos,</strong></span> <span class='ocrx_word' id='word_1_489' title='bbox 1033 4212 1091 4259; x_wconf 87' lang='lat' dir='ltr'><strong>et</strong></span> <span class='ocrx_word' id='word_1_490' title='bbox 1108 4203 1445 4260; x_wconf 90' lang='lat' dir='ltr'><strong>diaconissas</strong></span> <span class='ocrx_word' id='word_1_491' title='bbox 1473 4204 1723 4261; x_wconf 92' lang='lat' dir='ltr'><strong>totidem.</strong></span> 
     </span>
    </p>
   </div>
   <div class='ocr_carea' id='block_1_74' title="bbox 681 4292 2199 4366">
    <p class='ocr_par' dir='ltr' id='par_1_74' title="bbox 681 4292 2199 4366">
     <span class='ocr_line' id='line_1_74' title="bbox 681 4292 2199 4366; baseline 0.002 -18"><span class='ocrx_word' id='word_1_492' title='bbox 681 4292 770 4350; x_wconf 81' lang='lat' dir='ltr'><strong>IV.</strong></span> <span class='ocrx_word' id='word_1_493' title='bbox 810 4292 1041 4363; x_wconf 78' lang='lat' dir='ltr'><strong>Scriptae</strong></span> <span class='ocrx_word' id='word_1_494' title='bbox 1069 4302 1219 4360; x_wconf 89' lang='lat' dir='ltr'><strong>sunt,</strong></span> <span class='ocrx_word' id='word_1_495' title='bbox 1243 4296 1492 4365; x_wconf 84' lang='lat' dir='ltr'><strong>inquam,</strong></span> <span class='ocrx_word' id='word_1_496' title='bbox 1515 4309 1659 4350; x_wconf 86' lang='lat' dir='ltr'><strong>anno</strong></span> <span class='ocrx_word' id='word_1_497' title='bbox 1678 4294 1817 4361; x_wconf 86' lang='lat'><strong>447;</strong></span> <span class='ocrx_word' id='word_1_498' title='bbox 1848 4311 2028 4366; x_wconf 89' lang='lat' dir='ltr'><strong>neque</strong></span> <span class='ocrx_word' id='word_1_499' title='bbox 2050 4296 2199 4352; x_wconf 84' lang='lat' dir='ltr'><strong>enim</strong></span> 
     </span>
    </p>
   </div>
   <div class='ocr_carea' id='block_1_75' title="bbox 611 4384 2198 4455">
    <p class='ocr_par' dir='ltr' id='par_1_75' title="bbox 611 4384 2198 4455">
     <span class='ocr_line' id='line_1_75' title="bbox 611 4384 2198 4455; baseline 0.004 -19"><span class='ocrx_word' id='word_1_500' title='bbox 611 4391 915 4454; x_wconf 85' lang='lat' dir='ltr'><strong>potuerunt</strong></span> <span class='ocrx_word' id='word_1_501' title='bbox 965 4385 1213 4452; x_wconf 90' lang='lat' dir='ltr'><strong>tardius,</strong></span> <span class='ocrx_word' id='word_1_502' title='bbox 1273 4401 1399 4440; x_wconf 89' lang='lat' dir='ltr'><strong>cum</strong></span> <span class='ocrx_word' id='word_1_503' title='bbox 1458 4384 1693 4455; x_wconf 83' lang='lat' dir='ltr'><strong>profecti</strong></span> <span class='ocrx_word' id='word_1_504' title='bbox 1747 4385 1859 4441; x_wconf 91' lang='lat' dir='ltr'><strong>sint</strong></span> <span class='ocrx_word' id='word_1_505' title='bbox 1906 4385 2198 4442; x_wconf 83' lang='lat' dir='ltr'><strong>Antiochia</strong></span> 
     </span>
    </p>
   </div>
   <div class='ocr_carea' id='block_1_76' title="bbox 611 4475 2202 4547">
    <p class='ocr_par' dir='ltr' id='par_1_76' title="bbox 611 4475 2202 4547">
     <span class='ocr_line' id='line_1_76' title="bbox 611 4475 2202 4547; baseline -0.001 -14"><span class='ocrx_word' id='word_1_506' title='bbox 611 4475 774 4547; x_wconf 81' lang='lat'><strong>335</strong></span> <span class='ocrx_word' id='word_1_507' title='bbox 806 4477 971 4547; x_wconf 86' lang='lat' dir='ltr'><strong>legati</strong></span> <span class='ocrx_word' id='word_1_508' title='bbox 993 4478 1253 4547; x_wconf 64' lang='lat' dir='ltr'><strong>saeviente</strong></span> <span class='ocrx_word' id='word_1_509' title='bbox 1283 4477 1464 4531; x_wconf 89' lang='lat' dir='ltr'><strong>hieme</strong></span> <span class='ocrx_word' id='word_1_510' title='bbox 1483 4516 1498 4541; x_wconf 95' lang='lat'><strong>,</strong></span> <span class='ocrx_word' id='word_1_511' title='bbox 1525 4484 1582 4531; x_wconf 91' lang='lat' dir='ltr'><strong>et</strong></span> <span class='ocrx_word' id='word_1_512' title='bbox 1616 4476 1853 4532; x_wconf 91' lang='lat' dir='ltr'><strong>necdum</strong></span> <span class='ocrx_word' id='word_1_513' title='bbox 1881 4485 2065 4532; x_wconf 87' lang='lat' dir='ltr'><strong>tamen</strong></span> <span class='ocrx_word' id='word_1_514' title='bbox 2094 4477 2202 4533; x_wconf 68' lang='lat' dir='ltr'><strong>Iba:</strong></span> 
     </span>
    </p>
   </div>
   <div class='ocr_carea' id='block_1_77' title="bbox 2290 3263 3881 3340">
    <p class='ocr_par' dir='ltr' id='par_1_77' title="bbox 2290 3263 3881 3340">
     <span class='ocr_line' id='line_1_77' title="bbox 2290 3263 3881 3340; baseline -0.011 -7"><span class='ocrx_word' id='word_1_515' title='bbox 2290 3293 2435 3334; x_wconf 89' lang='lat' dir='ltr'><strong>anno</strong></span> <span class='ocrx_word' id='word_1_516' title='bbox 2481 3277 2606 3330; x_wconf 78' lang='lat'><strong>447.</strong></span> <span class='ocrx_word' id='word_1_517' title='bbox 2659 3272 2889 3327; x_wconf 85' lang='lat' dir='ltr'><strong>Mediam</strong></span> <span class='ocrx_word' id='word_1_518' title='bbox 2935 3270 3173 3340; x_wconf 89' lang='lat' dir='ltr'><strong>opinor:</strong></span> <span class='ocrx_word' id='word_1_519' title='bbox 3212 3266 3464 3336; x_wconf 89' lang='lat' dir='ltr'><strong>congruit</strong></span> <span class='ocrx_word' id='word_1_520' title='bbox 3509 3265 3656 3319; x_wconf 88' lang='lat' dir='ltr'><strong>enim</strong></span> <span class='ocrx_word' id='word_1_521' title='bbox 3705 3263 3881 3333; x_wconf 85' lang='lat' dir='ltr'><strong>magis</strong></span> 
     </span>
    </p>
   </div>
   <div class='ocr_carea' id='block_1_78' title="bbox 2289 3362 3116 3433">
    <p class='ocr_par' dir='ltr' id='par_1_78' title="bbox 2289 3362 3116 3433">
     <span class='ocr_line' id='line_1_78' title="bbox 2289 3362 3116 3433; baseline -0.015 -6"><span class='ocrx_word' id='word_1_522' title='bbox 2289 3387 2415 3427; x_wconf 91' lang='lat' dir='ltr'><strong>cum</strong></span> <span class='ocrx_word' id='word_1_523' title='bbox 2442 3367 2659 3424; x_wconf 67' lang='lat' dir='ltr'><strong>caeteris</strong></span> <span class='ocrx_word' id='word_1_524' title='bbox 2682 3365 2805 3419; x_wconf 58' lang='lat' dir='ltr'><strong>vitae</strong></span> <span class='ocrx_word' id='word_1_525' title='bbox 2825 3362 3116 3433; x_wconf 87' lang='lat' dir='ltr'><strong>adjunctis.</strong></span> 
     </span>
    </p>
   </div>
   <div class='ocr_carea' id='block_1_79' title="bbox 2293 3469 3880 3555">
    <p class='ocr_par' dir='ltr' id='par_1_79' title="bbox 2293 3469 3880 3555">
     <span class='ocr_line' id='line_1_79' title="bbox 2293 3469 3880 3555; baseline -0.011 -15"><span class='ocrx_word' id='word_1_526' title='bbox 2293 3482 2534 3555; x_wconf 77' lang='lat' dir='ltr'><strong>Epistula</strong></span> <span class='ocrx_word' id='word_1_527' title='bbox 2563 3482 2626 3537; x_wconf 86' lang='grc'><strong>91</strong></span> <span class='ocrx_word' id='word_1_528' title='bbox 2661 3478 3026 3550; x_wconf 82' lang='lat' dir='ltr'><strong>deprecatoria</strong></span> <span class='ocrx_word' id='word_1_529' title='bbox 3069 3476 3140 3529; x_wconf 87' lang='lat' dir='ltr'><strong>ad</strong></span> <span class='ocrx_word' id='word_1_530' title='bbox 3174 3474 3515 3529; x_wconf 84' lang='lat' dir='ltr'><strong>Eutrechium</strong></span> <span class='ocrx_word' id='word_1_531' title='bbox 3549 3469 3880 3540; x_wconf 59' lang='lat' dir='ltr'><strong>praefectum.</strong></span> 
     </span>
    </p>
   </div>
   <div class='ocr_carea' id='block_1_80' title="bbox 2362 3581 3883 3661">
    <p class='ocr_par' dir='ltr' id='par_1_80' title="bbox 2362 3581 3883 3661">
     <span class='ocr_line' id='line_1_80' title="bbox 2362 3581 3883 3661; baseline -0.01 -11"><span class='ocrx_word' id='word_1_532' title='bbox 2362 3594 2444 3650; x_wconf 82' lang='lat' dir='ltr'><strong>Ad</strong></span> <span class='ocrx_word' id='word_1_533' title='bbox 2466 3608 2595 3648; x_wconf 91' lang='lat' dir='ltr'><strong>eum</strong></span> <span class='ocrx_word' id='word_1_534' title='bbox 2625 3591 2855 3647; x_wconf 90' lang='lat' dir='ltr'><strong>fuerunt</strong></span> <span class='ocrx_word' id='word_1_535' title='bbox 2887 3590 3001 3661; x_wconf 79' lang='lat' dir='ltr'><strong>jam</strong></span> <span class='ocrx_word' id='word_1_536' title='bbox 3021 3586 3145 3642; x_wconf 62' lang='lat' dir='ltr'><strong>duae</strong></span> <span class='ocrx_word' id='word_1_537' title='bbox 3174 3585 3442 3656; x_wconf 56' lang='lat' dir='ltr'><strong>epistolas,</strong></span> <span class='ocrx_word' id='word_1_538' title='bbox 3474 3584 3541 3638; x_wconf 82' lang='lat'><strong>57</strong></span> <span class='ocrx_word' id='word_1_539' title='bbox 3579 3590 3635 3637; x_wconf 95' lang='lat' dir='ltr'><strong>et</strong></span> <span class='ocrx_word' id='word_1_540' title='bbox 3676 3581 3767 3636; x_wconf 88' lang='lat'><strong>80.</strong></span> <span class='ocrx_word' id='word_1_541' title='bbox 3803 3582 3883 3636; x_wconf 86' lang='lat' dir='ltr'><strong>Ex</strong></span> 
     </span>
    </p>
   </div>
   <div class='ocr_carea' id='block_1_81' title="bbox 2292 3671 3885 3746">
    <p class='ocr_par' dir='ltr' id='par_1_81' title="bbox 2292 3671 3885 3746">
     <span class='ocr_line' id='line_1_81' title="bbox 2292 3671 3885 3746; baseline -0.009 -4"><span class='ocrx_word' id='word_1_542' title='bbox 2292 3685 2547 3742; x_wconf 87' lang='lat' dir='ltr'><strong>omnibus</strong></span> <span class='ocrx_word' id='word_1_543' title='bbox 2573 3689 2806 3746; x_wconf 88' lang='lat' dir='ltr'><strong>constat,</strong></span> <span class='ocrx_word' id='word_1_544' title='bbox 2825 3677 3182 3735; x_wconf 88' lang='lat' dir='ltr'><strong>Eutrechium</strong></span> <span class='ocrx_word' id='word_1_545' title='bbox 3206 3674 3540 3732; x_wconf 88' lang='lat' dir='ltr'><strong>Theodoreti</strong></span> <span class='ocrx_word' id='word_1_546' title='bbox 3568 3671 3740 3728; x_wconf 86' lang='lat' dir='ltr'><strong>fuisse</strong></span> <span class='ocrx_word' id='word_1_547' title='bbox 3764 3672 3885 3728; x_wconf 82' lang='lat' dir='ltr'><strong>sin-</strong></span> 
     </span>
    </p>
   </div>
   <div class='ocr_carea' id='block_1_82' title="bbox 2294 3773 3258 3851">
    <p class='ocr_par' dir='ltr' id='par_1_82' title="bbox 2294 3773 3258 3851">
     <span class='ocr_line' id='line_1_82' title="bbox 2294 3773 3258 3851; baseline -0.012 -18"><span class='ocrx_word' id='word_1_548' title='bbox 2294 3778 2539 3851; x_wconf 90' lang='lat' dir='ltr'><strong>gularem</strong></span> <span class='ocrx_word' id='word_1_549' title='bbox 2567 3773 2805 3831; x_wconf 89' lang='lat' dir='ltr'><strong>amicum</strong></span> <span class='ocrx_word' id='word_1_550' title='bbox 2846 3787 2912 3829; x_wconf 89' lang='lat' dir='ltr'><strong>ac</strong></span> <span class='ocrx_word' id='word_1_551' title='bbox 2944 3778 3258 3841; x_wconf 87' lang='lat' dir='ltr'><strong>patronum.</strong></span> 
     </span>
    </p>
   </div>
   <div class='ocr_carea' id='block_1_83' title="bbox 2297 3876 3885 3961">
    <p class='ocr_par' dir='ltr' id='par_1_83' title="bbox 2297 3876 3885 3961">
     <span class='ocr_line' id='line_1_83' title="bbox 2297 3876 3885 3961; baseline -0.009 -17"><span class='ocrx_word' id='word_1_552' title='bbox 2297 3888 2541 3961; x_wconf 81' lang='lat' dir='ltr'><strong>Epistula</strong></span> <span class='ocrx_word' id='word_1_553' title='bbox 2575 3887 2675 3952; x_wconf 71' lang='lat'><strong>92,</strong></span> <span class='ocrx_word' id='word_1_554' title='bbox 2715 3885 3084 3957; x_wconf 81' lang='lat' dir='ltr'><strong>deprecaturia</strong></span> <span class='ocrx_word' id='word_1_555' title='bbox 3118 3880 3188 3936; x_wconf 83' lang='lat' dir='ltr'><strong>ad</strong></span> <span class='ocrx_word' id='word_1_556' title='bbox 3229 3876 3538 3934; x_wconf 76' lang='lat' dir='ltr'><strong>Anatolium</strong></span> <span class='ocrx_word' id='word_1_557' title='bbox 3574 3877 3885 3948; x_wconf 74' lang='lat' dir='ltr'><strong>patricium.</strong></span> 
     </span>
    </p>
   </div>
   <div class='ocr_carea' id='block_1_84' title="bbox 2362 3985 3889 4060">
    <p class='ocr_par' dir='ltr' id='par_1_84' title="bbox 2362 3985 3889 4060">
     <span class='ocr_line' id='line_1_84' title="bbox 2362 3985 3889 4060; baseline -0.009 -6"><span class='ocrx_word' id='word_1_558' title='bbox 2362 4000 2439 4054; x_wconf 90' lang='lat' dir='ltr'><strong>De</strong></span> <span class='ocrx_word' id='word_1_559' title='bbox 2463 3994 2719 4052; x_wconf 82' lang='lat' dir='ltr'><strong>Anatolio</strong></span> <span class='ocrx_word' id='word_1_560' title='bbox 2747 3993 2959 4049; x_wconf 92' lang='lat' dir='ltr'><strong>dictum</strong></span> <span class='ocrx_word' id='word_1_561' title='bbox 2993 3997 3081 4046; x_wconf 91' lang='lat' dir='ltr'><strong>est</strong></span> <span class='ocrx_word' id='word_1_562' title='bbox 3108 3989 3177 4045; x_wconf 89' lang='lat' dir='ltr'><strong>ad</strong></span> <span class='ocrx_word' id='word_1_563' title='bbox 3202 3987 3493 4060; x_wconf 89' lang='lat' dir='ltr'><strong>epistolam</strong></span> <span class='ocrx_word' id='word_1_564' title='bbox 3524 3987 3614 4042; x_wconf 80' lang='lat'><strong>45.</strong></span> <span class='ocrx_word' id='word_1_565' title='bbox 3654 3985 3763 4042; x_wconf 82' lang='lat' dir='ltr'><strong>Hic</strong></span> <span class='ocrx_word' id='word_1_566' title='bbox 3790 4002 3889 4041; x_wconf 87' lang='lat' dir='ltr'><strong>au-</strong></span> 
     </span>
    </p>
   </div>
   <div class='ocr_carea' id='block_1_85' title="bbox 2298 4077 3892 4156">
    <p class='ocr_par' dir='ltr' id='par_1_85' title="bbox 2298 4077 3892 4156">
     <span class='ocr_line' id='line_1_85' title="bbox 2298 4077 3892 4156; baseline -0.012 -9"><span class='ocrx_word' id='word_1_567' title='bbox 2298 4099 2409 4147; x_wconf 91' lang='lat' dir='ltr'><strong>tem</strong></span> <span class='ocrx_word' id='word_1_568' title='bbox 2439 4089 2685 4145; x_wconf 85' lang='lat' dir='ltr'><strong>breviter</strong></span> <span class='ocrx_word' id='word_1_569' title='bbox 2739 4084 2993 4156; x_wconf 90' lang='lat' dir='ltr'><strong>quidem,</strong></span> <span class='ocrx_word' id='word_1_570' title='bbox 3023 4081 3119 4137; x_wconf 90' lang='lat' dir='ltr'><strong>sed</strong></span> <span class='ocrx_word' id='word_1_571' title='bbox 3144 4079 3345 4136; x_wconf 90' lang='lat' dir='ltr'><strong>eximie</strong></span> <span class='ocrx_word' id='word_1_572' title='bbox 3392 4077 3684 4143; x_wconf 84' lang='lat' dir='ltr'><strong>laudatur;</strong></span> <span class='ocrx_word' id='word_1_573' title='bbox 3725 4078 3892 4149; x_wconf 68' lang='lat'><strong>333</strong></span> 
     </span>
    </p>
   </div>
   <div class='ocr_carea' id='block_1_86' title="bbox 2297 4169 3888 4255">
    <p class='ocr_par' dir='ltr' id='par_1_86' title="bbox 2297 4169 3888 4255">
     <span class='ocr_line' id='line_1_86' title="bbox 2297 4169 3888 4255; baseline -0.011 -15"><span class='ocrx_word' id='word_1_574' title='bbox 2297 4183 2500 4255; x_wconf 88' lang='lat' dir='ltr'><strong>quippe</strong></span> <span class='ocrx_word' id='word_1_575' title='bbox 2532 4201 2551 4234; x_wconf 85' lang='grc'><em>‹</em></span> <span class='ocrx_word' id='word_1_576' title='bbox 2583 4180 2673 4236; x_wconf 93' lang='lat' dir='ltr'><strong>cui</strong></span> <span class='ocrx_word' id='word_1_577' title='bbox 2698 4178 3083 4233; x_wconf 87' lang='lat' dir='ltr'><strong>universorum</strong></span> <span class='ocrx_word' id='word_1_578' title='bbox 3109 4172 3378 4229; x_wconf 89' lang='lat' dir='ltr'><strong>Dominus</strong></span> <span class='ocrx_word' id='word_1_579' title='bbox 3415 4178 3473 4226; x_wconf 89' lang='lat' dir='ltr'><strong>et</strong></span> <span class='ocrx_word' id='word_1_580' title='bbox 3506 4169 3669 4225; x_wconf 87' lang='lat' dir='ltr'><strong>ﬁdem</strong></span> <span class='ocrx_word' id='word_1_581' title='bbox 3705 4170 3888 4224; x_wconf 87' lang='lat' dir='ltr'><strong>since-</strong></span> 
     </span>
    </p>
   </div>
   <div class='ocr_carea' id='block_1_87' title="bbox 2297 4261 3889 4343">
    <p class='ocr_par' dir='ltr' id='par_1_87' title="bbox 2297 4261 3889 4343">
     <span class='ocr_line' id='line_1_87' title="bbox 2297 4261 3889 4343; baseline -0.012 -11"><span class='ocrx_word' id='word_1_582' title='bbox 2297 4292 2414 4331; x_wconf 88' lang='lat' dir='ltr'><strong>ram</strong></span> <span class='ocrx_word' id='word_1_583' title='bbox 2441 4270 2731 4343; x_wconf 89' lang='lat' dir='ltr'><strong>impertiit,</strong></span> <span class='ocrx_word' id='word_1_584' title='bbox 2765 4275 2822 4325; x_wconf 91' lang='lat' dir='ltr'><strong>et</strong></span> <span class='ocrx_word' id='word_1_585' title='bbox 2856 4267 3145 4322; x_wconf 89' lang='lat' dir='ltr'><strong>incensum</strong></span> <span class='ocrx_word' id='word_1_586' title='bbox 3170 4278 3272 4335; x_wconf 92' lang='lat' dir='ltr'><strong>pro</strong></span> <span class='ocrx_word' id='word_1_587' title='bbox 3302 4278 3368 4318; x_wconf 83' lang='lat' dir='ltr'><strong>ea</strong></span> <span class='ocrx_word' id='word_1_588' title='bbox 3401 4261 3600 4325; x_wconf 85' lang='lat' dir='ltr'><strong>zelum,</strong></span> <span class='ocrx_word' id='word_1_589' title='bbox 3633 4268 3691 4315; x_wconf 91' lang='lat' dir='ltr'><strong>et</strong></span> <span class='ocrx_word' id='word_1_590' title='bbox 3721 4275 3889 4315; x_wconf 79' lang='lat' dir='ltr'><strong>orna-</strong></span> 
     </span>
    </p>
   </div>
   <div class='ocr_carea' id='block_1_88' title="bbox 2300 4351 3892 4435">
    <p class='ocr_par' dir='ltr' id='par_1_88' title="bbox 2300 4351 3892 4435">
     <span class='ocr_line' id='line_1_88' title="bbox 2300 4351 3892 4435; baseline -0.012 -12"><span class='ocrx_word' id='word_1_591' title='bbox 2300 4378 2410 4423; x_wconf 89' lang='lat' dir='ltr'><strong>tam</strong></span> <span class='ocrx_word' id='word_1_592' title='bbox 2448 4361 2742 4435; x_wconf 86' lang='lat' dir='ltr'><strong>prudentia</strong></span> <span class='ocrx_word' id='word_1_593' title='bbox 2775 4367 3038 4422; x_wconf 90' lang='lat' dir='ltr'><strong>mentem,</strong></span> <span class='ocrx_word' id='word_1_594' title='bbox 3060 4366 3119 4411; x_wconf 90' lang='lat' dir='ltr'><strong>et</strong></span> <span class='ocrx_word' id='word_1_595' title='bbox 3148 4355 3312 4411; x_wconf 86' lang='lat' dir='ltr'><strong>bonis</strong></span> <span class='ocrx_word' id='word_1_596' title='bbox 3343 4360 3609 4425; x_wconf 74' lang='lat' dir='ltr'><strong>praeterea</strong></span> <span class='ocrx_word' id='word_1_597' title='bbox 3639 4351 3892 4407; x_wconf 89' lang='lat' dir='ltr'><strong>consiliis</strong></span> 
     </span>
    </p>
   </div>
   <div class='ocr_carea' id='block_1_89' title="bbox 2300 4444 3189 4505">
    <p class='ocr_par' dir='ltr' id='par_1_89' title="bbox 2300 4444 3189 4505">
     <span class='ocr_line' id='line_1_89' title="bbox 2300 4444 3189 4505; baseline -0.01 0"><span class='ocrx_word' id='word_1_598' title='bbox 2300 4447 2772 4505; x_wconf 89' lang='lat' dir='ltr'><strong>obsecundantem</strong></span> <span class='ocrx_word' id='word_1_599' title='bbox 2797 4444 3136 4501; x_wconf 78' lang='lat' dir='ltr'><strong>facultatem.</strong></span> <span class='ocrx_word' id='word_1_600' title='bbox 3171 4461 3189 4495; x_wconf 77' lang='grc' dir='ltr'><strong><em>ι</em></strong></span> 
     </span>
    </p>
   </div>
   <div class='ocr_carea' id='block_1_90' title="bbox 611 4567 3856 4655">
    <p class='ocr_par' dir='ltr' id='par_1_90' title="bbox 611 4567 3856 4655">
     <span class='ocr_line' id='line_1_90' title="bbox 611 4567 3856 4655; baseline -0.007 -11"><span class='ocrx_word' id='word_1_601' title='bbox 611 4568 682 4623; x_wconf 68' lang='lat' dir='ltr'><strong>lis</strong></span> <span class='ocrx_word' id='word_1_602' title='bbox 706 4583 832 4625; x_wconf 70' lang='lat' dir='ltr'><strong>cum</strong></span> <span class='ocrx_word' id='word_1_603' title='bbox 859 4569 975 4625; x_wconf 67' lang='lat' dir='ltr'><strong>suis</strong></span> <span class='ocrx_word' id='word_1_604' title='bbox 1013 4569 1191 4641; x_wconf 64' lang='lat' dir='ltr'><strong>Tyriis</strong></span> <span class='ocrx_word' id='word_1_605' title='bbox 1219 4567 1424 4639; x_wconf 67' lang='grc' dir='ltr'><strong>εείωιει</strong></span> <span class='ocrx_word' id='word_1_606' title='bbox 1446 4574 1613 4632; x_wconf 59' lang='lat' dir='ltr'><strong>esse&quot;</strong></span> <span class='ocrx_word' id='word_1_607' title='bbox 1639 4583 1762 4637; x_wconf 69' lang='grc' dir='ltr'><strong>(ιιιω</strong></span> <span class='ocrx_word' id='word_1_608' title='bbox 1793 4567 2036 4637; x_wconf 61' lang='lat' dir='ltr'><strong>Primum</strong></span> <span class='ocrx_word' id='word_1_609' title='bbox 2075 4567 2204 4637; x_wconf 70' lang='grc' dir='ltr'><strong>ΤΥΓῘ</strong></span> <span class='ocrx_word' id='word_1_610' title='bbox 2237 4569 2281 4623; x_wconf 77' lang='lat' dir='ltr'><strong>D</strong></span> <span class='ocrx_word' id='word_1_611' title='bbox 2345 4580 2585 4655; x_wconf 76' lang='lat' dir='ltr'><strong>Epistula</strong></span> <span class='ocrx_word' id='word_1_612' title='bbox 2604 4581 2693 4648; x_wconf 75' lang='lat'><strong>95,</strong></span> <span class='ocrx_word' id='word_1_613' title='bbox 2725 4579 3091 4652; x_wconf 82' lang='lat' dir='ltr'><strong>deprecaturia</strong></span> <span class='ocrx_word' id='word_1_614' title='bbox 3115 4577 3187 4632; x_wconf 80' lang='lat' dir='ltr'><strong>ad</strong></span> <span class='ocrx_word' id='word_1_615' title='bbox 3207 4575 3521 4632; x_wconf 73' lang='lat' dir='ltr'><strong>Senatorum</strong></span> <span class='ocrx_word' id='word_1_616' title='bbox 3550 4572 3856 4643; x_wconf 75' lang='lat' dir='ltr'><strong>patricium.</strong></span> 
     </span>
    </p>
   </div>
   <div class='ocr_carea' id='block_1_91' title="bbox 613 4660 1916 4731">
    <p class='ocr_par' dir='ltr' id='par_1_91' title="bbox 613 4660 1916 4731">
     <span class='ocr_line' id='line_1_91' title="bbox 613 4660 1916 4731; baseline -0.002 -15"><span class='ocrx_word' id='word_1_617' title='bbox 613 4675 802 4717; x_wconf 89' lang='lat' dir='ltr'><strong>mense</strong></span> <span class='ocrx_word' id='word_1_618' title='bbox 842 4662 1144 4717; x_wconf 87' lang='lat' dir='ltr'><strong>Februario</strong></span> <span class='ocrx_word' id='word_1_619' title='bbox 1170 4663 1301 4717; x_wconf 90' lang='lat' dir='ltr'><strong>anni</strong></span> <span class='ocrx_word' id='word_1_620' title='bbox 1336 4663 1440 4717; x_wconf 80' lang='lat'><strong>448</strong></span> <span class='ocrx_word' id='word_1_621' title='bbox 1474 4660 1781 4731; x_wconf 89' lang='lat' dir='ltr'><strong>composita</strong></span> <span class='ocrx_word' id='word_1_622' title='bbox 1811 4668 1916 4715; x_wconf 89' lang='lat' dir='ltr'><strong>est.</strong></span> 
     </span>
    </p>
   </div>
   <div class='ocr_carea' id='block_1_92' title="bbox 680 4748 2202 4821">
    <p class='ocr_par' dir='ltr' id='par_1_92' title="bbox 680 4748 2202 4821">
     <span class='ocr_line' id='line_1_92' title="bbox 680 4748 2202 4821; baseline -0.003 -14"><span class='ocrx_word' id='word_1_623' title='bbox 680 4753 746 4807; x_wconf 83' lang='lat' dir='ltr'><strong>V.</strong></span> <span class='ocrx_word' id='word_1_624' title='bbox 788 4753 908 4809; x_wconf 86' lang='lat' dir='ltr'><strong>Jam</strong></span> <span class='ocrx_word' id='word_1_625' title='bbox 951 4769 1086 4808; x_wconf 85' lang='lat' dir='ltr'><strong>vero</strong></span> <span class='ocrx_word' id='word_1_626' title='bbox 1118 4752 1335 4807; x_wconf 86' lang='lat' dir='ltr'><strong>Taurus</strong></span> <span class='ocrx_word' id='word_1_627' title='bbox 1359 4794 1374 4817; x_wconf 98' lang='lat'><strong>,</strong></span> <span class='ocrx_word' id='word_1_628' title='bbox 1411 4762 1472 4808; x_wconf 90' lang='lat' dir='ltr'><strong>ut</strong></span> <span class='ocrx_word' id='word_1_629' title='bbox 1515 4763 1603 4808; x_wconf 91' lang='lat' dir='ltr'><strong>est</strong></span> <span class='ocrx_word' id='word_1_630' title='bbox 1645 4752 1704 4806; x_wconf 90' lang='lat' dir='ltr'><strong>in</strong></span> <span class='ocrx_word' id='word_1_631' title='bbox 1730 4748 2202 4821; x_wconf 84' lang='lat' dir='ltr'><strong>prosopographia</strong></span> 
     </span>
    </p>
   </div>
   <div class='ocr_carea' id='block_1_93' title="bbox 613 4838 2201 4903">
    <p class='ocr_par' dir='ltr' id='par_1_93' title="bbox 613 4838 2201 4903">
     <span class='ocr_line' id='line_1_93' title="bbox 613 4838 2201 4903; baseline -0.001 -7"><span class='ocrx_word' id='word_1_632' title='bbox 613 4839 835 4896; x_wconf 89' lang='lat' dir='ltr'><strong>Codicis</strong></span> <span class='ocrx_word' id='word_1_633' title='bbox 850 4841 1218 4897; x_wconf 86' lang='lat' dir='ltr'><strong>Theodosiani</strong></span> <span class='ocrx_word' id='word_1_634' title='bbox 1241 4856 1270 4895; x_wconf 90' lang='lat' dir='ltr'><strong>a</strong></span> <span class='ocrx_word' id='word_1_635' title='bbox 1286 4840 1625 4897; x_wconf 75' lang='lat' dir='ltr'><strong>Cothofredo</strong></span> <span class='ocrx_word' id='word_1_636' title='bbox 1644 4841 1958 4903; x_wconf 85' lang='lat' dir='ltr'><strong>informata,</strong></span> <span class='ocrx_word' id='word_1_637' title='bbox 1979 4838 2083 4895; x_wconf 87' lang='lat' dir='ltr'><strong>fuit</strong></span> <span class='ocrx_word' id='word_1_638' title='bbox 2105 4854 2201 4894; x_wconf 85' lang='lat' dir='ltr'><strong>co-</strong></span> 
     </span>
    </p>
   </div>
   <div class='ocr_carea' id='block_1_94' title="bbox 616 4929 2197 5004">
    <p class='ocr_par' dir='ltr' id='par_1_94' title="bbox 616 4929 2197 5004">
     <span class='ocr_line' id='line_1_94' title="bbox 616 4929 2197 5004; baseline -0.001 -17"><span class='ocrx_word' id='word_1_639' title='bbox 616 4948 734 4988; x_wconf 90' lang='lat' dir='ltr'><strong>mes</strong></span> <span class='ocrx_word' id='word_1_640' title='bbox 765 4948 951 4988; x_wconf 90' lang='lat' dir='ltr'><strong>rerum</strong></span> <span class='ocrx_word' id='word_1_641' title='bbox 976 4933 1315 5004; x_wconf 88' lang='lat' dir='ltr'><strong>privatarum</strong></span> <span class='ocrx_word' id='word_1_642' title='bbox 1351 4948 1497 4988; x_wconf 89' lang='lat' dir='ltr'><strong>anno</strong></span> <span class='ocrx_word' id='word_1_643' title='bbox 1530 4933 1656 4999; x_wconf 74' lang='lat'><strong>416,</strong></span> <span class='ocrx_word' id='word_1_644' title='bbox 1687 4930 1881 4987; x_wconf 90' lang='lat' dir='ltr'><strong>consul</strong></span> <span class='ocrx_word' id='word_1_645' title='bbox 1904 4946 2049 4985; x_wconf 91' lang='lat' dir='ltr'><strong>anno</strong></span> <span class='ocrx_word' id='word_1_646' title='bbox 2074 4929 2197 4997; x_wconf 71' lang='lat'><strong>428,</strong></span> 
     </span>
    </p>
   </div>
   <div class='ocr_carea' id='block_1_95' title="bbox 619 5023 2199 5095">
    <p class='ocr_par' dir='ltr' id='par_1_95' title="bbox 619 5023 2199 5095">
     <span class='ocr_line' id='line_1_95' title="bbox 619 5023 2199 5095; baseline -0.003 -14"><span class='ocrx_word' id='word_1_647' title='bbox 619 5025 907 5095; x_wconf 67' lang='lat' dir='ltr'><strong>praefectus</strong></span> <span class='ocrx_word' id='word_1_648' title='bbox 929 5025 1185 5095; x_wconf 70' lang='lat' dir='ltr'><strong>praetorio</strong></span> <span class='ocrx_word' id='word_1_649' title='bbox 1203 5034 1259 5079; x_wconf 90' lang='lat' dir='ltr'><strong>et</strong></span> <span class='ocrx_word' id='word_1_650' title='bbox 1288 5024 1570 5094; x_wconf 89' lang='lat' dir='ltr'><strong>patricius,</strong></span> <span class='ocrx_word' id='word_1_651' title='bbox 1611 5040 1758 5079; x_wconf 81' lang='lat' dir='ltr'><strong>anno</strong></span> <span class='ocrx_word' id='word_1_652' title='bbox 1781 5024 1905 5079; x_wconf 79' lang='lat'><strong>454.</strong></span> <span class='ocrx_word' id='word_1_653' title='bbox 1939 5023 2020 5077; x_wconf 86' lang='lat' dir='ltr'><strong>Ad</strong></span> <span class='ocrx_word' id='word_1_654' title='bbox 2041 5038 2199 5078; x_wconf 91' lang='lat' dir='ltr'><strong>eum-</strong></span> 
     </span>
    </p>
   </div>
   <div class='ocr_carea' id='block_1_96' title="bbox 619 5111 2195 5187">
    <p class='ocr_par' dir='ltr' id='par_1_96' title="bbox 619 5111 2195 5187">
     <span class='ocr_line' id='line_1_96' title="bbox 619 5111 2195 5187; baseline -0.003 -18"><span class='ocrx_word' id='word_1_655' title='bbox 619 5116 745 5170; x_wconf 91' lang='lat' dir='ltr'><strong>dem</strong></span> <span class='ocrx_word' id='word_1_656' title='bbox 784 5124 960 5171; x_wconf 84' lang='lat' dir='ltr'><strong>exstat</strong></span> <span class='ocrx_word' id='word_1_657' title='bbox 1003 5115 1197 5170; x_wconf 87' lang='lat' dir='ltr'><strong>lsidori</strong></span> <span class='ocrx_word' id='word_1_658' title='bbox 1226 5115 1518 5171; x_wconf 68' lang='lat' dir='ltr'><strong>Pelusiotae</strong></span> <span class='ocrx_word' id='word_1_659' title='bbox 1553 5113 1783 5187; x_wconf 86' lang='lat' dir='ltr'><strong>epistola</strong></span> <span class='ocrx_word' id='word_1_660' title='bbox 1810 5113 1910 5168; x_wconf 91' lang='lat' dir='ltr'><strong>lib.</strong></span> <span class='ocrx_word' id='word_1_661' title='bbox 1940 5113 1996 5177; x_wconf 70' lang='lat'><strong>5,</strong></span> <span class='ocrx_word' id='word_1_662' title='bbox 2033 5111 2195 5182; x_wconf 91' lang='lat' dir='ltr'><strong>epist.</strong></span> 
     </span>
    </p>
   </div>
   <div class='ocr_carea' id='block_1_97' title="bbox 620 5204 2200 5277">
    <p class='ocr_par' dir='ltr' id='par_1_97' title="bbox 620 5204 2200 5277">
     <span class='ocr_line' id='line_1_97' title="bbox 620 5204 2200 5277; baseline -0.001 -15"><span class='ocrx_word' id='word_1_663' title='bbox 620 5208 745 5263; x_wconf 70' lang='lat'><strong>494.</strong></span> <span class='ocrx_word' id='word_1_664' title='bbox 773 5207 1124 5262; x_wconf 82' lang='lat' dir='ltr'><strong>Marcellinus</strong></span> <span class='ocrx_word' id='word_1_665' title='bbox 1145 5208 1466 5263; x_wconf 87' lang='lat' dir='ltr'><strong>defunctum</strong></span> <span class='ocrx_word' id='word_1_666' title='bbox 1496 5208 1661 5263; x_wconf 90' lang='lat' dir='ltr'><strong>refert</strong></span> <span class='ocrx_word' id='word_1_667' title='bbox 1677 5209 1981 5277; x_wconf 85' lang='lat' dir='ltr'><strong>Protogene</strong></span> <span class='ocrx_word' id='word_1_668' title='bbox 2014 5213 2071 5261; x_wconf 89' lang='lat' dir='ltr'><strong>et</strong></span> <span class='ocrx_word' id='word_1_669' title='bbox 2100 5204 2200 5260; x_wconf 83' lang='lat' dir='ltr'><strong>As-</strong></span> 
     </span>
    </p>
   </div>
   <div class='ocr_carea' id='block_1_98' title="bbox 623 5297 1499 5364">
    <p class='ocr_par' dir='ltr' id='par_1_98' title="bbox 623 5297 1499 5364">
     <span class='ocr_line' id='line_1_98' title="bbox 623 5297 1499 5364; baseline 0 -12"><span class='ocrx_word' id='word_1_670' title='bbox 623 5299 765 5353; x_wconf 91' lang='lat' dir='ltr'><strong>terio</strong></span> <span class='ocrx_word' id='word_1_671' title='bbox 790 5313 961 5363; x_wconf 91' lang='lat' dir='ltr'><strong>coss.,</strong></span> <span class='ocrx_word' id='word_1_672' title='bbox 999 5297 1053 5352; x_wconf 92' lang='lat' dir='ltr'><strong>id</strong></span> <span class='ocrx_word' id='word_1_673' title='bbox 1073 5306 1177 5364; x_wconf 87' lang='lat' dir='ltr'><strong>est,</strong></span> <span class='ocrx_word' id='word_1_674' title='bbox 1202 5314 1347 5354; x_wconf 91' lang='lat' dir='ltr'><strong>anno</strong></span> <span class='ocrx_word' id='word_1_675' title='bbox 1375 5300 1499 5355; x_wconf 88' lang='lat'><strong>449.</strong></span> 
     </span>
    </p>
   </div>
   <div class='ocr_carea' id='block_1_99' title="bbox 630 5407 2200 5482">
    <p class='ocr_par' dir='ltr' id='par_1_99' title="bbox 630 5407 2200 5482">
     <span class='ocr_line' id='line_1_99' title="bbox 630 5407 2200 5482; baseline -0.004 -17"><span class='ocrx_word' id='word_1_676' title='bbox 630 5409 868 5479; x_wconf 77' lang='lat' dir='ltr'><strong>Epistula</strong></span> <span class='ocrx_word' id='word_1_677' title='bbox 905 5410 997 5476; x_wconf 90' lang='lat'><strong>89,</strong></span> <span class='ocrx_word' id='word_1_678' title='bbox 1024 5412 1389 5482; x_wconf 86' lang='lat' dir='ltr'><strong>deprecaturia</strong></span> <span class='ocrx_word' id='word_1_679' title='bbox 1418 5412 1489 5465; x_wconf 86' lang='lat' dir='ltr'><strong>ad</strong></span> <span class='ocrx_word' id='word_1_680' title='bbox 1531 5410 1860 5465; x_wconf 80' lang='lat' dir='ltr'><strong>Florentium</strong></span> <span class='ocrx_word' id='word_1_681' title='bbox 1899 5407 2200 5479; x_wconf 86' lang='lat' dir='ltr'><strong>patricium.</strong></span> 
     </span>
    </p>
   </div>
   <div class='ocr_carea' id='block_1_100' title="bbox 698 5520 2207 5595">
    <p class='ocr_par' dir='ltr' id='par_1_100' title="bbox 698 5520 2207 5595">
     <span class='ocr_line' id='line_1_100' title="bbox 698 5520 2207 5595; baseline -0.003 -17"><span class='ocrx_word' id='word_1_682' title='bbox 698 5523 772 5578; x_wconf 88' lang='lat' dir='ltr'><strong>De</strong></span> <span class='ocrx_word' id='word_1_683' title='bbox 799 5524 1076 5580; x_wconf 84' lang='lat' dir='ltr'><strong>Florentio</strong></span> <span class='ocrx_word' id='word_1_684' title='bbox 1105 5525 1222 5580; x_wconf 74' lang='lat' dir='ltr'><strong>haec</strong></span> <span class='ocrx_word' id='word_1_685' title='bbox 1247 5526 1413 5580; x_wconf 85' lang='lat' dir='ltr'><strong>habet</strong></span> <span class='ocrx_word' id='word_1_686' title='bbox 1440 5522 1905 5595; x_wconf 81' lang='lat' dir='ltr'><strong>prosopographia</strong></span> <span class='ocrx_word' id='word_1_687' title='bbox 1935 5536 2061 5576; x_wconf 84' lang='lat' dir='ltr'><strong>mox</strong></span> <span class='ocrx_word' id='word_1_688' title='bbox 2087 5520 2207 5575; x_wconf 89' lang='lat' dir='ltr'><strong>lau-</strong></span> 
     </span>
    </p>
   </div>
   <div class='ocr_carea' id='block_1_101' title="bbox 2373 4680 3895 4759">
    <p class='ocr_par' dir='ltr' id='par_1_101' title="bbox 2373 4680 3895 4759">
     <span class='ocr_line' id='line_1_101' title="bbox 2373 4680 3895 4759; baseline -0.012 -10"><span class='ocrx_word' id='word_1_689' title='bbox 2373 4694 2455 4749; x_wconf 89' lang='lat' dir='ltr'><strong>Ad</strong></span> <span class='ocrx_word' id='word_1_690' title='bbox 2484 4708 2612 4748; x_wconf 91' lang='lat' dir='ltr'><strong>eum</strong></span> <span class='ocrx_word' id='word_1_691' title='bbox 2635 4691 2763 4747; x_wconf 89' lang='lat' dir='ltr'><strong>data</strong></span> <span class='ocrx_word' id='word_1_692' title='bbox 2790 4695 2875 4746; x_wconf 88' lang='lat' dir='ltr'><strong>est</strong></span> <span class='ocrx_word' id='word_1_693' title='bbox 2913 4687 3147 4759; x_wconf 90' lang='lat' dir='ltr'><strong>epistola</strong></span> <span class='ocrx_word' id='word_1_694' title='bbox 3177 4686 3268 4750; x_wconf 89' lang='lat'><strong>44,</strong></span> <span class='ocrx_word' id='word_1_695' title='bbox 3297 4683 3369 4738; x_wconf 90' lang='lat' dir='ltr'><strong>ad</strong></span> <span class='ocrx_word' id='word_1_696' title='bbox 3408 4697 3572 4753; x_wconf 90' lang='lat' dir='ltr'><strong>quam</strong></span> <span class='ocrx_word' id='word_1_697' title='bbox 3599 4680 3895 4735; x_wconf 81' lang='lat' dir='ltr'><strong>observata</strong></span> 
     </span>
    </p>
   </div>
   <div class='ocr_carea' id='block_1_102' title="bbox 2305 4788 3003 4854">
    <p class='ocr_par' dir='ltr' id='par_1_102' title="bbox 2305 4788 3003 4854">
     <span class='ocr_line' id='line_1_102' title="bbox 2305 4788 3003 4854; baseline -0.007 -14"><span class='ocrx_word' id='word_1_698' title='bbox 2305 4792 2456 4849; x_wconf 92' lang='lat' dir='ltr'><strong>sunt,</strong></span> <span class='ocrx_word' id='word_1_699' title='bbox 2481 4798 2604 4854; x_wconf 67' lang='lat' dir='ltr'><strong>quae</strong></span> <span class='ocrx_word' id='word_1_700' title='bbox 2622 4788 3003 4838; x_wconf 71' lang='grc' dir='ltr'><strong>οοοιιῐτθτιιηῑ.</strong></span> 
     </span>
    </p>
   </div>
   <div class='ocr_carea' id='block_1_103' title="bbox 2306 4883 3897 4971">
    <p class='ocr_par' dir='ltr' id='par_1_103' title="bbox 2306 4883 3897 4971">
     <span class='ocr_line' id='line_1_103' title="bbox 2306 4883 3897 4971; baseline -0.012 -15"><span class='ocrx_word' id='word_1_701' title='bbox 2306 4898 2548 4971; x_wconf 81' lang='lat' dir='ltr'><strong>Epistula</strong></span> <span class='ocrx_word' id='word_1_702' title='bbox 2576 4897 2667 4961; x_wconf 87' lang='lat'><strong>94,</strong></span> <span class='ocrx_word' id='word_1_703' title='bbox 2705 4894 3073 4967; x_wconf 81' lang='lat' dir='ltr'><strong>deprecaturia</strong></span> <span class='ocrx_word' id='word_1_704' title='bbox 3106 4890 3177 4945; x_wconf 85' lang='lat' dir='ltr'><strong>ad</strong></span> <span class='ocrx_word' id='word_1_705' title='bbox 3195 4888 3544 4958; x_wconf 70' lang='lat' dir='ltr'><strong>Protogenen:</strong></span> <span class='ocrx_word' id='word_1_706' title='bbox 3564 4883 3897 4953; x_wconf 67' lang='lat' dir='ltr'><strong>praefectum.</strong></span> 
     </span>
    </p>
   </div>
   <div class='ocr_carea' id='block_1_104' title="bbox 2372 4995 3900 5080">
    <p class='ocr_par' dir='ltr' id='par_1_104' title="bbox 2372 4995 3900 5080">
     <span class='ocr_line' id='line_1_104' title="bbox 2372 4995 3900 5080; baseline -0.014 -11"><span class='ocrx_word' id='word_1_707' title='bbox 2372 5013 2499 5069; x_wconf 88' lang='lat' dir='ltr'><strong>Fuit</strong></span> <span class='ocrx_word' id='word_1_708' title='bbox 2531 5011 2622 5066; x_wconf 92' lang='lat' dir='ltr'><strong>ille</strong></span> <span class='ocrx_word' id='word_1_709' title='bbox 2669 5008 2964 5080; x_wconf 62' lang='lat' dir='ltr'><strong>praefectus</strong></span> <span class='ocrx_word' id='word_1_710' title='bbox 3011 5000 3272 5076; x_wconf 64' lang='lat' dir='ltr'><strong>praetorio</strong></span> <span class='ocrx_word' id='word_1_711' title='bbox 3327 5012 3472 5054; x_wconf 90' lang='lat' dir='ltr'><strong>anno</strong></span> <span class='ocrx_word' id='word_1_712' title='bbox 3517 4996 3655 5060; x_wconf 86' lang='lat'><strong>447;</strong></span> <span class='ocrx_word' id='word_1_713' title='bbox 3702 4995 3900 5050; x_wconf 89' lang='lat' dir='ltr'><strong>consul</strong></span> 
     </span>
    </p>
   </div>
   <div class='ocr_carea' id='block_1_105' title="bbox 2308 5084 3901 5168">
    <p class='ocr_par' dir='ltr' id='par_1_105' title="bbox 2308 5084 3901 5168">
     <span class='ocr_line' id='line_1_105' title="bbox 2308 5084 3901 5168; baseline -0.014 -10"><span class='ocrx_word' id='word_1_714' title='bbox 2308 5117 2452 5158; x_wconf 80' lang='lat' dir='ltr'><strong>anno</strong></span> <span class='ocrx_word' id='word_1_715' title='bbox 2478 5100 2611 5166; x_wconf 86' lang='lat'><strong>449;</strong></span> <span class='ocrx_word' id='word_1_716' title='bbox 2644 5097 2912 5168; x_wconf 89' lang='lat' dir='ltr'><strong>patricius</strong></span> <span class='ocrx_word' id='word_1_717' title='bbox 2967 5108 3112 5149; x_wconf 89' lang='lat' dir='ltr'><strong>anno</strong></span> <span class='ocrx_word' id='word_1_718' title='bbox 3142 5090 3279 5156; x_wconf 80' lang='lat'><strong>450;</strong></span> <span class='ocrx_word' id='word_1_719' title='bbox 3330 5100 3475 5143; x_wconf 91' lang='lat' dir='ltr'><strong>unus</strong></span> <span class='ocrx_word' id='word_1_720' title='bbox 3505 5101 3572 5140; x_wconf 91' lang='lat' dir='ltr'><strong>ex</strong></span> <span class='ocrx_word' id='word_1_721' title='bbox 3613 5084 3901 5155; x_wconf 83' lang='lat' dir='ltr'><strong>judieibus</strong></span> 
     </span>
    </p>
   </div>
   <div class='ocr_carea' id='block_1_106' title="bbox 2309 5183 3338 5250">
    <p class='ocr_par' dir='ltr' id='par_1_106' title="bbox 2309 5183 3338 5250">
     <span class='ocr_line' id='line_1_106' title="bbox 2309 5183 3338 5250; baseline -0.016 0"><span class='ocrx_word' id='word_1_722' title='bbox 2309 5194 2529 5250; x_wconf 81' lang='lat' dir='ltr'><strong>concilii</strong></span> <span class='ocrx_word' id='word_1_723' title='bbox 2551 5186 3012 5248; x_wconf 87' lang='lat' dir='ltr'><strong>Chalcedonensis</strong></span> <span class='ocrx_word' id='word_1_724' title='bbox 3042 5200 3188 5240; x_wconf 93' lang='lat' dir='ltr'><strong>anno</strong></span> <span class='ocrx_word' id='word_1_725' title='bbox 3216 5183 3308 5237; x_wconf 79' lang='lat' dir='ltr'><strong>43l</strong></span> <span class='ocrx_word' id='word_1_726' title='bbox 3325 5222 3338 5234; x_wconf 94' lang='lat'><strong>.</strong></span> 
     </span>
    </p>
   </div>
   <div class='ocr_carea' id='block_1_107' title="bbox 2344 5289 3864 5379">
    <p class='ocr_par' dir='ltr' id='par_1_107' title="bbox 2344 5289 3864 5379">
     <span class='ocr_line' id='line_1_107' title="bbox 2344 5289 3864 5379; baseline -0.014 -16"><span class='ocrx_word' id='word_1_727' title='bbox 2344 5305 2587 5379; x_wconf 72' lang='lat' dir='ltr'><strong>Epistula</strong></span> <span class='ocrx_word' id='word_1_728' title='bbox 2607 5305 2697 5370; x_wconf 78' lang='grc'><strong>95,</strong></span> <span class='ocrx_word' id='word_1_729' title='bbox 2722 5299 3083 5372; x_wconf 80' lang='lat' dir='ltr'><strong>deprecatoria</strong></span> <span class='ocrx_word' id='word_1_730' title='bbox 3111 5295 3181 5351; x_wconf 81' lang='lat' dir='ltr'><strong>ad</strong></span> <span class='ocrx_word' id='word_1_731' title='bbox 3201 5294 3513 5350; x_wconf 83' lang='lat' dir='ltr'><strong>Antiochum</strong></span> <span class='ocrx_word' id='word_1_732' title='bbox 3533 5289 3864 5362; x_wconf 75' lang='lat' dir='ltr'><strong>prwfectum.</strong></span> 
     </span>
    </p>
   </div>
   <div class='ocr_carea' id='block_1_108' title="bbox 2379 5403 3904 5482">
    <p class='ocr_par' dir='ltr' id='par_1_108' title="bbox 2379 5403 3904 5482">
     <span class='ocr_line' id='line_1_108' title="bbox 2379 5403 3904 5482; baseline -0.013 -8"><span class='ocrx_word' id='word_1_733' title='bbox 2379 5420 2419 5473; x_wconf 91' lang='grc' dir='ltr'><strong>ι.</strong></span> <span class='ocrx_word' id='word_1_734' title='bbox 2451 5419 2578 5474; x_wconf 62' lang='lat' dir='ltr'><strong>Hac</strong></span> <span class='ocrx_word' id='word_1_735' title='bbox 2598 5417 2666 5473; x_wconf 89' lang='lat' dir='ltr'><strong>de</strong></span> <span class='ocrx_word' id='word_1_736' title='bbox 2679 5415 2948 5471; x_wconf 78' lang='lat' dir='ltr'><strong>Antiocho</strong></span> <span class='ocrx_word' id='word_1_737' title='bbox 2965 5413 3020 5467; x_wconf 93' lang='lat' dir='ltr'><strong>in</strong></span> <span class='ocrx_word' id='word_1_738' title='bbox 3046 5406 3515 5482; x_wconf 88' lang='lat' dir='ltr'><strong>prosopographia</strong></span> <span class='ocrx_word' id='word_1_739' title='bbox 3542 5403 3712 5460; x_wconf 88' lang='lat' dir='ltr'><strong>semel</strong></span> <span class='ocrx_word' id='word_1_740' title='bbox 3735 5412 3904 5472; x_wconf 89' lang='lat' dir='ltr'><strong>atque</strong></span> 
     </span>
    </p>
   </div>
   <div class='ocr_carea' id='block_1_109' title="bbox 2319 5496 3901 5569">
    <p class='ocr_par' dir='ltr' id='par_1_109' title="bbox 2319 5496 3901 5569">
     <span class='ocr_line' id='line_1_109' title="bbox 2319 5496 3901 5569; baseline -0.012 0"><span class='ocrx_word' id='word_1_741' title='bbox 2319 5516 2519 5569; x_wconf 91' lang='lat' dir='ltr'><strong>iterum</strong></span> <span class='ocrx_word' id='word_1_742' title='bbox 2558 5510 2796 5567; x_wconf 86' lang='lat' dir='ltr'><strong>laudata.</strong></span> <span class='ocrx_word' id='word_1_743' title='bbox 2823 5508 2949 5565; x_wconf 85' lang='lat' dir='ltr'><strong>Fuit</strong></span> <span class='ocrx_word' id='word_1_744' title='bbox 2980 5505 3084 5562; x_wconf 90' lang='lat' dir='ltr'><strong>sub</strong></span> <span class='ocrx_word' id='word_1_745' title='bbox 3110 5501 3420 5559; x_wconf 82' lang='lat' dir='ltr'><strong>Theodosio</strong></span> <span class='ocrx_word' id='word_1_746' title='bbox 3445 5499 3671 5555; x_wconf 79' lang='lat' dir='ltr'><strong>Juniore</strong></span> <span class='ocrx_word' id='word_1_747' title='bbox 3704 5496 3901 5567; x_wconf 70' lang='lat' dir='ltr'><strong>pmic-</strong></span> 
     </span>
    </p>
   </div>
   <div class='ocr_carea' id='block_1_110' title="bbox 2028 5668 2609 5731">
    <p class='ocr_par' dir='ltr' id='par_1_110' title="bbox 2028 5668 2609 5731">
     <span class='ocr_line' id='line_1_110' title="bbox 2028 5668 2609 5731; baseline -0.017 0"><span class='ocrx_word' id='word_1_748' title='bbox 2028 5670 2342 5731; x_wconf 76' lang='lat' dir='ltr'><strong>SCHULZII</strong></span> <span class='ocrx_word' id='word_1_749' title='bbox 2382 5668 2609 5727; x_wconf 66' lang='lat' dir='ltr'><strong>NOTAE.</strong></span> 
     </span>
    </p>
   </div>
   <div class='ocr_carea' id='block_1_111' title="bbox 706 5795 1371 5868">
    <p class='ocr_par' dir='ltr' id='par_1_111' title="bbox 706 5795 1371 5868">
     <span class='ocr_line' id='line_1_111' title="bbox 706 5795 1371 5868; baseline 0.005 -18"><span class='ocrx_word' id='word_1_750' title='bbox 706 5795 749 5827; x_wconf 75' lang='grc'><strong>’³⁸</strong></span> <span class='ocrx_word' id='word_1_751' title='bbox 784 5796 902 5853; x_wconf 81' lang='lat' dir='ltr'><strong>Vid.</strong></span> <span class='ocrx_word' id='word_1_752' title='bbox 936 5812 1123 5867; x_wconf 90' lang='lat' dir='ltr'><strong>supra,</strong></span> <span class='ocrx_word' id='word_1_753' title='bbox 1155 5812 1209 5868; x_wconf 90' lang='lat' dir='ltr'><strong>p.</strong></span> <span class='ocrx_word' id='word_1_754' title='bbox 1247 5798 1371 5853; x_wconf 73' lang='lat'><strong>5‘29.</strong></span> 
     </span>
    </p>
   </div>
  </div>
