4070 6452
197 400 305 464 285

201 782 303 837 ﬁne
342 785 592 840 novella
626 785 680 840 1.

249 876 325 930 Π.
361 877 516 932 Sunt
565 878 663 948 qui
698 886 922 949 putent,
972 880 1204 935 indicari
1247 883 1463 938 amella
1513 883 1808 938 Theodosii

194 965 283 1032 55,
323 983 460 1037 qua
501 969 654 1023 edita
700 985 846 1024 anno
869 971 1010 1035 444,
1049 971 1384 1028 Antiochum
1435 986 1563 1029 ante
1603 991 1806 1030 annum

196 1061 300 1116 LM
351 1061 476 1116 vita
525 1077 648 1118 esse
678 1061 950 1117 functum.
1004 1065 1207 1120 Putant
1255 1081 1388 1121 vero
1438 1075 1666 1136 propter
1691 1067 1807 1123 hac

200 1154 415 1209 verba:
455 1174 476 1207 ‹
533 1154 591 1210 Si
641 1171 750 1226 qua
795 1157 1072 1212 invocatio
1112 1167 1237 1229 post
1274 1160 1804 1216 administrationem

199 1248 439 1304 illustris
455 1251 1020 1307 memoriaAntiochi
1044 1253 1184 1308 facta
1208 1264 1310 1320 est;
1337 1273 1355 1305 ι
1387 1263 1444 1309 et
1463 1255 1565 1309 ista
1589 1274 1602 1308 :
1636 1275 1654 1306 ‹
1681 1255 1804 1310 Suf-

202 1341 370 1398 ﬁcere
397 1343 664 1398 novimus
688 1343 848 1410 illud,
870 1345 1019 1414 quod
1045 1345 1278 1400 illustris
1304 1347 1583 1401 memoria
1609 1347 1802 1401 Antio-

201 1434 343 1488 chus
360 1442 493 1489 ante
524 1451 584 1489 se
615 1436 876 1494 relevatis
908 1436 1127 1492 indixit.
1168 1457 1187 1489 ι

273 1525 292 1542 ⁶
326 1523 421 1577 ΙΙΙ.
457 1524 668 1578 Verum
702 1524 890 1579 obstat
928 1525 1262 1580 Theodoreti
1313 1526 1608 1580 scribentis
1654 1543 1800 1583 anno

206 1615 312 1669 M1
340 1615 662 1669 auctoritas.
701 1614 898 1672 Obstat
942 1627 1000 1673 et
1040 1617 1388 1672 Marcellinus
1415 1617 1470 1671 in
1502 1617 1758 1673 Chronico
1780 1662 1794 1686 ,

216 1706 309 1760 ubi
328 1706 399 1760 ad
431 1707 778 1762 consulatum
810 1707 1051 1764 Zenonis
1086 1717 1142 1763 et
1169 1709 1530 1773 Postumiani,
1559 1710 1654 1779 qui
1695 1726 1795 1765 an-

212 1815 312 1853 nus
343 1798 468 1862 4-18,
497 1799 808 1853 Antiochus
841 1800 1132 1870 prafectus
1154 1801 1411 1870 oratorio
1446 1800 1648 1855 dicitur
1677 1810 1794 1856 tur-

210 1907 292 1947 res
317 1900 374 1947 et
403 1902 597 1962 portas
623 1892 751 1962 igne
773 1899 998 1947 exustas
1027 1891 1304 1950 refecisse.

265 1983 353 2039 IV.
416 1983 759 2038 Eunuchum
791 1984 961 2039 tradit
1011 1983 1240 2053 Suidas;
1295 1986 1497 2043 favisse
1550 1987 1801 2042 Nestorio

201 2075 326 2129 inde
350 2075 667 2146 colligitur,
690 2075 841 2145 quod
867 2077 989 2147 ejus
1017 2091 1303 2134 sermones
1335 2078 1659 2149 litterasque
1683 2079 1804 2136 Cte-

204 2169 398 2223 lestino
427 2183 590 2239 papa
617 2168 821 2224 detulit
846 2168 912 2222 ⁷⁸.

253 2281 500 2352 Epistola
523 2281 616 2346 96,
657 2281 1028 2351 deprecatoria
1064 2281 1134 2336 ad
1165 2281 1397 2337 Nomum
1435 2283 1745 2352 patricium.

264 2395 340 2450 De
377 2393 563 2448 Nemo
607 2393 820 2448 dictum
853 2401 940 2449 est
971 2394 1038 2449 ad
1079 2394 1340 2465 epistolas
1374 2396 1442 2450 58
1476 2404 1531 2451 et
1559 2395 1647 2462 81,
1674 2396 1799 2466 qui-

203 2485 299 2541 bus
316 2484 584 2555 queritur
611 2485 1025 2551 Theodoretus,
1065 2501 1176 2541 non
1206 2486 1376 2544 fuisse
1421 2489 1749 2559 rescriptum
1783 2507 1796 2542 :

212 2594 225 2624 τ
260 2574 486 2643 Bisjam
536 2589 667 2628 cum
719 2575 1063 2644 scripserim,
1124 2591 1188 2631 ac
1231 2584 1316 2631 ter
1349 2579 1536 2644 etiam,
1579 2579 1796 2648 opinor,

200 2679 526 2734 responsum
549 2680 662 2718 non
691 2665 900 2734 accepi.
933 2685 952 2716 ι
1749 2681 1754 2686 -

237 2778 476 2848 Epistola
511 2779 603 2844 97,
631 2779 1003 2849 deprecatoria
1048 2783 1118 2835 ad
1152 2782 1463 2852 Sporadum
1500 2788 1761 2841 comitem.

276 2891 628 2945 Consulatum
658 2892 832 2962 gessit
857 2909 1006 2949 anno
1027 2895 1150 2960 452,
1189 2912 1314 2951 cum
1337 2913 1483 2952 anno
1515 2900 1798 2968 superiore

216 2983 475 3038 adfuisset
505 2984 652 3039 inter
686 2984 909 3056 judiccs
957 2988 1195 3042 concilio
1222 2982 1678 3046 Chalcedonensi.
1711 2991 1794 3061 lp-

212 3073 322 3128 sius
345 3073 661 3130 hortatione
688 3075 912 3146 scripsit
943 3077 1330 3136 Thcodoretus
1359 3082 1562 3136 librum
1589 3084 1796 3138 Adver-

1396 411 1496 469 DE
1535 412 1792 470 LIBRIS
1829 413 2337 481 THEODORETI.

201 522 324 566 ctus
353 513 625 583 pratorio
671 528 822 570 anno
867 517 970 571 427
995 558 1010 583 ,
1038 517 1141 572 £50
1181 528 1236 573 ct
1272 520 1371 574 451
1402 538 1416 586 ;
1459 522 1651 576 consul
1687 537 1812 576 cum
1846 528 1887 584 Α

205 600 374 655 Basso
401 616 556 656 anno
598 601 727 657 151.
787 602 1025 660 Μυὶιυηὶ
1051 609 1364 662 contulitad
1385 609 1608 665 Codicis
1634 610 1813 664 Theo-

202 693 420 748 dosiani
459 695 795 762 editionem,
841 706 902 752 ut
926 699 1172 754 declarat
1215 700 1336 768 ipse
1372 701 1718 757 Theodosius
1757 703 1812 756 in

3392 431 3498 492 280

2094 530 2336 600 Epistola
2369 532 2462 586 101
2487 575 2499 598 ,
2534 535 2603 587 ad
2625 534 2924 589 Celerinam
2947 537 3318 591 diaconissam.

1981 643 2023 696 Ι.
2053 641 2227 712 Hujus
2256 645 2485 713 pariter,
2510 643 2710 699 nobilis
2732 647 2922 716 procul
2946 647 3116 702 dubio
3138 649 3376 715 femina,
3395 667 3496 719 po-

1917 736 2086 790 tentia
2120 739 2382 792 utendum
2417 741 2628 810 putavit
2667 741 3066 796 Thcodoretus.
3099 743 3296 797 Mirum
3325 745 3494 808 enim,
3538 778 3560 798 .

1913 838 2179 895 quantum
2213 839 2360 886 totus
2396 831 2487 885 hic
2516 832 2947 887 diacouissarum
2981 835 3117 888 ordo
3149 844 3205 888 et
3233 835 3496 906 dignitate

1910 925 1967 972 et
1998 919 2325 975 auctoritate
2354 921 2606 990 polleret,
2640 932 2701 978 ut
2747 923 2803 976 in
2833 924 3010 994 ipsum
3043 926 3292 996 redigere
3330 928 3495 983 vellet

1911 1009 2256 1067 Theodosius
2293 1013 2639 1068 Pulcheriam
2691 1014 2993 1086 Augustam
3047 1032 3326 1083 sororem,
3385 1035 3496 1086 quo

1909 1101 2222 1158 interdictis
2252 1105 2610 1159 saecularibus
2632 1106 2803 1172 curis,
2842 1114 2957 1161 tota
2981 1117 3204 1162 vacaret
3227 1109 3494 1162 ecclesia-

1906 1196 2060 1250 sticis
2096 1205 2151 1251 et
2172 1197 2394 1251 divinis.

1974 1288 2040 1342 ll.
2097 1287 2450 1345 Observanda
2509 1292 2642 1347 duo.
2694 1293 2745 1346 1.
2793 1291 3105 1347 Celerinam
3160 1291 3494 1345 Theodoreti

1903 1395 2132 1449 operum
2167 1380 2337 1436 fuisse
2361 1382 2664 1438 studiosam
2698 1401 2711 1436 :
2742 1383 2889 1437 unde
2910 1383 3058 1436 enim
3079 1382 3280 1450 alioqui
3309 1381 3498 1435 scivis-

1902 1479 2006 1536 sct,
2041 1487 2160 1540 qua
2195 1472 2337 1526 foret
2365 1472 2538 1542 ipsius
2567 1489 2745 1539 mens,
2778 1473 2886 1527 nisi
2923 1479 3018 1526 aut
3041 1471 3383 1525 Antiocheua
3410 1469 3493 1522 di-

1901 1573 2059 1616 catur
2078 1603 2092 1627 ,
2133 1572 2228 1617 aut
2253 1564 2559 1618 Antiochiae
2608 1564 2703 1618 diu
2729 1563 2990 1617 versata?
3020 1561 3074 1615 2.
3111 1561 3410 1630 Episcopus
3439 1574 3498 1613 se

1901 1654 2118 1710 dedisse
2148 1654 2204 1708 in
2223 1655 2390 1719 viam,
2421 1655 2621 1709 hiemis
2647 1655 2942 1724 asperitate
2976 1660 3310 1722 contempta,
3334 1658 3498 1720 atque

1899 1745 2038 1800 adeo
2079 1746 2181 1800 sub
2213 1745 2377 1799 ﬁnem
2404 1746 2532 1799 anni
2558 1746 2684 1799 M7.

2012 1857 2256 1929 Epistola
2297 1859 2421 1924 l02,
2459 1857 2883 1927 expostulatoria
2909 1858 2979 1911 ad
3000 1856 3260 1910 Basiliam
3286 1856 3396 1925 epi-

2580 1945 2815 1998 scopum.

1976 2039 2241 2096 Seleucia
2262 2041 2580 2112 episcopum
2602 2083 2615 2107 ,
2653 2040 2876 2096 Isauria
2895 2041 3189 2111 primatem
3229 2039 3495 2110 intelligo,

1904 2132 1970 2186 ad
2000 2149 2165 2202 quem
2186 2140 2269 2188 est
2293 2134 2526 2203 epistola
2555 2134 2643 2189 85.
2675 2134 2813 2190 Vide
2841 2149 2963 2203 qua
2997 2133 3063 2186 ad
3102 2131 3278 2200 ipsam
3303 2130 3497 2184 obser-

1904 2230 2027 2277 vata
2102 2230 2231 2277 sunt
2278 2222 2346 2277 de
2380 2223 2605 2277 Basilio.
2642 2223 2768 2277 Fuit
2818 2223 2910 2276 ille
2951 2221 3214 2290 frequens
3259 2220 3315 2272 in
3360 2218 3497 2272 urbe

1903 2313 2069 2384 regia,
2104 2313 2489 2383 serviebatque
2515 2313 2750 2383 tempori
2781 2328 2940 2382 :qua
2965 2311 3066 2366 fuit
3089 2325 3274 2374 causa,
3303 2325 3404 2364 cur
3428 2309 3497 2362 ab

1901 2421 1969 2460 eo
1993 2421 2050 2459 sc
2070 2404 2372 2469 desertum,
2400 2404 2455 2459 in
2495 2405 2598 2459 hac
2619 2405 2977 2460 inclinatione
2995 2419 3204 2467 rerum,
3243 2401 3499 2456 Theodo-

1903 2505 2053 2551 retus
2081 2504 2432 2566 quereretur.

1904 2609 2149 2681 Epistola
2175 2609 2298 2675 105,
2317 2610 2748 2664 commendatitia
2772 2609 2842 2662 ad
2871 2607 3212 2679 Apollonium
3234 2605 3493 2658 comitem.

1967 2722 2008 2775 Ι.
2039 2720 2166 2774 Fuit
2215 2719 2540 2790 Apollonius
2581 2734 2770 2774 comes
2820 2733 3103 2773 sacrarum
3140 2714 3494 2785 largitionum

1901 2824 2047 2863 anno
2066 2809 2191 2872 456,
2228 2817 2290 2862 ut
2314 2817 2530 2863 constat
2565 2824 2630 2862 ex
2659 2808 2696 2860 l.
2723 2808 2824 2861 ult.
2853 2807 2931 2860 De
2963 2803 3299 2874 murilegulis
3322 2844 3336 2868 ,
3365 2802 3495 2856 data

1899 2903 2403 2972 Constantinopoli.

1965 2995 2029 3049 ll.
2065 2994 2146 3049 Ad
2179 2993 2358 3064 ipsum
2389 2991 2595 3061 scripta
2624 2998 2708 3044 est
2743 2987 2976 3058 epistola
3009 2989 3097 3050 75,
3121 3002 3286 3055 quam
3312 2999 3497 3056 opera

1901 3086 2138 3156 pretium
2165 3093 2249 3141 est
2272 3097 2687 3155 recognoscere.
2717 3081 2866 3135 Inter
2891 3079 3070 3149 ipsum
3093 3087 3149 3132 et
3178 3074 3498 3131 Thcodore-

204 3181 290 3219 ηε
318 3167 569 3221 heri-eses.
603 3167 767 3234 Vide,
795 3184 920 3238 qua
958 3169 1377 3228 observavimus
1402 3173 1470 3228 ad
1504 3174 1793 3244 epistolam
1823 3199 1865 3258 α
1903 3185 2019 3230 tum
2060 3173 2376 3230 intercessit
2424 3173 2688 3237 amicitia,
2739 3173 2855 3228 sive
2899 3187 3065 3242 quam
3113 3171 3336 3234 littera,
3379 3167 3496 3224 sive

200 3259 633 3329 supposititiam.

361 3373 621 3446 Epistola
647 3372 740 3442 98,
773 3376 1144 3448 deprecatoria
1176 3379 1246 3433 ad
1278 3379 1660 3436 Pana/uarium.

257 3491 409 3545 Inter
458 3490 710 3544 illustres
740 3490 1018 3567 exstitisse
1072 3500 1286 3546 certum
1330 3502 1441 3559 est,
1492 3495 1804 3568 insignique

202 3595 432 3636 munere
464 3579 791 3635 defunctum
813 3571 950 3647 {sed
975 3581 1102 3652 quis
1134 3583 1202 3638 de
1235 3593 1432 3640 catero
1465 3587 1655 3654 fuerit,
1683 3591 1803 3644 nul-

201 3673 283 3728 lus
305 3672 456 3727 scio.

195 3784 448 3857 Ερίειοια
477 3784 571 3850 99,
601 3784 969 3860 deprecatoria
1019 3785 1091 3860 ad
1146 3785 1506 3844 Claudianum
1554 3793 1797 3860 amigra-

872 3857 1141 3927 pltarium.
1626 3885 1629 3889 ~

267 3949 343 4003 De
371 3947 684 4003 Claudiano
725 3947 830 4002 tria
862 3957 1136 4002 constant.
1185 3950 1235 4003 1.
1268 3950 1424 4016 Quod
1466 3954 1668 4023 sapius
1702 3972 1799 4009 au-

209 4039 408 4095 diverit
451 4039 892 4104 Theodoretum,
921 4055 1046 4095 cum
1090 4041 1258 4095 verba
1286 4041 1494 4099 faceret
1521 4046 1589 4100 ad
1626 4064 1800 4118 popu-

203 4131 312 4186 lum
362 4131 531 4202 337
580 4131 906 4187 Antiochia.
962 4132 1016 4186 2.
1076 4132 1234 4200 Quod
1269 4151 1394 4190 cum
1447 4139 1723 4208 acciperet
1765 4157 1795 4194 a

199 4223 561 4280 Theodoreto
621 4225 878 4289 litteras,
933 4224 1102 4278 fuerit
1152 4225 1299 4281 inter
1350 4229 1792 4285 catechumenos.

204 4314 258 4368 3.
295 4313 454 4380 Quod
500 4314 950 4384 antigrapharius
1000 4314 1090 4369 ille
1121 4327 1443 4373 censeretur
1484 4319 1629 4374 inter
1673 4320 1798 4374 illu-

206 4411 350 4457 stres
385 4420 401 4456 :
443 4403 591 4458 unde
627 4404 1050 4474 magnificentiae
1084 4406 1310 4462 nomine
1355 4422 1387 4462 a
1445 4408 1796 4465 Theodorcto

209 4496 596 4565 compellatur.
625 4496 754 4550 Fuit
791 4511 924 4551 vero
970 4498 1341 4568 ἀντιγραφεὺς
1373 4500 1520 4570 apud
1559 4500 1794 4566 Gracos,
1831 4537 1872 4584 ι)

211 4601 374 4655 quem
402 4587 545 4642 Galli
592 4595 794 4642 vocant
828 4587 1143 4644 Controleur
1172 4589 1391 4660 général
1429 4590 1516 4645 des
1539 4590 1796 4659 ﬁnances.

209 4677 290 4731 Ad
329 4693 457 4732 eum
486 4687 619 4732 sunt
655 4678 795 4742 alia,
848 4694 968 4733 mea
1002 4679 1227 4748 quidem
1282 4682 1580 4747 sententia,
1608 4682 1805 4738 littera

210 4768 271 4822 41
304 4779 361 4822 et
392 4769 461 4823 50
483 4771 552 4822 ⁷⁷.

356 4882 597 4950 Epistola
629 4882 752 4947 100,
786 4884 856 4937 ad
875 4882 1245 4940 Alexandrum
1271 4886 1666 4942 diaconissam.-

282 4972 327 5026 1.
379 4974 507 5028 Hac
554 4982 642 5029 est
677 4975 1009 5040 Alexandra,
1053 4992 1219 5045 quam
1254 4977 1311 5030 in
1357 4977 1514 5032 obitu
1556 4979 1804 5049 conjugis

216 5067 531 5120 consolatus
594 5075 680 5121 est
733 5067 1115 5124 Thcodoretus
1185 5070 1352 5139 epist.
1414 5071 1518 5134 M,
1568 5086 1799 5141 quaque

215 5170 364 5211 more
411 5158 886 5212 nobilissimarum
915 5158 1210 5213 viduarum
1244 5159 1300 5213 in
1350 5160 1719 5215 diacouissam
1767 5179 1797 5216 a

210 5244 426 5314 Proclo,
453 5249 923 5319 quemadmodum
965 5268 996 5306 a
1019 5250 1412 5323 Chrysostomo
1436 5253 1592 5322 prius
1613 5252 1800 5324 Olyma

208 5332 346 5400 pias,
373 5337 636 5392 ordinata
659 5345 762 5393 est.

271 5426 340 5482 ll.
370 5427 504 5484 Hac
534 5429 872 5486 Theodoreti
902 5443 1106 5502 partes,
1141 5445 1203 5489 ut
1225 5435 1339 5504 ipse
1370 5434 1574 5497 innuit,
1605 5433 1795 5488 defen-

202 5514 392 5582 derat,
427 5519 662 5588 suisque
695 5520 751 5574 id
789 5521 990 5578 litteris
1030 5524 1442 5579 renuntiaverat
1477 5524 1648 5578 :huic
1683 5523 1795 5593 epi—

200 5621 404 5677 scapos
438 5610 796 5665 commendat
829 5611 1028 5681 opibus
1053 5620 1109 5667 et
1134 5629 1268 5667 cura
1294 5613 1651 5684 adjuvandos.

1908 3281 2072 3336 quam
2110 3279 2439 3334 congressus
2465 3263 2739 3333 pepererit
2758 3273 2814 3318 et
2839 3263 3056 3318 foverit.

1905 3397 2148 3469 Epistola
2179 3396 2300 3463 lOl,
2336 3397 2702 3469 deprecatoria
2730 3395 2806 3469 ad
2843 3395 3161 3449 Flavianum
3188 3391 3495 3449 Constanti-

2412 3466 2617 3536 nopolis
2655 3467 2976 3536 episcopum.

1965 3581 2006 3635 l.
2041 3581 2116 3634 De
2147 3577 2414 3633 Flaviano
2442 3576 2610 3631 semel
2650 3574 2882 3645 epistola
2910 3573 2998 3637 11,
3035 3574 3237 3627 iterum
3264 3571 3497 3641 epistola

1903 3673 1970 3728 86
2002 3673 2212 3727 dictum
2238 3677 2343 3726 est.

1976 3763 2040 3816 ll.
2096 3760 2258 3816 Nunc
2307 3757 2654 3814 observanda
2685 3757 2812 3812 tria.
2864 3756 3019 3811 Hanc
3059 3754 3348 3824 epistolam
3397 3767 3490 3824 per

1901 3851 2196 3920 episcopos
2224 3849 2438 3917 legatos
2462 3845 2687 3901 missam
2716 3847 2732 3865 ‘
2762 3843 3011 3915 ejusdem
3041 3858 3162 3897 esse
3189 3841 3496 3911 argumenti

1899 3943 2063 4012 338
2088 3955 2212 3994 cum
2254 3937 2589 4006 octogesima
2631 3941 2819 3998 sexta,
2867 3932 2974 3987 nisi
3011 3931 3158 4001 quod
3196 3931 3393 4000 dogma
3427 3929 3497 3984 de

1901 4049 2010 4085 uno
2039 4029 2172 4084 Filio
2205 4026 2473 4097 prolixius
2503 4023 2820 4092 exponitur.
2852 4023 2908 4074 2.
2947 4019 3084 4076 Cum
3130 4025 3496 4073 recensentur

1899 4121 2167 4185 haretici,
2199 4119 2294 4188 qui
2322 4117 2392 4171 de
2422 4115 2644 4170 Christo
2693 4128 2854 4167 secus
2883 4126 3046 4180 quam
3073 4117 3314 4178 oportet,
3364 4122 3496 4162 scn-

1898 4229 2042 4275 scre,
2078 4225 2189 4264 non
2214 4205 2478 4276 appellari
2510 4202 2752 4258 Nestorii
2785 4217 3010 4256 nomen.
3047 4201 3100 4254 5.
3135 4198 3267 4265 Qua
3295 4198 3488 4254 dicun-

1901 4313 1990 4357 tur
2045 4300 2114 4354 de
2154 4297 2366 4352 ratione
2417 4294 2658 4357 diversa,
2707 4307 2817 4361 qua
2850 4289 3245 4360 disputandum
3300 4289 3494 4343 estde

1899 4389 2274 4449 incarnatione
2314 4384 2580 4442 adversus
2606 4384 2859 4439 diversos
2893 4381 3205 4446 hareticos,
3264 4381 3494 4435 totidem

1900 4486 2014 4540 fere
2045 4483 2228 4538 verbis
2272 4481 2324 4534 in
2369 4478 2616 4548 dialogo,
2647 4474 2740 4546 qui
2771 4475 2976 4530 dicitur
3008 4473 3339 4543 Inronfusus,
3365 4487 3498 4528 con-

1905 4575 2092 4632 tincri.

1907 4685 2153 4758 Epistola
2189 4684 2326 4748 105,
2379 4681 2680 4736 hortatoria
2735 4680 2805 4734 ad
2833 4676 3119 4754 Eulogium
3150 4689 3491 4728 wconomum.

1983 4797 2241 4868 Ejusdem
2286 4803 2373 4850 est
2410 4792 2722 4863 argumenti
2765 4805 2890 4846 cum
2935 4785 3380 4858 praecedentibus
3408 4785 3514 4865 vi-.

1903 4889 2064 4960 ginti.
2093 4889 2306 4955 Quanta
2333 4886 2502 4942 fuerit
2527 4885 2583 4940 in
2620 4883 2867 4939 Ecclesia
2890 4878 3495 4949 Constantinopolitana

1903 4993 2318 5035 oeconomorum
2373 4977 2665 5046 potentia,
2723 4990 2888 5030 nemo
2945 4972 3202 5027 eruditus
3268 4970 3491 5024 nescit:

1890 5076 2108 5142 .quanto
2132 5067 2356 5138 pictatis
2372 5067 2556 5122 studio
2583 5065 2992 5126 incenderetur,
3025 5069 3339 5132 quantaque
3366 5060 3496 5113 inde

1897 5176 1928 5214 a
1952 5159 2138 5213 multis
2165 5158 2334 5214 unius
2357 5165 2572 5213 natura
2593 5156 2980 5213 defensoribus
3007 5151 3309 5208 certamina
3331 5149 3496 5203 susti-

1900 5259 2058 5307 neret
2101 5250 2387 5320 Eulogius,
2426 5249 2814 5304 Thcodoretus
2838 5244 3040 5308 tradit;
3077 5241 3246 5296 tradit
3285 5238 3493 5308 pariter

1897 5341 2157 5395 edoctum
2187 5337 2382 5408 probe,
2413 5337 2530 5392 sive
2555 5337 2824 5391 librorum
2857 5331 3119 5391 lectione,
3148 5326 3297 5396 quod
3318 5325 3493 5395 magis

1897 5447 2048 5495 reor,
2082 5430 2197 5486 sive
2219 5428 2585 5489 sermonibus,
2611 5438 2734 5492 qua
2753 5421 2896 5476 foret
2939 5434 3096 5472 mens
3129 5415 3487 5480 Theodoreti,

1898 5521 1967 5575 dc
1993 5519 2393 5590 quastionibus
2430 5532 2496 5570 ca
2534 5517 2866 5580 tempestate
2891 5507 3258 5570 ferventibus,
3289 5505 3350 5558 de
3377 5521 3489 5559 una

1898 5612 2166 5666 incarnati
2193 5609 2339 5665 Verbi
2359 5617 2575 5670 natura,
2601 5605 2664 5657 de
2689 5601 2798 5656 Deo
2825 5616 2999 5671 passo,
3020 5609 3127 5653 etc.
3153 5596 3332 5664 Quare
3353 5594 3486 5650 hor-

1561 5767 1874 5822 SCHUIJII
1918 5766 2147 5822 ΝΟΤίΕ.

276 5853 319 5886 ’⁸
348 5853 562 5926 Ephcs.
589 5855 810 5922 concil.,
847 5866 986 5926 part.
1032 5874 1067 5912 ι.

1149 5859 1190 5890 ⁷⁷
1223 5859 1343 5913 Vid.
1395 5875 1579 5930 supra,
1616 5875 1666 5928 p.
1703 5858 1804 5912 5‘30
1834 5869 1885 5912 ct
1929 5859 2049 5913 5'25.
