4070 6452
611 385 713 450 287

1737 387 2115 449 GARNERII
2156 387 2650 450 DISSERTATIO
2689 392 2770 451 II.

3781 391 3892 455 288

612 511 762 556 tatur
794 500 860 554 ad
901 497 984 553 sui
1019 496 1397 551 defensionem
1427 503 1482 550 et
1516 495 1904 566 episcoporum
1941 497 2199 551 subleva-
2230 501 2274 556 Α
2303 496 2553 552 futurum
2580 507 2720 565 erat,
2782 508 2843 555 ut
2872 515 3002 555 reus
3036 499 3193 555 ﬁeret
3233 501 3449 572 injustas
3472 501 3705 568 alicujus
3729 503 3891 558 ordi-

612 593 840 646 tionem.

553 757 562 764 ,
612 703 855 775 Epistola
891 703 1011 768 106,
1051 704 1483 758 commendatitia
1530 706 1599 759 ad
1643 705 2006 759 Abrahamum
2059 723 2194 762 teco-

1290 791 1524 829 nonnunt.

684 887 945 958 Ejusdem
979 887 1205 942 omnino
1235 888 1544 958 argumenti
1567 889 2080 958 cum‘prtecedente.

613 999 857 1072 Epistola
885 1000 1006 1066 107,
1036 1002 1335 1054 hortatoria
1363 1001 1432 1054 ad
1463 1001 1781 1054 Theodotum
1813 1001 2193 1072 presbyterum.

683 1113 916 1167 Videtur
947 1120 1002 1167 et
1035 1113 1140 1167 iste
1166 1115 1394 1181 'quoque
1424 1112 1743 1166 Theodotus
1783 1113 1986 1166 nobilis
2025 1114 2195 1167 exsti-

613 1205 746 1258 tisse
799 1204 942 1258 inter
986 1204 1338 1275 presbyteros
1386 1204 1645 1258 Ecclesia:
1691 1203 2196 1274 Constantinopoli-

615 1305 775 1356 tanai,
803 1305 1096 1364 partesque
1118 1295 1449 1349 Theodoreti
1475 1294 1738 1348 adversus
1765 1306 2199 1364 propugnatores

618 1387 783 1441 unius
828 1397 1038 1441 naturte
1087 1388 1264 1456 palam
1307 1395 1363 1441 et
1404 1402 1528 1441 cum
1568 1386 1816 1455 periculo
1865 1386 2194 1442 defendisse.

616 1478 785 1549 Cujus
818 1479 1076 1535 Ecclesize
1113 1495 1209 1534 seu
1255 1480 1398 1534 tituli
1449 1478 1738 1549 presbyter
1781 1477 1969 1544 fuerit,
2012 1479 2200 1533 nullus

619 1586 756 1624 SCIO.

649 1683 892 1753 Epistola
925 1684 1044 1748 108,
1078 1685 1373 1737 hortatoria
1408 1683 1477 1736 ad
1502 1683 1749 1736 Acacium
1784 1682 2160 1752 presbyterum.

687 1796 1073 1865 Orphanorum
1120 1797 1220 1850 iste
1255 1805 1478 1850 curator
1513 1796 1747 1850 Aeacius
1781 1814 1793 1849 :
1825 1796 1927 1849 fuit
1952 1797 2117 1850 etiam
2143 1797 2198 1850 in
2232 1832 2275 1887 Β

617 1888 866 1957 partibus
906 1887 1260 1951 Theodoreti,
1306 1904 1509 1956 easque
1566 1889 1744 1957 palam
1794 1897 1850 1942 et
1886 1898 2204 1944 constanter

617 1979 1002 2049 propugnavit.
1037 1979 1301 2033 Hortatur
1328 1979 1740 2044 'l'heodoretus,
1769 1989 1827 2033 ut
1851 1989 2197 2049 perseveret;

616 2081 780 2141 atque
805 2072 964 2137 adeo,
995 2072 1142 2141 quod
1167 2072 1585 2142 intelligendum
1607 2115 1621 2137 ,
1655 2073 1886 2127 consilia
1911 2088 2034 2127 cum
2078 2074 2199 2143 epis

617 2165 802 2234 scopis
826 2164 1216 2219 communicet.

618 2277 862 2343 Epistola
909 2278 1031 2345 109,
1077 2279 1508 2362 commendatitia
1555 2280 1626 2334 ad
1654 2279 1940 2335 Eusebium
1979 2281 2200 2353 Ancyra:

1255 2366 1575 2420 episcopum.

689 2459 730 2512 Ι.
767 2458 851 2512 Ad
875 2458 1133 2513 eumdem
1175 2459 1280 2512 fuit
1317 2459 1551 2528 epistola
1598 2460 1686 2525 82,
1719 2461 1787 2516 ad
1815 2478 1979 2532 quam
2005 2463 2199 2518 obser-

618 2547 867 2602 vavimus
899 2563 1022 2617 quae
1063 2550 1180 2603 visa
1214 2557 1344 2604 sunt
1374 2549 1442 2603 de
1471 2549 1712 2605 Eusebio
1741 2570 1753 2606 :
1784 2569 1938 2608 nunc
1985 2553 2052 2608 de
2079 2555 2199 2624 epi-

618 2639 779 2702 stola,
811 2655 933 2709 quae
968 2656 1094 2694 eum
1123 2641 1562 2711 praecedentibus
1588 2645 1816 2714 reliquis
1841 2646 1963 2700 data
1994 2656 2099 2703 est.

686 2731 752 2786 ll.
782 2732 838 2785 ln
857 2748 920 2786 ea
943 2733 1184 2803 primum
1213 2751 1271 2790 se
1291 2737 1672 2792 Theodoretus
1696 2738 2030 2796 consolatur.
2052 2741 2201 2810 quod

618 2829 936 2874 sanctorum
981 2823 1285 2878 calumnias
1326 2841 1613 2894 passorum
1662 2826 1910 2894 vestigiis
1954 2827 2197 2882 insistat.

616 2909 824 2968 Deinde
852 2914 1016 2969 fidem
1045 2931 1200 2971 suam
1224 2918 1292 2973 de
1318 2934 1429 2973 uno
1457 2919 1596 2974 Filio
1624 2921 1867 2989 exponit.
1898 2921 2092 2975 Postea
2117 2923 2200 2976 lo-

615 3001 808 3071 quitur
849 3003 916 3058 de
964 3005 1204 3076 scripto,
1241 3023 1352 3077 quo
1387 3011 1707 3078 complexus
1753 3011 1935 3064 fuerat
1976 3012 2200 3066 Patrum

616 3094 927 3149 testimonia
958 3113 1058 3166 pro
1083 3114 1142 3152 se
1170 3099 1460 3166 facientia;
1495 3102 1742 3172 petitque
1778 3104 2008 3157 rescribi
2035 3105 2102 3158 ad
2140 3122 2199 3160 se

2299 590 2558 654 nationis,
2605 591 2721 645 sive
2772 592 2962 646 Irenaei
2998 591 3399 662 depositionem
3439 592 3717 661 probaret,
3769 594 3893 648 sive

2299 681 2655 750 improbaret.
2701 681 2758 736 Si
2806 683 2954 737 enim
2988 691 3220 752 propter
3258 683 3500 736 rationes
3533 682 3603 736 ab
3647 685 3896 754 impera-

2300 778 2418 824 tore
2445 770 2712 825 adductas
2748 772 3103 840 improbaret,
3138 787 3236 826 cur
3274 772 3543 826 lremeum
3573 773 3894 826 ordinavit?

2299 876 2397 914 cur
2444 861 2622 930 ipsum
2661 871 2886 931 propter
2923 862 3084 916 fidem
3133 873 3188 916 et
3225 872 3451 916 caeteras
3487 863 3720 918 virtutes
3766 863 3892 916 lau-

2299 950 2430 1004 dat?
2468 953 2484 972 ‘
2531 952 2588 1006 Si
2624 953 2908 1022 probaret,
2959 969 3060 1007 cur
3102 953 3313 1008 Irenaeo
3357 969 3740 1008 successorem
3774 970 3895 1008 non

2298 1041 2557 1096 ordinat?

2370 1135 2458 1188 ιν.
2513 1135 2814 1205 Digamiam
2875 1151 3040 1206 porro
3089 1153 3200 1191 non
3247 1137 3418 1192 fuisse
3467 1137 3892 1205 impedimento,

2300 1225 2608 1290 conﬁrmat,
2649 1227 2889 1295 primum
2917 1229 3169 1298 exemplo
3202 1229 3496 1284 Alexandri
3533 1227 3902 1294 Antiocheni,

2300 1321 2396 1387 qui
2465 1319 2807 1389 Diogenem,
2861 1329 2918 1373 et
2971 1321 3172 1392 Praylii
3219 1321 3736 1392 Hierosolymitani,
3774 1324 3894 1392 'qui

2300 1411 2654 1475 Donminum,
2705 1411 2954 1482 digamos
3001 1411 3384 1477 ordinassent;
3445 1412 3645 1467 deinde
3695 1429 3893 1467 assen-

2302 1501 2455 1556 sione
2502 1503 2705 1567 Procli,
2752 1503 3252 1573 episcoporumque
3304 1504 3544 1558 Ponticae
3583 1503 3896 1559 dioeceseos

2301 1603 2356 1649 et
2396 1595 2716 1659 Palaestinae,
2743 1597 2838 1664 qui
2882 1594 3284 1650 ordinationem
3322 1595 3508 1650 Irenzei
3538 1597 3893 1664 probassent.

2373 1686 2436 1741 V.
2465 1686 2659 1740 Mirum
2691 1687 2870 1741 videri
2901 1694 3100 1756 potest,
3136 1687 3282 1756 quod
3319 1686 3724 1748 Tlieodoretus,
3755 1704 3894 1756 par-

2303 1792 2383 1830 va:
2437 1785 2494 1830 et
2534 1786 2769 1831 remota;
2811 1778 3001 1847 procul
3062 1777 3300 1840 civitatis
3348 1778 3657 1847 episcopus,
3711 1778 3896 1849 Tyriae

2303 1867 2564 1923 Ecclesiae
2609 1869 2932 1938 episcopum
2980 1868 3278 1923 Phceniciae
3327 1868 3521 1937 primae
3563 1869 3895 1938 metropoli-

2305 1971 2492 2015 tanum
2535 1961 2924 2016 ordinaverit:
2982 1977 3104 2030 quae
3151 1961 3297 2014 enim
3346 1959 3474 2014 facti
3520 1961 3724 2016 causa?
3778 1960 3895 2015 Cur

2303 2053 2715 2123 circumpositis
2741 2061 2822 2106 tot
2852 2052 3259 2121 provinciarum
3295 2049 3658 2115 antistitibus,
3687 2051 3896 2106 utrius.

2302 2161 2410 2215 que
2448 2145 2714 2198 nimirum
2758 2145 2927 2216 Syria:
2966 2151 3023 2198 et
3082 2144 3382 2198 thniciae
3438 2141 3789 2205 Libanitidis,
3835 2143 3892 2198 id

2304 2251 2474 2290 ausus
2520 2236 2642 2290 est?
2687 2235 2770 2290 An
2812 2236 2943 2290 solis
2975 2235 3297 2290 Phcenicum
3334 2233 3591 2303 precibus
3619 2233 3896 2288 adductus

2304 2327 2442 2381 fuit?
2484 2326 2596 2382 Cur
2640 2341 2773 2395 ergo
2818 2326 2885 2380 de
2927 2324 3275 2394 subrogando
3322 2325 3376 2378 in
3419 2324 3601 2378 locum
3655 2323 3895 2392 depositi

2302 2419 2563 2488 episcopo
2610 2427 2718 2472 tam
2763 2417 2999 2470 sollicite
3041 2414 3384 2486 angebatur?
3434 2413 3515 2467 An
3547 2413 3741 2468 Domni
3790 2430 3894 2483 pa-

2304 2509 2556 2565 triarcha
2579 2508 2823 2578 jussione
2847 2523 2911 2562 ac
2941 2506 3145 2560 vicaria
3173 2505 3484 2576 potestate?
3507 2503 3618 2559 Cur
3647 2504 3702 2558 id
3733 2504 3897 2560 silet?

2301 2599 2414 2654 Cur
2457 2597 2823 2653 ordinationis
2861 2597 3017 2652 facta:
3045 2597 3255 2652 crimen
3286 2596 3389 2650 hac
3426 2594 3744 2650 defensione
3778 2611 3892 2649 non

2303 2690 2522 2760 repellit
2541 2690 2565 2743 ?

2337 2801 2580 2874 Epistola
2612 2802 2734 2868 111,
2761 2801 3088 2872 apologetica
3114 2800 3184 2855 ad
3207 2801 3510 2856 Anatolium
3548 2800 3854 2870 patricium.

2377 2910 2417 2964 l.
2464 2909 2602 2965 Cum
2664 2911 2875 2979 accepit
2923 2909 3210 2966 Anatolius
3255 2911 3563 2980 epistolam,
3613 2925 3735 2979 qua:
3799 2911 3890 2974 92,

2302 3002 2612 3056 rescribens
2656 2996 3064 3056 Theodorétum
3098 3002 3306 3065 docuit,
3348 3009 3582 3071 quantos
3619 3002 3896 3057 Constan-

2306 3094 2538 3162 tinopoli
2588 3095 2644 3146 in
2697 3094 2876 3163 ipsum
2924 3103 3105 3148 motus
3149 3094 3476 3148 concitasset
3515 3097 3893 3150 Osroenorum

615 3185 683 3240 ab
712 3187 983 3254 Eusebio,
1009 3191 1142 3259 quid
1187 3191 1314 3245 inde
1349 3167 1605 3247 senserit.
1649 3167 1896 3264 Denique
1927 3211 2202 3252 commcn~
2230 3167 2272 3224 ο
2307 3185 2633 3262 clericorum
2679 3183 2935 3252 querela;
2983 3191 3362 3252 quantumque
3418 3181 3756 3251 impenderet
3793 3199 3895 3252 pe-

615 3274 711 3328 dat
771 3277 1061 3347 episcopos
1105 3280 1321 3350 Ancyra
1383 3282 1743 3349 transituros,
1785 3285 2062 3355 traditque
2105 3302 2200 3340 eos

615 3368 797 3422 hieme
838 3369 941 3423 iter
969 3369 1170 3426 facere.
1214 3371 1351 3428 Cum
1398 3376 1547 3429 enim
1580 3385 2012 3447 tempestuosum
2055 3390 2201 3435 esset

616 3472 788 3520 mare,
825 3458 1176 3529 intutumque
1226 3461 1719 3536 hiemiS'tempore,
1765 3469 1870 3522 iter
1911 3470 2020 3525 illis
2054 3480 2200 3527 terra

615 3563 738 3602 esse
754 3549 966 3614 debuit,
984 3553 1133 3622 quod
1162 3562 1221 3607 ut
1239 3554 1624 3611 brevissimum
1645 3559 2000 3628 conficerent,
2024 3573 2201 3620 trans-

616 3639 750 3693 ituri
790 3651 950 3696 erant
975 3643 1188 3715 Ancyra
1208 3645 1450 3712 Galatiae,
1485 3659 1541 3704 et
1561 3650 1689 3705 inde
1709 3653 1950 3709 secundo
1971 3655 2199 3712 ﬂumine

617 3728 884 3800 Sangario
917 3733 1129 3789 devecti
1182 3736 1236 3790 in
1285 3738 1620 3810 Bithyniam,
1665 3741 2013 3802 Chalcedone
2051 3747 2196 3804 Con-

617 3821 1029 3908 stantinopolim
1075 3827 1379 3896 trajecturi.
1419 3831 1781 3897 Asperitatem
1806 3835 1970 3907 339
2030 3855 2199 3908 porro

617 3907 818 3967 hiemis
839 3915 1106 3979 meminit,
1133 3917 1393 3986 quoniam
1425 3920 1592 3975 Tauri
1627 3925 1828 3980 montis
1874 3907 2045 3998 atque
2087 3929 2198 3984 An-

619 4004 803 4059 titauri
833 4006 1007 4064 vicina
1033 4009 1150 4064 loca
1177 4014 1516 4082 peragraturi
1552 4025 1732 4072 erant.

684 4097 773 4150 lll.
809 4097 1106 4169 Scriptum,
1147 4105 1305 4174 cujus
1361 4107 1696 4164 mentionem
1738 4110 1889 4179 facit,
1942 4117 2197 4186 suspicor

613 4205 737 4244 esse
778 4191 1164 4262 depromptum
1192 4210 1260 4250 ex
1304 4198 1548 4253 secundo
1589 4199 1841 4274 dialogo;
1878 4223 1981 4261 nec
2019 4208 2088 4263 ab
2129 4224 2196 4265 ea

613 4280 838 4336 ditl'erre
898 4284 1338 4340 testimoniorum
1391 4289 1616 4359 sylloge,
1667 4309 1789 4361 quae
1845 4299 2195 4364 postmodum

615 4370 799 4425 addita
844 4383 927 4428 est
969 4377 1214 4445 epistolae
1269 4381 1441 4434 sancti
1488 4381 1710 4437 Leonis.

695 4483 936 4554 Epistola
963 4487 1065 4542 110
1093 4491 1166 4542 ad
1194 4489 1455 4544 Damnum
1475 4492 1767 4549 Antiochiae
1798 4500 2118 4570 episcopum.

685 4577 727 4632 Ι.
763 4573 986 4647 Spectat
1023 4583 1216 4651 procul
1251 4583 1421 4639 dubio
1455 4585 1522 4639 ad
1573 4588 1700 4642 anni
1749 4590 1850 4643 447
1899 4592 2103 4646 ﬁnem:
2142 4593 2204 4648 fit

613 4669 762 4722 enim
794 4671 850 4723 in
882 4687 946 4725 ea
991 4676 1199 4728 mentio
1237 4675 1481 4731 defuncti
1507 4678 1708 4744 Procli,
1739 4680 1833 4749 qui
1875 4683 1941 4736 ad
1974 4658 2204 4752 superos

617 4758 836 4814 transiit
867 4760 1339 4834 Constantinopoli
1374 4781 1502 4822 ann.
1536 4769 1660 4832 447,
1707 4769 1798 4825 die
1830 4771 1900 4828 24
1927 4772 2199 4832 Octobris.

687 4850 751 4904 ll.
799 4851 886 4905 Fit
927 4860 984 4906 et
1024 4854 1232 4908 mentio
1270 4854 1634 4924 depositionis
1679 4859 1890 4925 lrenaei,
1931 4878 2053 4932 qua:
2075 4873 2205 4920 tunc

614 4950 714 4994 aut
752 4942 934 4999 futura
974 4943 1121 5014 vulgi
1156 4960 1376 5001 rumore
1395 4945 1693 5013 ferebatur,
1724 4959 1819 5005 aut
1850 4953 2015 5007 etiam
2046 4971 2202 5010 man-

617 5031 747 5086 dato
778 5032 1128 5102 imperatoris
1161 5035 1385 5090 decreta
1423 5045 1562 5101 erat,
1593 5040 1774 5109 reipsa
1797 5058 1930 5096 vero
1961 5054 2202 5113 postmo-

617 5123 749 5176 dum
773 5123 954 5177 edicto
979 5125 1361 5193 praefectorum
1383 5128 1660 5197 publicata
1686 5140 1792 5200 est,
1815 5134 1871 5188 in
1901 5136 2202 5194 Palaestina:

621 5216 1018 5270 monachorum
1053 5217 1314 5271 Ecclesiis
1363 5234 1507 5274 anno
1548 5221 1672 5288 448,
1707 5223 1797 5279 die
1853 5225 1921 5282 18
1974 5227 2201 5298 Aprilis,

618 5322 742 5376 qua:
790 5307 896 5360 fuit
940 5307 1055 5359 Νέσ.
1099 5311 1359 5380 κυριακή.

696 5399 784 5452 Ill.
825 5398 1090 5463 Queritur
1115 5400 1516 5471 Theodoretus,
1549 5408 1696 5462 tendi
1723 5408 1830 5464 sibi
1862 5410 2111 5476 insidias,
2139 5427 2206 5467 eo

623 5489 773 5558 quod
803 5489 1003 5559 deponi
1037 5491 1300 5548 Irenaeum
1325 5496 1520 5566 jubeat
1567 5499 1886 5570 imperator,
1925 5520 2028 5558 nec
2048 5520 2206 5558 man-

627 5579 722 5634 dot
757 5587 938 5635 tamen
979 5583 1206 5640 alterius
1250 5585 1366 5643 fieri
1402 5591 1804 5648 ordinationem
1843 5611 1853 5645 :
1892 5594 2020 5649 hinc
2060 5596 2206 5649 enim

2309 3260 2568 3339 rieulum,
2610 3275 2717 3329 nisi
2741 3283 3090 3329 amoveretur
3113 3292 3127 3338 ;
3156 3275 3402 3328 defendit
3429 3290 3484 3329 se
3510 3274 3898 3330 Theodoretus

2310 3367 2616 3422 rationibus
2675 3367 2917 3436 optimis,
2975 3377 3031 3421 et
3075 3367 3436 3421 nihilominus
3481 3382 3538 3420 se
3586 3367 3652 3421 ad
3697 3382 3899 3437 perpe-

2311 3457 2554 3511 tiendum
2615 3457 2922 3526 quidlibet,
2978 3456 3093 3510 sive
3140 3456 3394 3510 exsiliunt
3444 3457 3578 3514 illud
3634 3457 3726 3523 sit,
3776 3462 3897 3513 sive

2306 3548 2472 3602 etiam
2515 3563 2684 3610 mors,
2729 3557 2980 3616 paratum
3027 3554 3279 3602 testatur.

2376 3639 2439 3692 ll.
2474 3639 2608 3692 Data
2643 3645 2728 3693 est
2761 3638 3014 3707 epistola,
3043 3647 3168 3708 post
3212 3649 3498 3710 receptum
3539 3640 3781 3696 Anatolii
3828 3644 3895 3698 ad

2306 3731 2546 3800 priorem
2568 3744 2889 3798 responsum
2915 3729 3111 3800 :3“
3127 3731 3414 3786 Anatolius
3443 3748 3552 3786 non
3579 3735 3892 3803 respondit,

2253 3870 2260 3875 .
2306 3823 2410 3876 nisi
2437 3828 2721 3890 postquam
2746 3820 3031 3890 epistolam
3051 3823 3292 3890 priorem
3324 3824 3392 3878 ab
3433 3825 3712 3894 episcopis
3752 3824 3895 3880 Con-

2306 3911 2714 3980 stantinopolim
2735 3911 2976 3980 appulsis
3015 3912 3353 3981 accepisset:
3379 3914 3653 3983 appellere
3675 3915 3757 3968 illi
3787 3931 3887 3969 non

2305 4011 2606 4073 potuerunt
2632 4011 2758 4056 ante
2781 4002 2944 4056 finem
2975 4004 3103 4057 anni
3128 4004 3252 4067 447,
3273 4013 3366 4058 aut
3382 4005 3547 4058 etiam
3573 4005 3800 4060 initium
3815 4022 3892 4061 se-

2305 4093 2524 4164 quentis
2547 4112 2560 4160 ;
2592 4109 2784 4163 aspera
2805 4095 2953 4148 enim
2972 4095 3153 4149 hieme
3184 4097 3476 4151 Antiochia
3501 4097 3889 4153 discesserant.

2306 4186 2430 4240 Ιῐιρε
2478 4185 2643 4255 igitur
2682 4186 2956 4254 posterior
2998 4185 3229 4254 epistola
3275 4185 3399 4241 data
3451 4197 3537 4244 est
3576 4196 3705 4257 post
3757 4189 3898 4245 festa

2303 4277 2605 4344 Paschatia,
2633 4276 2856 4332 circiter
2878 4275 3043 4331 fmem
3069 4277 3274 4348 Aprilis
3301 4281 3430 4334 anni
3457 4280 3582 4335 448.

2365 4389 2609 4462 Epistula
2647 4391 2772 4456 112,
2805 4391 2876 4445 ad
2898 4390 3168 4445 Domuum
3197 4392 3489 4448 Antiochiae
3509 4394 3838 4465 episcopum.

2366 4505 2409 4559 l.
2441 4504 2758 4559 Certissima
2785 4513 2870 4559 est
2905 4506 3173 4574 temporis
3214 4514 3380 4560 nota:
3417 4506 3480 4561 lit
3527 4509 3676 4562 enim
3731 4509 3789 4562 in
3831 4524 3896 4564 ea

2309 4599 2519 4653 mentio
2545 4597 2873 4652 evocatoriae
2897 4597 3060 4667 regia:
3093 4597 3162 4652 ad
3210 4599 3509 4653 secundam
3557 4599 3896 4668 Epliesinam

2308 4689 2612 4762 synodum;
2640 4698 2696 4743 et
2717 4688 2882 4743 datur
2909 4704 2940 4742 a
2968 4688 3320 4743 Theodoreto
3349 4689 3646 4744 consilium
3681 4691 3900 4745 Domno

2309 4782 2379 4838 de
2410 4783 2577 4838 rebus
2600 4783 2656 4836 in
2678 4781 2886 4853 synodo
2916 4781 3164 4852 agendis,
3193 4780 3599 4852 eligendisque,
3635 4797 3780 4840 auos
3808 4797 3898 4837 se—

2308 4890 2433 4930 cum
2470 4875 2719 4938 duceret,
2749 4874 3121 4943 metropolitis
3145 4872 3213 4927 ⁷³.

2375 4965 2440 5018 ll.
2482 4965 2617 5018 Data
2654 4971 2741 5017 est
2775 4963 2964 5032 igitur,
2993 4971 3286 5032 postquam
3319 4964 3665 5032 pervenisset
3699 4963 3904 5020 Antio-

2309 5053 2490 5109 chiam
2521 5051 2855 5115 evocatoria,
2879 5059 2934 5105 et
2970 5058 3266 5120 antequam
3296 5053 3539 5105 Domnus
3577 5049 3902 5121 proﬁcisce-

2310 5152 2465 5199 retur
2496 5143 2796 5212 Ephesum.
2831 5141 2971 5196 Cum
3023 5156 3154 5212 ergo
3187 5142 3499 5196 evocatoria
3534 5142 3901 5212 eonsignetur

2289 5235 2610 5305 Protogene
2638 5241 2695 5287 et
2729 5232 2942 5287 Asterie
2967 5247 3111 5287 coss.
3139 5231 3174 5285 5
3215 5232 3331 5286 Kal.
3378 5230 3602 5300 Aprilis,
3636 5229 3900 5300 foretque

2306 5324 2362 5377 in
2401 5339 2465 5378 ea
2491 5322 2812 5378 condictum
2841 5321 3100 5377 Patribus
3127 5320 3195 5374 ad
3218 5321 3489 5376 Kalendas
3507 5320 3766 5390 Augusti.
3807 5327 3898 5373 at-

2307 5429 2414 5482 que
2439 5413 2668 5469 distaret
2699 5413 2992 5468 Antiochia
3015 5412 3268 5481 Ephesus
3302 5412 3501 5466 itinere
3533 5410 3752 5465 dierum
3795 5409 3902 5463 tri-

2309 5505 2458 5575 ginta
2511 5513 2568 5558 et
2607 5505 2865 5574 amplius,
2916 5515 2972 5560 et
3019 5504 3257 5558 necdum
3319 5503 3575 5574 elegisset
3618 5503 3893 5566 Domnus,

2313 5613 2451 5666 quos
2477 5612 2662 5651 secum
2701 5597 2949 5662 duceret,
2979 5596 3388 5666 metropolitas;
3430 5610 3654 5650 necesse
3684 5602 3804 5658 est,
3835 5601 3900 5648 ut

1990 5749 2297 5805 S(‘.llUl.le
2343 5749 2565 5805 ΝΟἸῈ.

702 5804 742 5836 ⁷⁸
780 5806 898 5863 Vid.
943 5826 1125 5884 supra,
1176 5832 1230 5884 p.
1272 5815 1386 5869 182.
