4070 6486
229 438 326 502 239

1400 433 1497 493 DE
1531 432 1779 493 LIBRIS
1827 432 1866 491 Γ
1867 431 2324 493 HEODORETI.

3376 431 3481 494 290

237 550 844 607 TheodoretusDomno
865 547 1148 618 scripserit
1169 561 1356 601 mense
1375 545 1518 600 Maio
1538 546 1806 600 anniuQ.
1842 552 1884 606 Α
1911 546 2004 615 qui
2046 547 2222 616 ipsum
2247 544 2435 614 genuit
2459 545 2641 608 Pater,
2681 552 2735 597 et
2758 541 3000 613 Spiritus
3036 548 3294 606 sanctus;
3324 541 3480 597 ideo-

298 644 380 697 lll.
419 643 500 696 Ex
543 657 609 696 ea
643 657 780 694 vero
833 639 1131 693 discimus:
1165 637 1216 690 1.
1265 636 1496 690 Causam
1551 636 1807 704 cogendae

239 735 417 807 synodi
479 732 823 802 potissimam
871 730 1041 784 fuisse
1105 727 1463 798 μικροψυχῐαν
1512 727 1808 781 Theodosii

237 825 520 880 irascentis
542 824 806 877 Flaviano
829 865 839 874 .
870 820 1135 890 pependit
1159 819 1304 873 enim
1337 819 1528 888 synodi
1554 818 1809 888 cogenda:

230 915 540 974 consilium,
576 911 756 964 donec
795 917 1001 963 tentata
1038 915 1122 961 est
1164 907 1427 961 antistitis
1475 923 1597 959 cum
1635 907 1810 975 impe-

232 1011 406 1057 ratore
455 1000 861 1055 reconciliatio.
907 997 962 1050 2.
998 997 1347 1066 Prospexisse
1379 997 1807 1058 Theodoretum,

231 1109 342 1162 quae
381 1092 528 1145 mala
562 1098 786 1159 pareret
836 1087 1102 1158 synodus,
1135 1087 1250 1141 suis
1294 1088 1654 1156 temporibus,
1687 1087 1809 1140 ani-

235 1199 558 1254 morumque
627 1180 1018 1235 aﬂ'ectionibus
1067 1179 1282 1234 collatis
1347 1195 1472 1234 cum
1535 1179 1806 1243 Nieaanis,

234 1278 368 1347 quod
393 1277 700 1346 diligenter
726 1273 1158 1334 observandum,
1190 1282 1254 1326 ut
1285 1272 1534 1327 Historia:
1563 1273 1810 1327 ecclesia-

235 1373 366 1424 stica:
403 1383 611 1437 scopas
653 1367 979 1436 attingatur.
1007 1367 1058 1420 5.
1090 1367 1262 1430 Quam
1303 1364 1418 1433 ipse
1471 1365 1650 1419 adhuc
1684 1365 1812 1419 reti-

239 1469 382 1515 neret
409 1460 733 1528 opinionem
760 1457 828 1511 de
867 1457 1144 1525 capitibus
1172 1455 1384 1526 Cyrilli,
1413 1455 1478 1508 ad
1527 1472 1646 1525 qua:
1675 1471 1809 1509 con-

239 1549 493 1603 ﬁrmanda
540 1547 786 1618 synodus
848 1546 951 1614 ipsi
999 1547 1285 1602 videretur
1326 1548 1486 1618 cogi;
1535 1546 1808 1615 siquidem

243 1651 452 1714 putaret
471 1641 615 1695 idem
650 1655 794 1703 esse,
831 1639 1042 1692 absolvi
1066 1638 1373 1708 Eutychen,
1400 1654 1462 1692 ac
1489 1637 1666 1706 capita
1688 1653 1811 1690 san-

251 1736 362 1788 ciri.
417 1735 466 1787 4.
515 1731 659 1796 Quid
710 1737 839 1783 ante
893 1728 1162 1799 synodum
1211 1729 1442 1798 primam
1471 1728 1809 1796 Ephesinam

248 1824 555 1884 Orientales,
581 1821 716 1891 quid
749 1819 817 1873 ‘in
858 1819 976 1888 ipsa
1022 1819 1251 1890 synodo,
1278 1819 1411 1888 quid
1441 1829 1649 1888 postea,
1684 1833 1808 1873 cum

1910 653 2017 704 que
2043 636 2326 705 patibilem
2355 643 2607 690 naturam
2633 634 2932 704 sumpsisse
2951 675 2965 696 ,
2992 633 3119 704 quia
3149 633 3334 688 divina
3383 649 3483 689 na-

1912 737 2034 780 tura
2066 728 2380 797 passionem
2411 743 2520 780 non
2558 725 2876 796 recipiebat,
2900 736 2963 780 ut
2999 743 3097 795 per
3137 727 3320 781 carnis
3356 742 3484 796 pro-

1909 819 2044 888 prim
2071 818 2381 888 passionem
2428 818 2920 887 impassihilitatem
2954 818 3021 872 iis
3064 820 3158 887 qui
3203 818 3259 872 in
3306 818 3483 886 ipsum

1911 909 2224 967 crederent,
2254 908 2572 978 largiretur.
2617 927 2634 959 ι

1979 1002 2030 1054 4.
2062 1002 2137 1054 De
2169 1001 2464 1054 Flaviano:
2507 1018 2524 1050 ι
2557 999 3056 1054 Alexandrinorum
3083 1000 3310 1053 antistes
3338 999 3486 1053 haud

1912 1108 2187 1162 quaquam
2220 1101 2514 1146 contentus
2556 1092 2660 1146 fuit
2701 1092 2889 1161 iniqua
2913 1091 3014 1145 hac
3044 1100 3099 1144 et
3130 1090 3486 1160 injustissima

1911 1183 2255 1254 depositione
2307 1183 2660 1248 sanctissimi,
2717 1183 2939 1252 Deoque
2983 1182 3287 1236 charissimi
3339 1183 3486 1237 Con-

1912 1277 2527 1347 stantinOpolitanorum
2586 1275 2873 1345 episcopi,
2933 1274 3140 1328 domini
3203 1275 3484 1338 Flaviani;

1911 1384 2089 1438 neque
2119 1369 2290 1437 ipsius
2337 1368 2573 1421 animam
2637 1367 2877 1436 explevit
2925 1365 3225 1420 consimilis
3282 1374 3491 1434 strages

1911 1463 2149 1516 aliorum
2181 1462 2587 1532 epise0porum.
2623 1478 2641 1510 ι
2671 1459 2750 1513 Ex
2793 1458 2880 1512 his
2913 1457 3185 1527 siquidem
3229 1457 3490 1526 intelligi-

1913 1559 2023 1617 tur,
2047 1569 2152 1608 nec
2185 1553 2237 1606 in
2277 1554 2512 1607 concilio
2547 1551 2790 1606 occisum
2825 1566 2946 1605 esse
2992 1549 3350 1614 Flavianum;
3389 1563 3493 1602 nec

1913 1645 2094 1699 adhuc
2118 1660 2241 1698 cum
2266 1644 2649 1698 Theodoretus
2673 1642 2945 1697 scriberet
2987 1641 3054 1695 de
3095 1641 3268 1711 ipsius
3288 1647 3489 1701 morte,

1913 1751 2033 1806 quae
2056 1735 2143 1790 vel
2176 1736 2230 1789 in
2252 1736 2340 1788 via
2368 1735 2432 1789 ad
2471 1735 2649 1789 exsilii
2695 1735 2900 1796 locum,
2937 1733 3022 1787 vel
3056 1729 3108 1785 in
3161 1731 3283 1786 loco
3315 1730 3491 1785 exsilii

1914 1828 2136 1890 accidit,
2167 1828 2222 1881 in
2247 1826 2473 1882 Oriente
2508 1827 2771 1881 rescitum
2799 1825 2988 1880 fuisse.

246 1915 598 1971 Ecclesiarum
641 1927 744 1981 pax
781 1911 1044 1976 iniretur,
1086 1911 1375 1964 occasione
1409 1910 1650 1979 capitum
1685 1925 1812 1981 ege-

1986 1917 2037 1972 5.
2067 1918 2144 1972 De
2186 1918 2436 1974 ecclesiis
2484 1916 2588 1970 sibi
2644 1916 2918 1971 subditis:
2979 1935 2996 1967 ‹
3038 1915 3490 1986 Octingentarum

243 2008 357 2060 rint.
391 2007 443 2059 5.
480 2003 561 2058 Ad
590 2017 734 2071 quos
772 1998 1088 2054 Occidentis
1127 1999 1402 2054 antistites
1450 2015 1512 2053 ea
1547 1999 1616 2054 de
1649 2015 1814 2055 causa

239 2100 494 2168 scriptum
544 2096 616 2148 sit
653 2094 722 2148 ab
772 2092 1152 2148 Orientalibus
1205 2108 1272 2146 ex
1325 2092 1462 2147 urbe
1511 2092 1811 2162 Ephesina.

237 2191 283 2244 ϐ.
319 2189 536 2255 Quanta
584 2186 753 2240 fuerit
799 2193 932 2238 tunc
986 2183 1252 2253 temporis
1301 2181 1666 2237 Orientalium
1699 2182 1814 2235 dis-

238 2278 406 2334 sensio
445 2277 517 2330 de
557 2274 940 2344 dogmatibus,
972 2272 1097 2326 aliis
1143 2288 1242 2342 pro
1287 2271 1493 2342 Cyrillo
1517 2271 1812 2335 stantibus,

241 2373 349 2427 aliis
375 2380 596 2423 contra.

302 2464 383 2517 IV.
437 2459 830 2515 Theodoretus
875 2459 1150 2512 Domnum
1194 2465 1402 2518 monet,
1431 2464 1492 2510 ut
1539 2455 1812 2509 delectum

243 2556 409 2616 faciat,
445 2563 565 2606 tum
606 2551 1015 2619 episcoporum,
1048 2556 1162 2602 tum
1192 2547 1519 2601 elcrieorttm
1567 2545 1811 2616 ejusdem

235 2646 537 2707 sententia,
571 2656 712 2711 quos
758 2656 945 2695 secum
992 2640 1262 2694 ducturus
1313 2638 1417 2692 sit:
1464 2657 1481 2688 r
1513 2638 1593 2692 Nc
1640 2653 1669 2691 a
1715 2637 1814 2690 do-

236 2733 471 2791 mesticis
518 2732 678 2801 ipsis,
733 2729 933 2798 inquit,
982 2727 1210 2798 proditi,
1244 2727 1329 2780 vel
1372 2727 1552 2782 facere
1607 2727 1814 2796 aliquid

239 2841 509 2896 cogamur,
545 2821 694 2892 quod
742 2821 856 2874 Deo
887 2820 1198 2888 displiceat,
1229 2818 1315 2872 vel
1351 2819 1453 2872 soli
1503 2818 1709 2881 relicti,
1746 2818 1816 2872 ab

247 2916 488 2972 hostibus
514 2913 635 2982 capi
667 2911 827 2966 facile
853 2911 1148 2980 possimus.
1192 2928 1210 2960 ι

299 3027 522 3102 Ερὶειοια
559 3027 686 3090 115,
729 3024 1089 3148 appellrgoria
1123 3023 1190 3076 ad
1217 3021 1440 3076 Leonem
1469 3024 1765 3093 episwpum

965 3109 1117 3148 omw.

965 3109 1117 3148 omw.

306 3191 345 3246 l.
380 3189 632 3246 Celebris
676 3189 792 3243 ιιωο
855 3186 1088 3255 cpistola
1116 3183 1241 3240 data
1289 3193 1374 3240 est
1418 3184 1610 3255 procul
1649 3183 1817 3238 dubio

235 3299 374 3339 anno
405 3283 531 3344 419,
559 3295 750 3335 mense
783 3279 1008 3333 circiter
1035 3277 1291 3340 Octobri,
1329 3293 1454 3332 cum
1490 3276 1700 3330 nuntiis
1722 3291 1816 3330 ac-

233 3376 400 3446 ceptis
433 3374 503 3428 de
535 3388 634 3427 sua
661 3370 1027 3440 depositione,
1055 3384 1176 3438 qua:
1203 3369 1342 3423 facta
1366 3376 1451 3423 est
1479 3369 1682 3438 Ephesi
1719 3367 1811 3422 die

234 3466 523 3521 undecima
557 3465 812 3534 Augusti,
853 3461 1042 3516 sedem
1091 3461 1448 3529 apostolicam
1492 3461 1814 3530 appellaret,

233 3561 591 3626 mitteretque
635 3554 862 3608 Romam
896 3553 1324 3622 chorepiscopos
1367 3552 1526 3617 duos,
1554 3553 1712 3624 34],
1762 3560 1818 3607 et

228 3647 530 3701 exarchum
568 3643 988 3706 monachorum,
1022 3642 1116 3711 qui
1167 3641 1591 3712 appellationem
1623 3658 1816 3712 prose-

225 3747 500 3807 queretnr
527 3737 600 3789 τ’,

292 3829 364 3884 ll.
396 3826 840 3896 Appellatoriam
885 3824 1039 3878 dixi:
1087 3822 1220 3893 quid
1270 3822 1420 3877 enim
1453 3823 1604 3878 aliud
1645 3824 1818 3895 signi-

219 3917 393 3974 ﬁcant
421 3919 547 3972 ista:
575 3916 781 3970 voces?
810 3935 829 3965 ι
867 3913 978 3970 Oro
1004 3925 1167 3983 atque
1199 3913 1449 3968 obtestor
1472 3914 1819 3971 sanctitatem

231 4019 402 4074 tuam,
437 4019 502 4064 ut
528 4009 666 4062 mihi
703 4016 914 4074 rectum
953 4022 1018 4060 ac
1043 4007 1254 4075 justum
1297 4005 1538 4059 tribunal
1571 4015 1818 4061 vestrum

232 4098 512 4154 invocanti
531 4113 694 4166 opem
713 4095 873 4157 l‘crat,
887 4097 904 4113 ‘
921 4094 1221 4164 jubeatque
1241 4093 1306 4146 ad
1329 4108 1424 4147 vos
1444 4094 1658 4158 venire,
1673 4103 1778 4148 etc.
1794 4113 1812 4145 ι

291 4190 389 4244 Ill.
426 4186 787 4242 Ohservanda
815 4199 945 4239 vero
989 4192 1119 4237 sunt
1166 4182 1500 4238 Theodoreti
1532 4183 1703 4238 verba
1748 4184 1818 4239 de

221 4264 403 4334 variis
433 4279 606 4334 rebus
630 4279 774 4332 scitu
805 4275 1005 4346 dignis.

299 4373 357 4425 1.
381 4373 462 4426 De
511 4371 645 4426 sede
691 4369 990 4439 apostolica
1018 4388 1031 4420 ε
1077 4387 1092 4416 ι
1126 4367 1292 4422 Vobis
1319 4367 1526 4438 primas
1557 4367 1611 4422 in
1639 4366 1819 4422 omni-

225 4462 336 4519 bus
366 4472 562 4517 tenere
596 4461 876 4524 convenit,
907 4468 1013 4515 etc.
1056 4477 1073 4509 ι
1487 4444 1492 4448 ’

1915 2008 2272 2064 ecclesiarum
2321 2009 2653 2080 pastoralem
2711 2024 2900 2063 curam
2957 2008 3187 2063 sortitus
3217 2025 3371 2075 sum;
3413 2016 3493 2062 tot

1915 2103 2060 2158 enim
2085 2102 2259 2174 Cyrus
2283 2104 2448 2158 habet
2473 2103 2761 2172 parmeias.
2809 2123 2824 2154 ι

1987 2193 2039 2246 ϐ.
2069 2194 2144 2248 De
2177 2194 2524 2248 anathemate
2549 2194 2696 2248 dicto
2733 2195 2834 2248 sibi
2863 2194 3204 2250 Alexandria:
3232 2213 3243 2247 :
3277 2214 3295 2244 ‹
3337 2194 3496 2248 Anno

1915 2284 2079 2338 etiam
2120 2285 2427 2355 superiore,
2469 2301 2592 2339 eum
2621 2302 2688 2340 eo
2732 2287 2963 2356 profecti
3005 2296 3190 2342 essent
3231 2287 3342 2341 duo
3391 2286 3494 2339 viri

1915 2375 2246 2444 Apollinaris
2289 2377 2483 2431 morbo
2545 2377 2769 2441 infecti,
2829 2388 2885 2432 et
2937 2380 3241 2433 calumnias
3294 2379 3348 2432 in
3395 2394 3498 2432 nos

1917 2467 2253 2520 texuissent:
2292 2482 2630 2536 consurgens
2657 2467 2711 2520 in
2740 2468 2991 2532 ecclesia,
3020 2484 3120 2524 nos
3147 2469 3496 2522 anathemate

1917 2557 2160 2621 conﬁxit,
2190 2557 2356 2626 idque
2411 2574 2534 2612 cum
2580 2558 2646 2611 ad
2693 2575 2816 2612 eum
2875 2559 3246 2628 scripsissem,
3281 2568 3335 2614 ct
3373 2574 3496 2628 qua:

1917 2649 2181 2702 sentirem
2229 2665 2328 2718 per
2376 2650 2591 2704 litteras
2640 2651 3038 2720 exposuissem.
3086 2671 3103 2702 ι
3154 2651 3286 2706 Inde
3345 2654 3493 2708 enim

1917 2740 2122 2794 scimus
2167 2741 2458 2794 anathema
2509 2740 2714 2794 dictum
2766 2757 2912 2794 anno
2959 2741 3094 2807 4.18;
3144 2742 3374 2807 litteras,
3429 2743 3498 2796 do

1917 2830 2120 2899 quibus
2152 2832 2360 2884 mentio
2399 2831 2493 2894 ﬁt,
2525 2831 2677 2886 datas
2701 2849 2844 2886 anno
2874 2833 2998 2894 447,
3041 2833 3144 2887 sub
3175 2834 3334 2889 linem
3365 2852 3377 2898 ;
3405 2850 3497 2888 ac-

1919 2933 2204 2976 cusatores
2222 2923 2610 2977 Alexandriam
2638 2924 2916 2992 profectos
2944 2927 3137 2980 eodem
3171 2941 3316 2979 anno
3339 2927 3464 2979 447.

1986 3015 2038 3067 7.
2066 3014 2140 3068 De
2170 3023 2329 3068 aetate
2355 3029 2488 3069 sua:
2533 3033 2550 3065 ‹
2591 3013 2696 3068 Sed
2723 3016 2912 3079 nolite,
2941 3017 3195 3080 obsecro,
3223 3017 3502 3087 supplices

1920 3116 2068 3156 meas
2099 3118 2292 3172 preces
2348 3119 2633 3172 respuere,
2679 3119 2780 3158 nec
2837 3105 3092 3159 miseram
3129 3121 3304 3159 meam
3351 3106 3501 3159 cani-

1923 3192 2052 3247 tiem
2099 3200 2220 3262 post
2257 3195 2460 3248 multos
2507 3195 2726 3249 labores
2765 3196 3165 3250 contumeliose
3212 3204 3501 3251 tractatam

1922 3281 2229 3353 despicere.
2267 3302 2284 3335 ›
2320 3283 2475 3338 Tunc
2522 3285 2668 3339 enim
2714 3286 3123 3356 sexagenarius,
3181 3295 3277 3340 aut
3330 3288 3499 3342 etiam

1922 3376 2087 3444 paulo
2121 3375 2316 3445 major,
2339 3379 2541 3446 quippe
2567 3376 2660 3446 qui
2687 3385 2848 3432 natus
2873 3378 2948 3431 ‘sit
2977 3394 3120 3432 anno
3143 3376 3348 3432 Christi
3375 3379 3499 3436 586.

1990 3464 2079 3520 1V.
2116 3463 2256 3520 Sunt
2283 3474 2339 3519 et
2370 3466 2474 3519 alia
2520 3467 2691 3521 multa
2728 3467 2913 3536 digna,
2946 3483 3066 3536 qua:
3113 3468 3498 3531 observentur,

1918 3555 2090 3610 veluti
2111 3555 2179 3610 de
2211 3555 2397 3612 Romae
2434 3555 2594 3628 342
2614 3557 2867 3627 sedisque
2901 3559 3503 3628 apostolicmetlmonis

1919 3647 2200 3710 laudibus;
2235 3647 2302 3702 de
2336 3648 2453 3702 suis
2478 3649 2532 3702 in
2563 3649 2866 3703 excolendo
2900 3665 3062 3720 grege
3089 3651 3404 3718 laboribus;
3432 3651 3501 3706 de

1923 3738 2280 3793 concionibus
2310 3739 2616 3794 Antiochia:
2650 3739 2888 3806 habitis;
2926 3740 2992 3795 de
3025 3732 3180 3795 libris
3213 3757 3243 3796 a
3273 3759 3332 3797 se
3373 3758 3505 3796 con-

1921 3830 2177 3900 scriptis;
2204 3829 2272 3885 de
2310 3831 2650 3885 continentia
2683 3841 2738 3886 et
2784 3832 2908 3886 vita:
2943 3831 3208 3886 instituta:
3253 3832 3500 3894 ratione;

1921 3920 1988 3974 de
2021 3921 2180 3975 annis
2202 3921 2552 3992 episcopatus
2575 3941 2590 3989 ;
2625 3938 2747 3992 quae
2770 3923 2954 3977 omnia
2977 3931 3104 3977 sunt
3134 3938 3162 3976 a
3187 3923 3347 3977 nobis
3369 3923 3504 3978 alias

1921 4018 2255 4080 pertractata
2291 4009 2357 4064 ³ο.

2059 4142 2297 4214 Epistola
2336 4143 2456 4207 114,
2493 4142 2922 4196 commcndatitia
2960 4143 3031 4196 ad
3065 4143 3392 4198 Andiberim.

1994 4272 2036 4326 Ι.
2071 4270 2276 4326 Scribit
2322 4269 2724 4333 Theodoretus,
2759 4285 2883 4323 cum
2927 4280 3050 4340 post
3100 4271 3503 4342 depositionem

1923 4363 2193 4433 cogitaret
2222 4361 2290 4415 de
2319 4360 2566 4416 discessu
2589 4378 2619 4416 e
2652 4378 2748 4416 sua
2778 4361 3003 4416 civitate
3031 4362 3098 4417 δ’.

1998 4452 2414 4508 ll.Andiberim
2459 4462 2679 4524 oportet
2730 4453 2999 4508 illustrem
3049 4453 3249 4520 fuisse,
3301 4455 3504 4526 quippe

295 4554 355 4608 2.
392 4555 473 4608 De
517 4553 722 4607 Leonis
766 4552 997 4621 epistola
1044 4553 1111 4608 ad
1169 4551 1525 4608 Flavianum:
1578 4569 1596 4602 ‹
1642 4549 1815 4605 Simul
1853 4585 1893 4639 υ
1924 4561 2087 4615 quem
2157 4543 2538 4598 Theodoretus
2593 4542 3010 4614 magniﬁcentiae
3061 4545 3283 4600 nomine
3351 4561 3503 4600 com-

227 4641 574 4704 declarabat,
607 4649 664 4696 et
689 4651 951 4695 aeternam
995 4656 1064 4696 ex
1099 4649 1306 4696 aeterno
1339 4641 1498 4694 Patre
1535 4638 1816 4710 Unigeniti

227 4731 608 4795 divinitatem,
634 4738 692 4786 et
724 4731 970 4801 ejusdem
1001 4747 1067 4786 ex
1103 4731 1336 4785 Abrahae
1373 4739 1429 4784 et
1469 4729 1690 4784 Davidis
1727 4746 1817 4785 se-

222 4825 386 4879 mine
419 4824 845 4882 bumanitatem,
876 4838 940 4876 ac
987 4822 1224 4876 similem
1276 4837 1374 4890 per
1425 4820 1608 4874 omnia
1657 4819 1820 4875 nobis

221 4911 405 4969 fuisse
478 4922 820 4982 assumptam
905 4920 1203 4974 naturam,
1258 4910 1362 4964 hoc
1416 4924 1526 4962 uno
1575 4906 1820 4962 dissimi-

218 5002 363 5068 lem,
418 5005 569 5075 quod
633 5003 845 5073 peccati
889 5016 1089 5071 expers
1121 5000 1404 5062 manserit,
1440 4999 1644 5068 quippe
1670 4997 1815 5068 quod

225 5110 342 5150 non
397 5114 463 5153 ex
509 5105 744 5162 natura,
797 5095 893 5150 sed
947 5111 1016 5150 ex
1066 5094 1242 5149 libera
1292 5093 1576 5148 voluntate
1633 5091 1818 5145 nasci-

225 5191 344 5251 tur,
377 5197 488 5242 etc.
536 5206 556 5238 ι

290 5275 352 5330 3.
391 5277 467 5332 De
513 5276 764 5346 epistola:
817 5275 1019 5330 Leonis
1059 5281 1116 5329 et
1159 5273 1428 5328 Eranista‘.
1486 5269 1822 5326 Theodoreti

218 5370 636 5424 consonantia:
702 5387 719 5419 ‹
767 5367 990 5421 Litteras
1035 5365 1433 5426 continebant,
1479 5379 1650 5417 unum
1699 5377 1822 5416 esse

217 5459 582 5530 unigenitum
618 5459 718 5514 Dei
753 5459 975 5519 Filium,
1003 5467 1060 5512 et
1107 5455 1468 5528 impatibilem
1514 5470 1637 5509 esse
1685 5453 1824 5508 divi-

206 5552 485 5621 nitatem,
513 5570 640 5624 quaa
680 5569 782 5608 nec
813 5553 956 5608 verti
977 5560 1164 5623 queat,
1195 5567 1301 5606 nec
1332 5550 1568 5616 mutari;
1598 5549 1740 5603 sicut
1767 5556 1824 5602 et

1924 4638 2112 4709 pellat.

2002 4729 2090 4785 Ill.
2121 4717 2536 4785 Observandum
2566 4744 2628 4782 ea
2663 4736 2984 4798 tempestate
3041 4729 3369 4784 medicinam
3392 4748 3504 4787 non

1929 4818 2100 4873 fuisse
2148 4817 2490 4888 presbyteris
2546 4815 2924 4872 interdictam:
2963 4819 3156 4874 Petrus
3199 4821 3345 4874 enim
3379 4837 3504 4891 pre-

1931 4910 2137 4982 sbyter,
2162 4909 2258 4979 qui
2289 4909 2383 4963 diu
2407 4908 2533 4980 Cyri
2568 4917 2744 4963 artem
2777 4908 2918 4965 hanc
2949 4921 3307 4978 exercuerat,
3334 4913 3508 4968 Andi-

1925 5002 2046 5056 beri
2086 5001 2504 5056 commendatur
2550 5009 2807 5070 tanquam
2857 5001 3009 5056 utilis
3042 5002 3261 5059 futurus
3294 5005 3400 5058 alia
3452 5005 3509 5061 in

1926 5094 2180 5148 civitate:
2211 5107 2337 5146 nam
2386 5108 2497 5161 pra:
2531 5091 2865 5147 Theodoreti
2905 5093 3181 5149 desiderio
3210 5095 3506 5166 Cyrensem

1925 5183 2184 5238 deserere
2207 5181 2260 5236 in
2293 5181 2476 5236 animo
2508 5181 2766 5236 habebat.

1996 5275 2082 5329 1V.
2115 5274 2240 5328 Haec
2260 5280 2315 5326 et
2336 5287 2682 5342 consequens
2707 5283 2912 5328 temere
2937 5273 3142 5327 inserta
3165 5282 3250 5328 est
3276 5274 3332 5326 in
3358 5271 3508 5327 hunc

1923 5365 2105 5420 locum
2155 5383 2168 5419 :
2219 5365 2384 5420 debet
2429 5365 2577 5418 enim
2613 5366 2866 5435 postponi
2918 5365 3232 5419 centesima:
3279 5363 3508 5420 decimae

1925 5464 2150 5520 octavae,
2173 5471 2294 5526 qua:
2313 5464 2399 5510 est
2427 5455 2492 5510 ad
2512 5454 2958 5508 archidiaconum
2985 5455 3206 5519 Romae;
3234 5453 3508 5522 siquidem

1929 5548 2204 5613 115,116,
2239 5548 2340 5601 117
2378 5555 2437 5602 et
2479 5544 2582 5600 118
2631 5544 2878 5614 ejusdem
2920 5554 3050 5599 sunt
3089 5545 3418 5615 argumenti,
3451 5552 3510 5599 et

1604 5687 1923 5745 SCHULle
1961 5686 2190 5743 ΝΟΤᾸΕ.

273 5785 332 5820 τ’
370 5785 501 5842 Vid.
534 5800 726 5854 supra,
761 5799 817 5854 p.
860 5783 1011 5854 185.7
1087 5783 1132 5816 ⁸ο
1154 5781 1279 5836 Vid.

199 5866 346 5913 sunt
393 5873 426 5912 a
467 5851 781 5912 Garri—crio:
841 5855 884 5887 "
913 5853 1035 5909 Vid.
1063 5867 1252 5923 supra,
1288 5867 1343 5920 p.
1375 5851 1474 5904 185
1503 5865 1619 5918 seq.

1321 5795 1442 5850 qua:
1487 5779 1649 5843 infra,
1689 5795 1809 5849 cap.
1846 5778 1900 5845 9,
1933 5777 2040 5847 δῖ),
2070 5776 2138 5832 ad
2174 5777 2354 5832 locum
2405 5771 2698 5844 quemdam
2746 5771 2912 5843 hujus
2935 5769 3181 5841 epistolae
3215 5769 3506 5826 observata
