4070 6446
618 388 722 453 291

1717 395 2096 456 GARNERII
2135 392 2629 454 DISSERTATIO
2672 392 2747 451 [Ι.

3776 386 3883 448 292

621 515 814 555 names
853 500 1080 554 Romam
1121 502 1444 568 mittuntur,
1476 504 1544 559 ad
1586 506 1827 562 Leonem
1848 548 1863 570 ,
1912 509 2200 568 Renatum,
2237 516 2274 568 Α
2306 507 2493 559 cilium
2532 506 2795 560 defuncto
2818 503 3108 557 suffectum
3148 500 3320 571 tingit.
3351 499 3458 555 Sed
3489 513 3705 563 vereor,
3734 506 3799 553 ut
3828 499 3883 555 id

623 590 892 662 synodum
916 591 1237 657 Romanam,
1267 601 1322 647 et
1351 595 1799 650 archidiaconum
1828 598 2036 651 Romae.

768 701 1009 771 Epistula
1046 702 1176 765 115,
1216 706 1652 760 commendatitia
1695 707 1766 760 ad
1798 706 2060 777 Apellam.
2160 712 2168 720 “

694 813 900 867 Eodem
942 822 1227 883 tempore,
1260 815 1455 869 eodem
1504 827 1863 887 argumento:
1908 818 1999 872 hic
2036 818 2203 871 etiam

621 904 810 972 Apella
843 904 1259 974 magnificentia:
1278 907 1501 960 nomine
1526 907 1852 976 appellatur.

692 1015 935 1086 Epistula
966 1016 1089 1080 116,
1140 1017 1572 1091 commendatitia
1602 1018 1673 1074 ad
1713 1019 1979 1074 Renatum
2018 1035 2137 1091 prc-

1275 1088 1562 1158 sbyterum.

692 1197 735 1251 I.
770 1197 905 1251 Data
936 1212 1062 1251 cum
1093 1197 1297 1253 litteris
1317 1198 1386 1253 ad
1421 1210 1674 1257 sanctum
1700 1201 1963 1257 Leonem.

689 1289 755 1343 ll.
791 1289 1037 1344 Renatus
1061 1291 1349 1363 presbyter
1382 1291 1489 1347 fuit
1507 1308 1651 1348 unus
1672 1294 1740 1349 de
1769 1294 2208 1365 legatisaLeone

622 1382 810 1437 missis
833 1381 899 1435 ad
922 1382 1258 1451 Ephesinam
1284 1383 1577 1454 synodum,
1601 1385 1907 1440 secundum
1926 1386 2089 1456 epist.
2110 1386 2205 1440 1οε

630 1494 647 1525 ι
678 1474 758 1528 Ad
790 1489 1010 1528 omnem
1042 1488 1265 1528 causam
1312 1474 1403 1544 pie
1433 1491 1497 1530 ac
1533 1475 1773 1532 fideliter
1802 1478 2208 1548 exsequendum

622 1565 826 1619 fratres
848 1575 1067 1620 nostros
1090 1565 1295 1619 Julium
1326 1566 1668 1636 episcopum,
1697 1577 1753 1622 et
1783 1567 2050 1625 Renatum
2080 1584 2209 1639 pre-

622 1657 904 1727 sbyterum
954 1655 1101 1710 tituli
1161 1657 1337 1712 sancti
1387 1656 1730 1725 Clementis,
1783 1659 1879 1714 sed
1932 1669 1989 1714 et
2036 1659 2209 1714 tilium

625 1763 809 1800 meum
838 1745 1086 1800 Hilarum
1113 1747 1428 1802 diaconum.
1468 1768 1486 1799 ι

2303 596 2605 650 commenti
2638 594 2970 664 persuadere
3000 592 3173 661 possit
3201 591 3366 645 alicui
3401 606 3586 645 rerum
3612 590 3885 660 ejusmodi

2304 701 2414 739 non
2432 684 2766 739 rudissimo:
2795 699 2921 738 nam
2946 684 3133 754 plures
3161 691 3290 737 sunt
3315 679 3520 736 Iuliani
3558 679 3792 735 Coensis
3819 679 3888 734 ad

2306 778 2543 832 Leonem
2571 777 2836 846 epistola),
2864 776 3052 845 plures
3092 774 3294 828 Leonis
3319 774 3389 828 ad
3420 772 3725 839 Coensem;
3767 775 3891 829 nul-

2305 869 2420 922 lum
2464 876 2644 921 tamen
2670 868 2726 920 in
2749 867 2862 921 ulla
2894 866 2957 921 fit
2987 865 3219 920 verbum
3254 864 3323 919 de
3354 865 3644 935 praesentia
3677 864 3890 937 synodo

2306 957 2570 1013 exhibita.
2598 956 2807 1011 Deinde
2843 956 2889 1011 si
2930 957 3180 1011 Julianus
3204 966 3330 1011 ante
3366 955 3681 1011 inchoatam
3720 972 3890 1029 syno-

2307 1049 2440 1105 dum
2475 1050 2770 1104 defunctus
2796 1049 2889 1114 sit,
2924 1049 3282 1119 Julianusque
3308 1047 3538 1104 Coensis
3574 1050 3646 1103 sit
3682 1049 3740 1103 in
3770 1051 3891 1121 ejus

2308 1145 2488 1199 locum
2522 1141 2807 1205 suffectus,
2849 1140 3127 1212 quomodo
3166 1141 3318 1196 nulla
3349 1140 3490 1195 facta
3533 1149 3618 1196 est
3652 1140 3709 1195 in
3736 1140 3892 1196 Actis

2309 1233 2722 1290 substitutionis
2746 1232 2972 1297 mentio,
3008 1245 3135 1286 cum
3164 1246 3358 1286 omnes
3377 1230 3443 1285 ad
3475 1232 3891 1301 imperatorem,

2309 1328 2377 1383 ad
2406 1329 2704 1399 Augustam
2734 1325 3115 1398 synodumque
3152 1333 3209 1379 et
3244 1323 3381 1378 alios
3400 1323 3599 1379 littera:
3626 1323 3761 1379 Julii
3794 1337 3893 1379 ex—

2309 1435 2500 1491 presse
2557 1417 2941 1483 meminerint,
2993 1416 3302 1487 debeatque
3362 1415 3794 1472 instrumentum
3834 1423 3892 1471 ut

2309 1509 2456 1579 quod
2513 1508 2749 1563 maxime
2809 1507 3188 1562 authenticum
3234 1505 3537 1576 proferri,‘
3566 1505 3613 1561 si
3666 1506 3893 1577 quando

2311 1600 2581 1670 quispiam
2612 1598 2819 1654 vicario
2848 1597 3113 1653 duntaxat
3149 1598 3274 1668 jure
3317 1596 3517 1653 debeat
3542 1598 3752 1670 synodo
3784 1612 3897 1667 pra

2311 1692 2672 1746 maximarum
2701 1691 2917 1745 sedium
2950 1689 3291 1744 antistitibus
3322 1689 3657 1760 prmsidere?
3693 1691 3896 1745 Fateor

2312 1780 3088 1852 equidem,implicatissimam
3114 1794 3235 1834 esse
3257 1779 3543 1835 historiam
3574 1779 3723 1834 Julii.
3747 1779 3895 1846 Quid

700 1838 788 1942 ll"
825 1837 1180 1942 observanda
1232 1839 1350 1941 1³³ἶο
1378 1840 1546 1894 verba
1569 1858 1635 1942 ²,⁴
1668 1839 1794 1942 ΠδῗΫ
1830 1840 2070 1942 (ἶυίδθω,
2096 1842 2211 1912 θεὴ
2245 1862 2283 1924 Β
2311 1837 2460 1930 enim
2499 1837 2813 1929 eo'factum
2863 1873 2935 1926 sit
2972 1879 3095 1942 post
3128 1870 3480 1926 latrocinium
3528 1837 3893 1940 Ephesinwum,

622 1929 801 1997 pietas
856 1938 988 1994 tua,
1057 1945 1184 1984 cum
1228 1930 1446 1985 unicam
1490 1932 1693 1987 caedem
1733 1933 1781 1965 ⁸⁸
1812 1932 2209 2005 conspexisset.

623 2017 780 2083 Quod
806 2018 851 2073 si
881 2028 1107 2073 caeteras
1151 2020 1318 2073 etiam
1341 2061 1356 2084 ,
1379 2037 1502 2091 qua:
1538 2031 1663 2092 post
1706 2023 2013 2079 discessum
2054 2033 2211 2079 tuum

624 2120 854 2180 patrata:
883 2119 1048 2175 sunt,
1103 2111 1371 2167 Phineem
1447 2115 1603 2168 illum
1669 2115 1905 2170 fortasse
1967 2115 2214 2172 imitatus

624 2218 795 2257 esses.
830 2222 848 2254 ι
883 2202 1015 2257 Inde
1058 2203 1208 2257 enim
1257 2204 1481 2260 videtur
1509 2221 1671 2276 posse
1695 2207 1901 2278 colligi,
1933 2210 2018 2263 vel
2063 2210 2213 2280 lega-

628 2303 716 2348 tos
758 2294 906 2349 sedis
949 2295 1262 2365 apostolicae
1297 2311 1407 2351 non
1451 2299 1767 2355 interfuisse
1813 2300 2044 2371 synodo,
2090 2309 2215 2371 post

627 2384 937 2455 depositum
963 2386 1284 2441 Flavianum
1311 2405 1325 2455 ;
1355 2390 1442 2444 vel
1469 2405 1499 2445 a
1528 2389 1897 2459 Theodoreto,
1929 2392 2043 2448 sive
2066 2394 2212 2466 quod

628 2492 657 2531 a
680 2478 890 2533 nuntiis
925 2478 1190 2549 deceptus
1212 2489 1378 2547 esset,
1395 2482 1511 2537 sive
1533 2484 1679 2553 quod
1703 2486 1972 2541 memoria
2005 2487 2211 2556 lapsus,

630 2568 903 2623 Renatum
947 2572 1333 2644 presbyterum
1376 2573 1643 2651 confundi
1670 2591 1796 2630 cum
1819 2576 2029 2643 Hilaro,
2077 2578 2212 2647 qui‘

633 2659 758 2730 fuga
783 2675 841 2716 se
865 2663 1161 2732 proripuit.

700 2753 790 2807 IV.
833 2752 1186 2810 Observanda
1211 2757 1419 2827 pariter
1452 2756 1588 2811 ista:
1635 2778 1653 2808 ι
1687 2758 1860 2824 Quam
1892 2759 1962 2814 ob
1994 2774 2215 2815 causam

636 2860 735 2899 oro
762 2847 1107 2902 sanctitatem
1127 2856 1298 2914 tuam,
1318 2850 1671 2905 sanctissimo
1698 2860 1754 2906 et
1786 2851 2103 2908 beatissimo
2127 2870 2217 2908 ar-

638 2938 992 3009 chicpiscopo
1020 2940 1371 3010 persuadeat,
1400 2948 1460 2994 ut
1480 2942 1781 3011 apostolica
1803 2950 2072 3012 potestate
2095 2954 2216 2998 uta-

632 3039 743 3096 tur,
772 3038 827 3085 et
861 3030 927 3085 ad
973 3032 1268 3086 concilium
1314 3041 1558 3086 vestrum
1610 3032 1866 3087 advolare
1897 3034 2215 3104 praecipiat:

2311 1966 2519 2031 nullus,
2568 1965 2716 2036 quod
2770 1964 2961 2029 sciam,
3021 1964 3221 2028 tradit,
3273 1962 3460 2018 nullus
3514 1965 3716 2028 etiam,
3758 1962 3895 2034 quid

2314 2054 2518 2125 Ephesi
2547 2055 2740 2125 egerit.
2777 2054 2977 2109 Verum
3012 2054 3285 2108 Renatum
3325 2052 3380 2108 in
3422 2053 3601 2108 insula
3633 2054 3767 2109 Delo
3796 2054 3897 2110 de-

2314 2145 2565 2200 functum
2609 2160 2760 2209 esse,
2797 2160 2923 2199 cum
2956 2143 3235 2214 Ephesum
3264 2150 3499 2213 peteret,
3526 2153 3897 2214 praeterquam

2314 2236 2463 2305 quod
2487 2235 2637 2290 Felix
2660 2235 2873 2299 scribit,
2900 2233 3241 2289 demonstrat
3266 2248 3389 2289 mea
3414 2233 3635 2304 quidem
3667 2242 3899 2291 senten-

2318 2326 2391 2380 tia
2425 2325 2627 2379 invicte
2647 2365 2662 2390 ,
2695 2324 2843 2394 quod
2878 2324 2933 2378 in
2963 2323 3117 2379 Actis
3153 2322 3447 2393 Ephesinis
3483 2337 3685 2378 nomen
3719 2324 3901 2394 ipsius

2315 2434 2426 2474 non
2470 2426 2778 2483 censeatur,
2819 2416 2913 2471 ubi
2948 2431 3059 2471 non
3104 2414 3301 2472 siletur
3334 2413 3402 2470 de
3433 2414 3640 2470 Hilario
3662 2415 3901 2469 diacono

2316 2520 2372 2566 ct
2395 2509 2630 2566 Dulcitio
2658 2508 2891 2565 notario.

2390 2600 2742 2657 Observanda
2782 2600 3022 2669 denique
3064 2599 3318 2654 recensio
3356 2597 3645 2662 librorum,
3684 2597 3753 2652 de
3789 2614 3901 2668 qua

2317 2691 2524 2760 egimus
2568 2688 2625 2743 in
2654 2704 2773 2758 cap.
2804 2688 2858 2741 2.

2319 2800 2563 2873 Epistula
2591 2801 2712 2863 117,
2734 2800 3096 2873 deprecatoria
3123 2800 3194 2855 ad
3222 2798 3548 2873 Florentium
3581 2799 3902 2869 episcopum,

2411 2871 2493 2926 vel
2523 2874 2694 2943 potius
2735 2869 2804 2924 ad
2831 2870 3029 2924 clerum
3060 2879 3154 2924 aut
3181 2869 3462 2925 concilium
3485 2869 3808 2923 Romanum.

2391 2962 2433 3015 1.
2464 2961 2666 3016 Notum
2694 2970 2930 3031 tempus,
2956 2978 3066 3031 quo
3086 2961 3213 3016 data
3244 2969 3331 3017 est
3358 2979 3372 3015 :
3399 2961 3542 3016 hanc
3565 2961 3712 3015 enim
3741 2960 3909 3017 detu-

2322 3052 2505 3105 lerunt
2525 3051 2685 3121 legati
2712 3068 2741 3105 a
2770 3051 3119 3107 Theodoreto
3147 3050 3300 3105 missi
3331 3052 3595 3116 Romam;
3631 3051 3905 3121 ignotum,

631 3121 800 3175 habet
819 3122 967 3175 enim
996 3122 1344 3177 sanctissima
1382 3122 1471 3175 illa
1491 3122 1651 3177 sedes
1674 3123 2066 3187 Ecclesiarum,
2099 3140 2219 3193 qua:
2268 3208 2280 3211 _
2323 3142 2411 3196 cui
2442 3141 2647 3211 scripta
2677 3142 2767 3196 sit.
2794 3142 2853 3197 ιη
2887 3140 3174 3196 codicibus
3199 3141 3438 3211 vulgatis
3457 3150 3754 3211 nostroque
3789 3157 3910 3196 ωδ,

634 3214 690 3268 in
727 3222 842 3269 toto
873 3223 1002 3268 sunt
1023 3214 1180 3279 orbe,
1217 3214 1590 3283 principatum
1645 3215 1833 3269 multis
1874 3214 2214 3280 nominibus,
2248 3208 2288 3262 Ο
2324 3208 2608 3301 ηηερτίρίο
2651 3233 2971 3288 inscribitur
3014 3208 3613 3304 Florentio'episcopo;
3645 3208 3738 3288 θεά
3783 3236 3907 3305 θρί-

632 3316 797 3378 atque
826 3308 929 3361 hoc
961 3313 1089 3361 ante
1112 3307 1315 3363 omnia.
1335 3305 1483 3375 quod
1513 3305 1580 3359 ab
1622 3305 1876 3361 haaretica
1909 3306 2031 3360 tabe
2058 3305 2217 3376 343

634 3397 896 3451 immunis
920 3396 1141 3461 mansit,
1180 3411 1282 3450 nec
1316 3396 1460 3450 ullus
1488 3395 1761 3450 contraria
1798 3396 2045 3451 sentiens
2070 3395 2124 3448 in
2154 3410 2218 3447 ca

635 3490 800 3554 sedit,
840 3489 937 3543 sed
963 3488 1316 3559 apostolicam
1347 3487 1576 3558 gratiam
1618 3487 1886 3558 integram
1925 3486 2221 3541 Conserva-

635 3581 733 3634 vit.
766 3579 898 3646 Qum
929 3595 959 3632 a
982 3577 1141 3632 vobis
1161 3577 1369 3631 fuerint
1393 3577 1659 3649 judicata,
1690 3577 1745 3630 in
1775 3576 1863 3640 iis,
1891 3576 2218 3645 qualiacun-

638 3686 746 3740 que
769 3678 955 3732 erunt,
990 3668 1184 3739 judicii
1233 3668 1400 3722 vestri
1447 3665 1690 3738 aequitati
1746 3665 2088 3720 confidentes
2128 3681 2221 3719 ac~

637 3762 1009 3833 quicscemus,
1039 3769 1095 3815 et
1145 3775 1420 3831 rogamus,
1461 3770 1522 3814 ut
1569 3758 1841 3832 judicium
1895 3774 1964 3813 ex
2001 3757 2222 3827 scriptis

638 3853 1026 3908 constituatur.
1062 3871 1080 3901 ι
1117 3852 1361 3906 Prohant
1405 3851 1679 3921 siquidem
1711 3858 1935 3921 aperte,
1972 3866 2081 3906 non
2120 3851 2221 3904 im-

640 3948 911 4017 ploratum
945 3946 1207 3999 duntaxat
1235 3944 1437 4000 Leonis
1462 3943 1865 4015 patrocinium,
1908 3943 2005 4000 sed
2035 3945 2220 4014 appel-

639 4039 807 4091 latum
844 4052 872 4090 a
903 4026 1252 4091 Theodoreto
1272 4036 1419 4092 sedis
1444 4035 1759 4106 apostolica:
1790 4035 2052 4090 tribunal.

708 4127 771 4183 V.
806 4127 1222 4182 Observandum
1251 4128 1436 4190 tertio,
1474 4126 1883 4182 Theodoretum
1930 4141 2041 4180 non
2088 4125 2224 4180 satis

639 4216 809 4273 fuisse
849 4217 1104 4274 edoctum
1149 4218 1217 4273 de
1261 4219 1428 4275 rebus
1458 4218 1796 4290 legatorum;
1842 4216 2042 4273 scribit
2072 4215 2222 4269 enim

640 4307 709 4361 ad
737 4307 1028 4371 chatum,
1061 4309 1216 4378 quasi
1256 4308 1599 4365 interfuisset
1639 4308 1949 4365 latrocinali
1990 4306 2221 4380 synodo,

641 4410 697 4456 et
738 4401 863 4457 inde
899 4402 1128 4457 Romam
1166 4403 1511 4466 revertisset,
1543 4417 1671 4457 cum
1717 4410 1901 4455 tamen
1942 4416 1972 4455 a
2017 4398 2221 4463 Felice,

644 4494 903 4547 Actorum
945 4494 1012 4549 de
1054 4494 1279 4549 nomine
1312 4494 1518 4559 Acacii,
1557 4508 1656 4548 seu
1690 4491 1954 4547 Breviarii
1996 4490 2225 4545 haeresis

644 4585 997 4657 Eutychiame
1024 4594 1272 4649 auctore,
1306 4586 1524 4641 dicatur
1559 4585 1616 4640 in
1652 4583 1828 4639 insula
1863 4581 1996 4637 Delo
2027 4580 2223 4636 defun-

644 4685 764 4732 ctus
789 4676 845 4730 in
877 4677 962 4732 via
993 4678 1060 4732 ad
1087 4677 1426 4748 Ephesinum
1456 4676 1774 4732 concilium.
1806 4673 1899 4730 Sic
1920 4672 2070 4728 enim
2092 4673 2226 4743 legi-

646 4777 737 4822 tur
777 4785 790 4820 :
839 4786 858 4819 ‹
909 4768 1282 4823 lnterfuerunt
1332 4767 1500 4821 etiam
1550 4764 1742 4821 vicarii
1793 4764 1863 4819 ab
1924 4763 2223 4833 apostolica

648 4860 777 4914 sede
811 4859 1029 4919 directi.
1064 4859 1243 4914 Julius
1274 4858 1608 4913 Puteolanus
1638 4857 1950 4927 episcopus,
1979 4862 2037 4909 et
2071 4853 2224 4908 Hila-

649 4950 764 5003 rius
794 4948 1235 5013 archidiaconus,
1269 4949 1396 5017 quia
1430 4946 1720 5018 presbyter
1745 4946 1993 5001 Renatus
2015 4944 2070 4998 in
2090 4944 2224 5000 Delo

649 5039 827 5094 insula
858 5048 1033 5094 morte
1066 5048 1394 5109 praeventus,
1425 5056 1443 5089 ι
1474 5046 1581 5093 etc.

718 5152 892 5219 Quem
933 5150 1140 5206 Julium
1172 5150 1326 5205 Felix
1361 5157 1542 5215 vocat,
1571 5150 1850 5206 lulianum
1882 5150 2014 5207 Acta
2051 5151 2211 5206 latro-

648 5241 845 5298 cinalis
877 5239 1071 5311 synodi
1104 5240 1395 5296 nominant
1432 5257 1445 5294 :
1483 5239 1560 5295 ibi
1597 5240 1746 5295 enim
1780 5249 1903 5310 post
1937 5240 2225 5311 praesidem

650 5335 972 5389 Dioscorum
1008 5347 1136 5386 mox
1174 5332 1321 5388 sedis
1357 5333 1669 5403 apostolica:
1715 5334 1927 5405 legatus
1974 5334 2226 5390 Julianus

648 5424 940 5493 episcopus
994 5432 1285 5491 censetur;
1339 5439 1575 5494 cumque
1633 5433 1908 5489 censetur,
1957 5424 2223 5479 Coensem

650 5514 908 5582 opinatur
926 5512 1277 5580 Quesnelius,
1312 5531 1478 5584 quem
1514 5515 1660 5571 Julio
1689 5515 1744 5568 in
1784 5515 1982 5569 itinere
2008 5514 2073 5567 ad
2097 5528 2229 5569 con-

2324 3325 2460 3377 stola
2492 3323 2711 3378 titulum
2744 3324 2863 3378 falsi
2891 3326 3089 3395 arguit.

2392 3414 2575 3486 344.
2622 3415 2686 3470 ll.
2722 3416 2967 3471 Fuerunt
3010 3432 3071 3471 ea
3122 3425 3443 3487 tempestate
3489 3418 3747 3473 Florentii
3797 3418 3912 3473 duo

2324 3506 2620 3561 admodum
2644 3507 2919 3569 celebres;
2964 3523 3106 3562 unus
3137 3508 3389 3563 Sardium
3415 3509 3725 3578 episcopus,
3766 3509 3914 3565 alter

2325 3596 2591 3666 patricius
2628 3596 2879 3653 doctrina
2902 3598 3150 3667 insignis.
3184 3597 3456 3669 Scriplam
3493 3600 3723 3655 fortasse
3756 3601 3916 3670 quis-

2326 3688 2469 3758 piam
2519 3688 2774 3760 conjiciat
2821 3687 2887 3743 ad
2939 3687 3194 3743 Sardium
3253 3689 3571 3759 episcOpum
3620 3708 3632 3743 :
3683 3706 3814 3744 nam
3860 3699 3914 3745 et

2328 3778 2615 3848 inscriptio
2652 3777 2895 3847 epistolae
2932 3777 3256 3847 episcopum
3278 3777 3431 3841 dicit,
3453 3786 3508 3832 et
3532 3777 3701 3831 verba
3732 3776 3915 3832 Theo-

2328 3867 2506 3923 doreti
2542 3882 2669 3922 eum
2695 3906 2709 3931 ,
2738 3866 2827 3921 cui
2869 3866 3151 3931 scribitur,
3189 3882 3399 3937 magnae
3444 3866 3660 3921 cuidam
3700 3866 3911 3921 civitati

2326 3960 2670 4032 praesedisse,
2706 3974 3034 4029 morumque
3071 3960 3360 4014 sanctitate
3398 3973 3465 4013 ac
3504 3956 3762 4012 doctrina
3805 3960 3914 4013 cla-

2328 4052 2505 4106 ruisse
2547 4049 2890 4122 signiﬁcant;
2935 4049 3016 4104 sic
3058 4049 3207 4103 enim
3248 4064 3307 4104 se
3348 4048 3594 4103 habent:
3645 4067 3666 4099 τ
3708 4048 3916 4103 Huma-

2325 4159 2458 4198 num
2484 4157 2659 4213 genus
2685 4140 2780 4195 Dei
2806 4156 2870 4195 ac
2899 4139 3201 4195 Salvatoris
3237 4139 3411 4193 nostri
3444 4138 3618 4209 gratia
3658 4137 3813 4192 omni
3849 4152 3915 4192 ex

2325 4244 2482 4308 parte
2524 4250 2637 4289 non
2681 4232 2953 4296 destituit,
2981 4230 3076 4286 sed
3123 4230 3344 4301 reliquit
3370 4230 3532 4284 nobis
3559 4243 3751 4283 semen
3782 4243 3912 4283 san-

2325 4328 2574 4382 ctitatem
2617 4333 2766 4380 tuam
2787 4324 2854 4389 ⁸³,
2887 4339 2956 4379 ne
2990 4323 3186 4378 ﬁamus
3225 4323 3368 4378 sicut
3405 4321 3664 4385 Sodoma,
3699 4330 3759 4375 et
3800 4319 3914 4376 Go-

2328 4417 2564 4472 morrhze
2605 4416 2814 4470 similes
2839 4430 2909 4470 ne
2940 4415 3131 4469 simus.
3177 4414 3289 4469 Hoc
3327 4428 3426 4467 nos
3465 4412 3651 4466 animo
3686 4411 3916 4481 penitus

2330 4508 2568 4565 deficere
2600 4523 2710 4561 non
2748 4508 2902 4572 sinit,
2927 4506 3023 4561 sed
3054 4506 3297 4561 molestae
3330 4502 3673 4574 tempestatis
3702 4503 3916 4558 exitum

2328 4598 2569 4671 opperiri
2594 4612 2697 4653 nos
2723 4597 2896 4669 jubet.
2931 4598 3046 4652 Hoc
3065 4612 3168 4652 nos
3197 4597 3252 4652 in
3283 4596 3484 4652 bonam
3508 4610 3663 4666 spem
3697 4596 3866 4667 erigit
3900 4613 3915 4650 :

2328 4699 2615 4761 propterea
2655 4689 2819 4743 etiam
2850 4687 3296 4758 religiosissimos
3332 4685 3686 4757 presbyteros
3735 4685 3921 4756 Hypa-

2330 4782 2466 4835 tium
2495 4788 2552 4835 et
2584 4779 2905 4834 Ahramium
2933 4778 3358 4849 chorepiscopos
3380 4816 3397 4843 ,
3431 4786 3488 4832 et
3511 4777 3768 4849 Alypium
3800 4793 3924 4833 mo-

2330 4871 2632 4926 nachorum
2670 4868 2815 4938 apud
2851 4883 2954 4923 nos
2989 4868 3289 4922 exarchum
3332 4867 3400 4922 ad
3430 4866 3782 4922 sanctitatem
3819 4883 3923 4923 ve-

2330 4973 2498 5017 stram
2551 4962 2839 5025 misimus,
2891 4967 2952 5014 ut
3011 4959 3380 5015 calamitatem
3433 4958 3750 5029 depellatis,
3795 4972 3923 5027 quae

2332 5056 2575 5112 Orientis
2612 5054 2891 5109 Ecclesias
2924 5051 3235 5122 occupavit.
3272 5070 3291 5103 ι
3331 5052 3401 5106 Et
3419 5060 3609 5123 postea
3641 5067 3655 5103 :
3688 5069 3708 5101 ε
3751 5050 3927 5104 Decet

2333 5162 2503 5219 porro
2533 5145 2880 5203 sanctitatem
2922 5152 3186 5208 vestram,
3231 5141 3424 5197 eadem
3465 5141 3759 5195 nobiscum
3793 5154 3928 5194 sen-

2332 5238 2532 5292 tientes
2554 5249 2654 5305 per
2675 5232 2930 5305 injuriam
2952 5231 3142 5302 pulsos
3170 5246 3283 5285 non
3304 5228 3620 5300 despicere;
3648 5228 3747 5283 sed
3768 5229 3925 5299 justo

2333 5327 2583 5383 subsidio
2637 5325 2892 5397 injuriam
2938 5323 3278 5394 reprimere,
3322 5338 3387 5378 ac
3429 5323 3718 5377 veritatem
3768 5335 3925 5389 pne-

2333 5420 2505 5475 fraete
2536 5420 2921 5489 impugnantes
2952 5418 3174 5482 docere,
3198 5431 3310 5470 non
3344 5414 3527 5471 omnia
3564 5412 3795 5482 exsequi
3824 5426 3928 5468 eos

2333 5526 2515 5582 posse,
2543 5509 2637 5580 qni
2666 5510 2896 5564 licenter
2919 5507 3194 5577 quidlibet
3227 5506 3448 5578 aggredi
3475 5512 3774 5560 conantur.
3810 5521 3833 5556 ι

1999 5669 2314 5726 SCllliLle
2368 5669 2597 5724 ΝΟΤᾸΞ.

724 5810 768 5843 θ’
794 5810 1016 5867 deem.
1056 5814 1200 5869 Edit.
1246 5816 1394 5883 prior
1443 5815 1678 5870 habebat
1714 5817 1911 5868 sedem.

1989 5814 2035 5845 ⁸³
2062 5812 2245 5866 Tuam.
2287 5811 2475 5865 Potius
2513 5818 2763 5864 vestram.
2795 5818 2854 5863 ut
2889 5808 2916 5878 §
2947 5809 2999 5875 6,
3049 5805 3303 5878 legimus.
