4070 6450
229 385 340 448 293

239 607 562 661 magnaeque
577 594 971 661 auctoritatis;
1020 597 1123 650 fuit
1143 609 1198 652 et
1227 599 1536 656 Florentius
1561 605 1830 672 patricius

240 683 494 734 doctrina
523 691 580 736 et
603 697 824 738 morum
849 685 1160 755 integritate
1187 689 1403 753 nobilis,
1440 691 1506 744 de
1536 709 1646 761 quo
1673 702 1829 746 antea

235 772 446 826 dictum
475 783 586 828 est.

301 865 394 920 IV.
425 865 634 920 Verum
661 867 944 935 quomodo
967 873 1298 925 conveniant
1322 874 1566 942 epistola:
1595 876 1736 930 dicta
1773 878 1827 930 in

229 959 584 1027 episcopum,
630 958 726 1027 qui
775 959 1198 1015 lmresiarcham
1251 964 1532 1035 Eutychen
1571 968 1824 1030 absolvit,

230 1057 604 1117 sanctumque
635 1049 958 1103 Flavianum
1001 1051 1282 1106 damnavit
1309 1055 1362 1106 in
1394 1056 1630 1110 concilio
1657 1057 1828 1112 latro-

233 1139 420 1204 cinali,
454 1139 666 1208 quique
696 1139 966 1210 indulgeri
1001 1141 1106 1196 sibi
1131 1150 1237 1196 tam
1273 1145 1507 1212 grande‘
1541 1156 1826 1214 peccatum

233 1230 492 1298 poposcit
519 1229 896 1296 Chalcedone,
923 1232 1074 1301 quod
1101 1232 1230 1288 fecit
1261 1235 1601 1302 Florentius;
1640 1239 1826 1294 nullus

233 1319 418 1372 video.

307 1409 370 1461 ν.
408 1407 568 1473 Quod
593 1407 640 1462 si
675 1407 802 1476 quis
833 1407 1129 1464 delendum
1159 1419 1317 1480 putet
1337 1413 1580 1482 episcopi
1623 1428 1824 1468 nomen

236 1514 302 1551 ex
335 1499 700 1568 inscriptione
725 1540 742 1564 ,
775 1500 1154 1570 scriptumque
1185 1503 1443 1573 conjiciat
1486 1504 1552 1558 ad
1599 1505 1824 1560 Floren-

239 1591 382 1642 tium
409 1589 699 1658 patricium
723 1605 834 1645 suae
856 1592 1036 1646 aetatis
1071 1593 1536 1661 potentissimum,
1570 1593 1826 1648 doctissi-

253 1696 504 1749 mumque
529 1697 590 1735 ac
617 1682 1071 1750 integerrimum;
1109 1683 1334 1738 habebit
1365 1687 1676 1756 conjectura
1700 1686 1824 1754 plus

249 1770 446 1840 aliquid
493 1771 900 1840 probabilitatis
951 1783 1008 1828 et
1059 1776 1431 1846 congruentia:
1477 1791 1602 1830 cum
1657 1777 1822 1832 dictis

247 1863 592 1918 Theodoreti.
619 1865 826 1918 Verum
853 1865 1056 1930 obstat,
1089 1867 1234 1936 quod
1275 1875 1330 1922 et
1371 1869 1680 1924 sanctitatis
1721 1885 1820 1924 no-
1855 1862 1892 1914 Β

239 1955 378 2007 mine
411 1953 777 2023 compelletur
803 1955 850 2008 is
891 1953 960 2008 ad
991 1971 1152 2025 quem
1185 1956 1464 2020 scribitur,
1494 1966 1551 2012 et
1573 1957 1628 2012 in
1659 1957 1819 2012 Occi-

233 2045 395 2100 dente
423 2045 644 2116 positus
675 2061 787 2100 non
822 2045 1058 2101 obscure
1101 2047 1383 2101 innuatur.
1411 2047 1656 2101 Primum
1687 2063 1818 2103 vero

232 2136 476 2190 saeculari
532 2136 767 2200 homini,
813 2137 1045 2190 alterum
1086 2137 1321 2206 patricio
1345 2137 1816 2209 Constantinopoli

231 2229 408 2282 sedem
435 2227 691 2290 ha‘benti,
723 2243 834 2280 non
863 2229 1138 2282 convenit.
1161 2229 1217 2282 Si
1257 2229 1386 2284 licet
1415 2230 1470 2283 in
1499 2245 1558 2284 re
1590 2237 1696 2284 tam
1723 2232 1818 2286 ob.

232 2333 382 2374 scura
405 2319 746 2374 sententiam
779 2319 984 2383 dicere,
1028 2319 1226 2389 opinor
1261 2322 1547 2390 irrepsisse
1567 2337 1812 2377 errorem

233 2413 282 2465 in
313 2413 538 2466 titulum
561 2453 574 2476 ,
607 2421 892 2481 totamque
933 2413 1224 2481 epistolam
1263 2429 1385 2468 esse
1425 2413 1691 2470 directam
1727 2417 1812 2470 vel

231 2503 288 2558 ad
327 2505 542 2558 clerum
579 2503 911 2564 Romanum,
931 2503 1078 2572 quod
1109 2503 1290 2558 minus
1314 2503 1600 2569 aﬂirmcm,
1627 2507 1712 2560 vel
1745 2506 1809 2560 ad

227 2590 512 2660 episcopos
551 2592 814 2646 Romanae
858 2593 974 2646 sive
1017 2593 1376 2648 occidentalis
1415 2597 1628 2666 synodi,
1663 2598 1809 2667 quod

225 2683 566 2750 probabilius
589 2683 828 2737 videtur.

295 2795 382 2848 Vl.
405 2795 464 2848 In
505 2797 648 2849 hanc
682 2796 1002 2865 opinionem
1032 2797 1233 2852 indicia
1262 2814 1356 2852 sex
1396 2815 1482 2854 me
1507 2800 1806 2856 adducunt.

241 2885 293 2937 1.
341 2883 491 2948 Quod
543 2885 931 2940 Theodoretus
980 2885 1048 2940 ad
1111 2887 1299 2956 plures
1350 2889 1589 2956 scribat;
1635 2891 1810 2944 utitur

241 2975 384 3028 enim
412 2991 614 3045 semper
652 2992 888 3032 numero
915 2977 1307 3044 multitudinis,
1344 2980 1537 3034 solitus
1567 2981 1809 3050 singula-

239 3079 320 3118 res
372 3081 764 3136 quoscunque,
815 3068 980 3122 etiam
1037 3084 1313 3123 summum
1371 3071 1708 3140 pontificem,
1751 3080 1808 3126 et

227 3157 518 3228 Augustam
536 3159 890 3213 Pulcheriam
918 3160 1182 3230 singulari
1211 3161 1432 3216 nomine
1454 3163 1801 3232 compellare.
1833 3197 1874 3254 α

222 3247 372 3314 Quod
431 3257 620 3302 autem
681 3250 954 3319 interpres
1001 3251 1207 3319 posuit,
1248 3255 1584 3306 sanctitate»:
1633 3264 1802 3314 tuam,

223 3356 324 3394 non
355 3351 630 3395 consonat
654 3340 864 3406 Graeco,
892 3343 1163 3413 ὑμετέραν
1197 3342 1562 3415 ἁγιωσύνηνδθ
1590 3361 1604 3396 :
1641 3343 1804 3414 345

221 3434 688 3502 quemadmodum
707 3450 810 3488 nec
832 3434 977 3504 quod
995 3435 1150 3496 dixit,
1163 3437 1241 3489 vir
1255 3438 1599 3500 sanctissime;
1620 3435 1805 3490 Grzecc

225 3527 364 3580 enim
419 3526 631 3596 legitur
695 3524 1008 3592 ἁγιώτατοι.
1053 3526 1104 3579 ‘2.
1153 3526 1308 3592 Quod
1371 3528 1554 3596 plures
1593 3527 1691 3589 illi,
1737 3527 1802 3580 ad

215 3635 348 3689 quos
379 3619 679 3682 scribitur,
717 3619 898 3672 forent
931 3616 1362 3672 Occidentalium
1407 3620 1672 3690 partium;
1707 3635 1806 3689 0p-

213 3711 364 3778 ponit
407 3707 691 3778 siquidem
734 3706 1126 3762 Orientalibus.
1172 3707 1224 3761 5.
1285 3707 1440 3773 Quod
1487 3709 1674 3778 plures
1725 3707 1802 3764 illi

207 3817 432 3872 quoque
457 3799 840 3856 Occidentales
879 3799 1085 3854 fuerint
1116 3799 1389 3869 episcopi;
1435 3807 1798 3869 prteterquam

205 3893 352 3960 quod
398 3892 556 3946 enim
593 3890 650 3944 id
699 3890 892 3945 titulus
933 3891 1158 3954 indicat,
1196 3890 1536 3944 demonstrat
1579 3892 1802 3961 insuper

213 3999 312 4036 vox
361 3984 672 4037 sanctitatis
717 3991 921 4046 vestrm,
968 3983 1190 4036 tertium
1242 3981 1508 4036 adhibita.
1546 3983 1598 4037 4.
1643 3981 1798 4049 Quod

213 4076 458 4146 episcopi
491 4077 584 4130 isti
611 4091 721 4130 non
751 4075 1057 4130 defecerint
1099 4091 1127 4128 a
1179 4075 1305 4140 fide,
1333 4074 1572 4130 Orientis
1606 4077 1797 4131 Eccle-

207 4167 304 4222 siis
345 4181 700 4221 communem
735 4165 1100 4220 calamitatem
1134 4165 1330 4234 passis,
1359 4173 1520 4233 atquc
1569 4165 1643 4218 ita
1670 4163 1798 4220 inde

205 4275 334 4328 spes
379 4259 554 4312 fuerit
607 4257 964 4312 restituenda:
993 4258 1073 4312 rei
1109 4275 1121 4310 :
1157 4277 1174 4308 ‹
1210 4257 1306 4312 Dei
1351 4257 1526 4326 gratia
1571 4256 1796 4326 reliquit

209 4351 373 4404 nobis
403 4365 596 4404 semen
635 4349 984 4404 sanctitatem
1017 4357 1253 4403 vestram
1278 4389 1292 4412 ,
1317 4365 1386 4402 ne
1423 4347 1616 4402 fiamus
1653 4348 1796 4402 sicut

209 4437 470 4502 Sodoma,
513 4459 532 4489 ι
563 4447 670 4492 etc.
701 4437 752 4492 5.
798 4437 952 4503 Quod
984 4443 1144 4491 tanta:
1175 4437 1252 4491 illi
1285 4437 1466 4492 forent
1493 4437 1792 4491 auctorita-

1420 401 1512 458 DE
1553 401 1807 460 LIBRIS
1843 401 2198 468 TIIEODOR
2211 411 2352 470 ETI.

305 501 398 554 111.
438 501 568 555 Fuit
608 517 742 557 vero
779 502 1038 558 Sardium
1069 507 1358 577 episcopus
1387 511 1568 582 Lydia:
1595 515 1829 582 primas,
1863 519 1906 573 Α

3405 426 3506 488 ’294

2011 519 2122 572 \‘ll.
2155 521 2358 578 Indicia
2389 541 2480 579 sex
2509 525 2630 590 ista,
2665 529 2768 582 nisi
2809 529 3199 586 oceidcntalem
3240 540 3506 604 synodum

1935 609 2335 686 demonstrent,
2377 631 2484 670 non
2509 619 2668 672 video
2713 637 2832 689 qua:
2875 623 2982 677 alia
3027 637 3237 693 possmt
3282 630 3506 687 clarius.

1931 701 2084 756 Adde
2113 705 2258 773 quod
2299 721 2366 761 ex
2403 710 2631 778 epistola
2667 711 2768 764 116
2800 723 3034 780 constet,
3083 727 3299 786 optasse
3328 721 3506 777 Theo—

1931 792 2205 861 doretum,
2235 813 2452 853 causam
2482 815 2634 854 suam
2664 803 2748 873 agi
2789 803 2842 857 in
2869 806 3192 862 occidentali
3225 813 3458 868 concilio
3489 834 3500 868 :

1939 901 1956 932 ε
2007 883 2341 940 Persuadent
2394 891 2658 946 sanctitas
2705 902 2794 946 tua
2847 897 3194 952 sanctissimo
3235 902 3506 973 archiepi-

1929 989 2114 1043 scopo,
2147 985 2208 1030 ut
2233 981 2530 1046 apostolica
2566 986 2896 1040 auctoritate
2931 997 3140 1053 utatur,
3175 999 3230 1044 et
3256 993 3320 1046 ad
3371 1011 3503 1048 con-

1929 1063 2115 1117 cilium
2139 1074 2381 1120 vestrum
2421 1070 2674 1126 advolare
2704 1074 3004 1144 principiat.
3039 1095 3057 1126 ι
3091 1077 3148 1130 ld
3178 1079 3354 1148 ipsum
3381 1098 3504 1150 pre—

1928 1153 2083 1208 cibus
2124 1155 2362 1211 Anatolii
2391 1161 2458 1212 ah
2484 1161 2815 1230 imperatore
2841 1165 3196 1222 obtenturum
3231 1187 3286 1225 se
3312 1188 3500 1240 spera-

1927 1255 2082 1299 verat
2132 1250 2294 1318 epist.
2326 1251 2468 1306 il9:
2509 1272 2526 1302 ι
2586 1253 3013 1323 Magnitudinem
3062 1267 3210 1314 tuam
3259 1263 3502 1318 obtestor

1927 1332 2070 1389 hanc
2095 1351 2124 1390 a
2149 1338 2355 1392 victore
2393 1341 2636 1412 Augusto
2679 1345 2909 1414 gratiam
2947 1355 3117 1416 petat,
3157 1361 3217 1404 ut
3257 1351 3312 1405 in
3345 1351 3504 1406 Occi—

1925 1426 2146 1480 dentem
2177 1429 2415 1495 veniam,
2450 1431 2638 1502 ibique
2659 1449 2688 1488 a
2715 1435 2826 1490 Deo
2855 1437 3191 1494 charissimis
3217 1443 3497 1496 sanctissi-

1925 1519 2138 1588 misque
2175 1521 2705 1594 episcopisjudicer.
2750 1545 2766 1577 ι

1994 1611 2130 1665 Ylll.
2165 1611 2290 1668 llmc
2318 1623 2500 1669 autem
2533 1616 2578 1670 si
2607 1617 2679 1670 ita
2719 1631 2777 1671 se
2807 1618 3028 1684 habent,
3061 1632 3120 1674 ut
3145 1622 3349 1678 habent
3375 1641 3502 1694 pro-

1923 1702 2012 1756 cul
2035 1701 2224 1768 dubio,
2247 1705 2425 1760 lucem
2448 1707 2684 1762 afferunt
2709 1709 2961 1765 obscuris
2987 1702 3040 1765 iri
3063 1713 3294 1768 historia
3320 1731 3494 1785 qures-

1923 1795 2172 1850 tionibus
2197 1837 2210 1859 ,
2268 1807 2328 1852 ut
2361 1807 2492 1867 puta
2539 1799 2606 1854 de
2653 1803 3020 1870 appellatione
3061 1805 3390 1864 Theodoreti
3427 1811 3494 1864 ad

1923 1902 2198 1942 summum
2233 1891 2550 1958 pontificem
2588 1900 2645 1946 et
2688 1895 2810 1964 ejus
2848 1897 3138 1965 synodum,
3162 1898 3230 1952 de
3258 1903 3498 1969 appella-

1921 1977 2089 2032 tionis
2118 1979 2302 2044 modo,
2331 1980 2398 2035 de
2418 1981 2642 2052 judieiis
2679 1997 3018 2040 summorum
3058 1989 3376 2058 pontiﬁcum
3402 1991 3493 2044 illa

1918 2075 2264 2139 tempestate,
2289 2079 2397 2126 etc.

2115 2185 2360 2258 Epistola
2391 2188 2512 2254 118,
2546 2206 2614 2243 αα
2640 2190 3067 2244 archidiaconum
3089 2189 3289 2247 Romai.

1985 2299 2026 2352 1.
2057 2299 2314 2370 Ejusdem
2359 2305 2622 2374 temporis
2659 2311 2822 2374 atque
2871 2302 3180 2372 argumenti
3211 2321 3336 2360 cum
3367 2308 3488 2364 116.

1914 2389 2175 2456 Queritur
2203 2393 2350 2448 enim
2387 2395 2584 2450 factam
2614 2395 2718 2450 sibi
2763 2396 3024 2468 injuriam
3064 2399 3286 2470 Ephesi,
3313 2411 3492 2472 rogat-

1913 2497 2019 2551 que
2063 2497 2215 2538 suam
2256 2493 2312 2540 et
2356 2487 2728 2541 Ecclesiarum
2775 2503 2992 2542 causam
3037 2491 3180 2558 apud
3214 2507 3488 2546 summum

1912 2572 2226 2642 pontificem
2258 2575 2592 2643 promoveri.
2938 2591 2944 2596 '

1981 2664 2048 2717 11.
2093 2663 2227 2730 Quis
2276 2675 2458 2720 autem
2503 2667 2596 2722 ille
2643 2668 3101 2725 archidiaconus?
3143 2669 3384 2735 Hilarus,
3418 2686 3488 2726 an

1910 2755 2093 2810 alter?
2119 2757 2306 2812 Hilaro
2339 2767 2488 2813 certe
2523 2775 2632 2812 non
2665 2760 2957 2816 admodum
2984 2763 3337 2828 conveniunt,
3368 2779 3489 2833 quae

1909 2845 2191 2900 dicuntur.
2224 2847 2610 2902 Verumtamen
2649 2848 2768 2902 fieri
2805 2852 3006 2919 potuit,
3040 2851 3186 2920 quod
3215 2853 3270 2906 in
3294 2868 3489 2922 repen-

1910 2935 2043 2990 tinis
2071 2935 2290 2991 casibus
2325 2939 2484 3002 solet,
2517 2947 2579 2992 ut
2611 2939 3010 3004 Theodoretus,
3039 2957 3164 2996 cum
3197 2943 3485 3006 scriberet,

1907 3027 2151 3081 nandum
2189 3028 2320 3082 satis
2340 3028 2568 3082 edoctus
2597 3027 2762 3082 fuerit
2787 3028 2854 3084 de
2888 3031 3053 3086 rebus
3083 3033 3151 3085 ab
3188 3033 3373 3086 l-lilaro
3397 3049 3482 3103 ge-

1909 3119 2007 3174 stis
2059 3119 2282 3188 Ephesi,
2326 3119 2772 3190 quandoquidem
2825 3122 3038 3176 Renato
3097 3122 3324 3188 tribuit,
3365 3139 3488 3192 quae

1908 3209 2081 3263 Ililari
2103 3216 2252 3274 sunt,
2293 3217 2350 3263 et
2376 3210 2598 3265 sciverit
2632 3219 2811 3266 tamen
2835 3220 3015 3275 antea,
3040 3222 3240 3282 quanta
3268 3213 3488 3268 Hilarus

1906 3302 2138 3370 polleret
2169 3302 2356 3356 Roma:
2385 3301 2735 3366 auctoritate,
2755 3313 2866 3356 tum
2903 3313 3130 3373 propter
3165 3304 3484 3374 dignitatem

1905 3392 2068 3463 346
2099 3393 2508 3460 archidiaconi,
2537 3395 2694 3464 cujus
2743 3404 2862 3448 erat
2901 3410 3093 3450 causas
3133 3411 3326 3466 agere;
3369 3404 3484 3450 tmn

1905 3492 2130 3554 propter
2152 3485 2524 3554 praestantiam
2549 3485 2676 3551 viri,
2702 3486 2795 3556 qui
2829 3487 3026 3542 merito
3063 3495 3250 3556 postea
3276 3489 3484 3544 electus

1903 3587 1988 3631 est
2015 3577 2068 3630 in
2105 3577 2306 3632 Leonis
2336 3593 2750 3632 successorem:
2783 3593 2952 3648 quare
2985 3595 3111 3634 suas
3153 3580 3254 3649 ipsi
3293 3596 3484 3649 preces

1902 3666 2121 3719 obtulit.

1903 3778 2144 3850 Epistola
2181 3781 2300 3844 119,
2335 3781 2699 3851 deprecatoria
2731 3782 2804 3834 ad
2837 3781 3146 3836 Anatolium
3179 3785 3480 3852 patricium.

1969 3893 2010 3947 1.
2053 3893 2258 3948 Eodem
2306 3903 2574 3966 tempore,
2607 3911 2730 3949 cum
2769 3895 3014 3950 nondum
3047 3913 3300 3966 egressus
3340 3899 3481 3954 foret

1897 3985 2058 4056 Cyro,
2099 3987 2195 4041 sed
2248 3987 2552 4058 ejiciendus
2599 3988 2936 4042 crederetur.
2987 4008 3006 4039 ‹
3057 3989 3184 4043 Haec
3237 4000 3296 4045 ut
3333 4005 3480 4046 nunc

1898 4078 2219 4141 scriberem,
2262 4094 2329 4132 eo
2375 4095 2495 4132 sum
2539 4079 2784 4142 adactus,
2832 4078 2978 4148 quod
3015 4087 3074 4132 ut
3121 4079 3251 4134 hinc
3281 4080 3478 4150 jubear

1897 4169 2070 4228 abire,
2099 4167 2276 4221 moliri
2308 4166 2574 4236 quosdam
2600 4167 2971 4236 cognoverim.
3007 4185 3023 4216 ι

1967 4259 2030 4312 11.
2067 4257 2328 4324 Queritur
2349 4257 2415 4320 ⁸⁵,
2445 4272 2503 4310 se
2547 4263 2737 4310 contra
2782 4257 2874 4325 jus
2917 4255 3106 4326 fasque
3140 4257 3476 4326 depositum,

1895 4347 2264 4418 emagitatque
2292 4346 2735 4410 lamentabiliter,
2761 4347 2866 4400 sibi
2902 4347 2970 4400 ab
3001 4347 3330 4416 imperatore
3355 4347 3474 4402 fieri

1897 4441 2216 4494 alterutram
2237 4447 2584 4508 potestatem,
2618 4447 2713 4492 aut
2742 4438 2808 4492 ad
2835 4438 3107 4508 judicium
3141 4439 3311 4493 sancti
3336 4439 3478 4495 Leo-

212 4533 300 4592 tis,
343 4552 360 4582 ‹
397 4541 460 4585 ut
493 4538 716 4600 possent
739 4529 1017 4598 depellere
1041 4527 1285 4582 Orientis
1309 4528 1678 4582 Ecclesiarum
1703 4543 1793 4582 ca-
1823 4536 1866 4590 D
1895 4533 1982 4586 nis
2008 4531 2212 4586 eundi:
2249 4551 2266 4582 ι
2303 4531 2730 4602 Magnitudinem
2779 4541 2926 4584 tuam
2960 4531 3226 4596 obtestor,
3255 4531 3397 4586 hanc
3443 4547 3475 4586 a

209 4621 534 4686 lamitatem,
572 4629 820 4676 exortam
855 4620 1086 4674 haeresin
1135 4620 1481 4689 proscribere
1505 4660 1520 4684 ,
1558 4635 1654 4674 eos
1693 4619 1788 4690 qui

207 4715 602 4770 incarnationis
623 4715 932 4769 doctrinam
957 4714 1268 4770 adulterare
1289 4713 1405 4768 ausi
1438 4721 1586 4776 sunt,
1602 4723 1789 4783 aperte

203 4804 562 4872 redarguere,
597 4803 816 4856 illorum
869 4803 962 4872 qui
1013 4803 1231 4872 pietatis
1284 4817 1448 4856 causa
1497 4811 1786 4869 vexantur,

201 4894 574 4959 patrocinium
591 4901 648 4948 et
673 4892 1048 4947 defensionem
1083 4892 1383 4962 suscipere,
1409 4907 1510 4962 per
1533 4893 1788 4963 injuriam

203 4981 396 5048 pulsos
425 4997 540 5036 non
589 4981 876 5050 despicere
901 5021 915 5046 ,
944 4981 1040 5035 sed
1079 4983 1228 5052 justo
1255 4981 1502 5036 subsidio
1535 4982 1790 5052 injuriam

207 5073 528 5140 reprimere,
561 5087 628 5128 ac
653 5071 942 5127 veritatem
969 5071 1257 5142 praefracte
1285 5071 1670 5143 impugnantes
1693 5073 1791 5128 do-

203 5175 354 5230 cere,
395 5183 508 5221 non
555 5169 740 5221 omnia
792 5182 888 5222 eos
935 5181 1096 5236 posse
1137 5164 1383 5234 exsequi,
1427 5165 1522 5234 qui
1559 5165 1792 5220 licenter

199 5257 478 5324 quidlibet
507 5259 732 5330 aggredi
763 5267 1050 5314 conantur.
1088 5276 1106 5308 ι
1147 5256 1202 5311 6.
1241 5257 1395 5324 Quod
1424 5256 1492 5310 ad
1521 5272 1616 5312 eos
1635 5257 1788 5312 missi

196 5347 306 5402 sint
361 5347 528 5418 legati
557 5366 570 5401 :
598 5367 648 5398 σε
693 5347 1156 5417 Religiosissimos
1203 5347 1558 5418 presbyteros
1611 5343 1790 5416 l-lypa«

193 5433 334 5486 tium
369 5443 426 5490 et
457 5433 1274 5505 Abramium,chorepiscopos,
1300 5443 1356 5490 et
1386 5435 1640 5507 Alypium
1673 5451 1791 5490 mo-

181 5525 504 5582 nachorum
533 5527 682 5597 apud
729 5543 831 5582 nos
877 5529 1172 5582 exarcbum
1211 5526 1276 5580 ad
1325 5527 1670 5582 sanctitatem
1699 5542 1802 5602 vc-j

179 5627 364 5674 stram
391 5620 676 5676 misimus.
713 5639 732 5671 ι

1893 4623 2102 4675 victore
2144 4619 2390 4690 Augusto
2437 4625 2590 4688 petat
2635 4618 2885 4689 gratiam,
2914 4627 2974 4672 ut
3015 4619 3072 4672 in
3119 4619 3476 4675 Occidentem

1895 4714 2133 4776 veniam,
2169 4712 2357 4780 ibique
2396 4725 2426 4764 a
2469 4710 2583 4764 Deo
2630 4709 2968 4764 charissimis
3002 4710 3475 4780 sanctissimisque

1894 4803 2170 4875 episcopis
2211 4802 2468 4873 judicer:
2502 4815 2566 4855 ac
2601 4801 2645 4855 si
2687 4801 2774 4856 vel
2805 4801 3098 4856 minimum
3129 4819 3158 4856 a
3182 4807 3195 4820 '
3222 4801 3348 4857 fidei
3383 4819 3474 4857 re-

1895 4897 2019 4965 gula
2068 4893 2359 4949 deﬂectere
2403 4891 2610 4955 videar,
2651 4893 2706 4946 in
2749 4891 2994 4947 medium
3037 4893 3206 4947 maris
3252 4890 3476 4962 profun-

1897 4985 2026 5040 dmn
2071 4983 2325 5054 dejiciar;
2366 5001 2384 5032 ι
2442 4990 2538 5036 aut
2590 4982 2646 5036 in
2685 4985 3084 5040 monasterium
3142 4981 3474 5038 secedendi:

1904 5095 1921 5128 ι
1960 5075 2117 5143 Quod
2137 5075 2184 5129 si
2213 5075 2300 5129 his
2329 5073 2589 5143 precibus
2611 5073 2810 5129 vestris
2857 5091 2966 5130 non
3009 5074 3199 5138 cedet,
3224 5073 3474 5128 habitare

1898 5185 1986 5224 me
2031 5167 2224 5222 saltem
2262 5165 2455 5236 jubeat
2495 5165 2551 5219 in
2577 5167 2914 5221 monasterio
2939 5172 3150 5228 nostro,
3177 5161 3322 5232 quod
3347 5161 3472 5228 qui-

1893 5261 2016 5316 dem
2041 5275 2071 5314 a
2089 5259 2368 5330 Cyrestica
2396 5258 2729 5315 milliaribus
2749 5260 2905 5314 abest
2934 5265 3154 5311 centum
3179 5261 3234 5308 et
3256 5253 3470 5323 viginti,

1891 5352 1961 5405 ab
1995 5351 2342 5406 Antiochena
2385 5349 2632 5419 quinque
2660 5359 2719 5405 et
2744 5347 3116 5418 septuaginta;
3165 5343 3342 5398 tribus
3369 5359 3470 5398 au--

1892 5451 2000 5498 tem
2023 5441 2357 5496 milliaribus
2382 5441 2548 5494 distat
2570 5441 2635 5495 ab
2667 5441 2804 5494 urbe
2835 5437 3129 5507 Apamena.
3172 5455 3189 5486 ι

1963 5533 2048 5587 111.
2075 5530 2514 5594 Observandum,
2555 5530 2702 5598 quod
2745 5529 2822 5584 ait
2861 5529 2930 5583 de
2968 5543 3070 5583 suo
3114 5527 3466 5586 monasterio.

1891 5625 2050 5695 cujus
2073 5623 2240 5678 situm
2274 5621 2538 5677 describit
2571 5641 2583 5675 :
2618 5622 2743 5676 inde
2773 5621 2920 5676 enim
2948 5619 3157 5689 liquet,
3184 5617 3238 5672 in
3277 5631 3469 5671 mona-

1552 5755 1870 5812 SCIIULZII
1909 5757 2140 5813 NOTAE.

253 5851 302 5884 “
331 5851 470 5923 Legi
501 5849 644 5906 solet
675 5849 955 5920 ἀγιότητα.
997 5849 1121 5906 Vid.
1156 5857 1195 5904 t.
1227 5849 1314 5915 IV,
1347 5865 1400 5918 p.
1433 5849 1584 5904 H99.
1661 5849 1708 5880 ⁸⁸
1737 5849 1811 5904 ’Ἧι

1910 5865 2070 5920 .upra,
2101 5865 2154 5919 p.
2189 5849 2307 5902 185.
