4070 6444
592 377 698 439 295

1732 372 2112 434 GARNERII
2153 373 2651 437 DISSERTATlO
2694 380 2772 438 Il.

3768 376 3879 443 296

597 485 766 543 sterio
804 483 1065 556 Euprepii
1104 481 1420 538 exercuisse
1455 496 1514 537 se
1549 482 1835 552 primum,
1869 484 2001 538 dum
2031 485 2184 540 vive-
2218 494 2261 548 Α
2361 487 2450 541 111.
2484 487 2721 543 Urauius
2750 504 2911 558 porro
2937 488 3149 543 Emesa:
3179 486 3234 543 in
3259 486 3539 543 thnicia
3564 486 3884 546 Liba'nitide

598 586 725 635 rent
750 586 1007 648 parentes
1032 594 1045 630 :
1067 591 1192 632 cum
1218 583 1402 629 autem
1426 574 1718 637 vixissent,
1756 575 1812 629 in
1843 575 2185 645 Apamenum

597 671 817 726 venisse
840 711 854 734 ,
883 669 979 723 sed
1029 677 1345 723 revocatum
1380 668 1436 721 in
1469 667 1711 737 priorem
1725 667 1941 731 locum,
1968 668 2188 738 quando

599 762 829 816 allectus
849 768 933 815 est
973 760 1045 814 ab
1081 758 1395 813 Alexandro
1416 759 1677 828 episcopo
1702 757 1759 812 in
1783 759 2188 814 Antiochenum

599 854 827 908 clerum.

764 964 1011 1036 Epistola
1038 966 1157 1033 120,
1180 965 1535 1021 consolatoria
1577 964 1647 1019 ad
1682 963 2011 1036 Lupicinum.

669 1081 713 1136 l.
748 1080 955 1137 Eodem
986 1091 1235 1153 tempore
1262 1088 1317 1137 et
1349 1082 1544 1137 eadem
1571 1079 1882 1134 occasione.

668 1175 737 1229 ll.
771 1176 1204 1232 Emendavimus
1239 1177 1597 1247 scriptionem
1622 1216 1636 1241 ,
1677 1191 1799 1245 qua:
1825 1174 1990 1244 vulgo
2025 1172 2189 1227 habet

601 1266 894 1337 Lupicium
924 1286 937 1323 :
968 1285 1035 1324 ex
1080 1269 1357 1339 adjunctis
1400 1267 1547 1322 enim
1592 1275 1843 1336 apertum
1889 1272 1996 1328 est,
2038 1280 2189 1326 eum,

601 1360 671 1414 ad
700 1376 864 1430 quem
910 1361 1196 1425 scribitur,
1222 1376 1332 1415 non
1374 1374 1495 1414 esse
1528 1358 1716 1422 alium,
1758 1373 1920 1427 quam
1952 1356 2040 1411 cui
2067 1356 2192 1411 data

601 1459 688 1505 (δι
729 1453 965 1521 epistola
1004 1453 1113 1519 90;
1155 1468 1319 1523 quam
1360 1450 1520 1515 vide,
1552 1459 1613 1504 ut
1649 1450 1717 1506 de
1750 1450 2023 1520 Lupicino
2055 1447 2191 1503 edo-

602 1544 802 1598 cearis.
2070 1603 2077 1612 .

678 1637 766 1691 lll.
791 1636 1209 1693 Observandum
1247 1646 1453 1703 autem,
1485 1635 1632 1708 quod
1658 1634 1961 1705 Lupicinus
1984 1633 2193 1688 dicitur

608 1724 946 1780 alumnarum
988 1727 1195 1797 pietatis
1226 1727 1490 1797 princeps,
1523 1724 1577 1779 id
1608 1735 1713 1789 est,
1743 1723 1982 1793 partium
2008 1721 2192 1777 Theo-

606 1818 673 1873 do
685 1817 783 1874 reti
823 1817 1122 1872 studiosus.

813 1930 1055 2002 Epistola
1089 1930 1209 1997 121,
1243 1931 1313 1985 ad
1339 1930 1647 1986 Anatolium
1688 1930 1992 2002 patricium.

673 2045 717 2105 l.
738 2046 872 2101 Data
894 2055 978 2101 est
1001 2047 1166 2116 paulo
1201 2054 1326 2116 post
1359 2047 1650 2117 epistolam
1693 2046 1814 2109 119,
1841 2060 1967 2099 cum
1994 2057 2196 2113 nempe

600 2136 712 2207 jam
751 2136 1056 2206 accepisset
1085 2136 1492 2206 antigrapbum,
1525 2144 1621 2191 aut
1652 2135 1914 2190 Actorum
1960 2133 2195 2204 Ephesi-

605 2243 827 2293 norum,
864 2236 960 2281 aut
1001 2227 1194 2282 saltem
1234 2226 1569 2291 litterarum,
1596 2229 1712 2281 sive
1745 2242 1882 2296 quas
1909 2225 2194 2287 Flaviano,

606 2317 722 2373 sive
745 2333 882 2388 quas
909 2316 1112 2387 Ephesi
1136 2316 1484 2388 congregatis
1508 2317 1784 2387 episcopis
1826 2323 2049 2369 sanctus
2087 2313 2197 2366 Leo

607 2408 923 2478 scripserat.
948 2407 1266 2463 Gratulatus
1303 2408 1451 2462 enim
1500 2407 1605 2462 sibi
1648 2407 1914 2462 doctrinae
1961 2420 2196 2460 eonseu~

607 2500 821 2555 sionem
865 2516 991 2555 cum
1038 2510 1229 2555 sancto
1275 2499 1490 2565 Leone,
1526 2515 1688 2570 quem
1713 2499 1880 2569 facem
1907 2499 2199 2552 maximam

608 2594 767 2647 totius
789 2593 927 2646 orbis
954 2601 1222 2647 terrarum
1244 2601 1440 2657 vocat,
1477 2593 1765 2647 continere
1802 2606 1923 2647 sese
1950 2606 2060 2644 non
2099 2605 2197 2660 ρος

611 2682 735 2747 tuit,
758 2683 891 2753 quin
922 2682 1050 2737 inde
1078 2683 1223 2754 apud
1249 2684 1486 2739 amicum
1525 2682 1972 2754 potentissimum
2007 2681 2197 2752 apolo-

608 2772 754 2843 giam
790 2773 895 2828 sibi
930 2773 1249 2838 conficeret,
1280 2790 1511 2844 eamque
1536 2773 1684 2829 omni
1724 2773 2077 2829 accusatione
2108 2786 2201 2826 su-

610 2866 927 2935 periorem,
989 2866 1034 2921 si
1098 2867 1264 2922 modo
1317 2867 1636 2922 conferatur
1698 2866 1932 2938 epistola
1997 2869 2197 2921 summi

611 2954 888 3025 pontificis
917 2972 1041 3011 cum
1067 2957 1185 3020 his,
1215 2972 1337 3026 qua:
1372 2955 1659 3012 Anatolius
1699 2956 1815 3027 ipse
1848 2954 2198 3010 Theodoreto

610 3046 906 3102 conciones
933 3047 1170 3103 habente
1197 3047 1500 3102 audivisset
1523 3045 1592 3101 ⁸⁸.

677 3138 745 3194 11.
788 3138 1144 3195 Observanda
1185 3138 1492 3210 ὀρθοδοξίας
1532 3138 1851 3210 plenissima
1879 3136 2194 3209 professio:
2225 3171 2267 3228 ο

617 3249 637 3283 ι
671 3229 802 3297 Qua:
824 3246 853 3284 a
877 3231 1084 3285 sanctis
1106 3230 1393 3301 beatisque
1429 3230 1713 3301 prophetis
1744 3239 1801 3285 et
1836 3230 2117 3299 apostolis,
2142 3237 2201 3283 et

609 3320 769 3391 347
802 3319 870 3374 ab
894 3320 982 3383 iis,
1013 3320 1105 3389 qui
1134 3327 1259 3389 post
1278 3320 1401 3374 illos
1430 3319 1786 3391 Evangelium
1808 3318 2196 3390 praedicarunt,

567 3464 583 3479 ,
610 3426 843 3480 quaeque
892 3425 922 3464 a
955 3410 1162 3464 sanctis
1204 3409 1460 3464 Patribus
1487 3409 1680 3465 Nicaea:
1709 3409 2054 3480 congregatis
2088 3416 2201 3463 tra-

611 3502 724 3557 dita
759 3508 906 3563 sunt,
944 3500 1136 3554 eadem
1169 3501 1222 3554 in
1250 3500 1336 3555 his
1358 3501 1560 3556 litteris
1583 3501 1726 3555 nacti
1762 3516 1972 3564 sumus,
1997 3499 2201 3570 quibus

611 3601 668 3649 et
703 3608 804 3647 nos
849 3592 1104 3645 insistere
1137 3590 1481 3661 proﬁtemur,
1517 3600 1574 3646 et
1604 3608 1723 3657 eos,
1752 3591 1848 3661 qui
1887 3591 1956 3645 ab
1985 3591 2072 3645 his
2111 3589 2200 3644 di-

611 3697 773 3738 vcrsa
806 3680 1071 3744 sentiunt,
1103 3680 1401 3751 impietatis
1434 3682 1778 3736 damnamus.
1814 3700 1833 3731 ι

684 3774 774 3829 111.
815 3774 921 3829 Sed
964 3773 1367 3828 observandum
1401 3775 1568 3829 etiam
1600 3772 1882 3829 silentium
1915 3772 1986 3827 de
2013 3771 2200 3843 Ephe-

613 3869 735 3924 sina
788 3869 997 3939 synodo
1040 3868 1417 3931 meumenica,
1451 3866 1508 3920 in
1554 3880 1663 3935 qua
1707 3864 1998 3920 Nestorius
2033 3875 2199 3934 atque

612 3959 777 4014 etiam
805 3959 1129 4014 Theodorus
1154 3960 1209 4014 in
1241 3974 1343 4014 suo
1374 3957 1625 4029 symbolo
1654 3955 1945 4010 damnatus
1968 3966 2072 4011 est.

718 4085 959 4159 Epistola
996 4087 1097 4142 122
1139 4086 1359 4159 ρεί125,
1392 4085 1686 4159 familiares
1722 4086 1793 4140 ad
1833 4084 2093 4143 Uranium

1128 4158 1427 4229 episcopum
1454 4157 1680 4211 Emesaz.

683 4270 723 4325 1.
755 4269 960 4325 Scribit
1002 4286 1033 4325 e
1065 4284 1306 4330 secessu,
1337 4269 1393 4323 in
1428 4284 1591 4339 quem
1631 4284 1690 4324 se
1716 4278 2020 4341 receperat,
2057 4268 2198 4341 Cyro

612 4363 806 4434 pulsus
851 4380 864 4416 :
924 4377 1094 4432 quare
1140 4362 1371 4432 epistola
1424 4360 1576 4430 prior
1615 4361 1835 4416 videtur
1883 4362 2010 4417 data
2051 4363 2197 4417 circa

615 4453 778 4507 linem
806 4452 933 4506 anni
960 4453 1083 4516 .149,
1117 4451 1390 4522 posterior
1424 4449 1580 4503 initio
1610 4451 1911 4517 sequentis.

684 4544 751 4599 11.
798 4542 1148 4600 Ohservanda
1197 4543 1313 4598 lucc
1353 4539 1679 4611 posterioris
1729 4540 1897 4594 verba
1942 4558 1955 4592 :
2013 4558 2032 4591 ι
2083 4539 2198 4596 lloc

615 4635 836 4705 quidem
862 4676 876 4701 ,
907 4635 1130 4690 domine
1155 4675 1170 4699 ,
1206 4635 1287 4689 sic
1314 4632 1516 4687 habeto
1536 4672 1549 4695 ,
1581 4632 1815 4685 aliorum
1849 4646 1937 4685 me
1975 4631 2087 4685 Deo
2110 4630 2197 4685 di-

614 4726 1039 4783 lectissimorum
1079 4727 1466 4796 episcoporum
1505 4723 1752 4793 eulogias
1779 4722 1845 4776 ad
1888 4737 1975 4776 me
2004 4723 2198 4779 missas

612 4835 725 4874 non
758 4819 1034 4889 accepisse
1063 4835 1075 4871 :
1112 4833 1222 4871 non
1274 4814 1422 4885 quod
1455 4829 1551 4870 eos
1593 4814 1687 4883 qui
1736 4814 2002 4868 miserant
2023 4853 2038 4879 ,
2067 4829 2199 4869 con-

612 4919 941 4974 temnerem,
980 4908 1154 4963 absit!
1188 4907 1284 4962 sed
1320 4906 1467 4976 quod
1495 4905 1868 4960 necessarium
1894 4908 2098 4961 victum
2127 4908 2197 4962 ab

613 5018 682 5058 eo
716 5002 928 5057 interea
953 5015 1227 5056 sumerem
1256 5040 1270 5063 ,
1301 4999 1396 5068 qui
1427 4998 1577 5051 hunc
1603 4997 1768 5051 etiam
1810 4999 1991 5053 corvis
2016 4999 2196 5053 abun-

613 5093 812 5149 danter
854 5092 1187 5163 suppeditat.
1233 5090 1375 5160 Erga
1409 5103 1541 5143 vero
1587 5097 1733 5141 tuam
1777 5090 2038 5159 pietatem
2090 5091 2193 5146 tale

611 5179 749 5237 nihil
794 5180 1076 5251 egizvicit
1117 5178 1264 5232 enim
1312 5191 1504 5230 revera
1562 5176 1847 5231 charitatis
1898 5178 2085 5243 ardor,
2139 5181 2194 5233 id

613 5273 752 5343 quod
798 5272 925 5325 mihi
987 5269 1191 5324 tamdiu
1236 5268 1561 5339 propositum
1618 5268 1792 5338 fuerat
1815 5269 1882 5322 ⁸⁷.
1921 5288 1939 5321 ›
1985 5269 2065 5324 Ex
2108 5270 2195 5327 his

611 5366 759 5420 enim
793 5371 1027 5428 constat,
1056 5363 1463 5417 Theodoretum
1496 5361 1582 5417 vel
1615 5370 1841 5417 exutum
1867 5377 1988 5417 esse
2011 5362 2191 5429 bonis,

612 5470 737 5509 cum
766 5455 908 5525 Cyro
937 5456 1329 5525 expelleretur,
1354 5454 1442 5509 vel
1477 5453 1677 5524 spretis
1698 5453 1918 5523 penitus
1939 5454 2196 5510 omnibus

610 5545 678 5600 ad
707 5552 1099 5600 monasterium
1121 5561 1180 5602 se
1204 5545 1525 5602 contulisse.

2288 579 2583 650 episcopus
2636 582 2741 635 sub
2792 580 3126 635 Damasceno
3179 582 3565 652 metropolita,
3630 582 3888 638 interfuit

2289 671 2512 741 utrique
2537 672 2750 742 judicio
2777 670 2841 725 de
2863 672 2987 726 lba:
3013 672 3141 742 Tyri
3174 687 3396 742 nempe,
3426 688 3619 727 mense
3642 673 3889 728 Februa-

2289 763 2396 829 rio,
2425 774 2483 820 et
2506 764 2710 836 Beryti,
2746 780 2938 819 mense
2963 764 3276 833 Septembri
3303 780 3448 818 anno
3469 765 3591 820 448.
3632 767 3890 822 Interfuit

2290 863 2348 910 et
2378 856 2613 911 concilio
2642 855 3077 912 Chalcedonensi
3106 871 3252 910 anno
3273 857 3398 920 451,
3423 866 3479 910 et
3512 858 3792 928 synodica:
3817 858 3887 912 ad

2292 946 2535 1001 Leonem
2569 947 2958 1017 imperatorem
2980 946 3308 1016 subscripsit
3334 962 3481 1002 anno
3503 948 3627 1002 458.

2293 1085 2535 1158 Epistola
2567 1086 2701 1150 12-1,
2737 1084 3026 1156 familiaris
3057 1086 3127 1139 ad
3166 1084 3452 1140 Maranam
3491 1086 3886 1143 scholasticam.

2364 1221 2582 1293 Scripta
2611 1232 2697 1278 est
2725 1238 2758 1278 e
2787 1222 2931 1286 loco,
2959 1222 3014 1275 in
3055 1237 3221 1292 quem
3258 1221 3583 1294 confugerat
3620 1223 3891 1293 expulsus

2291 1313 2455 1386 Cyro,
2480 1323 2536 1369 et
2555 1314 2649 1369 ubi
2682 1314 2838 1369 iratis
2866 1314 3202 1370 adversariis
3234 1313 3540 1379 fruebatur,
3566 1314 3765 1384 procul
3798 1325 3889 1370 tu-

2293 1405 2580 1459 multibus.
2605 1404 2679 1459 De
2706 1404 2922 1458 Marana
2945 1403 3153 1458 dictum
3173 1410 3258 1457 est
3288 1401 3357 1456 ad
3390 1403 3676 1471 epistolam
3705 1402 3800 1457 67.

2296 1544 2542 1618 Epistola
2578 1544 2701 1609 125,
2738 1543 3038 1614 dogmatica
3076 1543 3145 1665 ad
3175 1508 3555 1614 magistratum
3595 1541 3892 1615 Zeugmate

2959 1630 3117 1665 aeren
3147 1630 3220 1665 es.

2959 1630 3220 1685 gerentes.

2366 1752 2406 1806 l.
2450 1749 2681 1821 Scripsit
2728 1748 3115 1805 Theodoretus
3167 1763 3235 1802 ex
3276 1747 3471 1803 eodem
3520 1747 3664 1814 loco,
3714 1747 3889 1818 idque

2225 1834 2267 1889 Β
2295 1842 2424 1898 inde
2450 1849 2685 1904 constat,
2730 1839 2901 1911 quod,
2941 1849 3003 1893 ut
3044 1838 3334 1904 scriberet,
3358 1847 3578 1910 rogatus
3601 1839 3673 1894 sit
3699 1840 3772 1895 ab
3802 1854 3891 1894 ar-

2295 1933 2685 1996 chimandrita,
2713 1932 2808 2002 qui
2833 1932 3127 2003 Zeugmate
3160 1930 3228 1985 ad
3256 1931 3433 2002 ipsum
3460 1940 3686 1986 venerat
3720 1931 3891 2003 longo

2297 2025 2492 2079 itinere
2525 2042 2538 2076 :
2573 2039 2683 2078 non
2732 2024 2928 2077 fuisset
2978 2030 3164 2077 autem
3209 2022 3315 2077 iter
3343 2022 3503 2077 valde
3540 2022 3790 2093 longum,
3840 2025 3889 2078 si

2297 2126 2430 2173 tunc
2476 2116 2603 2188 Cyri
2654 2115 3024 2180 constitisset;
3068 2113 3173 2168 fuit
3206 2128 3378 2178 vero,
3422 2113 3470 2169 si
3515 2130 3688 2185 prope
3742 2114 3894 2185 Apa-

2297 2224 2473 2263 meam
2502 2226 2515 2261 :
2546 2208 2601 2261 in
2639 2208 2907 2262 alterutro
2942 2214 3128 2261 autem
3176 2206 3494 2260 constitisse
3526 2221 3748 2261 necesse
3778 2218 3887 2263 est.

2369 2301 2434 2355 ll.
2459 2298 2814 2354 Observanda
2838 2312 3007 2367 porro
3035 2304 3229 2351 exacta
3250 2296 3523 2367 dogmatis
3545 2296 3613 2353 de
3635 2299 3893 2352 incarna-

2302 2390 2449 2445 tione
2480 2389 2773 2460 expositio,
2794 2388 2901 2442 nisi
2926 2387 3073 2458 quod
3100 2386 3169 2442 de
3192 2386 3384 2440 ὲνώσει
3408 2386 3532 2441 καθ’
3563 2387 3888 2454 ὑπόστασιν,

2300 2500 2397 2541 seu
2428 2467 2653 2555 φυᾶικῇ,
2683 2491 2848 2538 tacet.

2432 2628 2449 2645 ‘
2480 2621 2722 2690 Epistola
2755 2622 2876 2686 126,
2914 2621 3275 2704 increpatoria
3308 2621 3381 2677 ad
3402 2620 3757 2701 Sabinianum

2937 2708 3262 2763 episcopum.

2371 2831 2412 2886 l.
2440 2829 2564 2885 llrec
2591 2827 2756 2885 etiam
2780 2844 2848 2884 ex
2880 2826 3077 2881 eodem
3101 2826 3226 2882 loco
3251 2826 3381 2883 data
3415 2835 3500 2883 est
3524 2843 3668 2882 anno
3688 2827 3822 2885 450.

2370 2923 2435 2978 ll.
2464 2922 2796 2978 Sabinianus
2836 2935 2961 2974 cum
2986 2918 3312 2974 Perrhensis
3338 2919 3596 2975 Ecclesia:
3619 2918 3811 2975 sedem
3840 2920 3895 2976 in

2301 3014 2577 3086 Ephesina
2608 3011 2852 3067 Dioscori
2887 3009 3096 3081 synodo
3126 3011 3419 3076 amisisset,
3436 3020 3741 3066 tentaverat
3765 3026 3894 3067 eam

2302 3106 2571 3162 redimere
2596 3105 2803 3175 abjecta
2828 3103 3064 3174 quadam
3093 3104 3179 3158 vel
3206 3119 3370 3173 prece
3389 3103 3476 3158 vel
3499 3103 3893 3160 meonomia".

2300 3198 2494 3269 Arguit
2524 3205 2824 3252 tentantem
2856 3194 3021 3267 348
3047 3194 3434 3250 Theodoretus
3459 3237 3473 3260 ,
3497 3211 3736 3266 cumque
3761 3212 3893 3252 eum

2302 3289 2609 3344 induxisset
2632 3288 2910 3344 dicentem
2943 3308 2956 3343 :
2991 3308 3010 3340 ι
3043 3287 3186 3356 Quid
3217 3287 3385 3359 igitur
3412 3288 3558 3343 facto
3596 3305 3738 3359 opus
3784 3298 3892 3355 est,

2303 3380 2372 3434 iis
2394 3379 2490 3449 qui
2528 3379 2630 3434 ista
2656 3378 3043 3434 detestantur?
3073 3399 3091 3431 ι
3131 3380 3407 3451 (dogmata
3435 3379 3647 3434 scilicet
3676 3378 3745 3433 de
3785 3395 3897 3434 una

2301 3479 2499 3526 natura
2533 3479 2590 3526 et
2622 3471 2735 3526 Deo
2776 3471 2991 3544 passo);
3034 3470 3330 3542 respondet
3369 3471 3740 3541 praestandum
3771 3487 3896 3527 esse

2308 3582 2327 3614 ι
2364 3563 2596 3618 duorum
2651 3563 2885 3617 alterum
2922 3581 2935 3617 :
2965 3578 3184 3633 nempe,
3216 3572 3279 3618 ut
3316 3570 3412 3617 aut
3453 3562 3638 3632 potius
3668 3578 3895 3616 manum

2300 3662 2613 3719 conserant,
2656 3661 2714 3722 et
2763 3652 3080 3725 dogmatum
3126 3653 3422 3708 falsitatem
3471 3651 3751 3716 refellant,
3802 3661 3898 3707 aut

2300 3745 2512 3817 fugiant
2538 3756 2798 3815 tanquam
2830 3754 3019 3816 aperte
3044 3744 3340 3815 impiorum
3362 3742 3839 3798 communionem.
3870 3761 3887 3794 ι

2370 3836 2460 3891 111.
2494 3835 2798 3900 Sabiniani,
2824 3844 3113 3906 postquam
3139 3834 3277 3889 dixit
3297 3833 3589 3888 anathema
3612 3832 3890 3899 Nestorio,

2300 3944 2466 3985 causa
2488 3928 2754 3983 adversus
2782 3927 3144 3982 Athanasium
3178 3925 3245 3981 de
3270 3926 3399 3981 sede
3430 3924 3765 3981 Perrhensis
3789 3924 3888 3979 Ec-

2300 4020 2481 4076 clesiae
2519 4035 2617 4091 per
2648 4028 2816 4073 totam
2864 4017 3133 4072 decimam
3170 4026 3425 4088 quartam
3461 4015 3690 4072 concilii
3727 4015 3888 4072 Chal-

2300 4110 2627 4167 cedonensis
2653 4110 2924 4165 actionem
2951 4109 3155 4180 agitata
3183 4117 3288 4164 est.
3489 4172 3505 4201 δ

2302 4250 2543 4323 Epistola
2587 4250 2711 4313 127,
2750 4246 3110 4323 gratulatoria
3151 4246 3479 4323 adlabium
3528 4246 3888 4318 presbyterum

2801 4327 2849 4371 et
2881 4318 3381 4373 archimandritam.

2368 4456 2410 4510 1.
2460 4455 2777 4511 Gratulatur
2805 4454 2965 4509 Jobio
3004 4453 3073 4508 de
3116 4468 3382 4524 generosa
3422 4450 3665 4521 pietatis,
3694 4450 3752 4506 id
3781 4458 3884 4517 est,

2302 4544 2536 4600 duarum
2562 4553 2882 4599 naturarum
2918 4543 3261 4599 defensione.

2372 4636 2438 4691 ll.
2469 4635 2603 4703 Quis
2630 4636 2796 4691 fuerit
2837 4652 3005 4692 senex
3039 4636 3158 4698 ille,
3198 4643 3257 4690 et
3300 4635 3390 4691 cui
3427 4635 3671 4691 mandrae
3699 4632 3889 4704 praefeo

2302 4735 2446 4795 ctus,
2485 4729 2757 4783 incertum
2785 4727 2921 4783 mihi
2959 4736 3080 4783 est:
3108 4744 3289 4798 neque
3317 4728 3465 4783 enim
3495 4727 3637 4782 ratio
3670 4735 3890 4794 tempo—

2303 4836 2424 4875 rum
2453 4821 2604 4885 sinit,
2641 4831 2701 4876 ut
2733 4821 2952 4876 dicatur
2989 4836 3110 4877 esse
3147 4821 3343 4878 Jobius
3372 4821 3485 4886 ille,
3515 4834 3679 4891 quem
3704 4818 3895 4873 laudat

2301 4909 2551 4973 Photius,
2597 4908 2875 4979 traditque
2914 4908 3178 4965 adversus
3208 4907 3477 4965 Severum
3524 4909 3592 4963 de
3634 4907 3896 4962 incarna-

2301 5003 2451 5057 tione
2476 5003 2783 5073 scripsisse.

2370 5094 2461 5149 111.
2509 5094 2640 5148 Data
2684 5101 2771 5148 est
2820 5093 3053 5164 epistola
3103 5101 3230 5148 ante
3269 5091 3625 5149 latrocinium
3653 5087 3895 5161 Ephesi:

2298 5198 2455 5246 num,
2483 5198 2594 5251 quo
2629 5190 2875 5253 tempore
2914 5181 3268 5238 detinebatur
3301 5182 3448 5255 Cyri.
3489 5201 3507 5233 ς
3543 5178 3889 5250 Amplexari,

2296 5274 2510 5344 inquit,
2538 5273 3068 5329 venerandissimam
3116 5274 3377 5329 canitiem
3412 5281 3591 5338 tuam,
3620 5271 3721 5327 sed
3760 5269 3890 5341 quia

2295 5366 2402 5421 hoe
2437 5365 2618 5433 facere
2652 5380 2865 5437 nequeo
2889 5407 2904 5432 ,
2932 5382 3000 5422 eo
3038 5366 3186 5437 quod
3230 5368 3491 5439 pietatem
3533 5374 3685 5421 tuam
3739 5361 3888 5418 domi

2296 5466 2552 5513 senectus
2603 5460 2843 5526 retinet;
2895 5474 2982 5514 me
3034 5473 3167 5514 vero
3227 5458 3316 5513 lex
3377 5457 3526 5530 regia
3578 5457 3670 5512 hic
3735 5468 3891 5509 coer-

2298 5556 2406 5613 cet,
2441 5567 2458 5598 ι
2490 5557 2600 5603 etc.

1946 5658 2259 5718 SCllULZIl
2301 5660 2532 5717 ΝΟΤᾸΞ.

611 5818 730 5875 187.

677 5749 723 5830 1‘
755 5748 878 5807 Vid.
928 5766 1113 5823 supra,
1147 5769 1270 5826 pag.
1317 5752 1440 5810 188.
1515 5755 1560 5787 ⁸⁷
1585 5755 1685 5810 Ed.
1722 5754 1896 5824 prior,
1927 5754 1981 5807 id
2041 5755 2179 5824 quod
2219 5756 2342 5809 mihi
2380 5757 2703 5830 propositum
2744 5757 2956 5811 tandem
2998 5757 3196 5827 fuerat.
3274 5733 3491 5811 8'OVid.
3538 5769 3728 5824 supra,
3760 5767 3881 5824 pag.

3958 4710 3969 4719 ι.

4000 4464 4005 4501 1

3998 4556 4006 4594 ι

3994 4634 4003 4683 τ

3996 4736 4004 4777 t

3996 4828 4003 4865 τ

3994 5382 3997 5421 1

3995 5474 3997 5511 1
