4070 6448
299 378 420 442 297

1507 375 1604 436 DE
1643 367 1898 432 LlBRlS
1931 367 2420 428 THEODORETI
2432 416 2442 428 .

3491 377 3598 442 298

309 495 568 570 Epistula
607 493 744 560 128,
773 495 1074 570 hortatoria
1119 493 1188 547 ad
1212 492 1518 570 .Candidum
1563 487 1921 559 presbyterum
1951 484 1992 542 Α
2025 493 2272 570 strorum
2301 482 2602 538 sententias
2627 495 2722 538 eas
2768 482 2914 554 ipsas
2953 497 3094 548 esse,
3123 499 3244 556 quae
3283 493 3338 540 et
3359 492 3601 546 secundo

821 574 874 620 et
907 563 1406 620 archimandritam.

389 684 674 738 Videntur
715 680 890 752 magis
933 679 1166 734 indicari
1211 686 1460 748 tempora
1499 674 1684 746 priora
1707 671 1916 743 synodo

303 775 798 838 Chalcedonensi,
825 788 992 843 quam
1035 769 1448 840 consequentia.
1474 767 1608 834 Quis
1649 764 1741 819 ille
1776 762 1919 818 Can-

303 865 492 920 didus
519 863 725 926 fuerit,
753 863 1002 934 ignotum
1025 874 1112 918 est
1135 879 1148 915 :
1175 861 1326 915 hunc
1360 860 1613 914 hortatur
1643 855 1714 910 ad
1757 870 1918 908 oran—

306 956 452 1010 dum
480 969 588 1026 pro
609 953 836 1024 pietatis
863 952 1272 1016 defensoribus,
1301 951 1356 1006 id
1386 959 1492 1016 est,
1517 949 1652 1004 suis.

309 1065 570 1138 Epistola
615 1063 1160 1138 {29,_exhortatoria
1199 1063 1270 1138 ad
1307 1063 1562 1138 Magnum
1591 1061 1916 1115 Antoninum

639 1135 1004 1205 presbyterum
1033 1144 1082 1188 et
1114 1133 1610 1188 archimandritam.

385 1251 430 1304 1.
463 1247 620 1304 Idem
645 1247 938 1303 ferendum
973 1246 1041 1301 de
1071 1247 1176 1302 hac
1201 1245 1490 1316 judicium,
1525 1258 1591 1298 ac
1611 1243 1680 1299 de
1710 1257 1915 1314 praece-

311 1345 510 1401 dente.
547 1341 970 1400 Observandum
991 1355 1146 1406 vero,
1183 1347 1390 1410 quanta
1412 1338 1694 1409 diligentia
1723 1351 1916 1392 mona-

315 1437 620 1494 steriorum
668 1434 974 1488 amicitiam
1014 1431 1399 1488 Theodoretus
1437 1430 1676 1494 foveret;
1710 1435 1916 1498 quanta

317 1528 568 1584 vicissim
603 1526 676 1580 ab
714 1525 786 1580 iis
811 1525 1168 1580 observantia
1189 1524 1494 1584 coleretur.

405 1619 470 1674 ii.
507 1617 627 1672 Fuit
667 1617 758 1671 his
787 1615 1132 1686 temporibus
1161 1615 1396 1670 celebris
1431 1612 1654 1683 quidam
1681 1611 1915 1665 Antoni-

331 1727 456 1774 nus,
487 1711 644 1782 cujus
669 1709 924 1764 meminit
949 1715 1204 1778 tanquam
1233 1705 1548 1762 exsistentis
1589 1703 1733 1758 inter
1761 1703 1917 1758 vivos

2019 569 2288 626 Eranista:
2313 570 2550 642 dialogo,
2580 581 2635 628 et
2657 573 2857 630 litteris
2877 575 3052 630 sancti
3071 574 3274 630 Leonis
3295 577 3602 648 subjunctaa

2017 674 2168 722 sunt.

2017 775 2264 846 Epistola
2295 777 2390 830 151
2421 818 2436 842 ,
2465 778 2820 850 eucharistica
2843 780 2914 832 ad
2966 779 3261 850 Longinum
3299 784 3600 838 archiman-

2549 849 2748 902 dritam
2790 849 3050 903 Doliches.

2091 961 2132 1015 l.
2175 961 2338 1016 Missa
2367 971 2453 1016 est
2491 977 2618 1016 cum
2661 961 2967 1032 superiore,
3007 976 3076 1016 ex
3103 962 3300 1018 eodem
3339 965 3484 1033 loco,
3531 969 3600 1023 ad

2017 1053 2270 1108 eamdem
2291 1053 2594 1108 civitatem.

2089 1145 2153 1198 ll.
2204 1145 2280 1200 De
2331 1145 2580 1217 Longino
2635 1148 2770 1202 nihil
2799 1149 3094 1207 admodum
3132 1163 3475 1222 compertum
3495 1167 3598 1222 est,

2019 1236 2125 1290 nisi
2145 1237 2291 1307 quod
2305 1237 2372 1291 ad
2389 1239 2798 1296 Theodoretum
2811 1241 3170 1300 invisendum
3189 1248 3448 1303 diaconos
3462 1249 3602 1306 duos

2020 1331 2254 1396 miserit,
2277 1332 2537 1404 quodque
2549 1334 2772 1404 pietatis
2799 1336 2982 1391 studio
3004 1347 3058 1393 et
3075 1339 3364 1394 sanctitate
3385 1355 3600 1395 morum

2018 1423 2274 1478 eluxerit.

2021 1532 2265 1603 Epistola
2301 1535 2424 1600 L32,
2454 1537 2812 1594 consolatorie
2847 1541 2916 1594 ad
2959 1541 3110 1596 Ibam
3147 1543 3362 1599 Edessa:
3407 1546 3604 1616 episco-

2735 1627 2884 1679 punL

2092 1717 2132 1770 l.
2161 1717 2243 1772 Ex
2273 1717 2468 1776 eodem
2513 1719 2656 1784 loco,
2689 1721 2758 1776 ad
2817 1723 2992 1790 ibam,
3045 1725 3166 1794 pari
3220 1741 3405 1782 secum
3459 1729 3601 1786 forte

329 1803 714 1858 Theodoretus
749 1817 871 1872 cap.
903 1801 1004 1856 231
1053 1799 1302 1856 Historia:
1329 1799 1588 1869 religiosa:
1617 1813 1634 1852 :
1667 1796 1762 1850 sed
1788 1795 1919 1851 soli-
1952 1826 1992 1880 Β
2021 1808 2336 1878 depositum
2371 1811 2428 1864 in
2459 1811 2700 1868 concilio
2719 1813 2970 1870 Dioscori
3006 1833 3018 1869 ε
3056 1827 3290 1888 uterque
3315 1823 3464 1876 enim
3507 1825 3603 1880 ἑώ-

323 1896 504 1950 tarius
545 1895 714 1950 fuisse
757 1893 1004 1960 videtur,
1036 1908 1148 1948 non
1187 1893 1319 1946 item
1361 1888 1798 1946 archimandrita
1832 1887 1916 1942 vel

321 1988 640 2060 presbyter,
681 1986 790 2042 nisi
813 1985 996 2042 factus
1016 1986 1087 2040 sit
1123 1995 1247 2055 post
1275 1999 1482 2040 annum
1511 1983 1640 2048 415,
1675 1997 1786 2052 quo
1817 1981 1918 2034 Hi-

315 2081 490 2134 storia
519 2079 772 2150 religiosa
791 2078 1106 2147 composita
1126 2084 1230 2132 est.

317 2191 573 2266 Epistola
610 2191 732 2256 150,
759 2192 1063 2263 dogmatica
1103 2191 1174 2245 ad
1219 2191 1545 2247 Timotheum
1592 2194 1912 2264 episwpum.

387 2308 432 2363 l.
467 2307 690 2378 Scripta
729 2321 876 2360 anno
898 2305 1003 2360 450
1027 2320 1092 2360 ex
1130 2305 1254 2359 loco
1277 2303 1478 2368 exsilii,
1512 2303 1566 2359 id
1598 2311 1704 2370 est,
1734 2318 1765 2357 e
1797 2318 1916 2357 mo-

315 2400 568 2456 nasterio
598 2399 780 2453 tribus
819 2396 1151 2452 milliaribus
1177 2395 1416 2451 distante
1443 2411 1473 2451 a
1506 2395 1731 2451 civitate
1771 2393 1916 2466 Apa-

317 2506 506 2546 mena.

387 2585 456 2640 11.
501 2583 831 2640 Timotheus
873 2583 966 2638 ille
1001 2582 1106 2637 fuit
1132 2581 1425 2652 episcopus
1465 2579 1722 2634 Dolichos
1750 2597 1762 2632 :
1795 2592 1917 2647 qua:

318 2676 518 2730 civitas
547 2675 602 2729 in
633 2673 1000 2744 Euphratcsia
1025 2672 1327 2742 provincia,
1359 2685 1470 2724 non
1501 2669 1694 2739 procul
1721 2684 1751 2722 a
1774 2667 1914 2722 civi-

325 2781 434 2826 tate
470 2769 651 2842 Cyro,
680 2769 784 2823 sub
818 2767 1012 2823 eadem
1049 2765 1382 2835 metropoli,
1419 2764 1685 2818 nimirum
1717 2761 1914 2816 Hiera-

332 2863 464 2933 poli.
483 2861 662 2917 inter!
663 2862 743 2915 uit
769 2859 1008 2915 concilio
1032 2856 1490 2913 Chalcedonensi.

408 2953 492 3009 Ill.
519 2953 760 3008 Petierat
779 2993 793 3017 ,
821 2963 881 3006 ut
910 2951 1139 3005 ardebat
1165 2947 1350 3004 studio
1374 2944 1706 3002 defendendi
1731 2959 1915 3017 partes

335 3045 660 3101 Theodoreti
689 3087 702 3110 ,
746 3061 884 3116 quas
917 3044 1142 3099 nomine
1189 3039 1410 3112 pietatis
1451 3035 1718 3104 vocabat,
1745 3037 1911 3093 scribi

325 3139 469 3204 sibi,
520 3155 772 3210 quianam
820 3137 884 3191 de
923 3136 1153 3190 salutari
1206 3133 1448 3206 passione
1501 3132 1790 3204 prmdicare
1831 3129 1914 3184 vel
1941 3171 1987 3232 ο

319 3235 518 3290 sentire
557 3237 818 3305 oporteat.
854 3229 989 3285 Erat
1016 3229 1164 3284 enim
1205 3235 1338 3282 tunc
1366 3225 1631 3296 temporis
1653 3240 1717 3280 ea
1755 3223 1911 3294 quasi

317 3341 540 3382 summa
569 3322 964 3394 disputationis
982 3362 996 3386 ,
1020 3319 1363 3390 l‘ormulaque
1397 3317 1561 3390 349
1591 3315 1715 3371 lidei
1739 3356 1752 3380 ,
1773 3315 1912 3370 Deus

315 3433 530 3488 passus.
571 3414 852 3470 Rescribit
896 3411 1282 3467 Theodoretus
1305 3449 1320 3475 ,
1353 3409 1428 3463 ita
1469 3416 1531 3462 ut
1563 3423 1630 3462 ex
1661 3407 1914 3462 Eranista

315 3521 580 3579 magnam
619 3506 823 3577 dialogi
864 3502 1096 3560 secundi
1149 3510 1360 3572 partem
1419 3499 1476 3554 in
1522 3496 1912 3570 compendium

313 3597 640 3652 contrahat.

389 3689 486 3744 IV.
515 3685 871 3742 Observanda
935 3685 1126 3748 verba,
1179 3682 1384 3755 quibus
1427 3697 1569 3753 pene
1635 3679 1914 3736 clauditur

311 3780 563 3851 epistola
595 3795 608 3832 :
643 3797 662 3830 ι
703 3779 809 3832 Ista
833 3793 936 3848 ego
965 3792 1114 3832 nunc
1145 3775 1476 3845 compendio
1523 3774 1764 3838 dictavi;
1790 3771 1914 3826 misi

315 3880 534 3938 autem,
550 3879 606 3924 et
623 3885 790 3938 quam
813 3883 996 3939 nuper
1019 3868 1349 3937 scripseram
1371 3867 1592 3921 hortatu
1611 3863 1914 3936 religiosis-

319 3962 451 4018 simi
476 3961 924 4031 sanctissimique
947 3960 1190 4015 hominis
1235 3960 1330 4014 Dei
1365 3958 1655 4015 Domini...
1685 3958 1912 4012 brevem

317 4053 756 4119 institutionem,
789 4069 912 4124 qua:
958 4061 1016 4108 et
1053 4055 1171 4124 ipsa
1226 4051 1461 4109 suﬁiciat
1507 4051 1574 4107 ad
1607 4049 1914 4106 docendam

2019 1913 2147 1952 scus
2183 1898 2478 1956 damnatus
2513 1909 2618 1968 est,
2645 1917 2772 1958 cum
2799 1904 3180 1964 Theodorctus
3205 1909 3355 1981 Cyri,
3389 1913 3512 1968 ibas
3544 1916 3600 1971 in

2018 1989 2214 2044 exsilio
2236 1999 2552 2047 versaretur
2582 2011 2594 2046 :
2640 1994 2732 2050 ille
2767 1995 3122 2066 imperatoris
3161 2001 3442 2070 mandato,
3495 2004 3600 2062 iste

2020 2081 2284 2153 Eutychis
2309 2092 2368 2139 et
2387 2081 2716 2156 Chrysaphii
2742 2088 2978 2143 artibus.

2089 2175 2156 2229 ll.
2216 2175 2464 2232 Videnda
2505 2192 2666 2234 nonae
2713 2187 2770 2234 et
2821 2181 3052 2238 decimas
3101 2186 3339 2242 actionis
3375 2189 3598 2245 concilii

2017 2265 2486 2326 Chalcedonensis
2515 2271 2673 2330 Acta.
2701 2272 2906 2340 quibus
2951 2275 3268 2332 continetur
3295 2287 3408 2335 tota
3459 2282 3634 2336 κατὰ.

2021 2359 2188 2430 μέρος
2221 2361 2330 2416 Iba:
2359 2377 2544 2417 causa.

2017 2471 2261 2544 Epistola
2293 2475 2415 2538 155,
2475 2475 2762 2546 {ancilium
2805 2482 2876 2535 ad
2933 2481 3194 2538 Joannem
3253 2485 3602 2544 Germanicis:

2641 2552 2964 2622 episwpum.

2087 2656 2128 2710 1.
2171 2657 2306 2714 Data
2328 2669 2410 2714 est
2433 2661 2536 2715 sub
2563 2659 2727 2716 ﬁnem
2752 2663 2880 2716 anni
2909 2664 3035 2719 419.

2089 2749 2511 2806 ll.lnvitaverat
2541 2752 2951 2810 Theodoretum
3001 2757 3244 2814 Joannes
3308 2759 3596 2816 Germani-

2017 2841 2180 2906 ciam,
2208 2844 2362 2897 velut
2395 2844 2452 2897 in
2481 2844 2661 2898 locum
2699 2845 2916 2917 refugii,
2941 2863 3063 2902 cum
3098 2853 3467 2921 expelleretur
3498 2855 3600 2926 Cy-

2017 2949 2078 2988 ro
2102 2951 2116 3000 ;
2153 2933 2242 2989 ille
2270 2936 2408 2989 actis
2433 2936 2626 3006 gratiis
2649 2937 2956 2994 rescribite
2979 2939 3206 3012 Cyrensi
3229 2944 3386 3008 urbe,
3417 2960 3474 3000 se
3501 2959 3598 3000 ex-

2015 3033 2262 3095 spectare
2282 3035 2614 3096 praeceptum
2637 3028 2985 3097 imperatoris
3022 3031 3090 3086 de
3129 3031 3249 3088 loco
3279 3035 3490 3102 exsilii;
3544 3037 3600 3092 id

2017 3118 2164 3172 enim
2195 3118 2401 3173 litteris
2423 3119 2490 3174 ad
2517 3117 2828 3174 Anatolium
2857 3121 2997 3177 datis
3054 3125 3356 3194 expetierat
3389 3145 3403 3180 :
3445 3146 3464 3180 ‹
3521 3129 3600 3184 De

2018 3217 2208 3262 nostra
2267 3209 2450 3264 isthuc
2503 3211 2843 3280 profectione
2876 3203 3120 3269 scribere
3171 3215 3310 3270 nihil
3351 3233 3596 3290 possum,

2016 3300 2340 3373 priusquam
2391 3317 2744 3373 cognoscam,
2802 3303 2936 3374 quid
2975 3305 3044 3360 de
3095 3307 3256 3362 nobis
3277 3311 3600 3380 praeceperit

2015 3393 2298 3464 piissimus
2339 3393 2660 3466 imperator.
2693 3413 2712 3445 ι

2087 3483 2251 3555 350
2281 3485 2371 3538 111.
2407 3485 2581 3556 Hujus
2613 3485 2858 3555 epistola:
2879 3487 3218 3542 mentionem
3249 3487 3379 3544 facit
3433 3488 3489 3543 in
3516 3491 3599 3544 ai-

2019 3585 2138 3631 tera
2173 3578 2335 3647 paulo
2363 3585 2485 3647 post
2510 3578 2635 3632 data
2671 3576 2718 3610 ⁸³
2752 3597 2766 3632 :
2831 3597 2850 3630 ‹
2909 3579 2990 3634 Ad
3040 3580 3255 3650 priores
3293 3583 3602 3637 sanctitatis

1947 3675 1950 3680 ‘
1999 3673 2126 3722 tum
2165 3666 2377 3721 litteras
2437 3667 2721 3737 rescripsi.
2789 3683 2917 3723 cum
2965 3670 3205 3738 primum
3269 3673 3495 3742 accepi;
3531 3672 3602 3728 dc

2017 3759 2273 3830 prtesenti
2297 3767 2503 3826 autem,
2541 3778 2558 3810 ›
2585 3767 2693 3814 etc.

2018 3873 2260 3946 Epistula
2298 3873 2431 3938 151,
2491 3873 2892 3960 exprobratoria
2929 3877 2997 3930 ad
3034 3875 3382 3932 Theoctistum
3407 3878 3602 3935 Beroea:

2647 3961 2960 4018 episcopum.

2090 4059 2132 4114 1.
2158 4059 2619 4129 Expressissimus
2662 4061 2926 4130 temporis
2956 4059 3263 4117 character.
3300 4082 3316 4113 ι
3349 4063 3602 4118 Ριόερτίο

320 4145 758 4217 apostolicorum
807 4145 1126 4217 dogmatum
1157 4145 1470 4200 veritatem.
1503 4143 1660 4210 Quod
1692 4142 1735 4197 Si
1765 4139 1917 4196 calli—
2015 4161 2173 4222 plum
2211 4159 2313 4216 est,
2357 4151 2539 4221 inquit,
2560 4149 2965 4218 Theodorctus,
3007 4153 3231 4208 haeresis
3265 4169 3420 4209 nova}
3449 4171 3604 4211 men-

319 4237 598 4308 graphum
626 4245 821 4292 melus
853 4237 1035 4302 ἷιιθΐον
1079 4237 1296 4292 mittam
1341 4235 1618 4291 εθυοιὶιεῑί
1674 4243 1780 4287 "me
1823 4229 1916 4284 ίηιι
2019 4244 2259 4308 dacium,
2291 4251 2347 4297 et
2380 4241 2693 4298 divinorum
2733 4243 3157 4315 Evangeliorum
3191 4245 3396 4300 veritas
3419 4247 3598 4316 palam

321 4333 515 4395 etiam,
541 4345 667 4400 quae
703 4330 904 4402 dialogi
937 4345 1090 4385 more
1153 4343 1252 4400 per
1295 4329 1781 4400 interrogationem
1861 4336 1917 4382 et
2017 4333 2367 4406 praedicatur.
2412 4353 2429 4386 ι
2464 4331 2695 4400 Quando
2727 4349 2925 4405 nempe
2957 4333 3273 4390 Theodosio
3319 4337 3430 4391 vita
3475 4337 3596 4392 fun-

322 4421 746 4492 responsionem
785 4421 1112 4492 conscripsi,
1157 4421 1464 4476 orationem
1516 4421 1734 4492 longius
1783 4437 1914 4494 pro-

2015 4417 2128 4492 cto,
2168 4425 2459 4496 imperium
2484 4423 2793 4480 Marcianus
2812 4435 2867 4480 et
2894 4425 3186 4481 Pulcheria
3214 4437 3598 4498 susceperunt,

321 4513 557 4578 ducens,
585 4513 886 4568 etPatrum
946 4512 1211 4568 doctrinis
1265 4519 1454 4567 nostra
1510 4513 1914 4569 comnmniens.
1947 4534 1994 4591 ι)
2023 4533 2147 4572 mox
2183 4515 2474 4588 Eutychen
2515 4515 2570 4570 in
2607 4515 2860 4572 exsilium
2886 4517 3032 4588 ejiei,
3068 4519 3311 4574 revocari
3343 4519 3601 4576 Theodo-

323 4603 442 4660 hlisi
474 4612 660 4660 autem
695 4621 844 4660 nunc
865 4605 1034 4660 etiam
1070 4620 1273 4674 paucas
1307 4613 1555 4659 veterum
1616 4607 1910 4677 magistro-

325 4711 444 4748 rum
467 4696 791 4760 sententias,
843 4711 966 4766 qua':
985 4696 1120 4751 satis
1155 4704 1284 4750 sunt
1317 4695 1386 4749 ad
1433 4695 1742 4750 doctrinam
1791 4697 1914 4751 illo-

323 4801 444 4840 rum
477 4786 702 4842 Patrum
725 4785 1230 4841 demonstrandam.
1279 4805 1297 4836 ι

389 4877 455 4934 V.
491 4878 624 4933 lude
650 4879 1014 4950 intelligimus
1044 4897 1056 4933 :
1087 4880 1137 4934 l.
1195 4881 1606 4936 lnstitutionem
1659 4882 1906 4947 brevem,

323 4967 390 5023 de
417 4983 530 5039 qua
568 4969 662 5026 hic
692 4985 875 5025 sermo
899 4979 1005 5036 est,
1041 4987 1152 5026 non
1184 4971 1410 5028 differre
1463 4989 1493 5026 a
1529 4973 1760 5044 scripto,
1811 4991 1910 5028 cu-

315 5057 406 5128 jus
431 5058 646 5114 mentio
668 5057 728 5113 lit
763 5059 818 5114 in
849 5059 1016 5129 epist,
1043 5060 1146 5115 109
1202 5061 1272 5116 ad
1324 5063 1626 5118 Eusebium
1685 5063 1912 5136 Ancyra:

319 5150 662 5222 episcopum.
686 5150 740 5206 2.
773 5151 1132 5223 Episcopum,
1159 5153 1318 5224 cujus
1345 5169 1546 5211 nomen
1573 5155 1663 5212 hic
1691 5157 1924 5230 deside:

317 5252 498 5308 ratur,
530 5257 656 5298 esse
677 5243 1004 5310 Eusebium,
1046 5259 1212 5316 quem
1238 5261 1362 5300 mox
1389 5244 1633 5302 laudavi.
1675 5252 1734 5304 5.
1781 5247 1912 5302 Dia-

315 5333 476 5404 logos
503 5335 746 5404 scriptos
763 5350 886 5391 esse
914 5343 1042 5390 ante
1061 5337 1361 5392 concilium
1389 5341 1404 5353 ‘
1431 5339 1908 5406 Chalcedonensis,

317 5427 434 5482 imo
461 5435 520 5482 et
573 5427 738 5497 longe
787 5436 914 5484 ante
959 5429 1306 5498 Ephesinum
1353 5432 1682 5497 secundum,
1744 5442 1910 5504 atque

313 5515 458 5572 adeo
473 5527 606 5571 ante
635 5517 900 5586 scriptam
937 5534 968 5572 a
1017 5529 1208 5576 saneto
1259 5520 1441 5576 Leone
1488 5521 1556 5576 ad
1585 5523 1906 5580 Flavianum

311 5609 1019 5680 cpistolamdogmatieam.
1055 5612 1104 5664 1.
1162 5613 1372 5666 Paucas
1425 5622 1676 5670 veterum
1731 5616 1904 5680 magi-

2023 4618 2224 4673 retum,
2258 4607 2666 4680 Chrysaphium
2707 4608 2949 4662 interimi
2986 4609 3294 4680 jusserunt.
3335 4609 3390 4663 id
3421 4611 3602 4666 conti—

2020 4699 2098 4768 git
2142 4697 2244 4752 sub
2278 4705 2604 4751 autumnum
2641 4698 2770 4752 anni
2818 4697 2958 4762 450;
3002 4713 3114 4768 quo
3160 4713 3304 4752 anno
3344 4697 3602 4754 Theodo—

2020 4790 2137 4844 sius
2175 4787 2316 4842 obiit
2353 4787 2554 4843 die~29
2613 4787 2764 4853 Julii,
2813 4787 3123 4844 Marcianus
3161 4789 3464 4861 imperator
3511 4807 3600 4847 re-

2021 4880 2308 4934 nuntiatus
2331 4886 2416 4933 est
2437 4878 2526 4934 die
2560 4878 2630 4934 25
2657 4879 2914 4950 Augusti.

2089 4972 2154 5026 ll.
2186 4971 2562 5035 Theoctistus,
2593 4971 2662 5028 de
2691 4987 2804 5042 quo
2845 4973 3054 5030 dictum
3097 4982 3183 5029 est
3215 4973 3284 5029 ad
3313 4975 3600 5045 epistolam

2017 5064 2088 5118 32
2109 5073 2166 5118 et
2200 5063 2288 5126 75.
2335 5079 2444 5118 non
2492 5064 2837 5120 sanctissime
2873 5065 3266 5122 observaverat
3285 5068 3432 5138 leges
3461 5067 3602 5122 ami-

2021 5157 2166 5212 citia:
2215 5156 2485 5212 adversus
2518 5156 2928 5212 Theodorctum
2985 5157 3130 5228 Cyro
3189 5159 3598 5228 pulsum:cum

2017 5249 2166 5304 enim
2205 5255 2354 5306 esset
2383 5249 2576 5305 Bercta
2621 5247 2764 5319 Cyro
2805 5247 3076 5317 proxima,
3121 5247 3382 5302 amictum
3419 5261 3600 5316 neque

2017 5342 2238 5412 opibus,
2277 5341 2388 5398 imo
2427 5356 2530 5396 nec
2567 5340 2786 5401 litteris,
2825 5338 3034 5392 solatus
3065 5338 3262 5392 fuerat.
3304 5357 3322 5389 ι
3362 5337 3418 5394 Si
3467 5353 3597 5394 cru-

2017 5432 2300 5490 delitatem
2355 5433 2514 5488 istam
2573 5427 2748 5484 secuti
2805 5441 2999 5482 omnes
3051 5438 3259 5492 essent,
3325 5429 3601 5499 reliquum

2017 5524 2168 5580 aliud
2211 5537 2322 5578 non
2374 5529 2514 5583 erat,
2574 5531 2736 5589 quam
2790 5525 2854 5572 ut
2899 5516 3002 5570 vel-
3033 5517 3364 5587 superstites
3413 5517 3599 5588 inopia

2019 5615 2438 5678 conficerentur,
2477 5612 2560 5665 vel
2603 5609 2803 5663 mortui
2840 5608 3118 5678 sepultura
3159 5622 3510 5676 careremus,
3557 5615 3609 5660 et

1609 5773 1923 5832 SCHUIZII
1985 5773 2214 5831 ΝΟΤᾹΞ.

385 5836 436 5870 ι’
463 5833 590 5892 Vid.
613 5843 655 5888 ι.
683 5835 772 5900 1V,
805 5836 968 5907 epist.
1011 5837 1133 5904 MT,
1164 5839 1234 5906 ab
1279 5840 1457 5898 initio.

650 5929 922 5996 ΡΑτιιοι..
967 5935 1082 5996 Gn.
1125 5935 1350 5994 LXXXI
1365 5937 1432 5999 γ.

3167 5929 3234 5992 10
