  <div class='ocr_page' id='page_1' title='image "/cluster/home/n/w/nwhite01/storage/ocr_20150623/84:no.5/coo.31924054869858/157.png"; bbox 0 0 4070 6464; ppageno 0'>
   <div class='ocr_carea' id='block_1_1' title="bbox 531 374 640 441">
    <p class='ocr_par' dir='ltr' id='par_1_1' title="bbox 531 374 640 441">
     <span class='ocr_line' id='line_1_1' title="bbox 531 374 640 441; baseline 0.028 -3"><span class='ocrx_word' id='word_1_1' title='bbox 531 374 640 441; x_wconf 72' lang='lat'><strong>299</strong></span> 
     </span>
    </p>
   </div>
   <div class='ocr_carea' id='block_1_2' title="bbox 1665 372 2687 434">
    <p class='ocr_par' dir='ltr' id='par_1_2' title="bbox 1665 372 2687 434">
     <span class='ocr_line' id='line_1_2' title="bbox 1665 372 2687 434; baseline 0.003 -4"><span class='ocrx_word' id='word_1_2' title='bbox 1665 373 2039 432; x_wconf 78' lang='lat' dir='ltr'><strong>GARNERII</strong></span> <span class='ocrx_word' id='word_1_3' title='bbox 2075 372 2572 433; x_wconf 73' lang='lat' dir='ltr'><strong>DISSERTATIO</strong></span> <span class='ocrx_word' id='word_1_4' title='bbox 2611 375 2687 434; x_wconf 90' lang='lat' dir='ltr'><strong>II.</strong></span> 
     </span>
    </p>
   </div>
   <div class='ocr_carea' id='block_1_3' title="bbox 3686 374 3795 438">
    <p class='ocr_par' dir='ltr' id='par_1_3' title="bbox 3686 374 3795 438">
     <span class='ocr_line' id='line_1_3' title="bbox 3686 374 3795 438; baseline 0.018 -2"><span class='ocrx_word' id='word_1_5' title='bbox 3686 374 3795 438; x_wconf 80' lang='lat'><strong>300</strong></span> 
     </span>
    </p>
   </div>
   <div class='ocr_carea' id='block_1_4' title="bbox 536 484 3798 557">
    <p class='ocr_par' dir='ltr' id='par_1_4' title="bbox 536 484 3798 557">
     <span class='ocr_line' id='line_1_4' title="bbox 536 484 3798 557; baseline -0.001 -13"><span class='ocrx_word' id='word_1_6' title='bbox 536 485 1035 556; x_wconf 73' lang='lat' dir='ltr'><strong>canibus&#39;ferisque</strong></span> <span class='ocrx_word' id='word_1_7' title='bbox 1071 484 1268 556; x_wconf 77' lang='lat' dir='ltr'><strong>praeda:</strong></span> <span class='ocrx_word' id='word_1_8' title='bbox 1303 497 1570 538; x_wconf 87' lang='lat' dir='ltr'><strong>essemus.</strong></span> <span class='ocrx_word' id='word_1_9' title='bbox 1603 503 1623 536; x_wconf 75' lang='grc' dir='ltr'><strong>ι</strong></span> <span class='ocrx_word' id='word_1_10' title='bbox 1654 485 1783 550; x_wconf 78' lang='lat' dir='ltr'><strong>Quae</strong></span> <span class='ocrx_word' id='word_1_11' title='bbox 1812 485 2112 554; x_wconf 78' lang='lat' dir='ltr'><strong>exprobra-</strong></span> <span class='ocrx_word' id='word_1_12' title='bbox 2145 488 2185 542; x_wconf 83' lang='grc' dir='ltr'><strong>Α</strong></span> <span class='ocrx_word' id='word_1_13' title='bbox 2219 499 2360 548; x_wconf 87' lang='lat' dir='ltr'><strong>mur,</strong></span> <span class='ocrx_word' id='word_1_14' title='bbox 2402 486 2456 539; x_wconf 88' lang='lat' dir='ltr'><strong>in</strong></span> <span class='ocrx_word' id='word_1_15' title='bbox 2483 502 2590 555; x_wconf 88' lang='lat' dir='ltr'><strong>qua</strong></span> <span class='ocrx_word' id='word_1_16' title='bbox 2635 485 2952 541; x_wconf 75' lang='lat' dir='ltr'><strong>laborantes</strong></span> <span class='ocrx_word' id='word_1_17' title='bbox 2997 495 3215 556; x_wconf 79' lang='lat' dir='ltr'><strong>tempus</strong></span> <span class='ocrx_word' id='word_1_18' title='bbox 3259 501 3423 543; x_wconf 85' lang='lat' dir='ltr'><strong>omne</strong></span> <span class='ocrx_word' id='word_1_19' title='bbox 3449 487 3798 557; x_wconf 86' lang='lat' dir='ltr'><strong>consumpsi-</strong></span> 
     </span>
    </p>
   </div>
   <div class='ocr_carea' id='block_1_5' title="bbox 516 576 2113 653">
    <p class='ocr_par' dir='ltr' id='par_1_5' title="bbox 516 576 2113 653">
     <span class='ocr_line' id='line_1_5' title="bbox 516 576 2113 653; baseline -0.004 -16"><span class='ocrx_word' id='word_1_20' title='bbox 516 582 619 638; x_wconf 23' lang='lat' dir='ltr'><strong>rtio</strong></span> <span class='ocrx_word' id='word_1_21' title='bbox 658 597 757 653; x_wconf 89' lang='lat' dir='ltr'><strong>per</strong></span> <span class='ocrx_word' id='word_1_22' title='bbox 802 595 860 634; x_wconf 90' lang='lat' dir='ltr'><strong>se</strong></span> <span class='ocrx_word' id='word_1_23' title='bbox 921 577 1121 650; x_wconf 78' lang='lat' dir='ltr'><strong>gravis,</strong></span> <span class='ocrx_word' id='word_1_24' title='bbox 1182 577 1430 631; x_wconf 85' lang='lat' dir='ltr'><strong>ﬁtetiam</strong></span> <span class='ocrx_word' id='word_1_25' title='bbox 1485 592 1584 646; x_wconf 92' lang='lat' dir='ltr'><strong>per</strong></span> <span class='ocrx_word' id='word_1_26' title='bbox 1645 576 2113 646; x_wconf 89' lang='lat' dir='ltr'><strong>comparationem</strong></span> 
     </span>
    </p>
   </div>
   <div class='ocr_carea' id='block_1_6' title="bbox 539 668 2112 745">
    <p class='ocr_par' dir='ltr' id='par_1_6' title="bbox 539 668 2112 745">
     <span class='ocr_line' id='line_1_6' title="bbox 539 668 2112 745; baseline -0.004 -17"><span class='ocrx_word' id='word_1_27' title='bbox 539 672 883 745; x_wconf 87' lang='lat' dir='ltr'><strong>gravissima.</strong></span> <span class='ocrx_word' id='word_1_28' title='bbox 933 688 950 721; x_wconf 76' lang='grc' dir='ltr'>ι</span> <span class='ocrx_word' id='word_1_29' title='bbox 1003 668 1109 724; x_wconf 87' lang='lat' dir='ltr'><strong>Sed</strong></span> <span class='ocrx_word' id='word_1_30' title='bbox 1145 669 1449 723; x_wconf 81' lang='lat' dir='ltr'><strong>adfuerunt</strong></span> <span class='ocrx_word' id='word_1_31' title='bbox 1480 668 1661 733; x_wconf 86' lang='lat' dir='ltr'><strong>nobis,</strong></span> <span class='ocrx_word' id='word_1_32' title='bbox 1711 669 1806 738; x_wconf 90' lang='lat' dir='ltr'><strong>qui</strong></span> <span class='ocrx_word' id='word_1_33' title='bbox 1856 669 1998 722; x_wconf 90' lang='lat' dir='ltr'><strong>hanc</strong></span> <span class='ocrx_word' id='word_1_34' title='bbox 2030 669 2112 722; x_wconf 91' lang='lat' dir='ltr'><strong>vi-</strong></span> 
     </span>
    </p>
   </div>
   <div class='ocr_carea' id='block_1_7' title="bbox 546 759 2113 832">
    <p class='ocr_par' dir='ltr' id='par_1_7' title="bbox 546 759 2113 832">
     <span class='ocr_line' id='line_1_7' title="bbox 546 759 2113 832; baseline -0.003 -13"><span class='ocrx_word' id='word_1_35' title='bbox 546 773 657 819; x_wconf 85' lang='lat' dir='ltr'><strong>tam</strong></span> <span class='ocrx_word' id='word_1_36' title='bbox 681 770 1066 832; x_wconf 88' lang='lat' dir='ltr'><strong>aspernantur,</strong></span> <span class='ocrx_word' id='word_1_37' title='bbox 1101 767 1157 814; x_wconf 90' lang='lat' dir='ltr'><strong>et</strong></span> <span class='ocrx_word' id='word_1_38' title='bbox 1196 768 1531 814; x_wconf 66' lang='lat' dir='ltr'><strong>aeternorum</strong></span> <span class='ocrx_word' id='word_1_39' title='bbox 1571 759 1842 814; x_wconf 88' lang='lat' dir='ltr'><strong>bonorum</strong></span> <span class='ocrx_word' id='word_1_40' title='bbox 1869 759 2113 815; x_wconf 81' lang='lat' dir='ltr'><strong>fructum</strong></span> 
     </span>
    </p>
   </div>
   <div class='ocr_carea' id='block_1_8' title="bbox 537 846 2113 924">
    <p class='ocr_par' dir='ltr' id='par_1_8' title="bbox 537 846 2113 924">
     <span class='ocr_line' id='line_1_8' title="bbox 537 846 2113 924; baseline -0.001 -15"><span class='ocrx_word' id='word_1_41' title='bbox 537 860 878 924; x_wconf 70' lang='lat' dir='ltr'><strong>exspectant,</strong></span> <span class='ocrx_word' id='word_1_42' title='bbox 909 851 1169 920; x_wconf 91' lang='lat' dir='ltr'><strong>omnique</strong></span> <span class='ocrx_word' id='word_1_43' title='bbox 1195 866 1305 905; x_wconf 89' lang='lat' dir='ltr'><strong>nos</strong></span> <span class='ocrx_word' id='word_1_44' title='bbox 1329 846 1720 906; x_wconf 84' lang='lat' dir='ltr'><strong>consolationis</strong></span> <span class='ocrx_word' id='word_1_45' title='bbox 1746 866 1946 922; x_wconf 87' lang='lat' dir='ltr'><strong>genere</strong></span> <span class='ocrx_word' id='word_1_46' title='bbox 1979 851 2113 907; x_wconf 88' lang='lat' dir='ltr'><strong>sub-</strong></span> 
     </span>
    </p>
   </div>
   <div class='ocr_carea' id='block_1_9' title="bbox 521 947 863 1001">
    <p class='ocr_par' dir='ltr' id='par_1_9' title="bbox 521 947 863 1001">
     <span class='ocr_line' id='line_1_9' title="bbox 521 947 863 1001; baseline -0.015 -1"><span class='ocrx_word' id='word_1_47' title='bbox 521 947 805 1001; x_wconf 87' lang='lat' dir='ltr'><strong>.levarunt.</strong></span> <span class='ocrx_word' id='word_1_48' title='bbox 843 962 863 995; x_wconf 82' lang='grc'><strong>›</strong></span> 
     </span>
    </p>
   </div>
   <div class='ocr_carea' id='block_1_10' title="bbox 591 1035 2112 1107">
    <p class='ocr_par' dir='ltr' id='par_1_10' title="bbox 591 1035 2112 1107">
     <span class='ocr_line' id='line_1_10' title="bbox 591 1035 2112 1107; baseline -0.001 -15"><span class='ocrx_word' id='word_1_49' title='bbox 591 1039 694 1092; x_wconf 79' lang='lat' dir='ltr'><strong>Ill.</strong></span> <span class='ocrx_word' id='word_1_50' title='bbox 747 1038 823 1091; x_wconf 93' lang='lat' dir='ltr'><strong>De</strong></span> <span class='ocrx_word' id='word_1_51' title='bbox 875 1035 1161 1091; x_wconf 86' lang='lat' dir='ltr'><strong>monachis</strong></span> <span class='ocrx_word' id='word_1_52' title='bbox 1222 1035 1518 1107; x_wconf 76' lang='lat' dir='ltr'><strong>Cyresticis</strong></span> <span class='ocrx_word' id='word_1_53' title='bbox 1566 1046 1623 1091; x_wconf 93' lang='lat' dir='ltr'><strong>et</strong></span> <span class='ocrx_word' id='word_1_54' title='bbox 1675 1035 2112 1106; x_wconf 88' lang='lat' dir='ltr'><strong>Apameensibus</strong></span> 
     </span>
    </p>
   </div>
   <div class='ocr_carea' id='block_1_11' title="bbox 521 1124 2112 1200">
    <p class='ocr_par' dir='ltr' id='par_1_11' title="bbox 521 1124 2112 1200">
     <span class='ocr_line' id='line_1_11' title="bbox 521 1124 2112 1200; baseline -0.003 -16"><span class='ocrx_word' id='word_1_55' title='bbox 521 1130 799 1200; x_wconf 74' lang='lat' dir='ltr'><strong>loquitur,</strong></span> <span class='ocrx_word' id='word_1_56' title='bbox 853 1143 1091 1198; x_wconf 83' lang='lat' dir='ltr'><strong>quorum</strong></span> <span class='ocrx_word' id='word_1_57' title='bbox 1135 1126 1212 1180; x_wconf 84' lang='lat' dir='ltr'><strong>illi</strong></span> <span class='ocrx_word' id='word_1_58' title='bbox 1277 1125 1632 1181; x_wconf 90' lang='lat' dir='ltr'><strong>interdictum</strong></span> <span class='ocrx_word' id='word_1_59' title='bbox 1682 1124 1805 1196; x_wconf 90' lang='lat' dir='ltr'><strong>igne</strong></span> <span class='ocrx_word' id='word_1_60' title='bbox 1865 1134 1924 1181; x_wconf 90' lang='lat' dir='ltr'><strong>et</strong></span> <span class='ocrx_word' id='word_1_61' title='bbox 1969 1141 2112 1198; x_wconf 88' lang='lat' dir='ltr'><strong>aqua</strong></span> 
     </span>
    </p>
   </div>
   <div class='ocr_carea' id='block_1_12' title="bbox 535 1219 1830 1289">
    <p class='ocr_par' dir='ltr' id='par_1_12' title="bbox 535 1219 1830 1289">
     <span class='ocr_line' id='line_1_12' title="bbox 535 1219 1830 1289; baseline -0.003 -13"><span class='ocrx_word' id='word_1_62' title='bbox 535 1230 1000 1283; x_wconf 79' lang='lat' dir='ltr'><strong>sustentaverant,</strong></span> <span class='ocrx_word' id='word_1_63' title='bbox 1040 1219 1128 1273; x_wconf 89' lang='lat' dir='ltr'><strong>isti</strong></span> <span class='ocrx_word' id='word_1_64' title='bbox 1170 1219 1459 1289; x_wconf 80' lang='lat' dir='ltr'><strong>expulsum</strong></span> <span class='ocrx_word' id='word_1_65' title='bbox 1480 1226 1830 1287; x_wconf 82' lang='lat' dir='ltr'><strong>receperant.</strong></span> 
     </span>
    </p>
   </div>
   <div class='ocr_carea' id='block_1_13' title="bbox 738 1327 1899 1400">
    <p class='ocr_par' dir='ltr' id='par_1_13' title="bbox 738 1327 1899 1400">
     <span class='ocr_line' id='line_1_13' title="bbox 738 1327 1899 1400; baseline 0 -18"><span class='ocrx_word' id='word_1_66' title='bbox 738 1327 981 1399; x_wconf 79' lang='lat' dir='ltr'><strong>Epistola</strong></span> <span class='ocrx_word' id='word_1_67' title='bbox 1008 1328 1129 1393; x_wconf 78' lang='grc'><strong>155,</strong></span> <span class='ocrx_word' id='word_1_68' title='bbox 1165 1329 1234 1382; x_wconf 88' lang='lat' dir='ltr'><strong>ad</strong></span> <span class='ocrx_word' id='word_1_69' title='bbox 1264 1327 1545 1381; x_wconf 85' lang='lat' dir='ltr'><strong>Romulum</strong></span> <span class='ocrx_word' id='word_1_70' title='bbox 1583 1329 1899 1400; x_wconf 80' lang='lat' dir='ltr'><strong>episcopum.</strong></span> 
     </span>
    </p>
   </div>
   <div class='ocr_carea' id='block_1_14' title="bbox 602 1441 2000 1514">
    <p class='ocr_par' dir='ltr' id='par_1_14' title="bbox 602 1441 2000 1514">
     <span class='ocr_line' id='line_1_14' title="bbox 602 1441 2000 1514; baseline 0.001 -16"><span class='ocrx_word' id='word_1_71' title='bbox 602 1444 642 1498; x_wconf 92' lang='lat' dir='ltr'><strong>I.</strong></span> <span class='ocrx_word' id='word_1_72' title='bbox 677 1442 884 1498; x_wconf 91' lang='lat' dir='ltr'><strong>Eodem</strong></span> <span class='ocrx_word' id='word_1_73' title='bbox 909 1451 1178 1512; x_wconf 88' lang='lat' dir='ltr'><strong>tempore,</strong></span> <span class='ocrx_word' id='word_1_74' title='bbox 1202 1451 1257 1496; x_wconf 90' lang='lat' dir='ltr'><strong>et</strong></span> <span class='ocrx_word' id='word_1_75' title='bbox 1289 1441 1482 1497; x_wconf 89' lang='lat' dir='ltr'><strong>eodem</strong></span> <span class='ocrx_word' id='word_1_76' title='bbox 1513 1442 1627 1498; x_wconf 86' lang='lat' dir='ltr'><strong>fere</strong></span> <span class='ocrx_word' id='word_1_77' title='bbox 1658 1453 2000 1514; x_wconf 88' lang='lat' dir='ltr'><strong>argumento.</strong></span> 
     </span>
    </p>
   </div>
   <div class='ocr_carea' id='block_1_15' title="bbox 604 1531 2109 1603">
    <p class='ocr_par' dir='ltr' id='par_1_15' title="bbox 604 1531 2109 1603">
     <span class='ocr_line' id='line_1_15' title="bbox 604 1531 2109 1603; baseline 0.001 -15"><span class='ocrx_word' id='word_1_78' title='bbox 604 1535 671 1588; x_wconf 95' lang='lat' dir='ltr'><strong>II.</strong></span> <span class='ocrx_word' id='word_1_79' title='bbox 711 1535 980 1588; x_wconf 81' lang='lat' dir='ltr'><strong>Romulus</strong></span> <span class='ocrx_word' id='word_1_80' title='bbox 1015 1531 1397 1588; x_wconf 84' lang='lat' dir='ltr'><strong>Chalcidensis</strong></span> <span class='ocrx_word' id='word_1_81' title='bbox 1434 1533 1747 1603; x_wconf 89' lang='lat' dir='ltr'><strong>episcopus,</strong></span> <span class='ocrx_word' id='word_1_82' title='bbox 1783 1535 1858 1589; x_wconf 91' lang='lat' dir='ltr'><strong>ob</strong></span> <span class='ocrx_word' id='word_1_83' title='bbox 1899 1535 2109 1590; x_wconf 83' lang='lat' dir='ltr'><strong>timidi-</strong></span> 
     </span>
    </p>
   </div>
   <div class='ocr_carea' id='block_1_16' title="bbox 535 1624 2111 1693">
    <p class='ocr_par' dir='ltr' id='par_1_16' title="bbox 535 1624 2111 1693">
     <span class='ocr_line' id='line_1_16' title="bbox 535 1624 2111 1693; baseline 0.001 -13"><span class='ocrx_word' id='word_1_84' title='bbox 535 1635 700 1680; x_wconf 87' lang='lat' dir='ltr'><strong>tatem</strong></span> <span class='ocrx_word' id='word_1_85' title='bbox 757 1625 1024 1680; x_wconf 78' lang='lat' dir='ltr'><strong>servierat</strong></span> <span class='ocrx_word' id='word_1_86' title='bbox 1079 1624 1335 1693; x_wconf 88' lang='lat' dir='ltr'><strong>tempori,</strong></span> <span class='ocrx_word' id='word_1_87' title='bbox 1393 1633 1450 1678; x_wconf 93' lang='lat' dir='ltr'><strong>et</strong></span> <span class='ocrx_word' id='word_1_88' title='bbox 1507 1639 1633 1679; x_wconf 91' lang='lat' dir='ltr'><strong>cum</strong></span> <span class='ocrx_word' id='word_1_89' title='bbox 1680 1625 1749 1680; x_wconf 90' lang='lat' dir='ltr'><strong>iis</strong></span> <span class='ocrx_word' id='word_1_90' title='bbox 1803 1645 1822 1678; x_wconf 89' lang='grc'><em>‹</em></span> <span class='ocrx_word' id='word_1_91' title='bbox 1859 1635 2111 1682; x_wconf 91' lang='lat' dir='ltr'><strong>versatus</strong></span> 
     </span>
    </p>
   </div>
   <div class='ocr_carea' id='block_1_17' title="bbox 528 1715 2110 1788">
    <p class='ocr_par' dir='ltr' id='par_1_17' title="bbox 528 1715 2110 1788">
     <span class='ocr_line' id='line_1_17' title="bbox 528 1715 2110 1788; baseline 0.001 -17"><span class='ocrx_word' id='word_1_92' title='bbox 528 1726 670 1781; x_wconf 88' lang='lat' dir='ltr'><strong>erat,</strong></span> <span class='ocrx_word' id='word_1_93' title='bbox 729 1717 826 1786; x_wconf 81' lang='lat' dir='ltr'><strong>qui</strong></span> <span class='ocrx_word' id='word_1_94' title='bbox 875 1717 1125 1788; x_wconf 78' lang='lat' dir='ltr'><strong>ingentes</strong></span> <span class='ocrx_word' id='word_1_95' title='bbox 1165 1715 1364 1770; x_wconf 84' lang='lat' dir='ltr'><strong>ﬂuetus</strong></span> <span class='ocrx_word' id='word_1_96' title='bbox 1417 1717 1790 1772; x_wconf 84' lang='lat' dir='ltr'><strong>concitabant.</strong></span> <span class='ocrx_word' id='word_1_97' title='bbox 1839 1737 1858 1769; x_wconf 73' lang='grc' dir='ltr'><strong><em>ι</em></strong></span> <span class='ocrx_word' id='word_1_98' title='bbox 1904 1718 2110 1774; x_wconf 83' lang='lat' dir='ltr'><strong>Causas</strong></span> 
     </span>
    </p>
   </div>
   <div class='ocr_carea' id='block_1_18' title="bbox 532 1806 2184 1893">
    <p class='ocr_par' dir='ltr' id='par_1_18' title="bbox 532 1806 2184 1893">
     <span class='ocr_line' id='line_1_18' title="bbox 532 1806 2184 1893; baseline 0.003 -33"><span class='ocrx_word' id='word_1_99' title='bbox 532 1807 746 1862; x_wconf 84' lang='lat' dir='ltr'><strong>timoris</strong></span> <span class='ocrx_word' id='word_1_100' title='bbox 803 1808 1046 1862; x_wconf 85' lang='lat' dir='ltr'><strong>sublatas</strong></span> <span class='ocrx_word' id='word_1_101' title='bbox 1103 1815 1293 1893; x_wconf 90' lang='lat' dir='ltr'><strong>monet</strong></span> <span class='ocrx_word' id='word_1_102' title='bbox 1357 1806 1762 1874; x_wconf 87' lang='lat' dir='ltr'><strong>Theodoretus,</strong></span> <span class='ocrx_word' id='word_1_103' title='bbox 1828 1809 2107 1865; x_wconf 82' lang='lat' dir='ltr'><strong>Marciano</strong></span> <span class='ocrx_word' id='word_1_104' title='bbox 2142 1837 2184 1893; x_wconf 71' lang='grc' dir='ltr'><strong>Β</strong></span> 
     </span>
    </p>
   </div>
   <div class='ocr_carea' id='block_1_19' title="bbox 2216 589 2562 640">
    <p class='ocr_par' dir='ltr' id='par_1_19' title="bbox 2216 589 2562 640">
     <span class='ocr_line' id='line_1_19' title="bbox 2216 589 2562 640; baseline 0.012 -12"><span class='ocrx_word' id='word_1_105' title='bbox 2216 591 2358 640; x_wconf 86' lang='lat' dir='ltr'><strong>mus,</strong></span> <span class='ocrx_word' id='word_1_106' title='bbox 2400 596 2416 626; x_wconf 71' lang='grc' dir='ltr'><strong><em>ι</em></strong></span> <span class='ocrx_word' id='word_1_107' title='bbox 2455 589 2562 632; x_wconf 86' lang='lat' dir='ltr'><strong>etc.</strong></span> 
     </span>
    </p>
   </div>
   <div class='ocr_carea' id='block_1_20' title="bbox 2287 667 3797 740">
    <p class='ocr_par' dir='ltr' id='par_1_20' title="bbox 2287 667 3797 740">
     <span class='ocr_line' id='line_1_20' title="bbox 2287 667 3797 740; baseline 0.002 -19"><span class='ocrx_word' id='word_1_108' title='bbox 2287 668 2373 721; x_wconf 92' lang='lat' dir='ltr'><strong>lll.</strong></span> <span class='ocrx_word' id='word_1_109' title='bbox 2409 667 2544 734; x_wconf 85' lang='lat' dir='ltr'><strong>Quis</strong></span> <span class='ocrx_word' id='word_1_110' title='bbox 2580 683 2712 724; x_wconf 87' lang='lat' dir='ltr'><strong>vero</strong></span> <span class='ocrx_word' id='word_1_111' title='bbox 2761 669 2854 724; x_wconf 91' lang='lat' dir='ltr'><strong>ille</strong></span> <span class='ocrx_word' id='word_1_112' title='bbox 2879 670 3120 724; x_wconf 79' lang='lat' dir='ltr'><strong>Joannes</strong></span> <span class='ocrx_word' id='word_1_113' title='bbox 3156 668 3348 734; x_wconf 75' lang='lat' dir='ltr'><strong>fuerit,</strong></span> <span class='ocrx_word' id='word_1_114' title='bbox 3391 678 3451 724; x_wconf 88' lang='lat' dir='ltr'><strong>et</strong></span> <span class='ocrx_word' id='word_1_115' title='bbox 3475 670 3634 740; x_wconf 74' lang='lat' dir='ltr'><strong>cujus</strong></span> <span class='ocrx_word' id='word_1_116' title='bbox 3675 683 3797 724; x_wconf 77' lang='lat' dir='ltr'><strong>lno-</strong></span> 
     </span>
    </p>
   </div>
   <div class='ocr_carea' id='block_1_21' title="bbox 2215 758 3799 832">
    <p class='ocr_par' dir='ltr' id='par_1_21' title="bbox 2215 758 3799 832">
     <span class='ocr_line' id='line_1_21' title="bbox 2215 758 3799 832; baseline 0.002 -21"><span class='ocrx_word' id='word_1_117' title='bbox 2215 758 2439 812; x_wconf 89' lang='lat' dir='ltr'><strong>nasterii</strong></span> <span class='ocrx_word' id='word_1_118' title='bbox 2469 775 2690 828; x_wconf 67' lang='lat' dir='ltr'><strong>praeses,</strong></span> <span class='ocrx_word' id='word_1_119' title='bbox 2717 776 2786 814; x_wconf 90' lang='lat' dir='ltr'><strong>an</strong></span> <span class='ocrx_word' id='word_1_120' title='bbox 2816 759 3114 816; x_wconf 81' lang='lat' dir='ltr'><strong>Orientalis</strong></span> <span class='ocrx_word' id='word_1_121' title='bbox 3142 761 3394 832; x_wconf 86' lang='lat' dir='ltr'><strong>alicujus,</strong></span> <span class='ocrx_word' id='word_1_122' title='bbox 3428 776 3497 815; x_wconf 88' lang='lat' dir='ltr'><strong>an</strong></span> <span class='ocrx_word' id='word_1_123' title='bbox 3526 759 3799 816; x_wconf 78' lang='lat' dir='ltr'><strong>Constan-</strong></span> 
     </span>
    </p>
   </div>
   <div class='ocr_carea' id='block_1_22' title="bbox 2217 848 3795 922">
    <p class='ocr_par' dir='ltr' id='par_1_22' title="bbox 2217 848 3795 922">
     <span class='ocr_line' id='line_1_22' title="bbox 2217 848 3795 922; baseline 0.002 -20"><span class='ocrx_word' id='word_1_124' title='bbox 2217 848 2563 918; x_wconf 90' lang='lat' dir='ltr'><strong>tinopolitani</strong></span> <span class='ocrx_word' id='word_1_125' title='bbox 2586 868 2600 914; x_wconf 93' lang='lat'><strong>;</strong></span> <span class='ocrx_word' id='word_1_126' title='bbox 2627 850 2763 905; x_wconf 87' lang='lat' dir='ltr'><strong>mihi</strong></span> <span class='ocrx_word' id='word_1_127' title='bbox 2799 851 3046 906; x_wconf 87' lang='lat' dir='ltr'><strong>nondum</strong></span> <span class='ocrx_word' id='word_1_128' title='bbox 3081 859 3430 922; x_wconf 88' lang='lat' dir='ltr'><strong>compertum</strong></span> <span class='ocrx_word' id='word_1_129' title='bbox 3455 860 3559 908; x_wconf 83' lang='lat' dir='ltr'><strong>est.</strong></span> <span class='ocrx_word' id='word_1_130' title='bbox 3587 851 3795 920; x_wconf 71' lang='lat' dir='ltr'><strong>Appel~</strong></span> 
     </span>
    </p>
   </div>
   <div class='ocr_carea' id='block_1_23' title="bbox 2215 940 3800 1012">
    <p class='ocr_par' dir='ltr' id='par_1_23' title="bbox 2215 940 3800 1012">
     <span class='ocr_line' id='line_1_23' title="bbox 2215 940 3800 1012; baseline 0.001 -18"><span class='ocrx_word' id='word_1_131' title='bbox 2215 940 2362 994; x_wconf 85' lang='lat' dir='ltr'><strong>Iatur</strong></span> <span class='ocrx_word' id='word_1_132' title='bbox 2385 951 2536 996; x_wconf 84' lang='lat' dir='ltr'><strong>certe</strong></span> <span class='ocrx_word' id='word_1_133' title='bbox 2575 942 2720 997; x_wconf 89' lang='lat' dir='ltr'><strong>inter</strong></span> <span class='ocrx_word' id='word_1_134' title='bbox 2767 943 3229 998; x_wconf 80' lang='lat' dir='ltr'><strong>archimandritas</strong></span> <span class='ocrx_word' id='word_1_135' title='bbox 3255 943 3412 997; x_wconf 81' lang='lat' dir='ltr'><strong>urbis</strong></span> <span class='ocrx_word' id='word_1_136' title='bbox 3436 942 3618 1012; x_wconf 66' lang='lat' dir='ltr'><strong>regiae,</strong></span> <span class='ocrx_word' id='word_1_137' title='bbox 3655 949 3800 996; x_wconf 82' lang='lat' dir='ltr'><strong>tem-</strong></span> 
     </span>
    </p>
   </div>
   <div class='ocr_carea' id='block_1_24' title="bbox 2213 1032 3799 1103">
    <p class='ocr_par' dir='ltr' id='par_1_24' title="bbox 2213 1032 3799 1103">
     <span class='ocr_line' id='line_1_24' title="bbox 2213 1032 3799 1103; baseline -0.001 -15"><span class='ocrx_word' id='word_1_138' title='bbox 2213 1048 2346 1103; x_wconf 89' lang='lat' dir='ltr'><strong>pore</strong></span> <span class='ocrx_word' id='word_1_139' title='bbox 2389 1034 2609 1088; x_wconf 91' lang='lat' dir='ltr'><strong>concilii</strong></span> <span class='ocrx_word' id='word_1_140' title='bbox 2659 1034 3143 1100; x_wconf 84' lang='lat' dir='ltr'><strong>Chalcedonensis,</strong></span> <span class='ocrx_word' id='word_1_141' title='bbox 3175 1035 3417 1091; x_wconf 81' lang='lat' dir='ltr'><strong>Joannes</strong></span> <span class='ocrx_word' id='word_1_142' title='bbox 3470 1033 3693 1102; x_wconf 86' lang='lat' dir='ltr'><strong>quidam</strong></span> <span class='ocrx_word' id='word_1_143' title='bbox 3738 1032 3799 1086; x_wconf 91' lang='lat' dir='ltr'><strong>in</strong></span> 
     </span>
    </p>
   </div>
   <div class='ocr_carea' id='block_1_25' title="bbox 2213 1125 3803 1197">
    <p class='ocr_par' dir='ltr' id='par_1_25' title="bbox 2213 1125 3803 1197">
     <span class='ocr_line' id='line_1_25' title="bbox 2213 1125 3803 1197; baseline 0.001 -19"><span class='ocrx_word' id='word_1_144' title='bbox 2213 1125 2403 1181; x_wconf 92' lang='lat' dir='ltr'><strong>libello</strong></span> <span class='ocrx_word' id='word_1_145' title='bbox 2442 1126 2509 1182; x_wconf 92' lang='lat' dir='ltr'><strong>ad</strong></span> <span class='ocrx_word' id='word_1_146' title='bbox 2538 1127 2895 1192; x_wconf 80' lang='lat' dir='ltr'><strong>Marcianum,</strong></span> <span class='ocrx_word' id='word_1_147' title='bbox 2946 1129 3162 1183; x_wconf 90' lang='lat' dir='ltr'><strong>inserto</strong></span> <span class='ocrx_word' id='word_1_148' title='bbox 3195 1129 3347 1184; x_wconf 90' lang='lat' dir='ltr'><strong>Actis</strong></span> <span class='ocrx_word' id='word_1_149' title='bbox 3381 1139 3593 1197; x_wconf 76' lang='lat' dir='ltr'><strong>quarta:</strong></span> <span class='ocrx_word' id='word_1_150' title='bbox 3622 1127 3803 1180; x_wconf 89' lang='lat' dir='ltr'><strong>actio-</strong></span> 
     </span>
    </p>
   </div>
   <div class='ocr_carea' id='block_1_26' title="bbox 2212 1217 3799 1291">
    <p class='ocr_par' dir='ltr' id='par_1_26' title="bbox 2212 1217 3799 1291">
     <span class='ocr_line' id='line_1_26' title="bbox 2212 1217 3799 1291; baseline 0 -21"><span class='ocrx_word' id='word_1_151' title='bbox 2212 1217 2329 1282; x_wconf 89' lang='lat' dir='ltr'><strong>nis;</strong></span> <span class='ocrx_word' id='word_1_152' title='bbox 2363 1218 2456 1272; x_wconf 76' lang='lat' dir='ltr'><strong>vix</strong></span> <span class='ocrx_word' id='word_1_153' title='bbox 2483 1231 2666 1280; x_wconf 85' lang='lat' dir='ltr'><strong>tamen</strong></span> <span class='ocrx_word' id='word_1_154' title='bbox 2699 1220 3032 1275; x_wconf 79' lang='lat' dir='ltr'><strong>crediderim</strong></span> <span class='ocrx_word' id='word_1_155' title='bbox 3065 1221 3196 1278; x_wconf 88' lang='lat' dir='ltr'><strong>alibi</strong></span> <span class='ocrx_word' id='word_1_156' title='bbox 3226 1219 3510 1291; x_wconf 65' lang='lat' dir='ltr'><strong>praefuisse</strong></span> <span class='ocrx_word' id='word_1_157' title='bbox 3541 1226 3799 1273; x_wconf 87' lang='lat' dir='ltr'><strong>nostrum</strong></span> 
     </span>
    </p>
   </div>
   <div class='ocr_carea' id='block_1_27' title="bbox 2212 1307 3802 1382">
    <p class='ocr_par' dir='ltr' id='par_1_27' title="bbox 2212 1307 3802 1382">
     <span class='ocr_line' id='line_1_27' title="bbox 2212 1307 3802 1382; baseline 0.001 -21"><span class='ocrx_word' id='word_1_158' title='bbox 2212 1307 2379 1374; x_wconf 88' lang='lat' dir='ltr'><strong>hunc,</strong></span> <span class='ocrx_word' id='word_1_159' title='bbox 2407 1326 2570 1379; x_wconf 88' lang='lat' dir='ltr'><strong>quam</strong></span> <span class='ocrx_word' id='word_1_160' title='bbox 2609 1311 2663 1365; x_wconf 93' lang='lat' dir='ltr'><strong>in</strong></span> <span class='ocrx_word' id='word_1_161' title='bbox 2708 1311 2932 1367; x_wconf 87' lang='lat' dir='ltr'><strong>Oriente</strong></span> <span class='ocrx_word' id='word_1_162' title='bbox 2953 1353 2967 1376; x_wconf 91' lang='lat'><strong>,</strong></span> <span class='ocrx_word' id='word_1_163' title='bbox 2995 1320 3052 1367; x_wconf 89' lang='lat' dir='ltr'><strong>et</strong></span> <span class='ocrx_word' id='word_1_164' title='bbox 3085 1328 3152 1368; x_wconf 89' lang='lat' dir='ltr'><strong>ea</strong></span> <span class='ocrx_word' id='word_1_165' title='bbox 3200 1312 3422 1382; x_wconf 85' lang='lat' dir='ltr'><strong>quidem</strong></span> <span class='ocrx_word' id='word_1_166' title='bbox 3454 1318 3610 1380; x_wconf 89' lang='lat' dir='ltr'><strong>parte</strong></span> <span class='ocrx_word' id='word_1_167' title='bbox 3631 1351 3645 1376; x_wconf 96' lang='lat'><strong>,</strong></span> <span class='ocrx_word' id='word_1_168' title='bbox 3669 1325 3802 1380; x_wconf 66' lang='lat' dir='ltr'><strong>quae</strong></span> 
     </span>
    </p>
   </div>
   <div class='ocr_carea' id='block_1_28' title="bbox 2211 1401 3066 1470">
    <p class='ocr_par' dir='ltr' id='par_1_28' title="bbox 2211 1401 3066 1470">
     <span class='ocr_line' id='line_1_28' title="bbox 2211 1401 3066 1470; baseline 0.006 -19"><span class='ocrx_word' id='word_1_169' title='bbox 2211 1413 2320 1452; x_wconf 92' lang='lat' dir='ltr'><strong>non</strong></span> <span class='ocrx_word' id='word_1_170' title='bbox 2348 1402 2534 1469; x_wconf 91' lang='lat' dir='ltr'><strong>procul</strong></span> <span class='ocrx_word' id='word_1_171' title='bbox 2560 1401 2800 1470; x_wconf 81' lang='lat' dir='ltr'><strong>Apamea</strong></span> <span class='ocrx_word' id='word_1_172' title='bbox 2826 1402 3066 1460; x_wconf 87' lang='lat' dir='ltr'><strong>abesset.</strong></span> 
     </span>
    </p>
   </div>
   <div class='ocr_carea' id='block_1_29' title="bbox 2285 1491 3803 1550">
    <p class='ocr_par' dir='ltr' id='par_1_29' title="bbox 2285 1491 3803 1550">
     <span class='ocr_line' id='line_1_29' title="bbox 2285 1491 3803 1550; baseline -0.001 -4"><span class='ocrx_word' id='word_1_173' title='bbox 2285 1491 2372 1546; x_wconf 89' lang='lat' dir='ltr'><strong>IV.</strong></span> <span class='ocrx_word' id='word_1_174' title='bbox 2414 1493 2749 1548; x_wconf 82' lang='lat' dir='ltr'><strong>Numeratur</strong></span> <span class='ocrx_word' id='word_1_175' title='bbox 2790 1496 2955 1549; x_wconf 87' lang='lat' dir='ltr'><strong>etiam</strong></span> <span class='ocrx_word' id='word_1_176' title='bbox 3005 1511 3035 1550; x_wconf 91' lang='lat' dir='ltr'><strong>a</strong></span> <span class='ocrx_word' id='word_1_177' title='bbox 3081 1494 3428 1550; x_wconf 88' lang='lat' dir='ltr'><strong>Thcodoreto</strong></span> <span class='ocrx_word' id='word_1_178' title='bbox 3473 1493 3618 1548; x_wconf 87' lang='lat' dir='ltr'><strong>inter</strong></span> <span class='ocrx_word' id='word_1_179' title='bbox 3669 1508 3803 1546; x_wconf 87' lang='lat' dir='ltr'><strong>san-</strong></span> 
     </span>
    </p>
   </div>
   <div class='ocr_carea' id='block_1_30' title="bbox 2212 1585 3800 1657">
    <p class='ocr_par' dir='ltr' id='par_1_30' title="bbox 2212 1585 3800 1657">
     <span class='ocr_line' id='line_1_30' title="bbox 2212 1585 3800 1657; baseline 0 -20"><span class='ocrx_word' id='word_1_180' title='bbox 2212 1593 2331 1638; x_wconf 89' lang='lat' dir='ltr'><strong>ctos</strong></span> <span class='ocrx_word' id='word_1_181' title='bbox 2356 1596 2569 1640; x_wconf 84' lang='lat' dir='ltr'><strong>aseetas</strong></span> <span class='ocrx_word' id='word_1_182' title='bbox 2597 1602 2710 1642; x_wconf 76' lang='lat' dir='ltr'><strong>sua:</strong></span> <span class='ocrx_word' id='word_1_183' title='bbox 2744 1588 2983 1657; x_wconf 77' lang='lat' dir='ltr'><strong>regionis</strong></span> <span class='ocrx_word' id='word_1_184' title='bbox 2997 1589 3236 1643; x_wconf 87' lang='lat' dir='ltr'><strong>Joannes</strong></span> <span class='ocrx_word' id='word_1_185' title='bbox 3272 1587 3494 1657; x_wconf 89' lang='lat' dir='ltr'><strong>quidam</strong></span> <span class='ocrx_word' id='word_1_186' title='bbox 3523 1605 3536 1639; x_wconf 94' lang='lat'><strong>:</strong></span> <span class='ocrx_word' id='word_1_187' title='bbox 3569 1585 3664 1640; x_wconf 90' lang='lat' dir='ltr'><strong>sed</strong></span> <span class='ocrx_word' id='word_1_188' title='bbox 3699 1600 3800 1638; x_wconf 91' lang='lat' dir='ltr'><strong>ar-</strong></span> 
     </span>
    </p>
   </div>
   <div class='ocr_carea' id='block_1_31' title="bbox 2212 1668 3802 1744">
    <p class='ocr_par' dir='ltr' id='par_1_31' title="bbox 2212 1668 3802 1744">
     <span class='ocr_line' id='line_1_31' title="bbox 2212 1668 3802 1744; baseline -0.004 -16"><span class='ocrx_word' id='word_1_189' title='bbox 2212 1674 2582 1730; x_wconf 88' lang='lat' dir='ltr'><strong>chimandrita</strong></span> <span class='ocrx_word' id='word_1_190' title='bbox 2618 1692 2730 1731; x_wconf 91' lang='lat' dir='ltr'><strong>non</strong></span> <span class='ocrx_word' id='word_1_191' title='bbox 2763 1685 2882 1731; x_wconf 87' lang='lat' dir='ltr'><strong>erat</strong></span> <span class='ocrx_word' id='word_1_192' title='bbox 2924 1692 3070 1732; x_wconf 87' lang='lat' dir='ltr'><strong>anno</strong></span> <span class='ocrx_word' id='word_1_193' title='bbox 3095 1677 3233 1742; x_wconf 68' lang='lat' dir='ltr'><strong>us;</strong></span> <span class='ocrx_word' id='word_1_194' title='bbox 3265 1690 3334 1728; x_wconf 90' lang='lat' dir='ltr'><strong>an</strong></span> <span class='ocrx_word' id='word_1_195' title='bbox 3373 1681 3564 1744; x_wconf 89' lang='lat' dir='ltr'><strong>postea</strong></span> <span class='ocrx_word' id='word_1_196' title='bbox 3602 1671 3674 1725; x_wconf 90' lang='lat' dir='ltr'><strong>sit</strong></span> <span class='ocrx_word' id='word_1_197' title='bbox 3708 1668 3802 1723; x_wconf 82' lang='lat' dir='ltr'><strong>fa-</strong></span> 
     </span>
    </p>
   </div>
   <div class='ocr_carea' id='block_1_32' title="bbox 2213 1774 2768 1832">
    <p class='ocr_par' dir='ltr' id='par_1_32' title="bbox 2213 1774 2768 1832">
     <span class='ocr_line' id='line_1_32' title="bbox 2213 1774 2768 1832; baseline 0.002 -11"><span class='ocrx_word' id='word_1_198' title='bbox 2213 1774 2356 1832; x_wconf 93' lang='lat' dir='ltr'><strong>ctus,</strong></span> <span class='ocrx_word' id='word_1_199' title='bbox 2389 1783 2499 1821; x_wconf 91' lang='lat' dir='ltr'><strong>non</strong></span> <span class='ocrx_word' id='word_1_200' title='bbox 2530 1776 2768 1823; x_wconf 83' lang='lat' dir='ltr'><strong>constat.</strong></span> 
     </span>
    </p>
   </div>
   <div class='ocr_carea' id='block_1_33' title="bbox 529 1877 2105 1968">
    <p class='ocr_par' dir='ltr' id='par_1_33' title="bbox 529 1892 2105 1968">
     <span class='ocr_line' id='line_1_33' title="bbox 529 1892 2105 1968; baseline 0.003 -18"><span class='ocrx_word' id='word_1_201' title='bbox 529 1898 822 1968; x_wconf 89' lang='lat' dir='ltr'><strong>imperium</strong></span> <span class='ocrx_word' id='word_1_202' title='bbox 865 1898 1170 1968; x_wconf 87' lang='lat' dir='ltr'><strong>auspicato,</strong></span> <span class='ocrx_word' id='word_1_203' title='bbox 1205 1892 1371 1967; x_wconf 84' lang='lat' dir='ltr'><strong>atque</strong></span> <span class='ocrx_word' id='word_1_204' title='bbox 1399 1905 1462 1950; x_wconf 87' lang='lat' dir='ltr'><strong>ut</strong></span> <span class='ocrx_word' id='word_1_205' title='bbox 1494 1897 1782 1968; x_wconf 89' lang='lat' dir='ltr'><strong>pristinam</strong></span> <span class='ocrx_word' id='word_1_206' title='bbox 1806 1899 2105 1955; x_wconf 86' lang='lat' dir='ltr'><strong>amicitiam</strong></span> 
     </span>
    </p>
   </div>
   <div class='ocr_carea' id='block_1_34' title="bbox 2204 1877 3798 1968">
    <p class='ocr_par' dir='ltr' id='par_1_34' title="bbox 2213 1877 3798 1952">
     <span class='ocr_line' id='line_1_34' title="bbox 2213 1877 3798 1952; baseline -0.003 -17"><span class='ocrx_word' id='word_1_207' title='bbox 2213 1879 2458 1952; x_wconf 80' lang='lat' dir='ltr'><strong>Epistola</strong></span> <span class='ocrx_word' id='word_1_208' title='bbox 2487 1881 2608 1948; x_wconf 79' lang='grc'><strong>158,</strong></span> <span class='ocrx_word' id='word_1_209' title='bbox 2644 1882 2714 1934; x_wconf 87' lang='lat' dir='ltr'><strong>ad</strong></span> <span class='ocrx_word' id='word_1_210' title='bbox 2753 1881 3063 1936; x_wconf 79' lang='lat' dir='ltr'><strong>Anatolium</strong></span> <span class='ocrx_word' id='word_1_211' title='bbox 3091 1881 3373 1952; x_wconf 76' lang='lat' dir='ltr'><strong>patricium</strong></span> <span class='ocrx_word' id='word_1_212' title='bbox 3409 1877 3798 1949; x_wconf 81' lang='lat' dir='ltr'><strong>gratulatoria.</strong></span> 
     </span>
    </p>
   </div>
   <div class='ocr_carea' id='block_1_35' title="bbox 525 1991 2109 2062">
    <p class='ocr_par' dir='ltr' id='par_1_35' title="bbox 525 1991 2109 2062">
     <span class='ocr_line' id='line_1_35' title="bbox 525 1991 2109 2062; baseline 0.001 -17"><span class='ocrx_word' id='word_1_213' title='bbox 525 1998 834 2054; x_wconf 89' lang='lat' dir='ltr'><strong>conservet,</strong></span> <span class='ocrx_word' id='word_1_214' title='bbox 885 1991 1072 2045; x_wconf 89' lang='lat' dir='ltr'><strong>timori</strong></span> <span class='ocrx_word' id='word_1_215' title='bbox 1117 1991 1382 2062; x_wconf 79' lang='lat' dir='ltr'><strong>ignoscit;</strong></span> <span class='ocrx_word' id='word_1_216' title='bbox 1423 2007 1702 2062; x_wconf 91' lang='lat' dir='ltr'><strong>quamque</strong></span> <span class='ocrx_word' id='word_1_217' title='bbox 1745 1991 1836 2047; x_wconf 90' lang='lat' dir='ltr'><strong>ille</strong></span> <span class='ocrx_word' id='word_1_218' title='bbox 1892 1993 2109 2047; x_wconf 87' lang='lat' dir='ltr'><strong>veniam</strong></span> 
     </span>
    </p>
   </div>
   <div class='ocr_carea' id='block_1_36' title="bbox 527 2083 1826 2154">
    <p class='ocr_par' dir='ltr' id='par_1_36' title="bbox 527 2083 1826 2154">
     <span class='ocr_line' id='line_1_36' title="bbox 527 2083 1826 2154; baseline 0.003 -18"><span class='ocrx_word' id='word_1_219' title='bbox 527 2085 755 2153; x_wconf 79' lang='lat' dir='ltr'><strong>supplex</strong></span> <span class='ocrx_word' id='word_1_220' title='bbox 785 2083 984 2137; x_wconf 88' lang='lat' dir='ltr'><strong>litteris</strong></span> <span class='ocrx_word' id='word_1_221' title='bbox 1014 2083 1264 2154; x_wconf 88' lang='lat' dir='ltr'><strong>petierat,</strong></span> <span class='ocrx_word' id='word_1_222' title='bbox 1299 2084 1539 2139; x_wconf 87' lang='lat' dir='ltr'><strong>libenter</strong></span> <span class='ocrx_word' id='word_1_223' title='bbox 1558 2085 1826 2154; x_wconf 83' lang='lat' dir='ltr'><strong>indulget.</strong></span> 
     </span>
    </p>
   </div>
   <div class='ocr_carea' id='block_1_37' title="bbox 606 2175 2107 2246">
    <p class='ocr_par' dir='ltr' id='par_1_37' title="bbox 606 2175 2107 2246">
     <span class='ocr_line' id='line_1_37' title="bbox 606 2175 2107 2246; baseline 0.001 -16"><span class='ocrx_word' id='word_1_224' title='bbox 606 2175 1076 2230; x_wconf 88' lang='lat' dir='ltr'><strong>lII.0bservanda</strong></span> <span class='ocrx_word' id='word_1_225' title='bbox 1100 2176 1218 2232; x_wconf 68' lang='lat' dir='ltr'><strong>haec</strong></span> <span class='ocrx_word' id='word_1_226' title='bbox 1246 2177 1416 2231; x_wconf 89' lang='lat' dir='ltr'><strong>verba</strong></span> <span class='ocrx_word' id='word_1_227' title='bbox 1445 2194 1459 2230; x_wconf 91' lang='lat'><strong>:</strong></span> <span class='ocrx_word' id='word_1_228' title='bbox 1504 2195 1523 2228; x_wconf 84' lang='grc'><strong>‹</strong></span> <span class='ocrx_word' id='word_1_229' title='bbox 1563 2176 1893 2232; x_wconf 86' lang='lat' dir='ltr'><strong>Audivimus</strong></span> <span class='ocrx_word' id='word_1_230' title='bbox 1929 2177 2107 2246; x_wconf 90' lang='lat' dir='ltr'><strong>ipsum</strong></span> 
     </span>
    </p>
   </div>
   <div class='ocr_carea' id='block_1_38' title="bbox 525 2265 2107 2335">
    <p class='ocr_par' dir='ltr' id='par_1_38' title="bbox 525 2265 2107 2335">
     <span class='ocr_line' id='line_1_38' title="bbox 525 2265 2107 2335; baseline 0.002 -17"><span class='ocrx_word' id='word_1_231' title='bbox 525 2265 691 2319; x_wconf 81' lang='lat' dir='ltr'><strong>etiam</strong></span> <span class='ocrx_word' id='word_1_232' title='bbox 716 2265 938 2335; x_wconf 88' lang='lat' dir='ltr'><strong>pietatis</strong></span> <span class='ocrx_word' id='word_1_233' title='bbox 971 2275 1079 2320; x_wconf 75' lang='lat' dir='ltr'><strong>tua:</strong></span> <span class='ocrx_word' id='word_1_234' title='bbox 1111 2267 1591 2331; x_wconf 90' lang='lat' dir='ltr'><strong>contubernalem,</strong></span> <span class='ocrx_word' id='word_1_235' title='bbox 1621 2281 1746 2321; x_wconf 87' lang='lat' dir='ltr'><strong>eum</strong></span> <span class='ocrx_word' id='word_1_236' title='bbox 1785 2267 2107 2321; x_wconf 81' lang='lat' dir='ltr'><strong>anathema-</strong></span> 
     </span>
    </p>
   </div>
   <div class='ocr_carea' id='block_1_39' title="bbox 527 2356 2108 2429">
    <p class='ocr_par' dir='ltr' id='par_1_39' title="bbox 527 2356 2108 2429">
     <span class='ocr_line' id='line_1_39' title="bbox 527 2356 2108 2429; baseline 0.003 -19"><span class='ocrx_word' id='word_1_237' title='bbox 527 2357 716 2411; x_wconf 87' lang='lat' dir='ltr'><strong>tismos</strong></span> <span class='ocrx_word' id='word_1_238' title='bbox 778 2356 833 2410; x_wconf 92' lang='lat' dir='ltr'><strong>in</strong></span> <span class='ocrx_word' id='word_1_239' title='bbox 892 2358 1104 2427; x_wconf 82' lang='lat' dir='ltr'><strong>magnis</strong></span> <span class='ocrx_word' id='word_1_240' title='bbox 1157 2357 1391 2413; x_wconf 85' lang='lat' dir='ltr'><strong>urbibus</strong></span> <span class='ocrx_word' id='word_1_241' title='bbox 1441 2357 1621 2414; x_wconf 89' lang='lat' dir='ltr'><strong>editos</strong></span> <span class='ocrx_word' id='word_1_242' title='bbox 1673 2367 1984 2429; x_wconf 82' lang='lat' dir='ltr'><strong>cognosset,</strong></span> <span class='ocrx_word' id='word_1_243' title='bbox 2039 2359 2108 2415; x_wconf 89' lang='lat' dir='ltr'><strong>ab</strong></span> 
     </span>
    </p>
   </div>
   <div class='ocr_carea' id='block_1_40' title="bbox 523 2449 2107 2521">
    <p class='ocr_par' dir='ltr' id='par_1_40' title="bbox 523 2449 2107 2521">
     <span class='ocr_line' id='line_1_40' title="bbox 523 2449 2107 2521; baseline 0 -16"><span class='ocrx_word' id='word_1_244' title='bbox 523 2449 762 2520; x_wconf 88' lang='lat' dir='ltr'><strong>obliquo.</strong></span> <span class='ocrx_word' id='word_1_245' title='bbox 803 2465 1131 2504; x_wconf 88' lang='lat' dir='ltr'><strong>cancrorum</strong></span> <span class='ocrx_word' id='word_1_246' title='bbox 1199 2450 1418 2506; x_wconf 88' lang='lat' dir='ltr'><strong>incessu</strong></span> <span class='ocrx_word' id='word_1_247' title='bbox 1489 2451 1787 2514; x_wconf 87' lang='lat' dir='ltr'><strong>destitisse,</strong></span> <span class='ocrx_word' id='word_1_248' title='bbox 1850 2461 2107 2521; x_wconf 87' lang='lat' dir='ltr'><strong>rectaque</strong></span> 
     </span>
    </p>
   </div>
   <div class='ocr_carea' id='block_1_41' title="bbox 524 2541 2105 2614">
    <p class='ocr_par' dir='ltr' id='par_1_41' title="bbox 524 2541 2105 2614">
     <span class='ocr_line' id='line_1_41' title="bbox 524 2541 2105 2614; baseline 0.001 -18"><span class='ocrx_word' id='word_1_249' title='bbox 524 2544 834 2613; x_wconf 83' lang='lat' dir='ltr'><strong>ingressum</strong></span> <span class='ocrx_word' id='word_1_250' title='bbox 882 2557 1025 2607; x_wconf 86' lang='lat' dir='ltr'><strong>esse,</strong></span> <span class='ocrx_word' id='word_1_251' title='bbox 1073 2557 1197 2596; x_wconf 92' lang='lat' dir='ltr'><strong>cum</strong></span> <span class='ocrx_word' id='word_1_252' title='bbox 1248 2541 1317 2597; x_wconf 90' lang='lat' dir='ltr'><strong>de</strong></span> <span class='ocrx_word' id='word_1_253' title='bbox 1353 2543 1703 2614; x_wconf 81' lang='lat' dir='ltr'><strong>dogmatibus</strong></span> <span class='ocrx_word' id='word_1_254' title='bbox 1743 2544 1798 2596; x_wconf 92' lang='lat' dir='ltr'><strong>in</strong></span> <span class='ocrx_word' id='word_1_255' title='bbox 1831 2553 2105 2598; x_wconf 88' lang='lat' dir='ltr'><strong>conventu</strong></span> 
     </span>
    </p>
   </div>
   <div class='ocr_carea' id='block_1_42' title="bbox 522 2634 1160 2704">
    <p class='ocr_par' dir='ltr' id='par_1_42' title="bbox 522 2634 1160 2704">
     <span class='ocr_line' id='line_1_42' title="bbox 522 2634 1160 2704; baseline -0.002 -17"><span class='ocrx_word' id='word_1_256' title='bbox 522 2634 760 2704; x_wconf 87' lang='lat' dir='ltr'><strong>quodam</strong></span> <span class='ocrx_word' id='word_1_257' title='bbox 788 2634 1106 2688; x_wconf 86' lang='lat' dir='ltr'><strong>dissereret.</strong></span> <span class='ocrx_word' id='word_1_258' title='bbox 1141 2652 1160 2686; x_wconf 73' lang='grc' dir='ltr'><strong><em>ι</em></strong></span> 
     </span>
    </p>
   </div>
   <div class='ocr_carea' id='block_1_43' title="bbox 593 2723 2108 2794">
    <p class='ocr_par' dir='ltr' id='par_1_43' title="bbox 593 2723 2108 2794">
     <span class='ocr_line' id='line_1_43' title="bbox 593 2723 2108 2794; baseline 0.001 -16"><span class='ocrx_word' id='word_1_259' title='bbox 593 2723 682 2778; x_wconf 86' lang='lat' dir='ltr'><strong>IV.</strong></span> <span class='ocrx_word' id='word_1_260' title='bbox 715 2724 793 2778; x_wconf 73' lang='lat' dir='ltr'><strong>Ex</strong></span> <span class='ocrx_word' id='word_1_261' title='bbox 835 2723 921 2777; x_wconf 89' lang='lat' dir='ltr'><strong>his</strong></span> <span class='ocrx_word' id='word_1_262' title='bbox 964 2724 1134 2788; x_wconf 90' lang='lat' dir='ltr'><strong>enim,</strong></span> <span class='ocrx_word' id='word_1_263' title='bbox 1192 2739 1507 2794; x_wconf 86' lang='lat' dir='ltr'><strong>quanquam</strong></span> <span class='ocrx_word' id='word_1_264' title='bbox 1559 2733 1645 2780; x_wconf 91' lang='lat' dir='ltr'><strong>est</strong></span> <span class='ocrx_word' id='word_1_265' title='bbox 1691 2725 2108 2780; x_wconf 87' lang='lat' dir='ltr'><strong>contubernalis</strong></span> 
     </span>
    </p>
   </div>
   <div class='ocr_carea' id='block_1_44' title="bbox 523 2813 2109 2886">
    <p class='ocr_par' dir='ltr' id='par_1_44' title="bbox 523 2813 2109 2886">
     <span class='ocr_line' id='line_1_44' title="bbox 523 2813 2109 2886; baseline 0.004 -19"><span class='ocrx_word' id='word_1_266' title='bbox 523 2813 615 2868; x_wconf 91' lang='lat' dir='ltr'><strong>ille</strong></span> <span class='ocrx_word' id='word_1_267' title='bbox 651 2813 892 2883; x_wconf 87' lang='lat' dir='ltr'><strong>ignotus,</strong></span> <span class='ocrx_word' id='word_1_268' title='bbox 933 2813 1208 2885; x_wconf 87' lang='lat' dir='ltr'><strong>conjicere</strong></span> <span class='ocrx_word' id='word_1_269' title='bbox 1246 2813 1398 2880; x_wconf 88' lang='lat' dir='ltr'><strong>licet,</strong></span> <span class='ocrx_word' id='word_1_270' title='bbox 1436 2814 1624 2870; x_wconf 86' lang='lat' dir='ltr'><strong>statim</strong></span> <span class='ocrx_word' id='word_1_271' title='bbox 1667 2824 1832 2886; x_wconf 90' lang='lat' dir='ltr'><strong>atque</strong></span> <span class='ocrx_word' id='word_1_272' title='bbox 1879 2817 2109 2874; x_wconf 80' lang='lat' dir='ltr'><strong>Marcia-</strong></span> 
     </span>
    </p>
   </div>
   <div class='ocr_carea' id='block_1_45' title="bbox 523 2903 2105 2975">
    <p class='ocr_par' dir='ltr' id='par_1_45' title="bbox 523 2903 2105 2975">
     <span class='ocr_line' id='line_1_45' title="bbox 523 2903 2105 2975; baseline 0.001 -17"><span class='ocrx_word' id='word_1_273' title='bbox 523 2919 628 2960; x_wconf 88' lang='lat' dir='ltr'><strong>nus</strong></span> <span class='ocrx_word' id='word_1_274' title='bbox 683 2904 862 2962; x_wconf 88' lang='lat' dir='ltr'><strong>edicta</strong></span> <span class='ocrx_word' id='word_1_275' title='bbox 940 2903 1188 2969; x_wconf 89' lang='lat' dir='ltr'><strong>rescidit,</strong></span> <span class='ocrx_word' id='word_1_276' title='bbox 1237 2904 1442 2975; x_wconf 89' lang='lat' dir='ltr'><strong>quibus</strong></span> <span class='ocrx_word' id='word_1_277' title='bbox 1489 2904 1855 2974; x_wconf 86' lang='lat' dir='ltr'><strong>praedatorius</strong></span> <span class='ocrx_word' id='word_1_278' title='bbox 1902 2905 2105 2975; x_wconf 89' lang='lat' dir='ltr'><strong>Ephesi</strong></span> 
     </span>
    </p>
   </div>
   <div class='ocr_carea' id='block_1_46' title="bbox 521 2995 2106 3062">
    <p class='ocr_par' dir='ltr' id='par_1_46' title="bbox 521 2995 2106 3062">
     <span class='ocr_line' id='line_1_46' title="bbox 521 2995 2106 3062; baseline 0.001 -12"><span class='ocrx_word' id='word_1_279' title='bbox 521 3005 824 3050; x_wconf 84' lang='lat' dir='ltr'><strong>conventus</strong></span> <span class='ocrx_word' id='word_1_280' title='bbox 888 2995 1228 3062; x_wconf 86' lang='lat' dir='ltr'><strong>firmabatur,</strong></span> <span class='ocrx_word' id='word_1_281' title='bbox 1278 2996 1333 3050; x_wconf 94' lang='lat' dir='ltr'><strong>in</strong></span> <span class='ocrx_word' id='word_1_282' title='bbox 1361 2996 1680 3052; x_wconf 89' lang='lat' dir='ltr'><strong>civitatibus</strong></span> <span class='ocrx_word' id='word_1_283' title='bbox 1718 2997 1893 3052; x_wconf 90' lang='lat' dir='ltr'><strong>tribus</strong></span> <span class='ocrx_word' id='word_1_284' title='bbox 1930 2998 2106 3052; x_wconf 81' lang='lat' dir='ltr'><strong>maxi-</strong></span> 
     </span>
    </p>
   </div>
   <div class='ocr_carea' id='block_1_47' title="bbox 521 3085 2102 3162">
    <p class='ocr_par' dir='ltr' id='par_1_47' title="bbox 521 3085 2102 3162">
     <span class='ocr_line' id='line_1_47' title="bbox 521 3085 2102 3162; baseline 0.003 -22"><span class='ocrx_word' id='word_1_285' title='bbox 521 3086 658 3152; x_wconf 87' lang='lat' dir='ltr'><strong>mis,</strong></span> <span class='ocrx_word' id='word_1_286' title='bbox 706 3085 1214 3156; x_wconf 88' lang='lat' dir='ltr'><strong>Constantinopoli,</strong></span> <span class='ocrx_word' id='word_1_287' title='bbox 1250 3087 1544 3143; x_wconf 88' lang='lat' dir='ltr'><strong>Antiochia</strong></span> <span class='ocrx_word' id='word_1_288' title='bbox 1599 3096 1656 3143; x_wconf 88' lang='lat' dir='ltr'><strong>et</strong></span> <span class='ocrx_word' id='word_1_289' title='bbox 1687 3087 2102 3162; x_wconf 82' lang='lat' dir='ltr'><strong>Hierosolymis,</strong></span> 
     </span>
    </p>
   </div>
   <div class='ocr_carea' id='block_1_48' title="bbox 2279 1986 3801 2061">
    <p class='ocr_par' dir='ltr' id='par_1_48' title="bbox 2279 1986 3801 2061">
     <span class='ocr_line' id='line_1_48' title="bbox 2279 1986 3801 2061; baseline -0.003 -17"><span class='ocrx_word' id='word_1_290' title='bbox 2279 1989 2321 2044; x_wconf 91' lang='lat' dir='ltr'><strong>I.</strong></span> <span class='ocrx_word' id='word_1_291' title='bbox 2349 1989 2643 2061; x_wconf 88' lang='lat' dir='ltr'><strong>Postquam</strong></span> <span class='ocrx_word' id='word_1_292' title='bbox 2684 2005 2840 2045; x_wconf 90' lang='lat' dir='ltr'><strong>suam</strong></span> <span class='ocrx_word' id='word_1_293' title='bbox 2889 1989 2994 2046; x_wconf 87' lang='lat' dir='ltr'><strong>sibi</strong></span> <span class='ocrx_word' id='word_1_294' title='bbox 3040 1989 3446 2045; x_wconf 85' lang='lat' dir='ltr'><strong>restitutionem</strong></span> <span class='ocrx_word' id='word_1_295' title='bbox 3487 1995 3544 2042; x_wconf 87' lang='lat' dir='ltr'><strong>et</strong></span> <span class='ocrx_word' id='word_1_296' title='bbox 3589 1986 3801 2055; x_wconf 64' lang='lat' dir='ltr'><strong>iniqua</strong></span> 
     </span>
    </p>
   </div>
   <div class='ocr_carea' id='block_1_49' title="bbox 2211 2076 3802 2148">
    <p class='ocr_par' dir='ltr' id='par_1_49' title="bbox 2211 2076 3802 2148">
     <span class='ocr_line' id='line_1_49' title="bbox 2211 2076 3802 2148; baseline -0.002 -14"><span class='ocrx_word' id='word_1_297' title='bbox 2211 2082 2501 2136; x_wconf 73' lang='lat' dir='ltr'><strong>sententiae</strong></span> <span class='ocrx_word' id='word_1_298' title='bbox 2571 2082 2957 2136; x_wconf 89' lang='lat' dir='ltr'><strong>rescissionem</strong></span> <span class='ocrx_word' id='word_1_299' title='bbox 3010 2096 3136 2135; x_wconf 91' lang='lat' dir='ltr'><strong>eum</strong></span> <span class='ocrx_word' id='word_1_300' title='bbox 3183 2079 3438 2134; x_wconf 86' lang='lat' dir='ltr'><strong>Anatolio</strong></span> <span class='ocrx_word' id='word_1_301' title='bbox 3488 2076 3802 2148; x_wconf 75' lang='lat' dir='ltr'><strong>gratulatus</strong></span> 
     </span>
    </p>
   </div>
   <div class='ocr_carea' id='block_1_50' title="bbox 2209 2171 3800 2242">
    <p class='ocr_par' dir='ltr' id='par_1_50' title="bbox 2209 2171 3800 2242">
     <span class='ocr_line' id='line_1_50' title="bbox 2209 2171 3800 2242; baseline -0.002 -17"><span class='ocrx_word' id='word_1_302' title='bbox 2209 2178 2314 2234; x_wconf 88' lang='lat' dir='ltr'><strong>est,</strong></span> <span class='ocrx_word' id='word_1_303' title='bbox 2347 2171 2645 2226; x_wconf 86' lang='lat' dir='ltr'><strong>Patricium</strong></span> <span class='ocrx_word' id='word_1_304' title='bbox 2685 2183 2981 2242; x_wconf 88' lang='lat' dir='ltr'><strong>patronum</strong></span> <span class='ocrx_word' id='word_1_305' title='bbox 3007 2181 3184 2242; x_wconf 87' lang='lat' dir='ltr'><strong>rogat,</strong></span> <span class='ocrx_word' id='word_1_306' title='bbox 3221 2181 3282 2225; x_wconf 93' lang='lat' dir='ltr'><strong>ut</strong></span> <span class='ocrx_word' id='word_1_307' title='bbox 3313 2171 3543 2225; x_wconf 89' lang='lat' dir='ltr'><strong>suadeat</strong></span> <span class='ocrx_word' id='word_1_308' title='bbox 3584 2183 3800 2223; x_wconf 84' lang='lat' dir='ltr'><strong>convo-</strong></span> 
     </span>
    </p>
   </div>
   <div class='ocr_carea' id='block_1_51' title="bbox 2209 2260 3802 2335">
    <p class='ocr_par' dir='ltr' id='par_1_51' title="bbox 2209 2260 3802 2335">
     <span class='ocr_line' id='line_1_51' title="bbox 2209 2260 3802 2335; baseline -0.004 -17"><span class='ocrx_word' id='word_1_309' title='bbox 2209 2265 2322 2320; x_wconf 77' lang='lat' dir='ltr'><strong>cari</strong></span> <span class='ocrx_word' id='word_1_310' title='bbox 2377 2265 2668 2335; x_wconf 79' lang='lat' dir='ltr'><strong>synodum,</strong></span> <span class='ocrx_word' id='word_1_311' title='bbox 2712 2265 2802 2320; x_wconf 90' lang='lat' dir='ltr'><strong>cui</strong></span> <span class='ocrx_word' id='word_1_312' title='bbox 2857 2264 3166 2320; x_wconf 78' lang='lat' dir='ltr'><strong>Marcianus</strong></span> <span class='ocrx_word' id='word_1_313' title='bbox 3213 2279 3338 2317; x_wconf 87' lang='lat' dir='ltr'><strong>cum</strong></span> <span class='ocrx_word' id='word_1_314' title='bbox 3389 2263 3629 2330; x_wconf 84' lang='lat' dir='ltr'><strong>Augusta</strong></span> <span class='ocrx_word' id='word_1_315' title='bbox 3665 2260 3802 2313; x_wconf 78' lang='lat' dir='ltr'><strong>Pul-</strong></span> 
     </span>
    </p>
   </div>
   <div class='ocr_carea' id='block_1_52' title="bbox 2208 2353 3796 2426">
    <p class='ocr_par' dir='ltr' id='par_1_52' title="bbox 2208 2353 3796 2426">
     <span class='ocr_line' id='line_1_52' title="bbox 2208 2353 3796 2426; baseline -0.003 -16"><span class='ocrx_word' id='word_1_316' title='bbox 2208 2356 2399 2411; x_wconf 89' lang='lat' dir='ltr'><strong>chcria</strong></span> <span class='ocrx_word' id='word_1_317' title='bbox 2449 2357 2689 2422; x_wconf 89' lang='lat' dir='ltr'><strong>intersit,</strong></span> <span class='ocrx_word' id='word_1_318' title='bbox 2734 2357 2800 2412; x_wconf 89' lang='lat' dir='ltr'><strong>ad</strong></span> <span class='ocrx_word' id='word_1_319' title='bbox 2859 2357 3286 2426; x_wconf 86' lang='lat' dir='ltr'><strong>compescendas</strong></span> <span class='ocrx_word' id='word_1_320' title='bbox 3336 2353 3796 2411; x_wconf 88' lang='lat' dir='ltr'><strong>tunmltuantium</strong></span> 
     </span>
    </p>
   </div>
   <div class='ocr_carea' id='block_1_53' title="bbox 2208 2448 2424 2503">
    <p class='ocr_par' dir='ltr' id='par_1_53' title="bbox 2208 2448 2424 2503">
     <span class='ocr_line' id='line_1_53' title="bbox 2208 2448 2424 2503; baseline 0.005 -1"><span class='ocrx_word' id='word_1_321' title='bbox 2208 2448 2424 2503; x_wconf 86' lang='lat' dir='ltr'><strong>turbas.</strong></span> 
     </span>
    </p>
   </div>
   <div class='ocr_carea' id='block_1_54' title="bbox 2278 2539 3798 2611">
    <p class='ocr_par' dir='ltr' id='par_1_54' title="bbox 2278 2539 3798 2611">
     <span class='ocr_line' id='line_1_54' title="bbox 2278 2539 3798 2611; baseline -0.003 -15"><span class='ocrx_word' id='word_1_322' title='bbox 2278 2541 2344 2596; x_wconf 91' lang='lat' dir='ltr'><strong>Il.</strong></span> <span class='ocrx_word' id='word_1_323' title='bbox 2377 2542 2455 2596; x_wconf 78' lang='lat' dir='ltr'><strong>Ex</strong></span> <span class='ocrx_word' id='word_1_324' title='bbox 2500 2541 2588 2596; x_wconf 90' lang='lat' dir='ltr'><strong>his</strong></span> <span class='ocrx_word' id='word_1_325' title='bbox 2631 2550 2882 2597; x_wconf 89' lang='lat' dir='ltr'><strong>constat:</strong></span> <span class='ocrx_word' id='word_1_326' title='bbox 2934 2543 2984 2596; x_wconf 93' lang='grc'><strong>1.</strong></span> <span class='ocrx_word' id='word_1_327' title='bbox 3026 2541 3328 2611; x_wconf 79' lang='lat' dir='ltr'><strong>Epistulam</strong></span> <span class='ocrx_word' id='word_1_328' title='bbox 3370 2539 3630 2609; x_wconf 85' lang='lat' dir='ltr'><strong>scriptam</strong></span> <span class='ocrx_word' id='word_1_329' title='bbox 3668 2553 3798 2592; x_wconf 87' lang='lat' dir='ltr'><strong>esse</strong></span> 
     </span>
    </p>
   </div>
   <div class='ocr_carea' id='block_1_55' title="bbox 2207 2632 3798 2690">
    <p class='ocr_par' dir='ltr' id='par_1_55' title="bbox 2207 2632 3798 2690">
     <span class='ocr_line' id='line_1_55' title="bbox 2207 2632 3798 2690; baseline -0.004 -3"><span class='ocrx_word' id='word_1_330' title='bbox 2207 2633 2313 2687; x_wconf 92' lang='lat' dir='ltr'><strong>sub</strong></span> <span class='ocrx_word' id='word_1_331' title='bbox 2355 2635 2522 2687; x_wconf 82' lang='lat' dir='ltr'><strong>linem</strong></span> <span class='ocrx_word' id='word_1_332' title='bbox 2579 2634 2830 2690; x_wconf 85' lang='lat' dir='ltr'><strong>autumni</strong></span> <span class='ocrx_word' id='word_1_333' title='bbox 2878 2633 3007 2688; x_wconf 88' lang='lat' dir='ltr'><strong>anni</strong></span> <span class='ocrx_word' id='word_1_334' title='bbox 3069 2632 3191 2687; x_wconf 75' lang='grc'><strong>450.</strong></span> <span class='ocrx_word' id='word_1_335' title='bbox 3247 2632 3305 2688; x_wconf 73' lang='lat'><strong>2.</strong></span> <span class='ocrx_word' id='word_1_336' title='bbox 3361 2632 3798 2685; x_wconf 80' lang='lat' dir='ltr'><strong>Revocatiouem</strong></span> 
     </span>
    </p>
   </div>
   <div class='ocr_carea' id='block_1_56' title="bbox 2207 2725 3796 2798">
    <p class='ocr_par' dir='ltr' id='par_1_56' title="bbox 2207 2725 3796 2798">
     <span class='ocr_line' id='line_1_56' title="bbox 2207 2725 3796 2798; baseline -0.004 -15"><span class='ocrx_word' id='word_1_337' title='bbox 2207 2728 2543 2784; x_wconf 89' lang='lat' dir='ltr'><strong>Theodoreti</strong></span> <span class='ocrx_word' id='word_1_338' title='bbox 2583 2730 2796 2785; x_wconf 68' lang='lat' dir='ltr'><strong>caeteris</strong></span> <span class='ocrx_word' id='word_1_339' title='bbox 2841 2731 2898 2784; x_wconf 86' lang='lat' dir='ltr'><strong>in</strong></span> <span class='ocrx_word' id='word_1_340' title='bbox 2934 2730 3038 2784; x_wconf 92' lang='lat' dir='ltr'><strong>hoc</strong></span> <span class='ocrx_word' id='word_1_341' title='bbox 3081 2729 3300 2798; x_wconf 87' lang='lat' dir='ltr'><strong>negotio</strong></span> <span class='ocrx_word' id='word_1_342' title='bbox 3343 2726 3502 2781; x_wconf 85' lang='lat' dir='ltr'><strong>factis</strong></span> <span class='ocrx_word' id='word_1_343' title='bbox 3543 2725 3796 2794; x_wconf 82' lang='lat' dir='ltr'><strong>priorem</strong></span> 
     </span>
    </p>
   </div>
   <div class='ocr_carea' id='block_1_57' title="bbox 2206 2817 3798 2880">
    <p class='ocr_par' dir='ltr' id='par_1_57' title="bbox 2206 2817 3798 2880">
     <span class='ocr_line' id='line_1_57' title="bbox 2206 2817 3798 2880; baseline -0.002 -5"><span class='ocrx_word' id='word_1_344' title='bbox 2206 2821 2397 2877; x_wconf 86' lang='lat' dir='ltr'><strong>fuisse.</strong></span> <span class='ocrx_word' id='word_1_345' title='bbox 2445 2823 2497 2877; x_wconf 74' lang='lat'><strong>5.</strong></span> <span class='ocrx_word' id='word_1_346' title='bbox 2546 2823 2621 2878; x_wconf 90' lang='lat' dir='ltr'><strong>De</strong></span> <span class='ocrx_word' id='word_1_347' title='bbox 2647 2823 2924 2880; x_wconf 89' lang='lat' dir='ltr'><strong>sententia</strong></span> <span class='ocrx_word' id='word_1_348' title='bbox 2954 2821 3287 2877; x_wconf 88' lang='lat' dir='ltr'><strong>Theodoreti</strong></span> <span class='ocrx_word' id='word_1_349' title='bbox 3339 2829 3579 2876; x_wconf 86' lang='lat' dir='ltr'><strong>coactam</strong></span> <span class='ocrx_word' id='word_1_350' title='bbox 3620 2817 3798 2872; x_wconf 82' lang='lat' dir='ltr'><strong>fuisse</strong></span> 
     </span>
    </p>
   </div>
   <div class='ocr_carea' id='block_1_58' title="bbox 2205 2913 3798 2989">
    <p class='ocr_par' dir='ltr' id='par_1_58' title="bbox 2205 2913 3798 2989">
     <span class='ocr_line' id='line_1_58' title="bbox 2205 2913 3798 2989; baseline -0.003 -19"><span class='ocrx_word' id='word_1_351' title='bbox 2205 2916 2711 2974; x_wconf 88' lang='lat' dir='ltr'><strong>Chalcedonensem</strong></span> <span class='ocrx_word' id='word_1_352' title='bbox 2749 2918 3039 2989; x_wconf 85' lang='lat' dir='ltr'><strong>synodum.</strong></span> <span class='ocrx_word' id='word_1_353' title='bbox 3070 2918 3121 2970; x_wconf 74' lang='grc' dir='ltr'><strong>ι.</strong></span> <span class='ocrx_word' id='word_1_354' title='bbox 3154 2916 3327 2982; x_wconf 88' lang='lat' dir='ltr'><strong>Quam</strong></span> <span class='ocrx_word' id='word_1_355' title='bbox 3353 2915 3409 2968; x_wconf 91' lang='lat' dir='ltr'><strong>in</strong></span> <span class='ocrx_word' id='word_1_356' title='bbox 3452 2923 3569 2968; x_wconf 89' lang='lat' dir='ltr'><strong>tuto</strong></span> <span class='ocrx_word' id='word_1_357' title='bbox 3608 2913 3798 2967; x_wconf 90' lang='lat' dir='ltr'><strong>Theo-</strong></span> 
     </span>
    </p>
   </div>
   <div class='ocr_carea' id='block_1_59' title="bbox 2205 3005 3796 3080">
    <p class='ocr_par' dir='ltr' id='par_1_59' title="bbox 2205 3005 3796 3080">
     <span class='ocr_line' id='line_1_59' title="bbox 2205 3005 3796 3080; baseline -0.003 -17"><span class='ocrx_word' id='word_1_358' title='bbox 2205 3007 2383 3065; x_wconf 90' lang='lat' dir='ltr'><strong>doreti</strong></span> <span class='ocrx_word' id='word_1_359' title='bbox 2437 3025 2528 3064; x_wconf 90' lang='lat' dir='ltr'><strong>res</strong></span> <span class='ocrx_word' id='word_1_360' title='bbox 2572 3009 2771 3076; x_wconf 63' lang='lat' dir='ltr'><strong>futurae</strong></span> <span class='ocrx_word' id='word_1_361' title='bbox 2813 3018 3002 3065; x_wconf 90' lang='lat' dir='ltr'><strong>essent</strong></span> <span class='ocrx_word' id='word_1_362' title='bbox 3051 3008 3105 3063; x_wconf 93' lang='lat' dir='ltr'><strong>in</strong></span> <span class='ocrx_word' id='word_1_363' title='bbox 3142 3007 3371 3080; x_wconf 79' lang='lat' dir='ltr'><strong>synodo,</strong></span> <span class='ocrx_word' id='word_1_364' title='bbox 3404 3023 3497 3061; x_wconf 88' lang='lat' dir='ltr'><strong>eas</strong></span> <span class='ocrx_word' id='word_1_365' title='bbox 3535 3005 3796 3060; x_wconf 86' lang='lat' dir='ltr'><strong>Anatolio</strong></span> 
     </span>
    </p>
   </div>
   <div class='ocr_carea' id='block_1_60' title="bbox 2206 3099 3791 3172">
    <p class='ocr_par' dir='ltr' id='par_1_60' title="bbox 2206 3099 3791 3172">
     <span class='ocr_line' id='line_1_60' title="bbox 2206 3099 3791 3172; baseline -0.001 -18"><span class='ocrx_word' id='word_1_366' title='bbox 2206 3100 2563 3170; x_wconf 87' lang='lat' dir='ltr'><strong>patriciorum</strong></span> <span class='ocrx_word' id='word_1_367' title='bbox 2601 3102 2801 3172; x_wconf 88' lang='lat' dir='ltr'><strong>primo,</strong></span> <span class='ocrx_word' id='word_1_368' title='bbox 2845 3101 3100 3170; x_wconf 90' lang='lat' dir='ltr'><strong>aliisque,</strong></span> <span class='ocrx_word' id='word_1_369' title='bbox 3136 3109 3196 3154; x_wconf 95' lang='lat' dir='ltr'><strong>ut</strong></span> <span class='ocrx_word' id='word_1_370' title='bbox 3229 3116 3356 3154; x_wconf 79' lang='lat' dir='ltr'><strong>mox</strong></span> <span class='ocrx_word' id='word_1_371' title='bbox 3401 3099 3640 3163; x_wconf 89' lang='lat' dir='ltr'><strong>dicetur,</strong></span> <span class='ocrx_word' id='word_1_372' title='bbox 3685 3114 3791 3168; x_wconf 82' lang='lat' dir='ltr'><strong>po-</strong></span> 
     </span>
    </p>
   </div>
   <div class='ocr_carea' id='block_1_61' title="bbox 520 3175 2105 3264">
    <p class='ocr_par' dir='ltr' id='par_1_61' title="bbox 520 3175 2097 3249">
     <span class='ocr_line' id='line_1_61' title="bbox 520 3175 2097 3249; baseline 0.002 -16"><span class='ocrx_word' id='word_1_373' title='bbox 520 3176 728 3234; x_wconf 84' lang='lat' dir='ltr'><strong>dictum</strong></span> <span class='ocrx_word' id='word_1_374' title='bbox 764 3175 931 3232; x_wconf 88' lang='lat' dir='ltr'><strong>fuisse</strong></span> <span class='ocrx_word' id='word_1_375' title='bbox 955 3178 1248 3234; x_wconf 86' lang='lat' dir='ltr'><strong>anathema</strong></span> <span class='ocrx_word' id='word_1_376' title='bbox 1286 3178 1545 3249; x_wconf 86' lang='lat' dir='ltr'><strong>Eutycbi,</strong></span> <span class='ocrx_word' id='word_1_377' title='bbox 1584 3193 1849 3248; x_wconf 57' lang='lat' dir='ltr'><strong>novasque</strong></span> <span class='ocrx_word' id='word_1_378' title='bbox 1883 3181 2097 3236; x_wconf 64' lang='lat' dir='ltr'><strong>haeresi.</strong></span> 
     </span>
    </p>
   </div>
   <div class='ocr_carea' id='block_1_62' title="bbox 2204 3175 3793 3264">
    <p class='ocr_par' dir='ltr' id='par_1_62' title="bbox 2205 3193 3793 3264">
     <span class='ocr_line' id='line_1_62' title="bbox 2205 3193 3793 3264; baseline -0.002 -17"><span class='ocrx_word' id='word_1_379' title='bbox 2205 3193 2533 3248; x_wconf 90' lang='lat' dir='ltr'><strong>tentissimis</strong></span> <span class='ocrx_word' id='word_1_380' title='bbox 2557 3194 2729 3248; x_wconf 89' lang='lat' dir='ltr'><strong>totius</strong></span> <span class='ocrx_word' id='word_1_381' title='bbox 2755 3194 2972 3264; x_wconf 89' lang='lat' dir='ltr'><strong>imperii</strong></span> <span class='ocrx_word' id='word_1_382' title='bbox 3004 3193 3136 3249; x_wconf 85' lang='lat' dir='ltr'><strong>viris</strong></span> <span class='ocrx_word' id='word_1_383' title='bbox 3163 3202 3271 3246; x_wconf 88' lang='lat' dir='ltr'><strong>tam</strong></span> <span class='ocrx_word' id='word_1_384' title='bbox 3302 3205 3574 3262; x_wconf 87' lang='lat' dir='ltr'><strong>propense</strong></span> <span class='ocrx_word' id='word_1_385' title='bbox 3595 3230 3609 3256; x_wconf 91' lang='lat'><strong>,</strong></span> <span class='ocrx_word' id='word_1_386' title='bbox 3651 3199 3793 3245; x_wconf 87' lang='lat' dir='ltr'><strong>tam-</strong></span> 
     </span>
    </p>
   </div>
   <div class='ocr_carea' id='block_1_63' title="bbox 593 3268 2102 3340">
    <p class='ocr_par' dir='ltr' id='par_1_63' title="bbox 593 3268 2102 3340">
     <span class='ocr_line' id='line_1_63' title="bbox 593 3268 2102 3340; baseline 0.002 -16"><span class='ocrx_word' id='word_1_387' title='bbox 593 3268 657 3324; x_wconf 75' lang='grc' dir='ltr'><strong><em>ν.</em></strong></span> <span class='ocrx_word' id='word_1_388' title='bbox 708 3269 997 3333; x_wconf 80' lang='lat' dir='ltr'><strong>Romulus,</strong></span> <span class='ocrx_word' id='word_1_389' title='bbox 1031 3268 1100 3322; x_wconf 92' lang='lat' dir='ltr'><strong>ad</strong></span> <span class='ocrx_word' id='word_1_390' title='bbox 1139 3285 1303 3339; x_wconf 86' lang='lat' dir='ltr'><strong>quem</strong></span> <span class='ocrx_word' id='word_1_391' title='bbox 1339 3278 1424 3324; x_wconf 91' lang='lat' dir='ltr'><strong>est</strong></span> <span class='ocrx_word' id='word_1_392' title='bbox 1447 3269 1701 3340; x_wconf 78' lang='lat' dir='ltr'><strong>epistola,</strong></span> <span class='ocrx_word' id='word_1_393' title='bbox 1741 3271 1846 3325; x_wconf 81' lang='lat' dir='ltr'><strong>fuit</strong></span> <span class='ocrx_word' id='word_1_394' title='bbox 1882 3271 2102 3327; x_wconf 91' lang='lat' dir='ltr'><strong>Chalci-</strong></span> 
     </span>
    </p>
   </div>
   <div class='ocr_carea' id='block_1_64' title="bbox 519 3353 2104 3425">
    <p class='ocr_par' dir='ltr' id='par_1_64' title="bbox 519 3353 2104 3425">
     <span class='ocr_line' id='line_1_64' title="bbox 519 3353 2104 3425; baseline 0.004 -16"><span class='ocrx_word' id='word_1_395' title='bbox 519 3353 706 3410; x_wconf 86' lang='lat' dir='ltr'><strong>densis</strong></span> <span class='ocrx_word' id='word_1_396' title='bbox 731 3355 1045 3425; x_wconf 87' lang='lat' dir='ltr'><strong>episcopus,</strong></span> <span class='ocrx_word' id='word_1_397' title='bbox 1080 3364 1141 3409; x_wconf 92' lang='lat' dir='ltr'><strong>ut</strong></span> <span class='ocrx_word' id='word_1_398' title='bbox 1171 3357 1380 3411; x_wconf 89' lang='lat' dir='ltr'><strong>dictum</strong></span> <span class='ocrx_word' id='word_1_399' title='bbox 1411 3366 1513 3412; x_wconf 90' lang='lat' dir='ltr'><strong>est.</strong></span> <span class='ocrx_word' id='word_1_400' title='bbox 1544 3361 1560 3378; x_wconf 81' lang='lat'><strong>&#39;</strong></span> <span class='ocrx_word' id='word_1_401' title='bbox 1589 3359 1846 3414; x_wconf 79' lang='lat' dir='ltr'><strong>Interfuit</strong></span> <span class='ocrx_word' id='word_1_402' title='bbox 1868 3361 2104 3416; x_wconf 91' lang='lat' dir='ltr'><strong>concilio</strong></span> 
     </span>
    </p>
   </div>
   <div class='ocr_carea' id='block_1_65' title="bbox 515 3443 2098 3520">
    <p class='ocr_par' dir='ltr' id='par_1_65' title="bbox 515 3443 2098 3520">
     <span class='ocr_line' id='line_1_65' title="bbox 515 3443 2098 3520; baseline 0.004 -21"><span class='ocrx_word' id='word_1_403' title='bbox 515 3443 955 3501; x_wconf 80' lang='lat' dir='ltr'><strong>Chalcedonensi</strong></span> <span class='ocrx_word' id='word_1_404' title='bbox 993 3461 1140 3501; x_wconf 87' lang='lat' dir='ltr'><strong>anno</strong></span> <span class='ocrx_word' id='word_1_405' title='bbox 1170 3445 1296 3511; x_wconf 71' lang='grc'><strong>451,</strong></span> <span class='ocrx_word' id='word_1_406' title='bbox 1330 3462 1434 3502; x_wconf 88' lang='lat' dir='ltr'><strong>nec</strong></span> <span class='ocrx_word' id='word_1_407' title='bbox 1459 3447 1555 3501; x_wconf 92' lang='lat' dir='ltr'><strong>diu</strong></span> <span class='ocrx_word' id='word_1_408' title='bbox 1593 3447 1752 3519; x_wconf 79' lang='lat'><strong>351</strong></span> <span class='ocrx_word' id='word_1_409' title='bbox 1790 3451 2098 3520; x_wconf 81' lang='lat' dir='ltr'><strong>superfuit:</strong></span> 
     </span>
    </p>
   </div>
   <div class='ocr_carea' id='block_1_66' title="bbox 518 3536 2100 3617">
    <p class='ocr_par' dir='ltr' id='par_1_66' title="bbox 518 3536 2100 3617">
     <span class='ocr_line' id='line_1_66' title="bbox 518 3536 2100 3617; baseline 0.004 -27"><span class='ocrx_word' id='word_1_410' title='bbox 518 3551 664 3590; x_wconf 90' lang='lat' dir='ltr'><strong>anno</strong></span> <span class='ocrx_word' id='word_1_411' title='bbox 694 3537 840 3590; x_wconf 89' lang='lat' dir='ltr'><strong>enim</strong></span> <span class='ocrx_word' id='word_1_412' title='bbox 887 3536 1014 3601; x_wconf 77' lang='grc'><strong>458,</strong></span> <span class='ocrx_word' id='word_1_413' title='bbox 1058 3537 1256 3593; x_wconf 89' lang='lat' dir='ltr'><strong>litteris</strong></span> <span class='ocrx_word' id='word_1_414' title='bbox 1287 3538 1564 3617; x_wconf 87' lang='lat' dir='ltr'><strong>synodicis</strong></span> <span class='ocrx_word' id='word_1_415' title='bbox 1614 3539 1783 3611; x_wconf 72' lang='lat' dir='ltr'><strong>Syriae</strong></span> <span class='ocrx_word' id='word_1_416' title='bbox 1818 3541 2007 3611; x_wconf 70' lang='lat' dir='ltr'><strong>prima:</strong></span> <span class='ocrx_word' id='word_1_417' title='bbox 2032 3540 2100 3596; x_wconf 89' lang='lat' dir='ltr'><strong>ad</strong></span> 
     </span>
    </p>
   </div>
   <div class='ocr_carea' id='block_1_67' title="bbox 519 3629 2154 3705">
    <p class='ocr_par' dir='ltr' id='par_1_67' title="bbox 519 3629 2154 3705">
     <span class='ocr_line' id='line_1_67' title="bbox 519 3629 2154 3705; baseline 0.004 -22"><span class='ocrx_word' id='word_1_418' title='bbox 519 3629 757 3684; x_wconf 86' lang='lat' dir='ltr'><strong>Leonem</strong></span> <span class='ocrx_word' id='word_1_419' title='bbox 781 3630 1190 3704; x_wconf 30' lang='lat' dir='ltr'><strong>imperatorem,</strong></span> <span class='ocrx_word' id='word_1_420' title='bbox 1211 3631 1453 3692; x_wconf 87' lang='lat' dir='ltr'><strong>Domnus</strong></span> <span class='ocrx_word' id='word_1_421' title='bbox 1473 3631 1858 3689; x_wconf 87' lang='lat' dir='ltr'><strong>Chalcidensis</strong></span> <span class='ocrx_word' id='word_1_422' title='bbox 1889 3634 2102 3705; x_wconf 90' lang='lat' dir='ltr'><strong>episco-</strong></span> <span class='ocrx_word' id='word_1_423' title='bbox 2150 3667 2154 3671; x_wconf 51' lang='grc' dir='ltr'><strong><em>λ</em></strong></span> 
     </span>
    </p>
   </div>
   <div class='ocr_carea' id='block_1_68' title="bbox 518 3721 997 3792">
    <p class='ocr_par' dir='ltr' id='par_1_68' title="bbox 518 3721 997 3792">
     <span class='ocr_line' id='line_1_68' title="bbox 518 3721 997 3792; baseline -0.002 -15"><span class='ocrx_word' id='word_1_424' title='bbox 518 3737 624 3792; x_wconf 86' lang='lat' dir='ltr'><strong>pus</strong></span> <span class='ocrx_word' id='word_1_425' title='bbox 649 3721 997 3792; x_wconf 86' lang='lat' dir='ltr'><strong>subscripsit.</strong></span> 
     </span>
    </p>
   </div>
   <div class='ocr_carea' id='block_1_69' title="bbox 518 3831 2099 3906">
    <p class='ocr_par' dir='ltr' id='par_1_69' title="bbox 518 3831 2099 3906">
     <span class='ocr_line' id='line_1_69' title="bbox 518 3831 2099 3906; baseline 0.002 -18"><span class='ocrx_word' id='word_1_426' title='bbox 518 3832 920 3906; x_wconf 63' lang='lat' dir='ltr'><strong>Epistoladlili,</strong></span> <span class='ocrx_word' id='word_1_427' title='bbox 960 3833 1030 3886; x_wconf 82' lang='lat' dir='ltr'><strong>ad</strong></span> <span class='ocrx_word' id='word_1_428' title='bbox 1047 3831 1246 3903; x_wconf 80' lang='lat' dir='ltr'><strong>Cyrum</strong></span> <span class='ocrx_word' id='word_1_429' title='bbox 1297 3833 1710 3906; x_wconf 70' lang='lat' dir='ltr'><strong>Magistrianum</strong></span> <span class='ocrx_word' id='word_1_430' title='bbox 1745 3835 2099 3892; x_wconf 77' lang='lat' dir='ltr'><strong>consolatorie</strong></span> 
     </span>
    </p>
   </div>
   <div class='ocr_carea' id='block_1_70' title="bbox 763 3903 1849 3974">
    <p class='ocr_par' dir='ltr' id='par_1_70' title="bbox 763 3903 1849 3974">
     <span class='ocr_line' id='line_1_70' title="bbox 763 3903 1849 3974; baseline 0.002 -18"><span class='ocrx_word' id='word_1_431' title='bbox 763 3905 818 3957; x_wconf 80' lang='lat' dir='ltr'><strong>in</strong></span> <span class='ocrx_word' id='word_1_432' title='bbox 853 3903 1036 3972; x_wconf 83' lang='lat' dir='ltr'><strong>funere</strong></span> <span class='ocrx_word' id='word_1_433' title='bbox 1059 3906 1240 3959; x_wconf 66' lang='lat' dir='ltr'><strong>umoris</strong></span> <span class='ocrx_word' id='word_1_434' title='bbox 1276 3912 1324 3957; x_wconf 90' lang='lat' dir='ltr'><strong>et</strong></span> <span class='ocrx_word' id='word_1_435' title='bbox 1346 3903 1447 3974; x_wconf 77' lang='lat' dir='ltr'><strong>ﬁlii</strong></span> <span class='ocrx_word' id='word_1_436' title='bbox 1482 3903 1849 3959; x_wconf 82' lang='lat' dir='ltr'><strong>adolescentis.</strong></span> 
     </span>
    </p>
   </div>
   <div class='ocr_carea' id='block_1_71' title="bbox 586 4015 2098 4090">
    <p class='ocr_par' dir='ltr' id='par_1_71' title="bbox 586 4015 2098 4090">
     <span class='ocr_line' id='line_1_71' title="bbox 586 4015 2098 4090; baseline 0.003 -18"><span class='ocrx_word' id='word_1_437' title='bbox 586 4015 804 4072; x_wconf 84' lang='lat' dir='ltr'><strong>Nullam</strong></span> <span class='ocrx_word' id='word_1_438' title='bbox 832 4016 1054 4086; x_wconf 70' lang='lat' dir='ltr'><strong>praefert</strong></span> <span class='ocrx_word' id='word_1_439' title='bbox 1073 4021 1337 4090; x_wconf 88' lang='lat' dir='ltr'><strong>temporis</strong></span> <span class='ocrx_word' id='word_1_440' title='bbox 1352 4029 1558 4076; x_wconf 80' lang='lat' dir='ltr'><strong>certam</strong></span> <span class='ocrx_word' id='word_1_441' title='bbox 1587 4029 1805 4087; x_wconf 89' lang='lat' dir='ltr'><strong>notam;</strong></span> <span class='ocrx_word' id='word_1_442' title='bbox 1830 4021 2098 4077; x_wconf 91' lang='lat' dir='ltr'><strong>credibile</strong></span> 
     </span>
    </p>
   </div>
   <div class='ocr_carea' id='block_1_72' title="bbox 522 4109 2097 4182">
    <p class='ocr_par' dir='ltr' id='par_1_72' title="bbox 522 4109 2097 4182">
     <span class='ocr_line' id='line_1_72' title="bbox 522 4109 2097 4182; baseline 0.006 -22"><span class='ocrx_word' id='word_1_443' title='bbox 522 4116 706 4161; x_wconf 81' lang='lat' dir='ltr'><strong>tamen</strong></span> <span class='ocrx_word' id='word_1_444' title='bbox 735 4115 821 4162; x_wconf 91' lang='lat' dir='ltr'><strong>est</strong></span> <span class='ocrx_word' id='word_1_445' title='bbox 853 4109 1000 4163; x_wconf 91' lang='lat' dir='ltr'><strong>circa</strong></span> <span class='ocrx_word' id='word_1_446' title='bbox 1050 4110 1241 4167; x_wconf 70' lang='lat' dir='ltr'><strong>isthmc</strong></span> <span class='ocrx_word' id='word_1_447' title='bbox 1269 4121 1519 4182; x_wconf 85' lang='lat' dir='ltr'><strong>tempora</strong></span> <span class='ocrx_word' id='word_1_448' title='bbox 1563 4112 1822 4182; x_wconf 87' lang='lat' dir='ltr'><strong>scriptam</strong></span> <span class='ocrx_word' id='word_1_449' title='bbox 1856 4130 1998 4179; x_wconf 89' lang='lat' dir='ltr'><strong>esse,</strong></span> <span class='ocrx_word' id='word_1_450' title='bbox 2050 4115 2097 4170; x_wconf 89' lang='lat' dir='ltr'><strong>si</strong></span> 
     </span>
    </p>
   </div>
   <div class='ocr_carea' id='block_1_73' title="bbox 515 4199 2097 4276">
    <p class='ocr_par' dir='ltr' id='par_1_73' title="bbox 515 4199 2097 4276">
     <span class='ocr_line' id='line_1_73' title="bbox 515 4199 2097 4276; baseline 0.005 -22"><span class='ocrx_word' id='word_1_451' title='bbox 515 4199 680 4254; x_wconf 88' lang='lat' dir='ltr'><strong>modo</strong></span> <span class='ocrx_word' id='word_1_452' title='bbox 710 4199 904 4271; x_wconf 75' lang='lat' dir='ltr'><strong>Cyrus,</strong></span> <span class='ocrx_word' id='word_1_453' title='bbox 941 4216 1104 4271; x_wconf 88' lang='lat' dir='ltr'><strong>quem</strong></span> <span class='ocrx_word' id='word_1_454' title='bbox 1143 4202 1527 4260; x_wconf 87' lang='lat' dir='ltr'><strong>Theodoretus</strong></span> <span class='ocrx_word' id='word_1_455' title='bbox 1558 4204 1614 4259; x_wconf 91' lang='lat' dir='ltr'><strong>in</strong></span> <span class='ocrx_word' id='word_1_456' title='bbox 1659 4208 1917 4276; x_wconf 68' lang='lat' dir='ltr'><strong>praesenti</strong></span> <span class='ocrx_word' id='word_1_457' title='bbox 1963 4223 2097 4262; x_wconf 91' lang='lat' dir='ltr'><strong>con-</strong></span> 
     </span>
    </p>
   </div>
   <div class='ocr_carea' id='block_1_74' title="bbox 514 4289 2099 4367">
    <p class='ocr_par' dir='ltr' id='par_1_74' title="bbox 514 4289 2099 4367">
     <span class='ocr_line' id='line_1_74' title="bbox 514 4289 2099 4367; baseline 0.007 -26"><span class='ocrx_word' id='word_1_458' title='bbox 514 4289 746 4354; x_wconf 84' lang='lat' dir='ltr'><strong>solatur,</strong></span> <span class='ocrx_word' id='word_1_459' title='bbox 804 4289 873 4343; x_wconf 89' lang='lat' dir='ltr'><strong>ab</strong></span> <span class='ocrx_word' id='word_1_460' title='bbox 915 4305 982 4345; x_wconf 90' lang='lat' dir='ltr'><strong>eo</strong></span> <span class='ocrx_word' id='word_1_461' title='bbox 1035 4307 1147 4346; x_wconf 90' lang='lat' dir='ltr'><strong>non</strong></span> <span class='ocrx_word' id='word_1_462' title='bbox 1197 4291 1406 4357; x_wconf 75' lang='lat' dir='ltr'><strong>differt,</strong></span> <span class='ocrx_word' id='word_1_463' title='bbox 1453 4293 1543 4347; x_wconf 90' lang='lat' dir='ltr'><strong>cui</strong></span> <span class='ocrx_word' id='word_1_464' title='bbox 1589 4294 1794 4364; x_wconf 77' lang='lat' dir='ltr'><strong>gratias</strong></span> <span class='ocrx_word' id='word_1_465' title='bbox 1839 4297 1951 4367; x_wconf 89' lang='lat' dir='ltr'><strong>agit</strong></span> <span class='ocrx_word' id='word_1_466' title='bbox 1980 4297 2099 4367; x_wconf 91' lang='lat' dir='ltr'><strong>epi-</strong></span> 
     </span>
    </p>
   </div>
   <div class='ocr_carea' id='block_1_75' title="bbox 507 4379 2096 4447">
    <p class='ocr_par' dir='ltr' id='par_1_75' title="bbox 507 4379 2096 4447">
     <span class='ocr_line' id='line_1_75' title="bbox 507 4379 2096 4447; baseline 0.004 -12"><span class='ocrx_word' id='word_1_467' title='bbox 507 4379 653 4436; x_wconf 76' lang='lat' dir='ltr'><strong>-3tola</strong></span> <span class='ocrx_word' id='word_1_468' title='bbox 714 4380 801 4447; x_wconf 75' lang='grc'><strong>15,</strong></span> <span class='ocrx_word' id='word_1_469' title='bbox 856 4381 927 4436; x_wconf 90' lang='lat' dir='ltr'><strong>ob</strong></span> <span class='ocrx_word' id='word_1_470' title='bbox 999 4383 1225 4438; x_wconf 83' lang='lat' dir='ltr'><strong>missum</strong></span> <span class='ocrx_word' id='word_1_471' title='bbox 1269 4382 1458 4445; x_wconf 87' lang='lat' dir='ltr'><strong>vinum</strong></span> <span class='ocrx_word' id='word_1_472' title='bbox 1511 4383 1824 4440; x_wconf 84' lang='lat' dir='ltr'><strong>Lesbium:</strong></span> <span class='ocrx_word' id='word_1_473' title='bbox 1877 4388 2096 4444; x_wconf 90' lang='lat' dir='ltr'><strong>videtur</strong></span> 
     </span>
    </p>
   </div>
   <div class='ocr_carea' id='block_1_76' title="bbox 504 4471 2095 4551">
    <p class='ocr_par' dir='ltr' id='par_1_76' title="bbox 504 4471 2095 4551">
     <span class='ocr_line' id='line_1_76' title="bbox 504 4471 2095 4551; baseline 0.005 -25"><span class='ocrx_word' id='word_1_474' title='bbox 504 4471 663 4526; x_wconf 75' lang='lat' dir='ltr'><strong>enim</strong></span> <span class='ocrx_word' id='word_1_475' title='bbox 702 4480 758 4527; x_wconf 88' lang='lat' dir='ltr'><strong>et</strong></span> <span class='ocrx_word' id='word_1_476' title='bbox 791 4473 994 4544; x_wconf 86' lang='lat' dir='ltr'><strong>gratias</strong></span> <span class='ocrx_word' id='word_1_477' title='bbox 1033 4476 1244 4546; x_wconf 83' lang='lat' dir='ltr'><strong>egisse,</strong></span> <span class='ocrx_word' id='word_1_478' title='bbox 1277 4490 1402 4530; x_wconf 89' lang='lat' dir='ltr'><strong>cum</strong></span> <span class='ocrx_word' id='word_1_479' title='bbox 1450 4477 1601 4548; x_wconf 89' lang='lat' dir='ltr'><strong>regio</strong></span> <span class='ocrx_word' id='word_1_480' title='bbox 1647 4478 1907 4537; x_wconf 88' lang='lat' dir='ltr'><strong>mandato</strong></span> <span class='ocrx_word' id='word_1_481' title='bbox 1952 4479 2095 4551; x_wconf 83' lang='lat' dir='ltr'><strong>Cyro</strong></span> 
     </span>
    </p>
   </div>
   <div class='ocr_carea' id='block_1_77' title="bbox 515 4563 2094 4641">
    <p class='ocr_par' dir='ltr' id='par_1_77' title="bbox 515 4563 2094 4641">
     <span class='ocr_line' id='line_1_77' title="bbox 515 4563 2094 4641; baseline 0.006 -25"><span class='ocrx_word' id='word_1_482' title='bbox 515 4563 880 4631; x_wconf 87' lang='lat' dir='ltr'><strong>detineretur,</strong></span> <span class='ocrx_word' id='word_1_483' title='bbox 949 4577 1004 4623; x_wconf 91' lang='lat' dir='ltr'><strong>et</strong></span> <span class='ocrx_word' id='word_1_484' title='bbox 1059 4567 1376 4624; x_wconf 84' lang='lat' dir='ltr'><strong>consolatus</strong></span> <span class='ocrx_word' id='word_1_485' title='bbox 1437 4567 1723 4636; x_wconf 80' lang='lat' dir='ltr'><strong>afﬂictum,</strong></span> <span class='ocrx_word' id='word_1_486' title='bbox 1800 4573 2094 4641; x_wconf 87' lang='lat' dir='ltr'><strong>posteriori</strong></span> 
     </span>
    </p>
   </div>
   <div class='ocr_carea' id='block_1_78' title="bbox 505 4663 783 4726">
    <p class='ocr_par' dir='ltr' id='par_1_78' title="bbox 505 4663 783 4726">
     <span class='ocr_line' id='line_1_78' title="bbox 505 4663 783 4726; baseline 0.022 -22"><span class='ocrx_word' id='word_1_487' title='bbox 505 4663 783 4726; x_wconf 88' lang='lat' dir='ltr'><strong>.tempore.</strong></span> 
     </span>
    </p>
   </div>
   <div class='ocr_carea' id='block_1_79' title="bbox 621 4767 1954 4838">
    <p class='ocr_par' dir='ltr' id='par_1_79' title="bbox 621 4767 1954 4838">
     <span class='ocr_line' id='line_1_79' title="bbox 621 4767 1954 4838; baseline 0.006 -17"><span class='ocrx_word' id='word_1_488' title='bbox 621 4767 862 4838; x_wconf 74' lang='lat' dir='ltr'><strong>Epistola</strong></span> <span class='ocrx_word' id='word_1_489' title='bbox 902 4771 1024 4838; x_wconf 76' lang='lat' dir='ltr'><strong>I37,</strong></span> <span class='ocrx_word' id='word_1_490' title='bbox 1055 4773 1124 4826; x_wconf 84' lang='lat' dir='ltr'><strong>ad</strong></span> <span class='ocrx_word' id='word_1_491' title='bbox 1155 4773 1419 4828; x_wconf 84' lang='lat' dir='ltr'><strong>Joannem</strong></span> <span class='ocrx_word' id='word_1_492' title='bbox 1457 4773 1954 4829; x_wconf 79' lang='lat' dir='ltr'><strong>archimandritam.</strong></span> 
     </span>
    </p>
   </div>
   <div class='ocr_carea' id='block_1_80' title="bbox 582 4879 2091 4956">
    <p class='ocr_par' dir='ltr' id='par_1_80' title="bbox 582 4879 2091 4956">
     <span class='ocr_line' id='line_1_80' title="bbox 582 4879 2091 4956; baseline 0.006 -23"><span class='ocrx_word' id='word_1_493' title='bbox 582 4879 623 4933; x_wconf 91' lang='lat' dir='ltr'><strong>I.</strong></span> <span class='ocrx_word' id='word_1_494' title='bbox 655 4880 917 4935; x_wconf 79' lang='lat' dir='ltr'><strong>Hortatur</strong></span> <span class='ocrx_word' id='word_1_495' title='bbox 951 4883 1017 4936; x_wconf 87' lang='lat' dir='ltr'><strong>ad</strong></span> <span class='ocrx_word' id='word_1_496' title='bbox 1041 4885 1247 4956; x_wconf 84' lang='lat' dir='ltr'><strong>gratias</strong></span> <span class='ocrx_word' id='word_1_497' title='bbox 1277 4885 1390 4939; x_wconf 90' lang='lat' dir='ltr'><strong>Deo</strong></span> <span class='ocrx_word' id='word_1_498' title='bbox 1421 4883 1681 4954; x_wconf 86' lang='lat' dir='ltr'><strong>agendas,</strong></span> <span class='ocrx_word' id='word_1_499' title='bbox 1719 4885 1865 4953; x_wconf 91' lang='lat' dir='ltr'><strong>quod</strong></span> <span class='ocrx_word' id='word_1_500' title='bbox 1894 4905 1912 4936; x_wconf 73' lang='grc' dir='ltr'><strong>ε</strong></span> <span class='ocrx_word' id='word_1_501' title='bbox 1939 4886 2091 4942; x_wconf 84' lang='lat' dir='ltr'><strong>adul-</strong></span> 
     </span>
    </p>
   </div>
   <div class='ocr_carea' id='block_1_81' title="bbox 495 4970 2089 5045">
    <p class='ocr_par' dir='ltr' id='par_1_81' title="bbox 495 4970 2089 5045">
     <span class='ocr_line' id='line_1_81' title="bbox 495 4970 2089 5045; baseline 0.007 -22"><span class='ocrx_word' id='word_1_502' title='bbox 495 4970 689 5024; x_wconf 54' lang='lat' dir='ltr'><strong>‘terina</strong></span> <span class='ocrx_word' id='word_1_503' title='bbox 716 4987 780 5025; x_wconf 90' lang='lat' dir='ltr'><strong>ac</strong></span> <span class='ocrx_word' id='word_1_504' title='bbox 823 4974 1008 5042; x_wconf 88' lang='lat' dir='ltr'><strong>spuria</strong></span> <span class='ocrx_word' id='word_1_505' title='bbox 1052 4973 1309 5043; x_wconf 85' lang='lat' dir='ltr'><strong>dogmata</strong></span> <span class='ocrx_word' id='word_1_506' title='bbox 1341 4974 1698 5043; x_wconf 83' lang='lat' dir='ltr'><strong>dissipasset;</strong></span> <span class='ocrx_word' id='word_1_507' title='bbox 1742 4989 1864 5045; x_wconf 76' lang='lat' dir='ltr'><strong>quae</strong></span> <span class='ocrx_word' id='word_1_508' title='bbox 1906 4987 2089 5034; x_wconf 88' lang='lat' dir='ltr'><strong>autem</strong></span> 
     </span>
    </p>
   </div>
   <div class='ocr_carea' id='block_1_82' title="bbox 501 5061 2085 5135">
    <p class='ocr_par' dir='ltr' id='par_1_82' title="bbox 501 5061 2085 5135">
     <span class='ocr_line' id='line_1_82' title="bbox 501 5061 2085 5135; baseline 0.007 -19"><span class='ocrx_word' id='word_1_509' title='bbox 501 5061 564 5116; x_wconf 82' lang='lat' dir='ltr'><strong>in</strong></span> <span class='ocrx_word' id='word_1_510' title='bbox 618 5064 790 5118; x_wconf 83' lang='lat' dir='ltr'><strong>sacris</strong></span> <span class='ocrx_word' id='word_1_511' title='bbox 833 5065 1148 5135; x_wconf 82' lang='lat' dir='ltr'><strong>Evangeliis</strong></span> <span class='ocrx_word' id='word_1_512' title='bbox 1197 5066 1360 5120; x_wconf 85' lang='lat' dir='ltr'><strong>nobis</strong></span> <span class='ocrx_word' id='word_1_513' title='bbox 1405 5064 1658 5130; x_wconf 85' lang='lat' dir='ltr'><strong>tradidit,</strong></span> <span class='ocrx_word' id='word_1_514' title='bbox 1714 5081 1781 5121; x_wconf 89' lang='lat' dir='ltr'><strong>ea</strong></span> <span class='ocrx_word' id='word_1_515' title='bbox 1809 5076 1870 5122; x_wconf 90' lang='lat' dir='ltr'><strong>ut</strong></span> <span class='ocrx_word' id='word_1_516' title='bbox 1910 5069 2085 5126; x_wconf 85' lang='lat' dir='ltr'><strong>libere</strong></span> 
     </span>
    </p>
   </div>
   <div class='ocr_carea' id='block_1_83' title="bbox 502 5152 1208 5222">
    <p class='ocr_par' dir='ltr' id='par_1_83' title="bbox 502 5152 1208 5222">
     <span class='ocr_line' id='line_1_83' title="bbox 502 5152 1208 5222; baseline -0.003 -14"><span class='ocrx_word' id='word_1_517' title='bbox 502 5152 897 5222; x_wconf 65' lang='lat' dir='ltr'><strong>prmdicentur,</strong></span> <span class='ocrx_word' id='word_1_518' title='bbox 928 5154 1129 5210; x_wconf 79' lang='lat' dir='ltr'><strong>eﬂ‘ecit.</strong></span> <span class='ocrx_word' id='word_1_519' title='bbox 1167 5174 1208 5221; x_wconf 61' lang='grc' dir='ltr'><strong>ι,</strong></span> 
     </span>
    </p>
   </div>
   <div class='ocr_carea' id='block_1_84' title="bbox 575 5243 2086 5326">
    <p class='ocr_par' dir='ltr' id='par_1_84' title="bbox 575 5243 2086 5326">
     <span class='ocr_line' id='line_1_84' title="bbox 575 5243 2086 5326; baseline 0.007 -28"><span class='ocrx_word' id='word_1_520' title='bbox 575 5243 642 5298; x_wconf 89' lang='lat' dir='ltr'><strong>II.</strong></span> <span class='ocrx_word' id='word_1_521' title='bbox 684 5244 926 5314; x_wconf 86' lang='lat' dir='ltr'><strong>Epistola</strong></span> <span class='ocrx_word' id='word_1_522' title='bbox 966 5245 1133 5314; x_wconf 84' lang='lat' dir='ltr'><strong>igitur</strong></span> <span class='ocrx_word' id='word_1_523' title='bbox 1179 5247 1384 5317; x_wconf 86' lang='lat' dir='ltr'><strong>scripta</strong></span> <span class='ocrx_word' id='word_1_524' title='bbox 1415 5257 1533 5315; x_wconf 88' lang='lat' dir='ltr'><strong>est,</strong></span> <span class='ocrx_word' id='word_1_525' title='bbox 1580 5250 1857 5308; x_wconf 78' lang='lat' dir='ltr'><strong>Marciano</strong></span> <span class='ocrx_word' id='word_1_526' title='bbox 1909 5254 2086 5326; x_wconf 89' lang='lat' dir='ltr'><strong>impe-</strong></span> 
     </span>
    </p>
   </div>
   <div class='ocr_carea' id='block_1_85' title="bbox 498 5335 2084 5413">
    <p class='ocr_par' dir='ltr' id='par_1_85' title="bbox 498 5335 2084 5413">
     <span class='ocr_line' id='line_1_85' title="bbox 498 5335 2084 5413; baseline 0.008 -24"><span class='ocrx_word' id='word_1_527' title='bbox 498 5335 651 5390; x_wconf 71' lang='lat' dir='ltr'><strong>srium</strong></span> <span class='ocrx_word' id='word_1_528' title='bbox 693 5336 996 5405; x_wconf 82' lang='lat' dir='ltr'><strong>auspicato,</strong></span> <span class='ocrx_word' id='word_1_529' title='bbox 1041 5353 1072 5392; x_wconf 90' lang='lat' dir='ltr'><strong>e</strong></span> <span class='ocrx_word' id='word_1_530' title='bbox 1102 5341 1460 5407; x_wconf 88' lang='lat' dir='ltr'><strong>monasterio,</strong></span> <span class='ocrx_word' id='word_1_531' title='bbox 1493 5342 1549 5396; x_wconf 91' lang='lat' dir='ltr'><strong>in</strong></span> <span class='ocrx_word' id='word_1_532' title='bbox 1575 5343 1722 5413; x_wconf 81' lang='lat' dir='ltr'><strong>quod</strong></span> <span class='ocrx_word' id='word_1_533' title='bbox 1757 5343 2084 5403; x_wconf 82' lang='lat' dir='ltr'><strong>Theodore-</strong></span> 
     </span>
    </p>
   </div>
   <div class='ocr_carea' id='block_1_86' title="bbox 498 5432 2087 5506">
    <p class='ocr_par' dir='ltr' id='par_1_86' title="bbox 498 5432 2087 5506">
     <span class='ocr_line' id='line_1_86' title="bbox 498 5432 2087 5506; baseline 0.008 -24"><span class='ocrx_word' id='word_1_534' title='bbox 498 5435 600 5482; x_wconf 53' lang='lat' dir='ltr'><strong>itus</strong></span> <span class='ocrx_word' id='word_1_535' title='bbox 651 5437 972 5491; x_wconf 79' lang='lat' dir='ltr'><strong>recesserat,</strong></span> <span class='ocrx_word' id='word_1_536' title='bbox 1013 5444 1124 5483; x_wconf 91' lang='lat' dir='ltr'><strong>non</strong></span> <span class='ocrx_word' id='word_1_537' title='bbox 1151 5432 1404 5488; x_wconf 91' lang='lat' dir='ltr'><strong>restituta</strong></span> <span class='ocrx_word' id='word_1_538' title='bbox 1446 5433 1596 5501; x_wconf 84' lang='lat' dir='ltr'><strong>sede,</strong></span> <span class='ocrx_word' id='word_1_539' title='bbox 1648 5437 1797 5506; x_wconf 90' lang='lat' dir='ltr'><strong>quod</strong></span> <span class='ocrx_word' id='word_1_540' title='bbox 1841 5437 2087 5494; x_wconf 84' lang='lat' dir='ltr'><strong>indicant</strong></span> 
     </span>
    </p>
   </div>
   <div class='ocr_carea' id='block_1_87' title="bbox 498 5519 2086 5586">
    <p class='ocr_par' dir='ltr' id='par_1_87' title="bbox 498 5519 2086 5586">
     <span class='ocr_line' id='line_1_87' title="bbox 498 5519 2086 5586; baseline 0.009 -13"><span class='ocrx_word' id='word_1_541' title='bbox 498 5521 641 5575; x_wconf 74' lang='lat' dir='ltr'><strong>satis</strong></span> <span class='ocrx_word' id='word_1_542' title='bbox 681 5519 798 5572; x_wconf 66' lang='lat' dir='ltr'><strong>haec</strong></span> <span class='ocrx_word' id='word_1_543' title='bbox 843 5519 1054 5575; x_wconf 84' lang='lat' dir='ltr'><strong>verba:</strong></span> <span class='ocrx_word' id='word_1_544' title='bbox 1111 5541 1128 5574; x_wconf 74' lang='grc' dir='ltr'>ι</span> <span class='ocrx_word' id='word_1_545' title='bbox 1158 5523 1411 5581; x_wconf 89' lang='lat' dir='ltr'><strong>Civitatis</strong></span> <span class='ocrx_word' id='word_1_546' title='bbox 1458 5526 1740 5584; x_wconf 85' lang='lat' dir='ltr'><strong>desiderio</strong></span> <span class='ocrx_word' id='word_1_547' title='bbox 1783 5545 1894 5586; x_wconf 87' lang='lat' dir='ltr'><strong>non</strong></span> <span class='ocrx_word' id='word_1_548' title='bbox 1928 5540 2086 5586; x_wconf 86' lang='lat' dir='ltr'><strong>tene-</strong></span> 
     </span>
    </p>
   </div>
   <div class='ocr_carea' id='block_1_88' title="bbox 2205 3281 3024 3351">
    <p class='ocr_par' dir='ltr' id='par_1_88' title="bbox 2205 3281 3024 3351">
     <span class='ocr_line' id='line_1_88' title="bbox 2205 3281 3024 3351; baseline 0.002 -15"><span class='ocrx_word' id='word_1_549' title='bbox 2205 3297 2313 3351; x_wconf 91' lang='lat' dir='ltr'><strong>que</strong></span> <span class='ocrx_word' id='word_1_550' title='bbox 2348 3281 2643 3351; x_wconf 87' lang='lat' dir='ltr'><strong>diligenter</strong></span> <span class='ocrx_word' id='word_1_551' title='bbox 2680 3283 3024 3338; x_wconf 87' lang='lat' dir='ltr'><strong>curantibus.</strong></span> 
     </span>
    </p>
   </div>
   <div class='ocr_carea' id='block_1_89' title="bbox 2204 3388 3788 3462">
    <p class='ocr_par' dir='ltr' id='par_1_89' title="bbox 2204 3388 3788 3462">
     <span class='ocr_line' id='line_1_89' title="bbox 2204 3388 3788 3462; baseline -0.002 -16"><span class='ocrx_word' id='word_1_552' title='bbox 2204 3390 2448 3462; x_wconf 73' lang='lat' dir='ltr'><strong>Epistola</strong></span> <span class='ocrx_word' id='word_1_553' title='bbox 2475 3391 2591 3455; x_wconf 82' lang='grc'><strong>159,</strong></span> <span class='ocrx_word' id='word_1_554' title='bbox 2633 3391 2703 3446; x_wconf 85' lang='lat' dir='ltr'><strong>ad</strong></span> <span class='ocrx_word' id='word_1_555' title='bbox 2723 3392 2983 3448; x_wconf 78' lang='lat' dir='ltr'><strong>Anienum</strong></span> <span class='ocrx_word' id='word_1_556' title='bbox 3024 3390 3292 3446; x_wconf 84' lang='lat' dir='ltr'><strong>consulem</strong></span> <span class='ocrx_word' id='word_1_557' title='bbox 3317 3398 3367 3444; x_wconf 81' lang='lat' dir='ltr'><strong>et</strong></span> <span class='ocrx_word' id='word_1_558' title='bbox 3402 3390 3686 3460; x_wconf 81' lang='lat' dir='ltr'><strong>patricium</strong></span> <span class='ocrx_word' id='word_1_559' title='bbox 3717 3388 3788 3443; x_wconf 81' lang='lat'><strong>’°.</strong></span> 
     </span>
    </p>
   </div>
   <div class='ocr_carea' id='block_1_90' title="bbox 2275 3499 3791 3570">
    <p class='ocr_par' dir='ltr' id='par_1_90' title="bbox 2275 3499 3791 3570">
     <span class='ocr_line' id='line_1_90' title="bbox 2275 3499 3791 3570; baseline 0.001 -16"><span class='ocrx_word' id='word_1_560' title='bbox 2275 3499 2316 3555; x_wconf 94' lang='lat' dir='ltr'><strong>I.</strong></span> <span class='ocrx_word' id='word_1_561' title='bbox 2343 3499 2562 3555; x_wconf 86' lang='lat' dir='ltr'><strong>Gratias</strong></span> <span class='ocrx_word' id='word_1_562' title='bbox 2589 3501 2700 3570; x_wconf 85' lang='lat' dir='ltr'><strong>agit</strong></span> <span class='ocrx_word' id='word_1_563' title='bbox 2730 3500 2963 3564; x_wconf 84' lang='lat' dir='ltr'><strong>Avieno,</strong></span> <span class='ocrx_word' id='word_1_564' title='bbox 3004 3499 3151 3569; x_wconf 88' lang='lat' dir='ltr'><strong>quod</strong></span> <span class='ocrx_word' id='word_1_565' title='bbox 3191 3499 3526 3555; x_wconf 75' lang='lat' dir='ltr'><strong>Marcianum</strong></span> <span class='ocrx_word' id='word_1_566' title='bbox 3552 3499 3791 3568; x_wconf 86' lang='lat' dir='ltr'><strong>impera-</strong></span> 
     </span>
    </p>
   </div>
   <div class='ocr_carea' id='block_1_91' title="bbox 2204 3585 3791 3658">
    <p class='ocr_par' dir='ltr' id='par_1_91' title="bbox 2204 3585 3791 3658">
     <span class='ocr_line' id='line_1_91' title="bbox 2204 3585 3791 3658; baseline 0 -16"><span class='ocrx_word' id='word_1_567' title='bbox 2204 3595 2382 3643; x_wconf 88' lang='lat' dir='ltr'><strong>torem</strong></span> <span class='ocrx_word' id='word_1_568' title='bbox 2435 3587 2502 3642; x_wconf 89' lang='lat' dir='ltr'><strong>de</strong></span> <span class='ocrx_word' id='word_1_569' title='bbox 2547 3587 2746 3658; x_wconf 82' lang='lat' dir='ltr'><strong>injuria</strong></span> <span class='ocrx_word' id='word_1_570' title='bbox 2791 3587 2896 3641; x_wconf 90' lang='lat' dir='ltr'><strong>sibi</strong></span> <span class='ocrx_word' id='word_1_571' title='bbox 2953 3587 3100 3641; x_wconf 89' lang='lat' dir='ltr'><strong>illata</strong></span> <span class='ocrx_word' id='word_1_572' title='bbox 3145 3585 3441 3650; x_wconf 87' lang='lat' dir='ltr'><strong>monuerit,</strong></span> <span class='ocrx_word' id='word_1_573' title='bbox 3484 3595 3791 3656; x_wconf 77' lang='lat' dir='ltr'><strong>auctorque</strong></span> 
     </span>
    </p>
   </div>
   <div class='ocr_carea' id='block_1_92' title="bbox 2202 3672 3791 3743">
    <p class='ocr_par' dir='ltr' id='par_1_92' title="bbox 2202 3672 3791 3743">
     <span class='ocr_line' id='line_1_92' title="bbox 2202 3672 3791 3743; baseline -0.002 -14"><span class='ocrx_word' id='word_1_574' title='bbox 2202 3674 2371 3730; x_wconf 81' lang='lat' dir='ltr'><strong>fuerit</strong></span> <span class='ocrx_word' id='word_1_575' title='bbox 2396 3673 2769 3737; x_wconf 86' lang='lat' dir='ltr'><strong>rescindendi,</strong></span> <span class='ocrx_word' id='word_1_576' title='bbox 2797 3689 2919 3743; x_wconf 72' lang='lat' dir='ltr'><strong>qua:</strong></span> <span class='ocrx_word' id='word_1_577' title='bbox 2961 3673 3163 3743; x_wconf 87' lang='lat' dir='ltr'><strong>Ephesi</strong></span> <span class='ocrx_word' id='word_1_578' title='bbox 3204 3688 3493 3742; x_wconf 87' lang='lat' dir='ltr'><strong>perperam</strong></span> <span class='ocrx_word' id='word_1_579' title='bbox 3533 3672 3697 3742; x_wconf 64' lang='lat'><strong>353</strong></span> <span class='ocrx_word' id='word_1_580' title='bbox 3732 3673 3791 3727; x_wconf 92' lang='lat' dir='ltr'><strong>in</strong></span> 
     </span>
    </p>
   </div>
   <div class='ocr_carea' id='block_1_93' title="bbox 2202 3759 3793 3831">
    <p class='ocr_par' dir='ltr' id='par_1_93' title="bbox 2202 3759 3793 3831">
     <span class='ocr_line' id='line_1_93' title="bbox 2202 3759 3793 3831; baseline 0 -16"><span class='ocrx_word' id='word_1_581' title='bbox 2202 3774 2304 3815; x_wconf 87' lang='lat' dir='ltr'><strong>suo</strong></span> <span class='ocrx_word' id='word_1_582' title='bbox 2325 3761 2549 3831; x_wconf 90' lang='lat' dir='ltr'><strong>negotio</strong></span> <span class='ocrx_word' id='word_1_583' title='bbox 2576 3761 2718 3816; x_wconf 88' lang='lat' dir='ltr'><strong>facta</strong></span> <span class='ocrx_word' id='word_1_584' title='bbox 2751 3769 2975 3815; x_wconf 88' lang='lat' dir='ltr'><strong>essent:</strong></span> <span class='ocrx_word' id='word_1_585' title='bbox 3019 3760 3262 3829; x_wconf 88' lang='lat' dir='ltr'><strong>postulat</strong></span> <span class='ocrx_word' id='word_1_586' title='bbox 3299 3759 3548 3828; x_wconf 84' lang='lat' dir='ltr'><strong>insuper,</strong></span> <span class='ocrx_word' id='word_1_587' title='bbox 3594 3770 3655 3814; x_wconf 92' lang='lat' dir='ltr'><strong>ut</strong></span> <span class='ocrx_word' id='word_1_588' title='bbox 3685 3776 3793 3815; x_wconf 90' lang='lat' dir='ltr'><strong>suo</strong></span> 
     </span>
    </p>
   </div>
   <div class='ocr_carea' id='block_1_94' title="bbox 2201 3846 3787 3918">
    <p class='ocr_par' dir='ltr' id='par_1_94' title="bbox 2201 3846 3787 3918">
     <span class='ocr_line' id='line_1_94' title="bbox 2201 3846 3787 3918; baseline 0.001 -16"><span class='ocrx_word' id='word_1_589' title='bbox 2201 3848 2427 3904; x_wconf 86' lang='lat' dir='ltr'><strong>nomine</strong></span> <span class='ocrx_word' id='word_1_590' title='bbox 2487 3848 2693 3918; x_wconf 85' lang='lat' dir='ltr'><strong>gratias</strong></span> <span class='ocrx_word' id='word_1_591' title='bbox 2745 3847 3069 3917; x_wconf 87' lang='lat' dir='ltr'><strong>imperatori</strong></span> <span class='ocrx_word' id='word_1_592' title='bbox 3132 3847 3502 3917; x_wconf 58' lang='lat' dir='ltr'><strong>Augustusque</strong></span> <span class='ocrx_word' id='word_1_593' title='bbox 3555 3846 3787 3910; x_wconf 78' lang='lat' dir='ltr'><strong>referat.</strong></span> 
     </span>
    </p>
   </div>
   <div class='ocr_carea' id='block_1_95' title="bbox 2201 3923 3095 4006">
    <p class='ocr_par' dir='ltr' id='par_1_95' title="bbox 2201 3923 3095 4006">
     <span class='ocr_line' id='line_1_95' title="bbox 2201 3923 3095 4006; baseline -0.002 -16"><span class='ocrx_word' id='word_1_594' title='bbox 2201 3936 2539 4005; x_wconf 86' lang='lat' dir='ltr'><strong>suadeatque</strong></span> <span class='ocrx_word' id='word_1_595' title='bbox 2567 3950 2763 4006; x_wconf 88' lang='lat' dir='ltr'><strong>cogere</strong></span> <span class='ocrx_word' id='word_1_596' title='bbox 2802 3923 3095 4006; x_wconf 81' lang='lat' dir='ltr'><strong>synodum.</strong></span> 
     </span>
    </p>
   </div>
   <div class='ocr_carea' id='block_1_96' title="bbox 2275 4019 3792 4093">
    <p class='ocr_par' dir='ltr' id='par_1_96' title="bbox 2275 4019 3792 4093">
     <span class='ocr_line' id='line_1_96' title="bbox 2275 4019 3792 4093; baseline -0.001 -15"><span class='ocrx_word' id='word_1_597' title='bbox 2275 4023 2339 4078; x_wconf 93' lang='lat' dir='ltr'><strong>II.</strong></span> <span class='ocrx_word' id='word_1_598' title='bbox 2387 4022 2720 4093; x_wconf 91' lang='lat' dir='ltr'><strong>Inscriptum</strong></span> <span class='ocrx_word' id='word_1_599' title='bbox 2759 4022 2866 4078; x_wconf 88' lang='lat' dir='ltr'><strong>fuit</strong></span> <span class='ocrx_word' id='word_1_600' title='bbox 2912 4022 2970 4076; x_wconf 90' lang='lat' dir='ltr'><strong>in</strong></span> <span class='ocrx_word' id='word_1_601' title='bbox 3021 4019 3308 4078; x_wconf 87' lang='lat' dir='ltr'><strong>codicibus</strong></span> <span class='ocrx_word' id='word_1_602' title='bbox 3355 4019 3518 4077; x_wconf 87' lang='lat' dir='ltr'><strong>editis</strong></span> <span class='ocrx_word' id='word_1_603' title='bbox 3556 4020 3792 4092; x_wconf 87' lang='lat' dir='ltr'><strong>Asparis</strong></span> 
     </span>
    </p>
   </div>
   <div class='ocr_carea' id='block_1_97' title="bbox 2201 4109 3788 4168">
    <p class='ocr_par' dir='ltr' id='par_1_97' title="bbox 2201 4109 3788 4168">
     <span class='ocr_line' id='line_1_97' title="bbox 2201 4109 3788 4168; baseline 0.001 -4"><span class='ocrx_word' id='word_1_604' title='bbox 2201 4125 2444 4166; x_wconf 90' lang='lat' dir='ltr'><strong>nomen:</strong></span> <span class='ocrx_word' id='word_1_605' title='bbox 2490 4110 2585 4166; x_wconf 90' lang='lat' dir='ltr'><strong>sed</strong></span> <span class='ocrx_word' id='word_1_606' title='bbox 2613 4126 2738 4166; x_wconf 91' lang='lat' dir='ltr'><strong>eum</strong></span> <span class='ocrx_word' id='word_1_607' title='bbox 2780 4109 3026 4165; x_wconf 87' lang='lat' dir='ltr'><strong>Avienus</strong></span> <span class='ocrx_word' id='word_1_608' title='bbox 3083 4125 3236 4168; x_wconf 85' lang='lat' dir='ltr'><strong>anno</strong></span> <span class='ocrx_word' id='word_1_609' title='bbox 3282 4109 3387 4164; x_wconf 80' lang='grc'><strong>450</strong></span> <span class='ocrx_word' id='word_1_610' title='bbox 3433 4109 3788 4166; x_wconf 88' lang='lat' dir='ltr'><strong>consulatum</strong></span> 
     </span>
    </p>
   </div>
   <div class='ocr_carea' id='block_1_98' title="bbox 2199 4201 3788 4273">
    <p class='ocr_par' dir='ltr' id='par_1_98' title="bbox 2199 4201 3788 4273">
     <span class='ocr_line' id='line_1_98' title="bbox 2199 4201 3788 4273; baseline -0.001 -15"><span class='ocrx_word' id='word_1_611' title='bbox 2199 4202 2453 4273; x_wconf 80' lang='lat' dir='ltr'><strong>gesserit,</strong></span> <span class='ocrx_word' id='word_1_612' title='bbox 2488 4203 2544 4257; x_wconf 86' lang='lat' dir='ltr'><strong>et</strong></span> <span class='ocrx_word' id='word_1_613' title='bbox 2579 4202 2962 4257; x_wconf 89' lang='lat' dir='ltr'><strong>Theodoretus</strong></span> <span class='ocrx_word' id='word_1_614' title='bbox 3002 4203 3287 4258; x_wconf 90' lang='lat' dir='ltr'><strong>consulem</strong></span> <span class='ocrx_word' id='word_1_615' title='bbox 3320 4201 3598 4258; x_wconf 88' lang='lat' dir='ltr'><strong>neminem</strong></span> <span class='ocrx_word' id='word_1_616' title='bbox 3629 4216 3788 4256; x_wconf 90' lang='lat' dir='ltr'><strong>com-</strong></span> 
     </span>
    </p>
   </div>
   <div class='ocr_carea' id='block_1_99' title="bbox 2199 4293 3786 4365">
    <p class='ocr_par' dir='ltr' id='par_1_99' title="bbox 2199 4293 3786 4365">
     <span class='ocr_line' id='line_1_99' title="bbox 2199 4293 3786 4365; baseline -0.001 -17"><span class='ocrx_word' id='word_1_617' title='bbox 2199 4295 2405 4365; x_wconf 86' lang='lat' dir='ltr'><strong>pellare</strong></span> <span class='ocrx_word' id='word_1_618' title='bbox 2469 4295 2666 4350; x_wconf 90' lang='lat' dir='ltr'><strong>solitus</strong></span> <span class='ocrx_word' id='word_1_619' title='bbox 2714 4295 2806 4360; x_wconf 89' lang='lat' dir='ltr'><strong>sit,</strong></span> <span class='ocrx_word' id='word_1_620' title='bbox 2859 4293 2966 4352; x_wconf 91' lang='lat' dir='ltr'><strong>nisi</strong></span> <span class='ocrx_word' id='word_1_621' title='bbox 3011 4309 3122 4364; x_wconf 92' lang='lat' dir='ltr'><strong>quo</strong></span> <span class='ocrx_word' id='word_1_622' title='bbox 3185 4302 3431 4362; x_wconf 88' lang='lat' dir='ltr'><strong>tempore</strong></span> <span class='ocrx_word' id='word_1_623' title='bbox 3488 4293 3786 4349; x_wconf 86' lang='lat' dir='ltr'><strong>consulatu</strong></span> 
     </span>
    </p>
   </div>
   <div class='ocr_carea' id='block_1_100' title="bbox 2199 4383 3785 4458">
    <p class='ocr_par' dir='ltr' id='par_1_100' title="bbox 2199 4383 3785 4458">
     <span class='ocr_line' id='line_1_100' title="bbox 2199 4383 3785 4458; baseline -0.003 -16"><span class='ocrx_word' id='word_1_624' title='bbox 2199 4388 2541 4458; x_wconf 87' lang='lat' dir='ltr'><strong>fungeretur,</strong></span> <span class='ocrx_word' id='word_1_625' title='bbox 2598 4386 2942 4450; x_wconf 82' lang='lat' dir='ltr'><strong>emendanda</strong></span> <span class='ocrx_word' id='word_1_626' title='bbox 3005 4385 3109 4440; x_wconf 86' lang='lat' dir='ltr'><strong>fuit</strong></span> <span class='ocrx_word' id='word_1_627' title='bbox 3166 4385 3352 4448; x_wconf 88' lang='lat' dir='ltr'><strong>lectio,</strong></span> <span class='ocrx_word' id='word_1_628' title='bbox 3416 4383 3543 4439; x_wconf 92' lang='lat' dir='ltr'><strong>inde</strong></span> <span class='ocrx_word' id='word_1_629' title='bbox 3592 4383 3785 4438; x_wconf 84' lang='lat' dir='ltr'><strong>forsan</strong></span> 
     </span>
    </p>
   </div>
   <div class='ocr_carea' id='block_1_101' title="bbox 2200 4475 3784 4547">
    <p class='ocr_par' dir='ltr' id='par_1_101' title="bbox 2200 4475 3784 4547">
     <span class='ocr_line' id='line_1_101' title="bbox 2200 4475 3784 4547; baseline -0.001 -16"><span class='ocrx_word' id='word_1_630' title='bbox 2200 4485 2480 4546; x_wconf 88' lang='lat' dir='ltr'><strong>corrupta,</strong></span> <span class='ocrx_word' id='word_1_631' title='bbox 2509 4478 2658 4547; x_wconf 90' lang='lat' dir='ltr'><strong>quod</strong></span> <span class='ocrx_word' id='word_1_632' title='bbox 2685 4479 2818 4533; x_wconf 86' lang='lat' dir='ltr'><strong>olim</strong></span> <span class='ocrx_word' id='word_1_633' title='bbox 2837 4479 2974 4544; x_wconf 88' lang='lat' dir='ltr'><strong>sola,</strong></span> <span class='ocrx_word' id='word_1_634' title='bbox 3003 4487 3064 4532; x_wconf 89' lang='lat' dir='ltr'><strong>ut</strong></span> <span class='ocrx_word' id='word_1_635' title='bbox 3101 4477 3179 4541; x_wconf 87' lang='lat' dir='ltr'><strong>fit,</strong></span> <span class='ocrx_word' id='word_1_636' title='bbox 3204 4478 3268 4531; x_wconf 91' lang='lat' dir='ltr'><strong>A.</strong></span> <span class='ocrx_word' id='word_1_637' title='bbox 3297 4477 3479 4531; x_wconf 87' lang='lat' dir='ltr'><strong>littera</strong></span> <span class='ocrx_word' id='word_1_638' title='bbox 3516 4475 3784 4546; x_wconf 85' lang='lat' dir='ltr'><strong>inscripta</strong></span> 
     </span>
    </p>
   </div>
   <div class='ocr_carea' id='block_1_102' title="bbox 2200 4567 2659 4637">
    <p class='ocr_par' dir='ltr' id='par_1_102' title="bbox 2200 4567 2659 4637">
     <span class='ocr_line' id='line_1_102' title="bbox 2200 4567 2659 4637; baseline 0.007 -16"><span class='ocrx_word' id='word_1_639' title='bbox 2200 4567 2367 4624; x_wconf 85' lang='lat' dir='ltr'><strong>fuerit</strong></span> <span class='ocrx_word' id='word_1_640' title='bbox 2395 4569 2659 4637; x_wconf 84' lang='lat' dir='ltr'><strong>epistolae.</strong></span> 
     </span>
    </p>
   </div>
   <div class='ocr_carea' id='block_1_103' title="bbox 2269 4659 3777 4731">
    <p class='ocr_par' dir='ltr' id='par_1_103' title="bbox 2269 4659 3777 4731">
     <span class='ocr_line' id='line_1_103' title="bbox 2269 4659 3777 4731; baseline -0.001 -15"><span class='ocrx_word' id='word_1_641' title='bbox 2269 4662 2356 4717; x_wconf 90' lang='lat' dir='ltr'><strong>IIl.</strong></span> <span class='ocrx_word' id='word_1_642' title='bbox 2384 4662 2575 4718; x_wconf 90' lang='lat' dir='ltr'><strong>Lectio</strong></span> <span class='ocrx_word' id='word_1_643' title='bbox 2601 4661 2828 4731; x_wconf 87' lang='lat' dir='ltr'><strong>vulgata</strong></span> <span class='ocrx_word' id='word_1_644' title='bbox 2851 4661 3082 4717; x_wconf 89' lang='lat' dir='ltr'><strong>retineri</strong></span> <span class='ocrx_word' id='word_1_645' title='bbox 3113 4677 3223 4717; x_wconf 92' lang='lat' dir='ltr'><strong>non</strong></span> <span class='ocrx_word' id='word_1_646' title='bbox 3253 4669 3456 4730; x_wconf 91' lang='lat' dir='ltr'><strong>potest,</strong></span> <span class='ocrx_word' id='word_1_647' title='bbox 3487 4659 3594 4714; x_wconf 87' lang='lat' dir='ltr'><strong>nisi</strong></span> <span class='ocrx_word' id='word_1_648' title='bbox 3621 4661 3777 4714; x_wconf 89' lang='lat' dir='ltr'><strong>dica-</strong></span> 
     </span>
    </p>
   </div>
   <div class='ocr_carea' id='block_1_104' title="bbox 2193 4751 3775 4822">
    <p class='ocr_par' dir='ltr' id='par_1_104' title="bbox 2193 4751 3775 4822">
     <span class='ocr_line' id='line_1_104' title="bbox 2193 4751 3775 4822; baseline -0.003 -14"><span class='ocrx_word' id='word_1_649' title='bbox 2193 4763 2284 4808; x_wconf 89' lang='lat' dir='ltr'><strong>tur</strong></span> <span class='ocrx_word' id='word_1_650' title='bbox 2335 4753 2543 4808; x_wconf 93' lang='lat' dir='ltr'><strong>Avieno</strong></span> <span class='ocrx_word' id='word_1_651' title='bbox 2598 4754 2814 4810; x_wconf 88' lang='lat' dir='ltr'><strong>consuli</strong></span> <span class='ocrx_word' id='word_1_652' title='bbox 2871 4754 3155 4809; x_wconf 90' lang='lat' dir='ltr'><strong>ordinario</strong></span> <span class='ocrx_word' id='word_1_653' title='bbox 3193 4753 3520 4822; x_wconf 85' lang='lat' dir='ltr'><strong>subrogatus</strong></span> <span class='ocrx_word' id='word_1_654' title='bbox 3575 4751 3775 4820; x_wconf 84' lang='lat' dir='ltr'><strong>Aspar,</strong></span> 
     </span>
    </p>
   </div>
   <div class='ocr_carea' id='block_1_105' title="bbox 2192 4844 3778 4912">
    <p class='ocr_par' dir='ltr' id='par_1_105' title="bbox 2192 4844 3778 4912">
     <span class='ocr_line' id='line_1_105' title="bbox 2192 4844 3778 4912; baseline -0.003 -12"><span class='ocrx_word' id='word_1_655' title='bbox 2192 4845 2278 4901; x_wconf 91' lang='lat' dir='ltr'><strong>vel</strong></span> <span class='ocrx_word' id='word_1_656' title='bbox 2317 4845 2388 4901; x_wconf 92' lang='lat' dir='ltr'><strong>ob</strong></span> <span class='ocrx_word' id='word_1_657' title='bbox 2447 4845 2646 4901; x_wconf 86' lang='lat' dir='ltr'><strong>Avieni</strong></span> <span class='ocrx_word' id='word_1_658' title='bbox 2699 4852 2957 4910; x_wconf 89' lang='lat' dir='ltr'><strong>mortem,</strong></span> <span class='ocrx_word' id='word_1_659' title='bbox 3016 4844 3101 4899; x_wconf 86' lang='lat' dir='ltr'><strong>vel</strong></span> <span class='ocrx_word' id='word_1_660' title='bbox 3137 4844 3244 4900; x_wconf 89' lang='lat' dir='ltr'><strong>alia</strong></span> <span class='ocrx_word' id='word_1_661' title='bbox 3291 4844 3359 4898; x_wconf 91' lang='lat' dir='ltr'><strong>de</strong></span> <span class='ocrx_word' id='word_1_662' title='bbox 3412 4857 3597 4908; x_wconf 89' lang='lat' dir='ltr'><strong>causa,</strong></span> <span class='ocrx_word' id='word_1_663' title='bbox 3651 4857 3778 4912; x_wconf 79' lang='lat' dir='ltr'><strong>qua:</strong></span> 
     </span>
    </p>
   </div>
   <div class='ocr_carea' id='block_1_106' title="bbox 2191 4939 2377 5004">
    <p class='ocr_par' dir='ltr' id='par_1_106' title="bbox 2191 4939 2377 5004">
     <span class='ocr_line' id='line_1_106' title="bbox 2191 4939 2377 5004; baseline 0.005 -10"><span class='ocrx_word' id='word_1_664' title='bbox 2191 4939 2377 5004; x_wconf 76' lang='lat' dir='ltr'><strong>lateat.</strong></span> 
     </span>
    </p>
   </div>
   <div class='ocr_carea' id='block_1_107' title="bbox 2357 5052 3603 5125">
    <p class='ocr_par' dir='ltr' id='par_1_107' title="bbox 2357 5052 3603 5125">
     <span class='ocr_line' id='line_1_107' title="bbox 2357 5052 3603 5125; baseline -0.002 -16"><span class='ocrx_word' id='word_1_665' title='bbox 2357 5052 2600 5125; x_wconf 81' lang='lat' dir='ltr'><strong>Epistola</strong></span> <span class='ocrx_word' id='word_1_666' title='bbox 2638 5053 2762 5116; x_wconf 76' lang='lat' dir='ltr'><strong>MO,</strong></span> <span class='ocrx_word' id='word_1_667' title='bbox 2796 5053 2866 5106; x_wconf 82' lang='lat' dir='ltr'><strong>ad</strong></span> <span class='ocrx_word' id='word_1_668' title='bbox 2907 5052 3268 5108; x_wconf 77' lang='lat' dir='ltr'><strong>Vincomalum</strong></span> <span class='ocrx_word' id='word_1_669' title='bbox 3300 5055 3603 5123; x_wconf 80' lang='lat' dir='ltr'><strong>patricium.</strong></span> 
     </span>
    </p>
   </div>
   <div class='ocr_carea' id='block_1_108' title="bbox 2264 5163 3778 5233">
    <p class='ocr_par' dir='ltr' id='par_1_108' title="bbox 2264 5163 3778 5233">
     <span class='ocr_line' id='line_1_108' title="bbox 2264 5163 3778 5233; baseline -0.001 -12"><span class='ocrx_word' id='word_1_670' title='bbox 2264 5167 2304 5221; x_wconf 92' lang='lat' dir='ltr'><strong>I.</strong></span> <span class='ocrx_word' id='word_1_671' title='bbox 2349 5166 2527 5222; x_wconf 89' lang='lat' dir='ltr'><strong>Causa</strong></span> <span class='ocrx_word' id='word_1_672' title='bbox 2569 5164 2884 5228; x_wconf 88' lang='lat' dir='ltr'><strong>scribendi,</strong></span> <span class='ocrx_word' id='word_1_673' title='bbox 2936 5171 3265 5233; x_wconf 84' lang='lat' dir='ltr'><strong>tempusque</strong></span> <span class='ocrx_word' id='word_1_674' title='bbox 3306 5163 3487 5217; x_wconf 72' lang='lat' dir='ltr'><strong>missae</strong></span> <span class='ocrx_word' id='word_1_675' title='bbox 3527 5163 3778 5233; x_wconf 74' lang='lat' dir='ltr'><strong>epistola:</strong></span> 
     </span>
    </p>
   </div>
   <div class='ocr_carea' id='block_1_109' title="bbox 2193 5255 3776 5329">
    <p class='ocr_par' dir='ltr' id='par_1_109' title="bbox 2193 5255 3776 5329">
     <span class='ocr_line' id='line_1_109' title="bbox 2193 5255 3776 5329; baseline -0.003 -15"><span class='ocrx_word' id='word_1_676' title='bbox 2193 5269 2381 5329; x_wconf 88' lang='lat' dir='ltr'><strong>aperte</strong></span> <span class='ocrx_word' id='word_1_677' title='bbox 2419 5256 2754 5312; x_wconf 88' lang='lat' dir='ltr'><strong>ostenditur.</strong></span> <span class='ocrx_word' id='word_1_678' title='bbox 2811 5276 2828 5308; x_wconf 85' lang='grc'><strong>‹</strong></span> <span class='ocrx_word' id='word_1_679' title='bbox 2863 5255 3035 5311; x_wconf 85' lang='lat' dir='ltr'><strong>Valde</strong></span> <span class='ocrx_word' id='word_1_680' title='bbox 3078 5270 3201 5310; x_wconf 89' lang='lat' dir='ltr'><strong>sum</strong></span> <span class='ocrx_word' id='word_1_681' title='bbox 3237 5255 3491 5318; x_wconf 86' lang='lat' dir='ltr'><strong>miratus,</strong></span> <span class='ocrx_word' id='word_1_682' title='bbox 3541 5255 3639 5309; x_wconf 89' lang='lat' dir='ltr'><strong>ubi</strong></span> <span class='ocrx_word' id='word_1_683' title='bbox 3685 5271 3776 5310; x_wconf 89' lang='lat' dir='ltr'><strong>co-</strong></span> 
     </span>
    </p>
   </div>
   <div class='ocr_carea' id='block_1_110' title="bbox 2192 5345 3777 5420">
    <p class='ocr_par' dir='ltr' id='par_1_110' title="bbox 2192 5345 3777 5420">
     <span class='ocr_line' id='line_1_110' title="bbox 2192 5345 3777 5420; baseline -0.003 -16"><span class='ocrx_word' id='word_1_684' title='bbox 2192 5350 2355 5420; x_wconf 84' lang='lat' dir='ltr'><strong>gno‘vi</strong></span> <span class='ocrx_word' id='word_1_685' title='bbox 2405 5347 2869 5419; x_wconf 74' lang='lat' dir='ltr'><strong>magniﬁcentiam</strong></span> <span class='ocrx_word' id='word_1_686' title='bbox 2937 5355 3198 5413; x_wconf 84' lang='lat' dir='ltr'><strong>vestram,</strong></span> <span class='ocrx_word' id='word_1_687' title='bbox 3251 5361 3376 5400; x_wconf 89' lang='lat' dir='ltr'><strong>cum</strong></span> <span class='ocrx_word' id='word_1_688' title='bbox 3434 5360 3521 5400; x_wconf 87' lang='lat' dir='ltr'><strong>res</strong></span> <span class='ocrx_word' id='word_1_689' title='bbox 3551 5345 3777 5415; x_wconf 81' lang='lat' dir='ltr'><strong>penitus</strong></span> 
     </span>
    </p>
   </div>
   <div class='ocr_carea' id='block_1_111' title="bbox 2191 5435 3772 5511">
    <p class='ocr_par' dir='ltr' id='par_1_111' title="bbox 2191 5435 3772 5511">
     <span class='ocr_line' id='line_1_111' title="bbox 2191 5435 3772 5511; baseline -0.004 -15"><span class='ocrx_word' id='word_1_690' title='bbox 2191 5443 2491 5511; x_wconf 87' lang='lat' dir='ltr'><strong>ignoraret,</strong></span> <span class='ocrx_word' id='word_1_691' title='bbox 2520 5454 2583 5494; x_wconf 82' lang='lat' dir='ltr'><strong>ac</strong></span> <span class='ocrx_word' id='word_1_692' title='bbox 2608 5439 2804 5500; x_wconf 81' lang='lat' dir='ltr'><strong>solam,</strong></span> <span class='ocrx_word' id='word_1_693' title='bbox 2831 5454 2954 5509; x_wconf 62' lang='lat' dir='ltr'><strong>quae</strong></span> <span class='ocrx_word' id='word_1_694' title='bbox 2983 5438 3038 5492; x_wconf 89' lang='lat' dir='ltr'><strong>in</strong></span> <span class='ocrx_word' id='word_1_695' title='bbox 3069 5454 3171 5493; x_wconf 92' lang='lat' dir='ltr'><strong>nos</strong></span> <span class='ocrx_word' id='word_1_696' title='bbox 3203 5438 3346 5492; x_wconf 83' lang='lat' dir='ltr'><strong>facta</strong></span> <span class='ocrx_word' id='word_1_697' title='bbox 3375 5445 3478 5502; x_wconf 88' lang='lat' dir='ltr'><strong>est,</strong></span> <span class='ocrx_word' id='word_1_698' title='bbox 3507 5435 3772 5508; x_wconf 83' lang='lat' dir='ltr'><strong>injnriam</strong></span> 
     </span>
    </p>
   </div>
   <div class='ocr_carea' id='block_1_112' title="bbox 2192 5527 3810 5616">
    <p class='ocr_par' dir='ltr' id='par_1_112' title="bbox 2192 5527 3810 5616">
     <span class='ocr_line' id='line_1_112' title="bbox 2192 5527 3810 5616; baseline -0.002 -30"><span class='ocrx_word' id='word_1_699' title='bbox 2192 5532 2496 5597; x_wconf 84' lang='lat' dir='ltr'><strong>didicisset,</strong></span> <span class='ocrx_word' id='word_1_700' title='bbox 2562 5530 2932 5601; x_wconf 85' lang='lat' dir='ltr'><strong>patrocinium</strong></span> <span class='ocrx_word' id='word_1_701' title='bbox 2980 5539 3230 5586; x_wconf 87' lang='lat' dir='ltr'><strong>nostrum</strong></span> <span class='ocrx_word' id='word_1_702' title='bbox 3280 5527 3611 5599; x_wconf 81' lang='lat' dir='ltr'><strong>suscepisse,</strong></span> <span class='ocrx_word' id='word_1_703' title='bbox 3645 5541 3810 5616; x_wconf 25' lang='lat' dir='ltr'><strong>om:</strong></span> 
     </span>
    </p>
   </div>
   <div class='ocr_carea' id='block_1_113' title="bbox 1845 5682 2416 5739">
    <p class='ocr_par' dir='ltr' id='par_1_113' title="bbox 1845 5682 2416 5739">
     <span class='ocr_line' id='line_1_113' title="bbox 1845 5682 2416 5739; baseline 0.005 -3"><span class='ocrx_word' id='word_1_704' title='bbox 1845 5682 2162 5739; x_wconf 80' lang='lat' dir='ltr'><strong>SCIIULZII</strong></span> <span class='ocrx_word' id='word_1_705' title='bbox 2193 5683 2416 5739; x_wconf 72' lang='lat' dir='ltr'><strong>NOT/E.</strong></span> 
     </span>
    </p>
   </div>
   <div class='ocr_carea' id='block_1_114' title="bbox 569 5783 1863 5862">
    <p class='ocr_par' dir='ltr' id='par_1_114' title="bbox 569 5783 1863 5862">
     <span class='ocr_line' id='line_1_114' title="bbox 569 5783 1863 5862; baseline 0.009 -24"><span class='ocrx_word' id='word_1_706' title='bbox 569 5783 922 5842; x_wconf 54' lang='lat' dir='ltr'><strong>&quot;Alienum.</strong></span> <span class='ocrx_word' id='word_1_707' title='bbox 975 5789 1095 5844; x_wconf 85' lang='lat' dir='ltr'><strong>Vid.</strong></span> <span class='ocrx_word' id='word_1_708' title='bbox 1136 5807 1321 5861; x_wconf 84' lang='lat' dir='ltr'><strong>supra,</strong></span> <span class='ocrx_word' id='word_1_709' title='bbox 1361 5809 1412 5862; x_wconf 89' lang='lat' dir='ltr'><strong>p.</strong></span> <span class='ocrx_word' id='word_1_710' title='bbox 1459 5795 1575 5861; x_wconf 66' lang='grc'><strong>194,</strong></span> <span class='ocrx_word' id='word_1_711' title='bbox 1609 5796 1780 5851; x_wconf 87' lang='lat' dir='ltr'><strong>schol.</strong></span> <span class='ocrx_word' id='word_1_712' title='bbox 1818 5797 1863 5850; x_wconf 91' lang='lat' dir='ltr'><strong>I.</strong></span> 
     </span>
    </p>
   </div>
  </div>
