4070 6448
327 402 435 466 301

1521 409 1615 465 DE
1647 406 1902 465 LIBRIS
1941 405 2422 471 ΤΗΕΟῸΟΗΕΤΙ

3504 426 3606 488 202

330 514 545 582 nisque
604 514 998 579 οοιηηιονίεεθ,
1053 522 1113 569 ιιι
1167 526 1510 584 comparatas
1569 526 1759 572 contra
1825 521 2243 578 IIOSAmorum
2293 529 2790 596 compositionem,
2850 534 3106 589 blandam
3167 547 3221 592 et
3276 540 3606 596 allicientem

331 606 626 660 machinas
660 616 962 661 everteret.
999 625 1016 658 ι

405 698 472 752 Π.
503 698 714 753 Gratiis
746 699 1014 769 .impense
1058 700 1196 755 actis
1233 701 1616 758 Theodoretus
1637 743 1652 766 ,
1705 704 1924 758 easdem

331 788 684 853 Vineomalo,
713 805 858 858 quas
878 790 1004 843 aliis
1027 789 1247 845 duobus
1273 793 1539 862 patriciis,
1573 792 1684 849 fert
1710 809 1923 863 preces,

327 888 396 933 ut
418 895 528 934 suo
577 882 806 934 nomine
854 881 1060 950 gratias
1091 883 1354 953 Augustis
1399 894 1544 955 agat,
1599 893 1655 940 et
1701 887 1926 941 suadeat

325 971 536 1027 haberi
570 973 864 1045 synodum.

324 1087 344 1106 ‘
381 1086 637 1157 Epistola
676 1088 794 1151 Hi,
827 1088 898 1142 ad
933 1087 1250 1142 Marcellum
1280 1091 1757 1143 archimandritam
1793 1107 1925 1143 ara:-

979 1169 1264 1214 metarum.

400 1270 441 1323 l.
472 1269 768 1324 Marcellus
809 1267 903 1324 ille
933 1280 1329 1326 acmmetarum
1367 1279 1522 1341 pater
1549 1271 1653 1326 fuit
1685 1285 1829 1326 unus
1856 1270 1923 1325 de

326 1358 808 1423 archimandritis,
855 1359 973 1428 qui,
1036 1360 1222 1414 oblato
1267 1360 1476 1425 libello,
1534 1361 1923 1430 imperatorem

329 1451 674 1505 Marcianum
701 1460 985 1521 rogarunt,
1017 1451 1136 1507 dari
1175 1453 1280 1508 sibi
1321 1461 1650 1522 potestatem
1686 1454 1924 1523 compri-

334 1541 522 1594 mendi
571 1541 840 1610 reliquias
874 1542 1160 1612 Eutychis,
1212 1545 1267 1598 in
1312 1544 1664 1598 monasteriis
1711 1553 1767 1598 et
1795 1558 1919 1613 spe-

342 1632 519 1686 iuncis
563 1632 870 1696 latitantes,
927 1642 1091 1704 atque
1145 1635 1379 1690 haeresin
1433 1635 1703 1701 foventes,
1755 1635 1824 1690 ad
1867 1653 1922 1690 iv

340 1726 532 1778 conci].
558 1725 819 1781 Chalced.

407 1817 472 1870 l1.
499 1818 731 1872 Biennio
756 1829 939 1884 antea,
977 1820 1032 1874 in
1077 1820 1285 1892 synodo
1310 1819 1918 1891 Constantinopolitana
1953 1861 1992 1917 Β

330 1909 598 1974 Flaviani,
635 1926 783 1965 anno
811 1912 916 1965 448
959 1921 1239 1981 postremo
1271 1914 1393 1967 loco
1438 1913 1766 1983 subscripsit
1801 1929 1920 1967 sen-

326 2003 540 2065 tentire,
574 2018 682 2072 qua
720 2003 1020 2072 depositus
1057 2015 1140 2059 est
1165 2001 1461 2073 Eutyches,
1515 2014 1574 2060 ut
1613 2015 1828 2060 constat
1852 2023 1918 2060 ex

324 2094 484 2148 Actis
533 2094 729 2164 synodi
783 2095 1429 2167 Constantinopolitanat,
1483 2113 1604 2170 quae
1640 2098 1793 2151 Actis
1828 2105 1917 2168 sy-

321 2186 457 2238 nodi
485 2185 963 2241 Chalcedonensis‘
992 2188 1330 2243 inseruntur.

394 2279 487 2332 111.
527 2280 653 2334 Nec
669 2279 1004 2350 subscripsit
1043 2291 1255 2335 tantum
1287 2282 1341 2335 in
1379 2280 1610 2353 synodo,
1638 2282 1733 2338 sed
1753 2281 1917 2337 etiam

321 2371 513 2424 verbis
542 2380 731 2440 postea
769 2373 1015 2425 Flaviani
1042 2373 1371 2427 sententiam
1401 2375 1789 2443 propugnavit,
1824 2387 1920 2428 ne-

317 2462 630 2532 quidquam
660 2471 902 2518 terrente
937 2464 1082 2528 aula,
1109 2471 1253 2519 utex
1280 2465 1383 2519 hac
1407 2465 1637 2535 epistola
1663 2460 1918 2537 colligere

318 2566 427 2610 est.

395 2645 483 2700 Π.
513 2646 746 2700 Tantam
783 2647 835 2700 ei
875 2647 1239 2701 constantiam
1271 2649 1578 2718 gratulatur
1607 2651 1916 2708 Theodore-

323 2745 436 2801 tus,
465 2739 745 2807 simulque
766 2740 994 2809 exponit
1027 2740 1111 2794 sui
1137 2739 1658 2811 seceSsus'quietcm
1689 2760 1750 2798 ac
1780 2759 1915 2816 gan-

331 2829 479 2883 dium
514 2830 580 2884 de
628 2831 936 2887 obstructis
976 2831 1168 2887 oribus
1197 2847 1412 2899 eorum,
1445 2835 1540 2904 qui
1571 2837 1677 2890 sibi
1710 2839 1916 2908 Deique

341 2921 677 2992 dogmatibus
709 2923 1168 2979 adversabantur.

410 3013 634 3069 illanc
672 3015 842 3085 igitur
869 3015 1158 3085 epistolam
1204 3033 1273 3071 ex
1317 3033 1416 3073 suo
1471 3035 1688 3075 secessu
1740 3021 1912 3087 dedit,

324 3103 624 3161 inclinante
680 3115 968 3167 autumno,
1039 3119 1334 3177 postquam
1403 3109 1471 3165 de
1534 3110 1802 3166 Marciani
1860 3122 1915 3167 et

2031 628 2356 683 congressus
2383 618 2750 687 dulcedinem,
2784 634 2840 678 et
2883 627 2987 681 alia
3022 640 3362 701 quaecunque
3410 633 3605 703 depin-

2029 718 2162 774 gunt
2190 709 2490 776 perfectum
2527 713 2809 769 alumnum
2838 718 3216 789 phil030pbiac.
3245 742 3260 773 ι

2099 797 2184 853 lV.
2233 799 2585 858 Observanda
2636 806 2749 861 ΙνῙῖἓο
2786 809 2991 866 verba:
3031 833 3047 862 ε
3098 813 3355 882 Peraeque
3409 817 3608 888 impios

2027 892 2212 945 censui
2264 908 2358 947 eos
2385 935 2397 955 ,
2443 897 2537 964 qui
2587 896 2722 952 duas
2755 898 3031 970 Unigeniti
3069 911 3292 960 naturas
3346 908 3401 961 in
3442 917 3604 962 unam

2027 997 2221 1051 cogere
2271 985 2507 1051 audent,
2566 998 2630 1043 et
2653 991 2744 1058 qui
2791 992 3083 1047 Dominum
3115 1004 3362 1050 nostrum
3416 999 3604 1053 Iesum

2025 1071 2326 1138 Christum,
2348 1077 2546 1132 Filium
2573 1073 2670 1135 Dei
2707 1082 2813 1137 vivi
2837 1125 2851 1148 ,
2893 1085 3172 1141 hominem
3202 1088 3402 1144 factum
3431 1092 3604 1144 Deum

2026 1163 2289 1230 Verbum,
2346 1169 2401 1222 in
2452 1170 2590 1226 duos
2635 1171 2775 1228 ﬁlios
2819 1175 3068 1233 dividere
3101 1192 3389 1248 conantur,
3433 1184 3604 1254 siqui

2026 1266 2151 1310 sunt
2180 1261 2419 1326 tandem,
2451 1279 2550 1333 ego
2581 1267 2731 1320 enim
2765 1282 2875 1322 non
2908 1277 3070 1339 puto;
3101 1273 3194 1326 sed
3227 1273 3365 1327 hanc
3388 1291 3606 1345 semper

2025 1349 2354 1405 calumniam
2390 1353 2666 1422 Ecclesiae,
2705 1361 2796 1429 qui
2841 1361 2956 1415 Arii
2998 1373 3054 1418 et
3092 1363 3368 1430 Eunomii,
3402 1368 3605 1437 quique

2024 1440 2349 1509 Apollinarii
2395 1457 2581 1517 partes
2634 1461 2962 1521 sequuntur,
3006 1455 3358 1526 impudenter
3379 1459 3606 1516 atlinxe-

2024 1541 2182 1599 runt;
2223 1543 2277 1590 at
2301 1553 2434 1592 vero
2468 1539 2626 1595 facile
2658 1551 2755 1597 cst
2797 1544 3158 1614 diligentibus
3186 1549 3605 1617 pervidere,ce-

2022 1623 2345 1682 leberrimos
2359 1629 2546 1686 Patres
2564 1642 2801 1698 nostros,
2826 1637 3032 1691 lumina
3051 1638 3442 1705 Ecelesiarum,
3464 1642 3602 1698 hanc

2024 1714 2195 1784 ipsam
2243 1733 2273 1771 a
2321 1721 2570 1776 veritatis
2616 1723 2869 1778 hostibus
2923 1726 3365 1784 criminationem
3414 1747 3602 1800 passos

2023 1823 2164 1872 esse,
2190 1823 2353 1878 quam
2383 1826 2482 1866 nos
2531 1813 2635 1868 hoc
2665 1822 2909 1886 tempore
2950 1818 3019 1872 ab
3059 1821 3280 1889 optimis
3303 1837 3457 1877 novae
3488 1824 3601 1879 lue-

2025 1899 2162 1952 resis
2192 1901 2576 1958 inventoribus
2604 1906 2962 1974 sustinemus,
2992 1925 3228 1978 quorum
3264 1913 3600 1984 impietatem

2021 1990 2461 2058 sapientissimus
2501 1996 2768 2051 Dominus
2800 1998 3076 2066 patefecit,
3125 2017 3233 2056 non
3276 2005 3603 2072 permittens

2021 2079 2284 2136 diuturna
2322 2086 2587 2154 patientia
2616 2087 2879 2141 nefariam
2908 2089 3143 2147 limresin
3175 2096 3542 2152 corroborari.
3576 2117 3594 2148 ι

2022 2171 2150 2227 Inde
2174 2174 2330 2241 plura
2355 2177 2760 2247 intelliguntur.

2094 2262 2153 2317 V.
2190 2265 2452 2334 Primum,
2512 2287 2622 2340 quo
2654 2274 2820 2330 etiam
2861 2287 2974 2332 tum
3011 2280 3193 2333 animo
3218 2279 3603 2335 Theodoretus

1961 2346 1997 2383 ·’
2022 2353 2162 2409 foret
2194 2373 2323 2429 erga
2354 2360 2653 2417 Diodorum
2686 2366 3012 2425 Tarsensem
3030 2380 3085 2427 et
3111 2370 3456 2426 Theodorum
3492 2373 3604 2428 Mo—

2022 2457 2401 2516 psuestenum,
2439 2453 2675 2509 Ncstorii
2726 2462 3038 2531 magistros,
3065 2479 3341 2533 quamque
3368 2464 3436 2519 de
3467 2464 3603 2534 ipsis

2021 2538 2338 2609 opinionem
2381 2546 2666 2615 retineret,
2704 2553 2871 2606 etiam
2905 2563 3028 2623 post
3071 2556 3360 2626 utriusque
3395 2557 3602 2612 doctri-

2019 2637 2198 2685 nama
2221 2633 2415 2689 Proclo
2451 2638 2631 2693 tacitis
2681 2642 2998 2697 nominibus
3028 2644 3082 2697 in
3125 2653 3271 2699 tomo
3310 2646 3379 2700 ad
3403 2647 3602 2704 Arme.

2019 2737 2140 2785 nos,
2171 2738 2200 2778 a
2225 2707 2430 2794 Cyrillo
2453 2737 2640 2797 aperte
2676 2731 2834 2786 libris
2861 2733 3082 2789 duobus
3110 2736 3421 2792 r‘efntatam.
3481 2802 3487 2810 _

2089 2814 2238 2880 Quos
2253 2824 2435 2872 autem
2456 2820 2820 2877 celeberrimos
2846 2824 3034 2880 Patres
3062 2837 3264 2882 nostros
3286 2841 3463 2897 vocat,
3482 2833 3602 2888 Dio-

2018 2905 2213 2960 dorum
2253 2918 2309 2962 et
2357 2909 2709 2966 Theodorum
2765 2929 2886 2971 esse
2935 2931 3098 2972 nemo
3142 2925 3454 2992 negaverit,
3503 2928 3598 2996 qui

2017 3000 2304 3068 epistolam
2335 3002 2474 3057 hanc
2507 3007 2803 3060 contulerit
2834 3022 2956 3062 cum
2993 3011 3204 3076 verbis,
3236 3023 3348 3068 tum
3396 3017 3604 3085 episto-

2019 3089 2167 3144 lte~l6
2204 3105 2267 3145 ac
2293 3091 2492 3161 dialogi
2520 3095 2572 3157 1,
2603 3095 2705 3150 sub
2732 3096 2924 3163 linem;
2958 3107 3072 3152 tum
3105 3102 3393 3172 utriusque
3420 3106 3602 3162 llistc-

324 3199 630 3253 Pukhcria,
697 3199 939 3253 decretis
992 3199 1261 3256 adversus
1335 3202 1621 3276 Eutychen
1689 3205 1913 3260 resciis_
1943 3208 1982 3264 ο
2020 3185 2132 3246 ring,
2158 3183 2517 3240 ecclesiastij
2559 3202 2757 3257 nempe
2791 3198 2846 3244 et
2893 3191 3182 3262 religiosa;
3212 3202 3323 3248 tum
3361 3197 3600 3269 denique

320 3302 423 3348 εει.

747 3407 991 3478 Ερέδῑοια
1028 3409 1145 3475 142,
1175 3411 1243 3463 ad
1271 3411 1528 3465 eumdem.

388 3516 433 3569 1.
457 3514 623 3568 Missa
651 3525 734 3569 est
775 3518 941 3586 paulo
965 3526 1089 3586 post
1114 3519 1538 3588 praecedentem.
1573 3540 1589 3572 ‹
1645 3521 1779 3578 Aliis
1801 3525 1912 3593 jam

310 3607 526 3664 litteris
550 3606 810 3675 pietatem
842 3616 991 3662 tuam
1020 3610 1169 3664 atrati
1197 3626 1407 3667 sumus.
1437 3631 1456 3662 ι

384 3698 456 3752 ll.
486 3698 847 3755 Laudatvero
872 3701 1254 3757 Theodorctus
1273 3705 1719 3762 archimandritas
1755 3727 1770 3757 ι
1795 3715 1910 3762 tum

310 3787 707 3844 admirandam
735 3791 928 3855 vitam,
957 3800 1071 3844 tum
1102 3792 1437 3848 laudabilem
1494 3795 1693 3860 zelum,
1747 3813 1910 3867 quem

315 3878 642 3946 apostolica:
670 3879 795 3935 ﬁdei
821 3897 986 3936 causa
1009 3881 1408 3950 declaraverat,
1435 3900 1536 3939 nec
1576 3887 1780 3957 regiam
1809 3903 1912 3957 po-

319 3970 558 4024 tentiam
611 3971 938 4036 formidans,
1003 3989 1105 4028 nec
1153 3975 1542 4045 episcoporum
1585 3980 1911 4033 consensio-

316 4074 473 4124 nem,
513 4079 531 4110 ι
562 4069 671 4116 etc.

320 4176 484 4248 3.53
533 4179 772 4250 Epistula
795 4183 918 4247 145,
945 4184 1015 4237 ad
1026 4184 1296 4242 Andream
1318 4188 1634 4240 monachum
1651 4187 1913 4243 Constan-

785 4253 1074 4324 tinopoleOs
1112 4257 1450 4326 parwnetica.

397 4360 436 4413 1.
470 4360 605 4417 Data
626 4372 710 4418 est
741 4379 771 4418 e
798 4380 1020 4421 secessu
1045 4369 1369 4422 monasterii
1391 4369 1769 4440 Apameensis,
1800 4389 1910 4443 quo

325 4459 578 4522 tempore
626 4473 644 4506 ι
695 4471 852 4512 nova:
889 4457 1117 4514 haeresis
1156 4459 1511 4518 defensorum
1559 4462 1909 4533 iniquitatem

324 4547 769 4615 sapientissimus
804 4550 1074 4605 Dominus
1104 4552 1385 4621 patefecit,
1441 4569 1548 4608 non
1583 4556 1911 4624 permittens
1945 4571 2000 4626 ο·

328 4638 587 4696 diuturna
615 4641 881 4712 patientia
915 4645 1181 4700 nefariam
1212 4647 1446 4704 hmres‘m
1476 4649 1848 4706 corroborari.
1887 4670 1904 4702 ι

328 4731 540 4798 Quibus
597 4735 786 4790 verbis
839 4736 1156 4791 indicantur
1208 4738 1469 4794 Marciani
1513 4740 1689 4797 initia.
1728 4741 1912 4808 Quare

331 4841 452 4880 cum
504 4827 675 4883 altera
705 4829 1138 4898 praecedentium
1174 4831 1408 4886 duarum
1450 4833 1616 4888 missa
1648 4845 1732 4890 est
1764 4834 1911 4889 Con-

331 4922 739 4991 stantinopolim
771 4937 870 4992 per
919 4924 1218 4980 monachos
1246 4940 1312 4980 eo
1340 4927 1654 4981 redeuntes.

395 5011 461 5066 ll.
489 5012 618 5066 Fuit
641 5012 890 5068 Andreas
925 5013 1037 5076 ille,
1086 5023 1146 5068 ut
1177 5015 1420 5082 videtur,
1450 5018 1907 5084 archimandrita,

328 5103 419 5172 qui
471 5104 805 5174 depositioni
851 5107 1115 5179 Eutychis
1164 5108 1342 5178 primo
1401 5109 1544 5163 inter
1593 5111 1908 5165 archiman-

327 5194 502 5250 dritas
555 5196 678 5252 loco
716 5213 815 5268 per
845 5199 1199 5256 Timotheum
1242 5201 1629 5272 presbyterum
1669 5203 1908 5259 subscri—

325 5287 434 5356 psit
465 5287 522 5342 in
548 5289 786 5345 concilio
815 5290 1053 5347 Flaviani
1081 5308 1228 5347 anno
1255 5293 1380 5347 M8.
1875 5367 1880 5374 Α

394 5378 488 5432 ll].
515 5377 792 5434 Andream
819 5381 1202 5438 Theodoretus
1233 5383 1425 5438 invitat
1453 5383 1519 5438 ad
1558 5383 1912 5438 scribendum

325 5469 434 5523 sibi
462 5470 618 5525 velut
657 5473 898 5525 consorti
939 5471 1087 5537 fidei,
1121 5489 1299 5544 eoque
1342 5485 1402 5528 ut
1451 5474 1715 5544 impellat,
1757 5476 1913 5529 miris

324 5554 510 5625 ipsum
535 5557 794 5612 laudibus
822 5560 1055 5614 extollit.
1090 5580 1108 5611 ‹
1140 5561 1408 5617 Mirantur
1445 5579 1640 5618 omnes
1667 5563 1794 5623 ﬁdei
1827 5580 1913 5619 re—

321 5645 694 5711 ctitudinem,
756 5648 880 5703 vita:
915 5649 1221 5705 claritatem
1248 5693 1260 5716 ,
1310 5655 1672 5708 constantiam
1717 5655 1908 5720 animi,

395 5829 441 5861 ⁹¹
469 5828 598 5882 Vid.
640 5846 822 5901 supra,
848 5849 898 5901 p.
937 5832 1060 5886 9.60.
1130 5907 1133 5910 ⁴

2019 3273 2258 3347 Catalogi
2289 3275 2616 3346 scriptorum
2647 3280 2715 3334 ab
2743 3276 3088 3338 liebed-Jesu
3114 3289 3405 3356 compositi
3437 3309 3448 3342 :
3473 3308 3599 3346 nam

2023 3369 2074 3422 in
2111 3369 2292 3438 priore
2322 3370 2442 3425 loco
2477 3370 2776 3428 Diodorum
2823 3380 2879 3426 et
2917 3373 3269 3432 Theodorum
3317 3391 3525 3435 sanctos
3553 3394 3600 3436 et

2021 3461 2196 3515 beatos
2245 3462 2460 3528 Patres,
2494 3467 2876 3539 magistrosque
2908 3475 3028 3524 suos
3062 3472 3316 3542 appellat.
3352 3473 3602 3544 Appellat

2020 3568 2237 3624 quoque
2265 3555 2320 3609 in
2345 3555 2560 3628 dialogo
2601 3559 2651 3625 1,
2682 3559 2993 3629 fortissimos
3026 3566 3600 3639 veritatispropugna-

2024 3653 2178 3710 tores,
2216 3649 2454 3718 rivosque
2478 3647 2706 3720 Spiritus
2729 3655 2919 3707 sancti.

2091 3736 2389 3792 Diodorum
2442 3755 2574 3795 vero
2599 3741 2654 3794 in
2677 3741 3061 3800 Ecclesiastica?
3107 3741 3355 3802 Historia:
3395 3741 3494 3804 lib.
3523 3767 3595 3813 tv,

2020 3843 2140 3897 cap.
2169 3828 2259 3895 ‘22,
2288 3831 2510 3899 quantis
2541 3823 2798 3889 laudibus
2820 3835 2985 3890 allicit
3009 3839 3020 3889 l
3068 3857 3084 3888 ι
3122 3838 3594 3909 Sapientissimus,

2019 3917 2182 3991 354
2223 3920 2424 3992 inquit,
2469 3921 2908 3994 fortissimusquc
2962 3927 3255 3992 Diodorus,
3307 3932 3461 4000 quasi
3502 3932 3602 3985 tin—

2018 4011 2142 4065 vius
2165 4012 2386 4080 quidam
2416 4013 2680 4083 limpidus
2712 4024 2767 4069 et
2806 4015 2999 4086 ingens
3044 4031 3173 4073 suos
3209 4021 3432 4090 quidem
3476 4024 3600 4077 irri-

2019 4103 2212 4171 gabat;
2243 4103 2683 4160 adversariorum
2718 4123 2850 4161 vero
2877 4108 3246 4178 blasphemias
3271 4113 3534 4169 dilueliat.
3573 4138 3592 4166 ο

2020 4194 2085 4247 Et
2147 4189 2419 4263 Religio‘ste
2469 4195 2714 4251 Historia:
2752 4214 2870 4269 cap.
2908 4201 2964 4254 11
2999 4220 3009 4253 :
3059 4221 3077 4252 ι
3129 4201 3308 4257 Divini
3341 4204 3599 4277 beatique

2019 4284 2119 4337 viri
2144 4283 2432 4340 Flavianus
2460 4297 2514 4341 et
2545 4288 2816 4345 Diodorus
2840 4293 3040 4362 populo
3077 4295 3462 4364 praesidebant.
3503 4318 3520 4348 ι

2087 4380 2105 4396 ⁸
2141 4377 2214 4431 De
2246 4377 2538 4434 Theodero
2579 4379 2711 4450 quid
2737 4383 2938 4438 habent
2967 4385 3063 4440 lib,
3096 4403 3126 4439 ν
3181 4386 3380 4442 Ερειίιδ.
3420 4390 3601 4446 Histo-

2021 4472 2131 4532 riar,
2165 4471 2360 4538 smpius
2391 4471 2612 4527 allatum
2642 4482 2744 4528 est.

2085 4560 2433 4619 liebed—Jesu
2468 4580 2762 4621 recensens
2795 4564 3140 4626 Theodoreti
3166 4587 3354 4641 opera,
3387 4593 3404 4623 ‹
3434 4574 3597 4630 Com-

2015 4656 2219 4724 posuit,
2253 4657 2450 4726 inquit,
2492 4652 2796 4729 apologiam
2831 4667 2929 4730 pro
2953 4663 3209 4718 Patribus
3234 4665 3436 4721 nostris
3461 4667 3598 4723 duo-

2016 4746 2121 4800 bus
2155 4747 2418 4812 tomis“;
2457 4766 2474 4797 ι
2511 4763 2612 4818 pro
2643 4748 2711 4805 iis
2756 4745 2954 4821 nempe
2981 4752 3258 4818 Patribus,
3302 4771 3440 4824 quos
3471 4772 3598 4811 san~

2015 4846 2138 4891 etus
2188 4837 2424 4908 Cyrillus
2487 4839 2871 4910 impugnavit,
2924 4858 3274 4920 quorumque
3320 4856 3597 4904 tomorum

2013 4928 2315 4997 fragmenta
2351 4929 2555 4986 inserta
2577 4927 2703 4987 sunt
2727 4931 2874 4988 Actis
2905 4935 3110 5004 quintae
3138 4937 3351 5009 synodi,
3395 4939 3520 4993 coll.
3543 4941 3593 4995 5.

2091 5019 2430 5085 Secundum,
2467 5022 2600 5090 quid
2634 5023 2887 5078 similiter
2925 5035 3048 5095 post
3084 5028 3378 5082 concilium
3410 5029 3590 5098 Ephe-

2018 5111 2219 5174 sinum,
2257 5119 2378 5180 p05t
2409 5111 2600 5166 initam
2618 5113 2984 5170 Ecclesiarum
3024 5133 3232 5185 pacem,
3264 5127 3385 5186 post
3408 5120 3595 5187 expla-

2019 5209 2201 5256 natam
2235 5217 2264 5256 a
2307 5201 2510 5273 Cyrillo
2550 5205 2710 5260 toties
2757 5206 2823 5260 de
2874 5206 3252 5263 incarnatione
3302 5207 3482 5273 fidem,
3525 5208 3594 5264 de

2015 5291 2253 5346 Nestorii
2276 5292 2527 5363 dogmate
2564 5295 2794 5356 sentiret
2827 5313 2838 5346 :
2869 5295 3128 5349 credebat
3164 5310 3362 5366 nempe
3401 5297 3594 5353 catho-

2013 5383 2203 5448 licum,
2227 5384 2671 5455 quandoquidem
2697 5385 3006 5440 communis
3029 5394 3151 5439 erat
3181 5384 3586 5444 Catholieorum

2016 5475 2220 5542 pariter
2259 5484 2424 5543 atque
2476 5477 2836 5530 sectariorum
2879 5475 3103 5544 Opinio;
3155 5476 3301 5545 quod
3352 5477 3593 5532 Nestorii

2013 5562 2209 5630 dogma
2224 5559 2518 5617 a'doetrina
2552 5563 2770 5617 Diodori
2797 5574 2852 5618 et
2877 5562 3148 5618 Theodori
3175 5581 3284 5620 non
3308 5565 3554 5619 differret
3580 5602 3596 5627 ,

2015 5655 2338 5710 catholicam
2403 5671 2533 5709 vero
2609 5655 2895 5725 utriusque
2965 5655 3268 5710 doctrinam
3335 5653 3604 5720 censeba-

1696 5765 2011 5824 SCIICLZII
2041 5764 2266 5825 NOTAE.
