4070 6442
480 379 610 442 303

1643 379 2018 442 GARNERII
2059 378 2558 440 DISSERTATIO
2598 378 2676 437 II.

3678 370 3786 437 304

509 485 929 556 'l‘heodorctus;
973 500 1028 545 et
1069 497 1362 558 utrumque
1407 489 1474 543 ab
1519 489 1852 546 adversariis
1890 491 2097 546 calum-
2132 503 2168 559 Α
2199 500 2283 546 est
2308 490 2494 545 Romae
2528 490 2715 545 Idibus
2761 487 2934 552 Junii,
2965 485 3183 541 Asterio
3213 493 3270 539 et
3311 483 3622 556 Protogene
3645 498 3794 540 coss.

499 575 662 631 nniam
684 579 798 646 pati
838 578 1192 648 querebatur,
1217 578 1372 650 quasi
1400 579 1682 636 Christum
1707 580 1763 634 in
1787 579 1927 635 duos
1956 581 2099 635 ﬁlios

509 664 842 722 dividerent.

588 759 860 826 Tertium,
885 776 1048 832 quam
1073 777 1270 817 novam
1312 763 1548 819 haeresin
1587 763 1819 829 diceret,
1843 762 2100 836 Cyrillia-

509 869 637 912 nam
660 853 894 917 scilicet,
928 853 1039 908 imo
1069 853 1396 910 catholicam
1431 855 1764 912 sententiam
1795 856 1864 911 de
1892 857 2098 911 unione

509 947 744 1003 duarum
782 945 838 999 in
873 944 1096 1002 Christo
1125 953 1474 1012 naturarum,
1505 947 1732 1020 physica
1760 956 1818 1004 et
1837 947 2099 1004 substan-

511 1038 642 1104 tiva,
665 1034 846 1105 deque
873 1025 981 1090 una
1023 1035 1189 1092 Verbi
1242 1036 1527 1093 incarnata
1557 1047 1793 1094 natura:
1829 1039 2101 1110 intellige-

509 1126 606 1181 bat
657 1125 805 1180 enim
853 1123 1116 1190 Nestorii,
1166 1125 1526 1197 Diodorique,
1570 1135 1627 1182 et
1661 1127 1941 1182 Theodori
1973 1127 2099 1198 opi-

511 1220 664 1275 nioni
719 1217 1092 1282 contrariam,
1141 1227 1307 1288 atque
1360 1217 1500 1272 adeo
1553 1219 1772 1274 veritati
1812 1219 2101 1274 catholicae

504 1312 818 1366 adversam.

581 1401 869 1470 Quartum,
905 1417 1005 1456 cur
1029 1399 1274 1455 Himerio
1299 1401 1568 1467 scribens,
1593 1415 1703 1470 quo
1727 1408 1972 1472 tempore
1997 1417 2101 1471 pax

511 1496 886 1551 Ecclesiarum
916 1493 1100 1557 ﬁebat,
1121 1502 1526 1565 negaretposse
1555 1493 1933 1549 conditionem
1958 1493 2103 1550 hanc

513 1587 708 1657 accipi,
739 1603 845 1656 qua
877 1585 970 1656 qui
1003 1586 1168 1639 vellet
1194 1601 1252 1640 se
1303 1585 1640 1640 catholicum
1672 1591 1730 1640 et
1771 1585 1923 1657 pacis
1959 1601 2104 1642 ama-

516 1691 692 1734 torem
746 1678 1021 1748 probare,
1083 1677 1312 1731 deberet
1389 1677 1741 1732 anathemate
1797 1677 2103 1748 percellere

513 1769 751 1825 Nestorii
783 1768 976 1839 dogma
1007 1786 1018 1821 :
1057 1767 1292 1838 negabat
1334 1769 1483 1822 enim
1534 1767 1590 1822 id
1636 1769 1754 1823 fieri
1787 1785 1947 1839 posse
1982 1770 2104 1824 sine

2205 596 2309 636 nec
2331 581 2507 650 potuit
2527 580 2595 634 ad
2624 578 3036 634 Theodoretum
3056 576 3184 648 Cyri
3203 575 3490 631 detentum
3506 574 3800 644 pervenire

2205 681 2334 728 ante
2357 678 2705 736 autumnum,
2745 677 2804 724 et
2842 669 3068 739 quidem
3090 669 3202 739 jam
3241 675 3584 736 provectum.
3617 665 3802 720 Theo-

2205 767 2431 821 doretus
2455 780 2590 820 vero
2610 763 2680 818 ad
2713 763 2918 817 milites
2940 761 3167 830 scripsit
3198 762 3386 814 statim
3408 767 3634 828 accepta
3659 758 3806 813 Leo-

2205 859 2294 913 nis
2314 856 2568 928 epistola,
2598 865 2662 911 ut
2683 855 3068 910 demonstrant
3099 851 3184 905 ha:
3205 865 3370 905 voces
3407 868 3420 902 :
3461 851 3798 902 Ἀκουσάτωο

2207 966 2329 1016 σαν,
2357 948 2569 1003 καὶτοῦ
2593 947 2902 1016 ἀγιυντάτου
2933 945 3028 999 καὶ
3056 943 3352 998 ὀσιωτὰτου
3377 943 3473 1005 τῆς
3511 941 3806 1012 Ῥωμαίων

2207 1040 2530 1103 ἐπισκόπου,
2560 1037 2655 1092 τοῦ
2679 1039 2872 1112 κυρίου
2899 1037 3130 1100 Λέοντος
3164 1035 3260 1090 νῦν
3289 1019 3651 1104 γεγραφότος
3687 1043 3804 1089 etc.

2206 1133 2441 1188 Audiam
2462 1133 2852 1186 sanctissimum
2875 1141 2926 1184 et
2953 1129 3408 1199 religiosissimum
3438 1127 3808 1181 Romanorum

2206 1225 2525 1294 episcopum,
2561 1223 2833 1276 dominum
2865 1221 3114 1284 Leonem,
3138 1221 3229 1291 qui
3259 1219 3414 1273 modo
3433 1219 3664 1290 scripsit,
3689 1227 3805 1272 etc.

2277 1314 2346 1368 ll.
2371 1313 2590 1377 Milites,
2637 1313 2708 1367 ad
2748 1326 2887 1382 quos
2914 1311 3195 1383 dirigitur,
3227 1311 3490 1365 videntur
3531 1311 3702 1364 fuisse
3734 1309 3808 1364 de

2208 1418 2440 1457 numero
2464 1403 2628 1458 tertio
2660 1401 3164 1468 Stabilisianorum,
3193 1403 3290 1473 qui
3320 1402 3378 1456 in
3404 1401 3650 1458 Orientis
3671 1416 3809 1472 pro-

2210 1495 2410 1550 vinciis
2439 1495 2819 1550 morabantur.

2281 1587 2371 1640 lli.
2409 1587 2896 1657 lnterrogaverant
2921 1586 2999 1640 illi
3031 1585 3466 1651 Theodoretum,
3509 1584 3642 1655 quid
3672 1599 3809 1639 sen—

2213 1679 2461 1735 tiendum
2486 1679 2554 1734 de
2579 1695 2666 1744 eo,
2693 1680 2788 1749 qui
2814 1679 3249 1750 reprehenderat
3277 1678 3578 1741 dicentem,
3613 1678 3808 1748 aliqua

2213 1788 2324 1825 esse
2348 1771 2456 1825 Deo
2469 1789 2683 1843 prorsus
2706 1769 3068 1842 impossibilia.
3088 1770 3315 1834 lrretiti,
3337 1771 3558 1840 opinor,
3586 1769 3811 1823 fuerant

514 1862 736 1932 pietatis
756 1860 1109 1925 detrimento,
1131 1859 1228 1915 sed
1248 1859 1620 1915 adhibendam
1647 1876 1768 1917 esse
1794 1861 1940 1918 inter
1969 1865 2106 1916 sub-
2138 1862 2180 1922 Β
2209 1863 2337 1920 1)οηί
2388 1865 2494 1919 viri
2520 1864 2588 1920 ab
2616 1865 2804 1934 aliquo
2831 1864 3127 1919 defensore
3156 1861 3254 1916 Dei
3297 1861 3582 1932 passibilis,
3612 1875 3810 1914 suame

514 1949 868 2005 scribendum
899 1949 1051 2019 pacis
1087 1949 1478 2014 instrumento,
1519 1958 1634 2003 tum
1684 1949 2103 2007 distinctionem

507 2041 652 2113 juris
684 2048 741 2095 et
769 2039 921 2104 facti,
972 2039 1088 2094 sive
1123 2039 1397 2110 dogmatis
1427 2048 1483 2094 et
1514 2055 1796 2110 personae;
1833 2050 1950 2096 tum
1978 2058 2107 2098 cau-

513 2135 745 2199 tionem,
775 2149 884 2204 qua
912 2132 1273 2187 damnaretur
1299 2132 1497 2205 dogma
1527 2133 1597 2189 de
1622 2133 1842 2190 duobus
1865 2133 2014 2201 ﬁliis,
2058 2135 2106 2191 si

513 2242 624 2296 quo
649 2226 706 2280 in
736 2225 879 2279 libro
907 2222 1271 2293 reperiretur,
1305 2230 1362 2276 et
1388 2221 1433 2276 si
1464 2237 1574 2292 quo
1604 2223 1672 2278 ab
1708 2222 1931 2278 homine
1958 2237 2108 2277 asse-

514 2326 756 2374 reretur.

585 2413 874 2480 Quintum,
917 2426 1018 2464 cur
1052 2409 1107 2464 in
1140 2406 1351 2480 synodo
1398 2405 1875 2472 Chalcedonensi,
1920 2407 2109 2478 jussus

514 2505 806 2561 anathema
835 2502 1021 2557 dicere
1042 2501 1299 2557 Nestorio
1339 2510 1392 2555 et
1427 2501 1548 2570 ejus
1593 2500 1963 2571 dogmatibus,
1991 2510 2110 2556 tan-

515 2597 614 2652 diu
662 2597 1058 2667 tergiversatus
1109 2593 1218 2660 sit;
1255 2591 1591 2663 petieritque
1639 2592 1746 2647 sibi
1779 2599 2108 2663 potestatem

516 2687 860 2760 exponendas
903 2685 1030 2742 ﬁdei
1072 2702 1184 2742 sua:
1219 2683 1360 2750 fieri,
1391 2700 1558 2754 quam
1605 2684 1797 2755 utique
1828 2700 1858 2739 a
1887 2683 2110 2740 Diodori

517 2780 934 2851 Theodorique,
991 2787 1046 2833 et
1080 2777 1314 2849 proinde
1351 2775 1588 2832 Nestorii
1619 2775 1726 2832 ﬁde
1753 2791 1866 2832 non
1902 2775 2113 2832 discer-

518 2873 724 2940 nebat;
759 2887 862 2927 nec
893 2871 1050 2942 prius
1087 2869 1321 2926 solemni
1362 2868 1600 2924 formula
1641 2867 1882 2924 Nestorii
1913 2868 2112 2940 dogma

516 2979 922 3036 personamque
963 2961 1286 3034 ejuraverit,
1312 2976 1479 3032 quam
1507 2960 1983 3016 conclamantibus
2013 2961 2113 3016 Pa-

519 3056 717 3120 tribus,
755 3071 814 3110 se
843 3055 994 3110 velut
1036 3053 1360 3110 haereticum
1392 3052 1462 3108 de
1503 3051 1699 3125 synodi
1732 3053 1855 3108 loco
1884 3052 2115 3125 ejicien-

518 3149 650 3204 dum
676 3147 1030 3218 intelligeret.

2209 1969 2316 2030 que
2341 1955 2672 2009 sententiam
2699 1971 2768 2010 ex
2805 1969 2873 2008 eo
2897 1954 3168 2024 probante
3219 1952 3368 2022 quod
3409 1953 3521 2006 Deo
3562 1951 3700 2004 nihil
3733 1951 3810 2004 sit

2209 2043 2550 2114 impossibile
2572 2084 2586 2109 ,
2611 2041 2869 2113 quodque
2908 2043 3054 2096 Deus
3077 2056 3422 2112 quaecunque
3445 2040 3584 2104 vult,
3608 2038 3806 2110 possit.

2209 2138 2436 2193 Dixerat
2473 2152 2641 2208 porro
2669 2135 2909 2208 Cyrillus
2948 2135 3091 2190 inter
3131 2134 3371 2204 capitula
3417 2133 3806 2201 defendenda,

2207 2230 2350 2304 Deus
2381 2247 2568 2301 passus
2590 2237 2664 2284 est
2687 2227 2901 2294 volens;
2934 2227 3143 2282 dictum
3158 2225 3302 2282 forte
3329 2242 3396 2282 eo
3420 2224 3512 2282 ille
3539 2234 3806 2292 traxerat,

2212 2322 2358 2376 unde
2385 2321 2617 2392 quaestio
2651 2329 2782 2375 tunc
2809 2326 2949 2375 erat.

2283 2416 2371 2471 IV.
2419 2414 2738 2485 Respondet
2773 2414 3015 2484 primum
3039 2412 3447 2479 Theodoretus,
3479 2411 3667 2483 aliqua
3693 2412 3810 2467 Deo

2211 2524 2332 2564 esse
2362 2507 2748 2579 impossibilia,
2774 2505 2945 2561 veluti
2969 2507 3214 2571 mentiri,
3245 2505 3444 2577 injuste
3471 2521 3652 2576 agere,
3670 2515 3808 2570 ξω..

2212 2601 2461 2672 nihilque
2496 2600 2668 2655 Deum
2686 2599 2825 2654 velle
2863 2599 3066 2664 facere,
3106 2598 3255 2669 quod
3302 2607 3513 2652 natura:
3539 2611 3652 2652 non
3673 2611 3811 2652 con-

2211 2702 2406 2765 gruat;
2443 2708 2623 2764 neque
2652 2701 2837 2748 tamen
2865 2690 2995 2746 inde
3040 2692 3198 2762 argui
3247 2689 3667 2754 imbecillitatis,
3707 2689 3812 2745 sed

2212 2783 2475 2854 potentiae
2501 2782 2688 2854 potius
2721 2780 2993 2847 maximae,
3022 2796 3133 2850 qua
3158 2780 3333 2852 possit
3361 2781 3730 2836 inconcussus
3750 2779 3815 2835 in

2214 2887 2366 2932 recto
2391 2877 2708 2948 persistere.

2288 2971 2352 3025 V.
2391 2969 2601 3025 Deinde
2621 2970 2867 3026 ostendit
2900 2985 2968 3024 eo
3001 2969 3116 3024 fere
3151 2967 3336 3031 modo,
3365 2981 3431 3020 ac
3457 2968 3473 2983 ⁴
3505 2965 3559 3020 in
3593 2965 3812 3035 dialogo

2215 3061 2380 3116 tertio
2406 3061 2695 3130 Eranistaz,
2727 3062 2823 3131 qui
2870 3061 3079 3116 dicitur
3109 3055 3486 3130 lmpassibilis,
3524 3054 3810 3126 quomodo

2214 3153 2360 3208 Deus
2375 3151 2614 3207 Verbum
2637 3151 2854 3206 dicatur
2869 3167 3080 3222 passus,
3107 3149 3403 3220 laudatque
3426 3147 3810 3206 Athanasium.

589 3239 840 3303 Sextum,
865 3254 1030 3309 quam
1071 3237 1326 3293 videatur
1381 3237 1497 3308 ipse
1543 3237 1728 3292 animo
1782 3235 1987 3291 fovisse
2038 3233 2107 3289 ad

2220 3243 2512 3298 Damasum
2548 3253 2604 3298 et
2655 3244 2895 3299 Leonem
2923 3284 2938 3308 ,
2997 3258 3160 3314 quem
3202 3252 3542 3312 postremum
3592 3239 3812 3309 dialogo

520 3345 694 3401 usque
753 3329 1026 3401 synodum
1066 3327 1570 3384 Chalcedonensem
1600 3369 1616 3394 ,
1671 3328 1993 3399 opinionem
2047 3325 2116 3380 de

527 3423 733 3477 unione
763 3429 1091 3474 naturarum
1120 3418 1173 3472 in
1191 3418 1414 3474 Christo
1438 3437 1452 3472 :
1476 3434 1602 3474 cum
1627 3420 1777 3474 enim
1799 3427 1948 3473 totus
1969 3425 2119 3472 esset

519 3515 579 3569 in
602 3511 963 3568 distractione
987 3519 1312 3565 naturarum
1335 3511 1655 3576 astruenda,
1673 3526 1776 3566 nec
1796 3510 1930 3565 satis
1953 3510 2118 3566 intel-

521 3608 720 3677 ligeret
754 3605 884 3676 (qua
919 3603 987 3659 de
1026 3618 1191 3658 causa
1243 3603 1541 3673 incertum)
1579 3602 1802 3658 unionis
1857 3602 2118 3674 byposta-

523 3699 665 3763 tiae,
708 3711 832 3766 quae.
880 3696 1102 3768 physica
1145 3711 1267 3750 esse
1311 3695 1479 3750 debet
1533 3704 1700 3764 atque
1740 3694 2115 3760 substantiva,

523 3790 686 3860 355
721 3789 968 3855 modum,
1000 3789 1180 3843 videri
1207 3796 1389 3859 potest
1417 3787 1788 3858 permansisse
1840 3803 1908 3841 eo
1945 3803 2117 3858 usque

524 3881 582 3934 in
614 3880 874 3951 opinione
899 3879 968 3935 de
1009 3880 1214 3934 unione
1240 3883 1460 3950 σχετικῇ
1497 3886 1552 3932 et
1586 3894 1722 3948 pure
1750 3879 1966 3945 morali,
1995 3893 2119 3949 qua:

524 3980 792 4043 perpetua
821 3980 1005 4027 tamen
1035 3980 1200 4041 atque
1224 3969 1629 4026 indissolubilis
1661 3969 1848 4024 fuerit.

597 4063 965 4130 Postremum,
1022 4079 1054 4118 a
1099 4079 1211 4135 quo
1257 4063 1572 4132 exemplum
1607 4064 1976 4133 sumpserint,
2025 4070 2121 4116 aut

526 4165 676 4213 certe
699 4172 920 4212 sumere
963 4157 1270 4227 potuerint,
1317 4155 1656 4212 recentiores
1692 4155 1795 4220 illi,
1842 4155 1938 4226 qui
1966 4154 2121 4210 dam-

526 4251 682 4305 nanti
726 4251 1134 4321 propositiones
1181 4249 1446 4319 quasdam
1496 4248 1760 4304 Ecclesiae
1803 4249 2120 4304 consentire

523 4343 802 4399 obstinata
837 4352 1023 4400 mente
1061 4351 1404 4406 renuerunt,
1440 4341 1547 4396 nisi
1594 4342 1740 4397 inter
1764 4340 2122 4397 subscriben-

511 4434 659 4490 dum
685 4435 812 4490 ﬁdei
838 4434 1108 4499 formulae,
1140 4433 1334 4488 liceret
1358 4432 1773 4488 distinctionem
1798 4447 2005 4502 ponere
2030 4433 2122 4504 jus

511 4525 673 4582 inter
697 4534 755 4580 et
780 4524 1006 4590 factum,
1028 4531 1084 4579 et
1110 4523 1180 4578 de
1220 4522 1475 4594 dogmate
1497 4523 1723 4593 quidem
1749 4523 2012 4578 haeretica
2034 4539 2121 4580 re-

522 4616 766 4688 jiciendo
804 4618 1104 4673 convenire
1129 4631 1255 4671 cum
1287 4616 1568 4683 Ecclesia;
1611 4616 1680 4671 de
1720 4631 1958 4688 persona
1984 4633 2118 4673 vero

527 4711 857 4776 dissentire,
892 4711 1052 4781 quasi
1106 4711 1163 4766 in
1215 4708 1526 4780 aﬁingendo
1571 4725 1828 4780 personae
1864 4709 2120 4781 dogmate

529 4804 620 4859 illa
651 4812 950 4874 peccasset,
983 4811 1038 4858 et
1069 4801 1470 4873 imaginariam,
1530 4817 1692 4871 quam
1729 4817 1894 4858 nemo
1937 4803 2121 4872 reipsa

530 4892 887 4958 defendisset,
919 4891 1156 4948 haeresin
1180 4889 1286 4944 sibi
1308 4890 1769 4960 ,proscribendam
1798 4892 2118 4963 proposuis-

531 4993 636 5040 set.

762 5097 1016 5169 Epistula
1062 5097 1190 5163 tu,
1225 5098 1528 5169 dogmatica
1569 5098 1639 5152 ad
1665 5099 1879 5154 milites.

593 5215 648 5270 ιι.
679 5215 817 5270 Data
853 5221 939 5269 est
963 5222 1088 5285 post
1127 5230 1334 5270 annum
1361 5214 1488 5282 M9,
1516 5225 1613 5270 aut
1633 5222 1788 5272 certe
1815 5215 1921 5271 sub
1945 5211 2124 5286 ipsius

538 5300 705 5357 tinem
759 5318 772 5355 :
824 5299 1082 5358 laudatur
1117 5302 1268 5359 enim
1306 5303 1411 5359 sub
1452 5301 1619 5358 ﬁnem
1661 5303 1895 5374 epistola
1948 5305 2125 5360 sancti

534 5391 760 5458 Leonis,
782 5391 974 5462 utique
998 5393 1236 5450 celebris
1276 5394 1367 5449 illa
1407 5409 1530 5466 qua:
1551 5392 1622 5449 ad
1642 5393 1969 5451 Flavianum
1997 5395 2124 5451 data

2219 3351 2346 3390 mox
2368 3335 2516 3390 dicto
2557 3352 2668 3390 non
2724 3336 2996 3401 laudavit,
3035 3335 3504 3406 opportunissime
3554 3332 3814 3387 laudatu-

2220 3443 2336 3492 rus,
2363 3427 2409 3480 si
2439 3428 2637 3498 dialogi
2661 3444 2770 3482 non
2792 3437 2978 3483 essent
2997 3428 3158 3498 longe
3183 3435 3309 3480 ante
3333 3426 3621 3496 epistolam
3651 3424 3810 3483 editi,

2216 3521 2366 3590 quod
2390 3521 2520 3591 quia
2559 3522 2735 3575 nescit
2769 3521 3126 3585 Albertinus,
3165 3535 3290 3576 cum
3327 3520 3444 3574 suis
3479 3517 3815 3587 sequacibus

2220 3613 2356 3666 abiit
2383 3613 2436 3666 in
2464 3612 2731 3667 absurdus
2761 3613 3075 3682 Opiniones.

2291 3703 2379 3757 Vl.
2411 3703 2832 3766 Testimonium,
2888 3702 3037 3772 quod
3081 3717 3147 3756 ex
3192 3701 3396 3756 Leonis
3443 3699 3652 3769 scripto
3685 3713 3818 3767 pro-

2221 3798 2418 3862 fertur,
2455 3813 2565 3852 non
2586 3798 2786 3869 legitur
2810 3799 2863 3851 in
2894 3797 3021 3850 ullis
3047 3795 3210 3851 editis
3239 3793 3554 3856 codicibus;
3584 3793 3698 3846 imo
3715 3805 3819 3843 nec

2221 3889 2386 3960 356
2433 3891 2487 3944 in
2545 3905 2676 3944 mss.
2723 3889 2839 3943 sive
2871 3887 3077 3943 Graecis
3109 3886 3224 3941 sive
3265 3885 3497 3948 Latinis,
3535 3883 3710 3937 verbo
3746 3882 3818 3936 ad

2220 3981 2478 4035 verbum.
2505 3982 2712 4036 Verum
2741 3981 2846 4036 hac
2897 3981 2966 4035 de
2999 3979 3302 4049 quastione
3352 3978 3569 4032 dicetur
3600 3976 3654 4028 in
3699 3973 3819 4028 Au-

2222 4072 2396 4128 ctario
2414 4073 2807 4142 epistolarum;
2838 4073 2891 4124 in
2923 4070 3059 4125 illud
3106 4070 3256 4124 enim
3293 4067 3486 4123 referri
3521 4067 3690 4121 debet
3729 4080 3822 4120 ce-

2222 4165 2394 4220 lebris
2423 4165 2516 4220 illa
2559 4165 2762 4220 Leonis
2811 4163 3043 4234 epistola
3069 4164 3114 4195 "
3146 4179 3161 4216 :
3201 4170 3317 4215 tum
3347 4160 3478 4230 quia
3518 4159 3819 4228 subjuncta

2222 4257 2390 4313 habet
2417 4255 2732 4311 testimonia
2776 4255 3026 4320 Patrum,
3071 4269 3195 4323 quae
3239 4251 3462 4321 collegit
3495 4248 3820 4304 Theodore-

2225 4359 2334 4415 tus,
2375 4356 2494 4403 tum
2517 4346 2667 4418 quod
2699 4345 2947 4401 nondum
2963 4344 3178 4400 mendis
3201 4358 3340 4413 pura
3368 4340 3518 4396 edita
3539 4340 3614 4394 sit
3639 4339 3708 4393 ”.

2259 4459 2507 4532 Epistola
2560 4458 2682 4523 MS,
2728 4458 2798 4512 ad
2826 4456 3109 4512 monachos
3133 4447 3780 4522 ConstantinOpolitanos.

2152 4569 2198 4626 D
2296 4575 2337 4630 1.
2371 4575 2493 4629 Non
2529 4583 2638 4629 tam
2678 4571 2912 4644 epistola
2954 4578 3062 4637 est,
3099 4584 3263 4640 quam
3302 4565 3552 4637 prolixus
3588 4563 3820 4634 quidam

2228 4665 2297 4722 de
2330 4667 2710 4722 incarnatione
2757 4672 3046 4729 tractatus,
3076 4677 3186 4733 quo
3219 4658 3607 4714 Theodoretus
3650 4654 3819 4710 ﬁdem

2229 4774 2382 4815 suam
2410 4757 2655 4828 exponit.
3605 4753 3610 4758 ’

2300 4848 2364 4904 11.
2407 4849 2639 4905 Ρτωΐετῑ
2680 4845 2949 4916 temporis
3005 4841 3349 4897 manifestam
3394 4847 3600 4894 notam.
3651 4856 3668 4886 ι
3714 4834 3822 4902 Qui

2231 4942 2588 5003 calumniam,
2619 4937 2822 5008 inquit,
2849 4945 3043 4992 contra
3061 4950 3162 4989 nos
3181 4939 3490 4995 temerant,
3507 4943 3824 4984 aerumnas-

2231 5048 2339 5104 que
2387 5041 2608 5088 nostras
2629 5030 2818 5084 multis
2847 5027 3098 5099 pecuniis
3124 5025 3494 5087 redemerant,
3528 5031 3587 5076 ut
3618 5021 3826 5076 Valen-

2229 5123 2332 5178 tini
2387 5133 2446 5180 et
2497 5120 2828 5177 Bardesanis
2879 5119 3002 5174 tabe
3067 5115 3259 5172 infecti
3318 5113 3610 5169 manifeste
3651 5111 3826 5182 agniti

2229 5222 2380 5279 sunt,
2415 5231 2433 5266 ι
2469 5220 2576 5268 etc.
2603 5211 2744 5268 Cum
2763 5212 2914 5266 enim
2949 5208 3337 5266 Theodoretus
3375 5206 3444 5262 de
3473 5219 3573 5261 sua
3596 5204 3830 5259 damna-

2232 5305 2382 5360 tione
2409 5306 2468 5359 in
2516 5304 2766 5360 Dioscori
2815 5301 3046 5376 synodo,
3084 5309 3142 5356 et
3171 5299 3240 5356 de
3263 5297 3534 5372 ejectione
3558 5295 3833 5369 Eutychis

2228 5395 2289 5450 in
2314 5397 2571 5452 exsilium
2605 5395 2944 5451 mentionem
2971 5391 3165 5460 faciat,
3197 5405 3434 5461 cumque
3463 5388 3533 5445 de
3563 5386 3832 5443 Marciani

1855 5551 2174 5611 SCIIULZII
2199 5549 2428 5608 ΝΟΤΕ.

610 5688 661 5721 ’⁸
682 5689 978 5764 Promissis
999 5709 1110 5764 non
1151 5694 1317 5764 stetit
1337 5693 1658 5764 Gamenus.
1706 5693 1826 5750 Non
1869 5703 2047 5752 exstat
2081 5695 2183 5749 ista
2223 5691 2424 5749 Leonis
2458 5693 2524 5750 ad
2552 5693 2875 5750 Flavianum
2894 5691 3143 5764 epistola
3190 5689 3249 5764 in
3283 5691 3546 5749 Auctarlo
3572 5690 3837 5764 epistola-

545 5773 692 5835 rum.
767 5760 815 5794 ”
833 5759 965 5828 Quas
996 5763 1052 5820 in
1079 5763 1188 5835 ﬁne
1219 5763 1406 5835 addita
1434 5772 1595 5820 erant
1618 5763 1688 5821 de
1711 5764 2058 5821 emendando
2080 5778 2274 5835 errore
2303 5765 2399 5835 qui
2432 5765 2489 5819 in
2517 5764 2819 5822 editionem
2886 5759 3168 5820 Si'rrnond.
3212 5761 3533 5832 irrepserat,

3635 5759 3833 5818 elenda

535 5830 790 5902 fuerunt,
823 5847 947 5888 cum
983 5833 1276 5893 emendata
1305 5834 1470 5892 lectio
1496 5836 1630 5890 servi
1662 5835 1832 5906 forma
1866 5842 2044 5891 exstet
2079 5830 2135 5890 in
2166 5834 2300 5889 edit.
2320 5830 2552 5902 'nostra,
2587 5843 2626 5890 t.
2672 5836 2760 5905 lV,
2800 5851 2856 5907 p.
2887 5835 3044 5890 1245.
