4070 6468
329 421 432 484 305

1504 431 1601 490 DE
1641 431 1895 490 LIBRIS
1933 433 2434 499 ἸἩΕΟΒΟΒΕΤῘ.

3489 436 3597 497 τῖῧΰ

331 535 599 591 beneflcio
627 552 757 609 erga
787 554 846 593 se
878 539 1059 604 sileat,
1095 539 1336 595 ostendit
1374 541 1519 597 clare
1547 557 1606 597 se
1656 558 1724 597 eo
1768 551 1909 598 tem-
1938 550 1984 604 Α
2013 543 2080 598 de
2107 543 2210 598 lide
2240 560 2598 615 personarum
2625 551 3001 609 exerceretur,
3049 558 3161 597 non
3209 541 3341 608 item
3388 541 3456 597 dc
3488 545 3597 598 cri—

331 645 462 700 pore
493 630 764 697 scribere,
787 633 934 700 quod
970 633 1325 688 subsecutum
1367 642 1446 689 est
1471 643 1705 688 mortem
1735 633 1914 690 Theo-

327 722 464 776 dosii
517 723 901 794 imperatoris,
935 742 1058 795 qua:
1107 727 1340 797 contigit
1385 742 1530 781 anno
1569 725 1692 791 ιειθ,
1719 727 1808 782 die
1843 728 1913 783 29

327 811 476 874 Julii.
514 821 573 868 et
617 813 939 868 inchoatum
974 815 1064 870 die
1085 815 1156 869 25
1193 815 1423 886 Augusti
1459 815 1752 886 imperium
1774 815 1917 870 Mar-

324 904 489 968 ciani,
523 905 686 974 cujus
714 905 961 975 jnssione
987 907 1262 977 Eutyches
1293 907 1503 978 ejectus
1528 917 1632 972 est,
1667 915 1723 963 et
1747 907 1916 963 resci-

328 1006 440 1050 tum
495 997 634 1051 illud
665 997 924 1052 Marciani
953 997 1182 1063 factum,
1213 997 1282 1053 de
1325 1014 1436 1068 quo
1471 1014 1579 1053 non
1607 999 1788 1070 potuit
1812 1014 1912 1053 au-

324 1087 427 1140 diri
450 1096 584 1142 ante
606 1087 770 1142 linem
815 1087 1176 1158 Septembris.
1216 1089 1460 1159 Epistula
1492 1090 1662 1160 igitur
1681 1090 1807 1145 data
1829 1097 1916 1145 est

326 1176 405 1232 vel
441 1175 760 1246 Septembri
807 1191 996 1232 mense
1043 1177 1261 1242 affecto,
1294 1178 1381 1232 vel
1419 1178 1717 1248 incipiente
1745 1176 1913 1232 Octo-

325 1267 428 1332 bri,
457 1283 574 1336 quo
611 1275 858 1337 tempore
890 1267 1138 1322 nondum
1162 1276 1283 1323 erat
1308 1284 1338 1323 a
1375 1268 1652 1323 Marciano
1695 1269 1765 1324 ad
1820 1283 1911 1324 se-

325 1356 448 1409 dem
473 1371 632 1410 suam
661 1356 948 1411 remissus.

390 1445 477 1500 lll.
518 1445 633 1500 Hos
663 1461 834 1514 porro
886 1447 1209 1512 monachos,
1237 1448 1440 1517 quibus
1477 1448 1695 1512 scribit,
1743 1455 1912 1503 teme-

331 1537 531 1590 rarium
579 1536 732 1590 haud
778 1536 948 1592 fuerit
973 1539 1186 1608 opinari
1228 1547 1544 1605 accemctas,
1603 1541 1747 1610 apud
1771 1556 1913 1611 quos

339 1625 476 1680 forte
507 1626 824 1695 suspicione
855 1627 1085 1684 haeresis
1110 1626 1414 1684 laborabat.

400 1718 480 1771 ιν.
509 1718 714 1772 Scribit
736 1734 870 1780 vero
896 1735 996 1789 per
1012 1721 1310 1776 monachos
1333 1736 1362 1774 a
1388 1721 1646 1775 Marcello
1675 1736 1913 1776 acmme—

335 1818 502 1862 tarum
541 1810 975 1864 archimandrita
1003 1811 1060 1866 in
1102 1812 1442 1867 thuiciam
1475 1812 1598 1866 aliis
1633 1812 1702 1866 de
1741 1813 1907 1868 rebus

2016 635 2282 690 minibus.
2319 655 2335 687 ι

2084 728 2136 781 5.
2159 727 2240 782 Ad
2265 728 2415 783 hunc
2446 743 2620 798 usque
2645 726 2790 782 diem
2814 725 3167 782 Theod‘oreto
3200 725 3376 781 invisa
3425 724 3594 781 fuisse

2013 834 2286 890 exosaque
2311 821 2572 890 capitula.
2617 840 2634 872 ‹
2667 819 3045 890 Explodantur
3068 835 3217 874 nunc
3252 818 3472 875 tandem
3498 836 3594 874 ca-

2013 913 2206 983 pitula,
2238 929 2359 983 qum
2401 913 2600 983 saepius
2627 919 2786 968 antea
2807 911 3160 977 damnarunt,
3181 911 3386 982 Ephesi
3410 919 3595 966 autem

2012 1021 2192 1076 nuper
2216 1006 2615 1075 approbarunt.
2653 1024 2670 1058 I

2084 1096 2138 1150 4.
2164 1095 2482 1162 Maximum,
2538 1099 2632 1167 qui
2672 1097 2885 1152 Domno
2921 1096 3252 1168 subrogatus
3284 1106 3370 1153 est
3411 1097 3467 1152 in
3510 1113 3596 1152 se-

2010 1187 2136 1243 dem
2172 1186 2571 1243 Antiochenam
2597 1229 2612 1254 ,
2666 1205 2776 1243 non
2814 1187 2986 1244 fuisse
3030 1189 3344 1244 ordinatum
3395 1187 3450 1243 in
3477 1187 3594 1258 ipsa

2012 1277 2222 1350 synodo
2259 1279 2557 1349 Ephesina,
2591 1278 2688 1335 sed
2733 1288 2858 1349 post
2905 1280 3037 1334 istas
3071 1279 3285 1334 litteras
3337 1278 3592 1348 scriptas.

2019 1389 2036 1421 ι
2075 1371 2204 1426 Post
2239 1370 2644 1426 ordinationem
2688 1387 2820 1427 sane
2876 1370 3127 1442 praesidis
3154 1369 3417 1434 Orientis,
3445 1376 3597 1440 pate-

2012 1461 2106 1516 lict
2133 1477 2364 1532 prorsus
2391 1478 2551 1519 mens
2584 1470 2640 1519 et
2674 1463 2949 1518 sententia
2987 1463 3442 1533 uniuscujusque.
3472 1478 3490 1511 ι
3519 1458 3597 1514 Ne

2010 1555 2137 1623 quis
2163 1554 2402 1625 prasidi:
2427 1554 2654 1610 nomine
2686 1554 3004 1610 saecularem
3041 1560 3368 1624 potestatem
3396 1549 3600 1605 intelli-

2009 1655 2130 1715 gat;
2158 1660 2285 1700 nam
2310 1646 2370 1700 in
2394 1645 2583 1701 Graeco
2604 1655 2710 1711 est,
2731 1645 3064 1716 χειροτονίαν
3090 1643 3182 1698 τοῦ
3198 1639 3292 1712 τῆς
3313 1640 3600 1710 Ἀνατολῆς

2012 1735 2297 1806 προέδρου.
2337 1734 2736 1790 Ordinationem
2771 1734 2938 1800 illius,
2974 1736 3065 1806 qui
3097 1735 3328 1806 primam
3369 1731 3599 1789 Orientis

2011 1826 2314 1882 cathedram
2345 1827 2584 1881 obtinuit.

331 1900 520 1955 missos
547 1919 559 1952 :
590 1917 718 1955 cum
747 1900 882 1971 ipsis
900 1917 1098 1972 nempe
1128 1919 1456 1974 congressus
1482 1903 1772 1968 didicerat,
1802 1920 1911 1974 qua

2085 1917 2137 1972 5.
2175 1917 2257 1972 Ab
2287 1917 2778 1972 iisTheodoretum
2820 1916 3139 1971 damnatum
3173 1914 3243 1968 ob
3269 1912 3527 1975 baeresiu,
3567 1927 3602 1964 α

326 1993 465 2062 apud
491 1993 711 2048 sodales
747 1993 804 2047 in
829 1993 1091 2063 opinione
1120 2003 1301 2060 esset;
1343 1996 1518 2064 ipsam
1540 2011 1672 2050 vero
1698 2011 1767 2050 ex
1791 1996 1912 2049 aui-

326 2085 424 2139 mis
446 2086 691 2140 evellere
715 2085 1052 2150 referebant,
1081 2095 1307 2156 propter
1325 2088 1612 2142 hominum
1641 2087 1912 2159 ejusmodi

324 2175 616 2230 maximam
647 2177 702 2230 in
735 2177 872 2231 urbe
900 2177 1048 2248 regia
1074 2179 1482 2234 auctoritatem.

385 2266 450 2322 Υ.
485 2267 624 2333 Quae
641 2268 708 2324 de
735 2269 852 2324 suis
875 2269 1035 2324 libris
1056 2278 1264 2336 narrat,
1297 2271 1543 2342 exposita
1576 2280 1704 2327 sunt
1735 2272 1914 2342 capite

320 2357 587 2412 secundo.

536 2497 785 2569 Epistola
811 2499 932 2566 M6,
966 2501 1037 2554 ad
1068 2499 1330 2556 Joannem
1356 2518 1696 2559 arconomum.

381 2637 517 2694 Haec
547 2639 719 2693 etiam
767 2639 1034 2709 epistola,
1079 2640 1186 2697 etsi
1233 2641 1426 2696 mutila
1448 2682 1465 2708 ,
1515 2643 1698 2715 magni
1729 2651 1912 2700 tamen

321 2737 586 2786 tractatus
603 2729 847 2786 formam
886 2731 1076 2788 habet.
1109 2732 1405 2788 Historiam
1426 2733 1601 2805 ipsius
1637 2733 1920 2791 tenuimus

323 2825 375 2878 in
397 2824 521 2880 Vita
545 2823 888 2879 Theodoreti
913 2824 983 2890 ",
1025 2824 1480 2895 ostendimusque
1509 2826 1771 2896 scriptam
1789 2841 1913 2883 esse

331 2922 449 2984 post
487 2915 788 2970 concilium
809 2913 1292 2981 Chalcedonense,
1335 2930 1463 2970 cum
1506 2915 1830 2971 secessisset
1855 2917 1910 2972 in

334 3007 748 3071 monasterium,
771 3015 828 3061 et
850 3005 1044 3077 procul
1069 3005 1328 3062 omnibus
1357 3006 1616 3078 negotiis,
1658 3006 1911 3062 scriben-

327 3096 406 3152 dis
442 3098 603 3154 libris
634 3106 694 3154 et
731 3098 982 3169 pristina
1008 3098 1135 3153 vita:
1163 3097 1436 3170 religiosae
1458 3097 1740 3155 exercitiis
1764 3105 1914 3155 totus

326 3196 559 3243 vacaret.

323 3327 565 3399 Epistula
588 3327 717 3394 H7,
754 3327 823 3382 ad
848 3327 1112 3382 Joannem
1146 3327 1494 3385 Germanicae
1517 3329 1815 3400 episcopum
1843 3326 1911 3381 ”.

383 3465 427 3520 Ι.
461 3465 550 3520 Ad
592 3479 762 3535 quem
783 3463 995 3519 scilicet
1023 3464 1127 3520 fuit
1158 3465 1389 3536 epistola
1417 3464 1542 3530 155,
1568 3463 1759 3534 paucis
1783 3471 1914 3518 ante

315 3555 522 3611 diebus
556 3555 784 3625 scripta.
819 3556 953 3610 Data
983 3563 1067 3610 est
1097 3555 1266 3627 igitur
1291 3554 1398 3611 sub
1433 3555 1596 3610 ﬁnem
1631 3556 1760 3610 anui
1787 3555 1912 3623 449,

313 3655 410 3700 aut
453 3646 648 3700 statim
680 3645 841 3700 initio
877 3646 1180 3716 sequentis.

382 3735 557 3807 357
591 3736 660 3790 ll.
701 3737 784 3790 Ex
812 3737 916 3792 ista
950 3736 1214 3793 discimus
1257 3739 1459 3804 multa,
1515 3757 1636 3811 quae
1691 3740 1916 3796 aliunde

313 3827 435 3884 fere
466 3831 656 3900 ignota
683 3836 833 3883 sunt.
873 3829 922 3883 l.
974 3829 1246 3884 Domuum
1291 3831 1597 3887 Antiochia:
1626 3833 1916 3902 praesulem

313 3919 496 3974 fuisse
548 3919 862 3989 depositum
893 3959 908 3985 ,
972 3920 1110 3990 quod
1157 3920 1396 3990 capitula
1458 3939 1564 3976 non
1617 3923 1912 3992 reciperet,

317 4010 740 4066 Theodoretum
766 4027 920 4076 vero,
951 4011 1088 4081 quod
1121 4012 1374 4066 haereseos
1415 4015 1695 4084 princeps;
1727 4011 1915 4068 Graece

313 4113 404 4158 est
427 4104 682 4175 ἔξαρχος,
711 4119 831 4174 qua:
879 4117 987 4158 vox
1017 4102 1416 4174 signiﬁcantior
1464 4119 1630 4174 quam
1679 4103 1912 4160 Latina:

315 4195 524 4252 ducem
564 4195 714 4250 enim
743 4205 799 4251 et
825 4194 982 4266 quasi
1004 4194 1378 4250 dominantem
1403 4194 1695 4266 signiﬁcat.

386 4287 446 4341 9.
477 4287 806 4343 Dioscorum
855 4287 1032 4357 palam
1065 4293 1324 4342 testatum
1362 4303 1506 4353 esse,
1556 4286 1706 4356 quod
1735 4287 1918 4357 Ephe-

317 4380 443 4433 sina
470 4396 506 4434 ιι
538 4379 782 4451 synodus
810 4379 1160 4435 convenisset
1188 4379 1476 4445 duntaxat,
1518 4397 1536 4430 ι
1573 4385 1634 4433 ιιι
1649 4377 1920 4449 judicium

2013 2010 2216 2081 quibus
2245 2009 2377 2064 olim
2407 2008 2638 2065 miriﬁce
2669 2008 3014 2062 laudabatur.
3055 2024 3074 2058 ‹
3104 2003 3426 2058 Laudabant
3477 2015 3599 2071 qum

2013 2117 2046 2156 a
2083 2116 2170 2156 me
2214 2100 2520 2156 Antiochia:
2569 2115 2672 2170 pro
2709 2098 2977 2154 concione
3023 2096 3370 2156 dicebantur,
3418 2101 3536 2148 tum
3566 2106 3598 2146 e

2014 2207 2247 2247 numero
2273 2189 2505 2245 fratrum
2543 2204 2670 2244 cum
2703 2196 2909 2251 essent,
2949 2193 3067 2240 tum
3097 2185 3335 2239 lectores
3363 2181 3514 2244 facti,
3542 2189 3600 2235 et

2012 2282 2230 2338 diaconi
2261 2281 2523 2346 ordinati,
2546 2289 2605 2336 et
2624 2279 2949 2351 presbyteri,
2966 2286 3022 2333 et
3043 2275 3286 2346 episcopi
3312 2291 3326 2339 ;
3363 2281 3419 2328 et
3442 2271 3598 2326 ﬁnito

2013 2388 2269 2429 sermone
2298 2372 2756 2443 amplexabantur
2803 2368 3382 2436 deosculabanturque
3428 2373 3484 2421 et
3509 2379 3600 2450 ca-

2014 2474 2148 2536 put,
2206 2472 2264 2520 et
2312 2471 2525 2535 pectus,
2553 2472 2610 2520 et
2649 2461 3164 2531 manus;-nonnulli
3215 2459 3380 2514 etiam
3419 2471 3606 2528 genua-

2012 2557 2331 2629 tangebam,
2357 2557 2681 2613 doctrinam
2704 2552 2998 2612 nostram"
3027 2547 3597 2624 apostolicam-appel-

2010 2647 2190 2704 lantes
2211 2665 2226 2702 :
2250 2656 2308 2704 et
2334 2648 2478 2704 hanc
2503 2646 2668 2703 modo
2697 2647 3052 2712 damnarunt,
3080 2645 3232 2699 hanc
3248 2641 3600 2698 anathemate

2013 2736 2395 2806 conﬁxerunt;
2424 2745 2589 2808 atque
2612 2753 2714 2809 ego
2739 2737 2852 2802 ille,
2879 2751 3045 2807 quem
3066 2736 3254 2791 lumen
3304 2731 3595 2794 vocabant,

2011 2845 2123 2884 non
2152 2828 2394 2887 Orientis
2432 2830 2626 2897 solius,
2659 2829 2758 2886 sed
2778 2829 2932 2885 orbis
2958 2828 3228 2891 universi,
3249 2823 3600 2896 proscriptus

2014 2934 2157 2974 sum.
2189 2939 2206 2972 Ι

2085 3009 2137 3064 6.
2173 3009 2532 3064 lnterdictum
2583 3008 2758 3066 fuisse
2813 3025 2954 3080 aqua
2991 3017 3049 3065 et
3091 3009 3235 3080 igne.
3268 3025 3286 3058 ι
3325 3006 3403 3062 Ne
3442 3004 3604 3075 panis

2014 3103 2261 3174 quidem,
2287 3110 2555 3174 quantum
2605 3104 2662 3157 in
2715 3103 2848 3173 ipsis
2891 3111 2997 3168 est,
3038 3117 3204 3156 usura
3230 3099 3429 3154 fruor:
3472 3112 3598 3152 nam

1939 3234 1980 3293 ς
2014 3203 2072 3248 et
2102 3195 2170 3248 iis
2202 3194 2296 3264 qui
2329 3209 2431 3249 nos
2455 3193 2831 3264 alloquuntur,
2865 3193 3155 3248 anathema
3187 3191 3466 3245 dixerunt.
3501 3208 3520 3240 ›

2085 3285 2137 3338 7.
2167 3283 2272 3350 Qui
2297 3284 2583 3355 Eutychen
2617 3283 3012 3338 damnaverant
3039 3279 3516 3348 Constantinopoli
3544 3277 3600 3333 in

2014 3374 2250 3429 concilio
2292 3375 2560 3442 Flaviani,
2610 3375 2760 3430 hunc
2808 3374 2957 3445 ipsos
3011 3372 3216 3442 Ephesi
3276 3371 3598 3426 absolvisse.

2024 3484 2042 3517 ι
2072 3464 2245 3532 Quem
2281 3467 2446 3537 paulo
2469 3475 2596 3522 ante
2633 3465 3026 3537 deposuerant,
3054 3470 3111 3518 et
3136 3461 3409 3518 Valentini
3440 3461 3603 3530 Apol-

2014 3555 2322 3626 linarisquc
2355 3556 2642 3610 erroribus
2673 3554 2936 3609 infectum
2978 3551 3425 3623 pronuntiarant,
3453 3549 3607 3602 hune

2019 3651 2280 3716 tanquam
2317 3645 2444 3701 ﬁdei
2480 3645 2748 3701 victorem
2784 3644 3060 3707 colebant,
3098 3641 3328 3712 ejusque
3369 3638 3608 3710 pedibus

2020 3737 2472 3802 advolvebantur,
2533 3745 2590 3794 et
2636 3738 2854 3793 veniam
2889 3736 3230 3807 poscebant,
3272 3743 3328 3788 et
3383 3733 3608 3788 Patrem

2021 3828 2363 3898 Spiritualem
2393 3827 2804 3898 nuncupabant,
2836 3846 2854 3879 ι
2891 3838 2996 3882 etc.

2098 3923 2226 3976 llazc
2281 3929 2429 3976 tanta
2480 3929 2702 3990 tamque
2768 3919 3072 3974 vehemens
3122 3912 3468 3984 objurgatio,
3519 3907 3604 3964 vel

2022 4029 2192 4069 unum
2261 4012 2346 4067 vel
2396 4011 2630 4065 maxime
2661 4010 2923 4064 Basilium
2978 4005 3242 4062 Seleuciae
3287 4003 3604 4071 episcopum

2023 4105 2184 4175 petit,
2232 4104 2468 4158 amicum
2495 4117 2694 4171 nempe
2725 4108 2969 4155 veterem
3009 4113 3072 4152 ac
3111 4095 3460 4156 familiarem,
3509 4090 3605 4161 qui

2025 4195 2246 4264 utrique
2271 4192 2518 4248 concilio
2548 4189 2791 4246 Flaviani
2829 4195 2887 4244 et
2912 4185 3160 4242 Dioscori
3181 4182 3380 4247 adfuit,
3417 4181 3609 4236 tidem-

2027 4302 2133 4358 que
2175 4285 2231 4341 in
2259 4285 2454 4349 Deum,
2502 4291 2559 4338 et
2593 4281 2893 4337 amicitiam
2939 4279 2995 4333 in
3031 4275 3441 4331 Theodoretqu
3475 4286 3606 4342 pro-

2028 4375 2188 4442 didit,
2221 4373 2632 4430 chamaeleontis
2656 4373 2830 4426 instar
2867 4368 3105 4440 speciem
3134 4374 3506 4421 commutans.

1356 4674 1521 4748 358
1554 4682 1980 4745 ADMONITIO
2017 4682 2117 4742 AD
2154 4677 2576 4739 LECTOREM.

323 4827 399 4884 Ut
423 4830 592 4884 ﬁdem
622 4844 746 4901 pag.
778 4831 887 4886 155
921 4829 1106 4887 datam
1136 4829 1454 4898 liberemus,
1492 4833 1738 4902 prolixae
1765 4835 1888 4890 illas
1921 4835 2218 4907 adjicimes.
2251 4798 2683 4891 observationes,
2721 4843 2860 4899 quas
2891 4826 3192 4883 Gamerius
3221 4822 3375 4893 (edit.
3407 4820 3608 4892 prioris

397 4939 460 4994 p.
496 4923 570 4978 55
607 4921 787 4995 seqq.)
818 4923 1056 4995 subjecit
1087 4921 1336 4993 epistolis
1365 4925 1422 4978 in
1451 4924 1711 4979 Auctario
1741 4927 1982 4996 primum
2005 4928 2188 4982 editis.
2218 4925 2325 4980 Has
2360 4921 2585 4994 quidem
2613 4921 2874 4990 epistolas
2897 4915 3451 4990 proximopost-illas,
3473 4925 3610 4983 quas

399 5015 740 5070 Sirmondus
770 5015 882 5086 jam
910 5015 1157 5085 dederat,
1185 5018 1330 5085 loco,
1358 5016 1484 5071 vide
1510 5026 1552 5071 t.
1584 5015 1675 5085 ιν,
1711 5019 1846 5074 edit.
1877 5029 2082 5076 nostra:
2115 5017 2343 5089 p-1279
2370 5031 2539 5086 seqq-

321 5129 340 5148 ‘
372 5128 630 5202 Epistola
674 5127 798 5194 148,
827 5127 1301 5202 Commonitorium
1334 5129 1520 5201 Cyr-illi
1555 5132 1742 5186 datum
1781 5132 1930 5188 P'osi-
1962 5136 2006 5191 Ι)
2038 5147 2146 5202 que
2169 5130 2312 5184 diem
2340 5127 2550 5184 editum
2576 5141 2684 5180 non
2714 5125 2826 5180 fuit
2845 5124 2889 5158 ’°
2915 5142 2927 5177 :
2957 5129 3053 5186 ut‘,
3088 5120 3350 5190 quoniam
3393 5114 3608 5170 initium

802 5199 980 5265 donio,
1015 5200 1240 5256 Romam
1274 5199 1453 5255 missa.

399 5312 448 5367 ἰ.
481 5310 760 5379 Quoniam
802 5313 1052 5383 epistolae
1074 5313 1406 5369 Theodoreti
1425 5353 1438 5375 .
1471 5329 1610 5384 quas
1633 5313 1888 5368 addimus
1909 5354 1924 5378 ,

320 5403 623 5472 pertinent
661 5417 857 5457 omnes
877 5401 946 5456 ad
965 5417 1052 5457 res
1079 5402 1344 5468 Nestorii,
1361 5403 1538 5457 visum
1577 5412 1662 5462 est
1689 5402 1928 5472 praemit-

325 5494 572 5550 tcndum
600 5492 796 5566 Cyrilli
825 5492 1348 5558 Commonitorium,
1381 5494 1527 5564 quod
1573 5494 1629 5548 in
1654 5493 1802 5548 hunc
1837 5509 1928 5547 us-

2029 5221 2182 5277 dedit
2197 5220 2409 5292 judicio
2437 5218 2536 5274 toti
2567 5217 2834 5272 adversus
2854 5212 3166 5268 Nestorium
3193 5208 3403 5270 habito,
3433 5205 3610 5259 lucem

2031 5312 2226 5368 afferat
2249 5309 2628 5381 sequentibus,
2656 5307 2858 5377 quibus
2882 5301 3103 5372 negotii
3123 5298 3278 5368 quasi
3298 5309 3611 5367 processus,

2034 5411 2130 5457 aut
2160 5408 2310 5456 certe
2334 5399 2510 5454 series
2527 5396 2864 5451 continetur.

2109 5492 2173 5546 ll.
2230 5490 2469 5564 Cyrinus
2526 5485 2720 5541 amicis
2782 5481 2999 5536 duabus
3050 5475 3252 5530 litteris
3298 5473 3611 5528 Nestorium

1741 5656 1868 5709 Stlll
1881 5657 1913 5711 L'.
1928 5653 2055 5707 ιλιι
2080 5652 2306 5708 ΝΟΤᾹΞ.

409 5795 460 5827 ’³
503 5794 629 5848 Vili.
671 5808 862 5863 supra,
897 5807 950 5860 ν.
1003 5789 1125 5863 Sili.
1228 5792 1270 5820 "
1297 5791 1418 5844 Vid.
1468 5807 1650 5860 supra,
1692 5799 1726 5843 ι.
1757 5789 1845 5850 ΙΝ,
1881 5805 1932 5858 p.
1977 5788 2128 5845 l275.
2208 5788 2252 5817 "
2286 5785 2363 5839 Ex
2420 5776 2699 5835 Sirnwndi.
2737 5772 2958 5831 sclicdis
2988 5770 3197 5826 editum
3222 5773 3305 5822 cst
3334 5782 3362 5816 ιι
3401 5763 3628 5818 Βιιιιιιὶῡι

314 5876 359 5920 t.
421 5864 686 5922 lCoNert.
723 5859 873 5917 nova:
899 5859 1262 5914 conciliorum.
