4070 6446
495 386 598 448 307

1629 382 2002 441 (iAltNERU
2051 381 2548 442 DISSERTATIU
2590 385 2668 443 II.

3664 387 3766 448 308

497 500 751 552 hortatus
778 496 958 551 fuerat
993 504 1051 549 ut
1082 509 1326 549 errorem
1369 493 1708 564 corrigeret,
1741 503 1800 548 et-
1841 494 2084 549 concita—
2111 500 2156 554 Α
2258 495 2395 549 Vill.
2428 496 2722 554 Coalestius
2745 497 2835 551 ille
2862 497 3100 552 Nestorii
3121 495 3465 563 administer,
3491 511 3601 552 non
3629 500 3767 554 alter

501 601 582 651 tas
619 590 733 645 suis
763 587 1124 643 concionibus
1178 587 1366 640 turbas
1407 586 1664 640 sedaret:
1700 585 1952 656 utrisque
1993 601 2081 640 re-

496 682 794 752 sponderat
824 681 914 738 ille
946 679 1195 749 quidem,
1226 678 1322 734 sed
1348 678 1542 748 primis
1567 679 1949 748 contemptim,
1993 693 2081 733 se-

496 775 688 829 cundis
739 772 1157 830 contumaciter.
1205 771 1441 843 Cyrillus
1497 771 1693 827 videns
1755 787 1980 842 operam
2025 787 2082 825 se

491 864 749 934 perdere,
781 863 1118 920 monendum
1149 862 1386 918 credidit
1426 877 1706 916 summum
1739 860 2078 931 pontiﬁcem,

498 964 554 1008 ut
581 956 878 1025 apostolica
917 956 1247 1009 auctoritate
1274 962 1558 1010 coerceret
1587 969 1743 1008 novae
1773 953 1960 1006 Romae
1985 967 2083 1005 an-

498 1046 758 1113 tistitem;
791 1062 962 1116 quare
992 1045 1391 1102 misitRomam
1426 1045 1493 1099 ad
1523 1053 1778 1101 sanctum
1823 1044 2079 1101 Caelesti-

496 1157 626 1195 num
667 1141 1049 1208 Posidonium,
1086 1140 1182 1211 qui
1215 1140 1521 1194 remedium
1566 1139 1753 1195 afferri
1784 1139 1928 1194 malo
1952 1153 2081 1209 pro-

495 1241 735 1286 curaret.
765 1233 898 1287 Erat
919 1233 1010 1287 ille
1036 1232 1420 1288 Alexandrinae
1447 1232 1709 1287 Ecclesia}
1739 1231 2082 1286 archidiaco-

494 1339 618 1401 nus,
650 1324 734 1377 vir
768 1325 1016 1395 apprime
1063 1325 1400 1391 catholicus,
1436 1333 1492 1380 et
1539 1325 1593 1379 iu
1628 1323 1798 1379 rebus
1820 1325 2079 1394 gerendis

496 1415 802 1480 industrius
822 1433 885 1472 ac
928 1426 1209 1472 strenuus.
1241 1417 1338 1472 [lic
1367 1423 1555 1485 postea
1584 1416 1874 1486 presbyter
1902 1415 2079 1470 factus

494 1508 696 1565 missus
739 1519 824 1565 est
868 1527 1055 1566 rursus
1087 1512 1314 1565 Romam
1344 1526 1374 1564 a
1407 1510 1669 1565 Dioscoro
1701 1525 1896 1565 recens
1933 1509 2082 1564 ordi-

492 1607 646 1664 nato,
675 1609 736 1654 ut
759 1600 827 1656 de
849 1602 1199 1657 ordinatione
1233 1610 1482 1656 sanctum
1513 1600 1758 1656 Leonem
1783 1601 2076 1657 certiorem

493 1689 703 1747 faceret
724 1693 770 1724 ⁸⁷
801 1710 813 1746 :
849 1693 1050 1748 missus
1078 1703 1180 1758 est,
1209 1694 1456 1763 inquam,
1487 1708 1632 1748 anno
1651 1694 1774 1748 444.

564 1782 655 1836 Ill.
693 1782 931 1838 Abeunti
973 1783 1208 1856 Cyrillus
1238 1782 1733 1839 Commonitorium
1762 1783 1936 1850 dedit,
1965 1801 2076 1855 quo

2187 585 2292 639 fuit
2327 587 2530 654 procul
2557 586 2748 651 dubio,
2791 603 2955 657 quam
3001 587 3204 657 Pelagii
3261 588 3466 652 socius,
3511 589 3619 642 dux
3675 601 3768 644 aut

2188 677 2440 731 incentor
2471 677 2862 747 episcoporum
2893 677 3282 748 Pelagianismi
3311 693 3477 733 causa
3510 695 3574 734 ex
3613 681 3768 736 ltaiia

2185 769 2437 824 exsulum
2463 786 2477 822 :
2503 770 2750 824 nondum
2786 770 2922 824 urbe
2967 771 3114 840 regia
3151 778 3284 824 tunc
3345 772 3614 840 temporis
3655 775 3770 843 eje-

2173 872 2309 916 ctus
2335 870 2456 916 erat
2483 877 2609 916 cum
2637 862 2880 926 Juliano,
2913 862 3184 924 Persidio,
3230 862 3412 926 Floro,
3457 861 3686 918 Orentio
3714 875 3772 921 et

2175 953 2529 1010 Marcellino.
2576 954 2682 1009 Sed
2731 955 2905 1024 gratia
2955 955 3195 1024 pollebat
3227 956 3373 1025 apud
3427 955 3766 1022 Nestorium,

2181 1046 2388 1116 quippe
2414 1046 2509 1115 qui
2562 1047 2796 1101 sentiret
2844 1047 2990 1101 idem
3041 1063 3166 1101 cum
3198 1048 3336 1118 ipso,
3373 1051 3625 1118 quamvis
3655 1067 3766 1106 non

2181 1137 2434 1192 eamdem
2490 1137 2565 1192 ob
2615 1153 2858 1204 causam,
2889 1137 2977 1194 de
3009 1137 3214 1192 Christi
3262 1149 3478 1194 matre":
3533 1150 3770 1212 uterque

2181 1231 2328 1285 enim
2379 1230 2670 1300 Deiparam
2697 1246 2827 1285 vere
2851 1245 2974 1285 esse
3004 1230 3378 1299 diﬂitebatur;
3425 1233 3520 1287 sed
3570 1235 3773 1289 Nesto-

2182 1322 2318 1386 rius,
2367 1322 2496 1392 quia
2549 1322 2832 1376 Christum
2885 1339 2998 1376 non
3058 1323 3321 1378 credebat
3379 1339 3508 1379 vere
3557 1325 3770 1393 Deum;

2179 1413 2494 1478 Caelestius,
2529 1414 2814 1483 quoniam,
2861 1415 2964 1469 etsi
3004 1414 3287 1470 Christum
3322 1415 3588 1472 fateretur
3639 1435 3775 1473 vere

2179 1508 2372 1574 Deum,
2415 1524 2482 1563 ex
2526 1510 2740 1564 meritis
2769 1516 2974 1573 tamen,
3017 1524 3144 1563 cum
3177 1508 3528 1575 adolevisset,
3558 1527 3673 1566 non
3705 1527 3775 1566 ex

2180 1610 2326 1665 ortu,
2381 1615 2506 1654 cum
2542 1601 2783 1671 primum
2837 1599 3109 1655 formatus
3138 1608 3244 1665 est,
3284 1599 3632 1656 divinitatem
3685 1617 3778 1656 ac-

2179 1693 2389 1763 cepisse
2417 1692 2808 1748 contendebat.
2839 1692 3319 1763 Constantinopoli
3365 1710 3532 1764 porro
3584 1696 3774 1765 impu-

2180 1802 2276 1841 rus
2295 1785 2587 1840 eunuchus
2623 1785 2676 1839 id
2702 1785 2921 1855 agebat,
2952 1785 3100 1854 quod
3126 1785 3334 1856 ubique
3372 1785 3602 1853 solitus;
3629 1803 3775 1857 quos

490 1872 731 1929 Nestorii
771 1873 928 1941 ﬁdes,
961 1874 1206 1930 breviter
1231 1875 1478 1945 quidem,
1512 1875 1609 1931 sed
1652 1877 1798 1932 clare
1843 1877 2075 1947 exponi-
2109 1857 2148 1916 Β
2179 1892 2378 1947 nempe
2438 1876 2727 1946 originalis
2778 1877 2988 1946 peccati
3045 1875 3373 1932 defensores
3419 1878 3624 1943 sciret,
3674 1895 3776 1934 eos

493 1973 586 2020 tur
619 1984 632 2019 :
665 1965 818 2021 dedit
860 1976 916 2022 et
950 1978 1129 2024 tomos
1161 1969 1408 2039 quinque
1444 1969 1712 2026 adversus
1756 1969 2077 2026 Nestorium

491 2068 522 2112 a
547 2071 605 2112 se
645 2059 999 2131 compositos,
1041 2060 1135 2114 ubi
1186 2060 1541 2130 blasphemiae
1573 2063 1902 2124 concionum
1929 2061 2077 2119 Con-

492 2148 846 2220 stantinopoli
869 2150 1202 2215 habitarum,
1230 2159 1286 2204 et
1321 2151 1551 2205 Romam
1573 2151 1641 2204 ab
1663 2151 1939 2206 Antiocho
1958 2151 2078 2206 viro

492 2237 694 2294 illustri
724 2239 1050 2304 delatarum,
1081 2240 1395 2296 referuntur
1422 2250 1478 2296 et
1501 2242 1881 2300 confutantur.

559 2330 649 2387 ιν.
693 2331 890 2386 Datum
944 2343 1028 2388 est
1064 2332 1564 2388 Commonitorium
1609 2348 1799 2389 mense
1856 2333 2072 2404 Aprili,

489 2437 637 2478 anno
673 2424 796 2488 450,
842 2426 997 2496 cujus
1038 2426 1166 2479 anni
1198 2425 1231 2477 '5
1260 2425 1388 2481 ldus
1419 2427 1650 2496 Augusti
1681 2427 2078 2497 consignantur

458 2514 711 2581 'litterae,
762 2516 966 2587 quibus
1015 2516 1344 2573 Coelestinus
1388 2517 1614 2590 Cyrillo,
1659 2526 1786 2588 post
1821 2528 2074 2576 coactum

491 2608 678 2664 Roma:
709 2610 1006 2664 concilium
1039 2618 1095 2664 et
1143 2625 1367 2666 causam
1395 2610 1632 2666 Nestorii
1669 2611 1772 2666 rite
1801 2613 2074 2683 cognitam

489 2705 653 2772 atque
681 2701 1006 2773 judicatam,
1036 2703 1356 2774 respondet.

558 2794 624 2850 ν.
650 2794 793 2862 Quin
830 2796 1099 2866 scriptum
1154 2796 1304 2850 istud
1353 2811 1544 2850 verum
1595 2796 1685 2859 sit,
1749 2804 1806 2850 et
1847 2796 2075 2850 minime

489 2897 826 2959 suspectum,
851 2889 1037 2943 nullus
1063 2889 1323 2958 equidem
1347 2888 1542 2943 dubito
1571 2905 1583 2940 :
1614 2888 1875 2942 convenit
1900 2889 2072 2954 enim,

488 2981 666 3050 primo
711 2995 836 3035 cum
871 2979 1100 3033 historia
1148 2989 1458 3048 temporum
1509 2977 1829 3048 negotiique
1873 2979 2070 3034 Nesto-

488 3074 628 3128 riani
671 3074 947 3145 adjunctis
971 3091 982 3127 :
1007 3073 1208 3128 deinde
1243 3087 1368 3126 cum
1405 3071 1592 3142 Cyrilli
1624 3072 1896 3137 moribus,
1923 3073 2072 3128 soliti

487 3165 604 3220 suis
639 3163 1078 3219 commonitoriis
1111 3162 1344 3227 docere;
1382 3161 1462 3216 sic
1514 3162 1904 3228 apocrisiarios
1931 3163 2073 3218 Con-
2102 3199 2146 3260 Ο

486 3258 840 3326 stantinopoli
869 3256 1223 3321 dissidentes,
1257 3257 1338 3308 sic
1368 3255 1659 3326 Eulogium
1691 3257 1894 3311 ibidem
1924 3274 2071 3312 com-

487 3357 794 3404 morantem
823 3349 1052 3404 docuit:
1089 3357 1278 3418 postea
1315 3364 1441 3402 cum
1494 3348 1747 3403 doctrina
1787 3349 1950 3419 359
1972 3350 2073 3421 Cy-

489 3439 618 3504 rilli,
661 3439 874 3504 eadem,
934 3455 1057 3509 qua:
1101 3439 1193 3494 hic
1221 3448 1504 3503 notantur,
1543 3440 1721 3509 capita
1756 3441 2071 3495 Nestoriani

485 3531 694 3585 erroris
738 3531 792 3584 in
835 3532 1000 3586 tomis
1026 3531 1308 3600 arguentis
1367 3548 1378 3583 :
1409 3531 1649 3601 denique
1678 3547 1803 3587 cum
1839 3532 2072 3602 epistola

487 3623 727 3678 secunda
754 3622 989 3678 Nestorii
1015 3621 1083 3676 ad
1106 3621 1396 3692 Cyrillum,
1426 3623 1524 3677 ubi
1558 3639 1742 3678 sermo
1775 3624 1835 3678 fit
1856 3625 1926 3679 de
1957 3626 2070 3680 cle-

491 3715 622 3772 ricis
643 3713 1041 3768 Manichzeismi
1070 3713 1126 3766 in
1156 3724 1432 3769 conventu
1461 3715 1756 3771 damnatis.

557 3805 644 3860 Vl.
673 3805 756 3858 Ex‘
774 3820 840 3860 eo
882 3805 1118 3874 plurima
1173 3804 1557 3876 intelliguntur
1601 3808 1757 3862 utilia
1789 3808 1859 3862 ad
1892 3809 2071 3864 histo-

486 3896 658 3954 riam:
690 3898 750 3954 tit
779 3898 929 3952 enim
957 3898 1164 3952 mentio
1185 3898 1422 3969 Philippi
1456 3901 1787 3972 presbyteri,
1819 3901 1915 3971 qui
1967 3902 2073 3956 Ne-

487 3990 719 4047 storium
742 3991 942 4062 arguit,
970 3989 1212 4046 Ctelestii
1239 4007 1269 4046 a
1329 3992 1591 4047 Nestorio
1655 3993 1965 4059 subornati,
2001 3995 2070 4048 ad

486 4080 885 4153 imponendum
931 4083 1187 4154 Philippo
1230 4085 1464 4150 crimen,
1518 4086 1694 4140 habiti
1753 4103 1783 4142 a
1813 4087 2071 4142 Nestorio

487 4191 799 4242 consessus,
836 4185 892 4230 et
921 4179 1210 4234 sententia:
1237 4179 1292 4233 in
1330 4181 1647 4250 Philippum
1690 4180 1873 4245 dictae,
1899 4197 1964 4236 ac
1985 4191 2068 4236 to-

486 4281 726 4331 morum,
755 4267 824 4321 de
859 4266 1061 4336 quibus
1081 4267 1358 4338 sigillatim
1395 4268 1602 4336 aliquid
1619 4284 1801 4338 opera:
1829 4269 2069 4338 pretium

485 4366 573 4414 est
603 4360 919 4416 observare.

557 4451 668 4505 Vll.
732 4451 1022 4522 Philippus
1067 4454 1158 4508 ille
1213 4453 1501 4522 presbyter
1542 4453 1723 4522 magni
1780 4453 1885 4507 fuit
1933 4455 2066 4508 olim

486 4543 727 4596 nominis
769 4543 824 4596 in
862 4543 1104 4598 Beclesia
1146 4543 1779 4611 Constantinopolitana.
1828 4542 2070 4614 Chryso-

486 4633 650 4687 stomi
671 4633 893 4687 hortatu
920 4634 1142 4702 scripsit
1172 4632 1466 4686 Historiam
1501 4621 1904 4700 Christianam,
1940 4651 2067 4690 cum

484 4720 667 4775 adhuc
694 4731 843 4777 esset
867 4721 1171 4786 diaconus;
1208 4720 1504 4790 presbyter
1529 4719 1707 4775 factus
1737 4732 1821 4776 est
1851 4725 1920 4777 ab
1967 4724 2064 4778 At-

485 4813 616 4878 tico,
656 4828 766 4882 quo
807 4829 840 4867 e
894 4813 1037 4868 vivis
1092 4821 1371 4881 exempto,
1424 4812 1492 4868 de
1542 4813 1675 4869 sede
1705 4816 2065 4884 patriarchali

483 4902 788 4968 contendit,
824 4903 922 4957 sed
949 4903 1175 4968 frustra,
1193 4917 1322 4956 eum
1346 4901 1623 4958 Sisinnio:
1651 4921 1762 4975 quo
1783 4906 2063 4976 defuncto,

483 5010 681 5049 rursus
707 4995 862 5049 venit
912 4994 969 5047 in
1013 4995 1426 5050 contentionem
1488 5013 1614 5050 cum
1668 4999 1887 5066 Proclo,
1945 5017 2066 5072 quae

485 5101 651 5142 causa
671 5086 797 5150 fuit,
823 5099 915 5150 ne,
953 5085 1126 5140 scisso
1170 5085 1226 5140 in
1259 5095 1442 5156 partes
1483 5088 1655 5153 clero,
1719 5091 2068 5150 Theodosius

485 5185 740 5234 evocaret
774 5176 1068 5232 Antiochia
1098 5176 1450 5232 Nestorium:
1482 5180 1660 5248 arguit
1693 5190 1748 5238 et
1777 5182 1893 5252 ipse
1924 5184 2068 5239 inter

484 5267 693 5338 primos
713 5266 1053 5332 Nestorium,
1074 5276 1131 5323 et
1167 5267 1236 5322 ab
1269 5268 1410 5339 ipso,
1451 5279 1572 5338 post
1600 5271 1926 5339 patefactam
1958 5277 2067 5326 lae-

488 5359 657 5423 resin,
690 5357 1087 5414 discessionem
1130 5359 1290 5428 fecit;
1351 5361 1498 5419 unde
1555 5365 1912 5420 exacerbatus
1955 5365 2065 5440 Nee

487 5451 694 5507 storias
729 5451 1060 5506 calumniam
1087 5453 1191 5523 ipsi
1215 5469 1244 5508 a
1279 5453 1539 5510 Ctelestio
1597 5456 1758 5518 strui,
1800 5457 2063 5527 litemque

493 5540 547 5594 in
573 5556 670 5594 sua
701 5539 910 5610 synodo
965 5542 1172 5598 intendi
1206 5546 1544 5614 procuravit,
1590 5545 1699 5601 imo
1735 5555 1790 5601 et
1839 5547 2066 5603 insaniae

490 5629 798 5686 Manichaete
821 5643 1135 5689 accusatum
1160 5636 1396 5706 maligne
1425 5636 1722 5693 damnavit.

2182 1969 2484 2040 impietatis
2515 1968 2827 2022 Manichzcze
2859 1969 3172 2023 accusabat.

2249 2059 2339 2114 ιχ.
2361 2059 2670 2113 Consessus
2689 2058 2804 2112 sive
2827 2058 3146 2129 synedrion,
3180 2075 3291 2129 quo
3321 2059 3390 2113 de
3422 2060 3624 2129 agitur,
3676 2059 3774 2114 illa

2182 2151 2296 2220 ipsa
2322 2157 2406 2204 est
2435 2149 2700 2220 synodus,
2743 2163 2910 2218 quam
2950 2149 3239 2203 Nestorius
3284 2159 3527 2205 sanctam
3583 2161 3772 2218 vocat,

2181 2242 2234 2296 in
2259 2242 2521 2297 secundis
2550 2241 2756 2296 litteris
2789 2241 2856 2295 ad
2895 2240 3183 2312 Cyrillum.
3211 2241 3348 2296 Vide
3365 2241 3636 2312 prolixam
3675 2259 3774 2298 su-

2179 2350 2277 2404 per
2301 2350 2366 2388 ea
2390 2350 2449 2388 re
2478 2333 2895 2388 annotationem
2931 2342 3173 2387 nostram
3223 2334 3290 2388 ad
3323 2334 3536 2390 litteras
3573 2334 3774 2390 Nesto-

2183 2425 2333 2490 torii,
2367 2434 2522 2495 parte
2578 2441 2613 2478 ιι
2678 2424 2917 2496 Operum
2958 2425 3112 2479 Marii
3154 2425 3502 2494 Mercatoris,
3537 2441 3662 2498 pag.
3700 2428 3774 2482 62

2177 2524 2234 2570 et
2272 2531 2425 2585 seqq.

2249 2609 2315 2663 Χ.
2353 2610 2430 2664 De
2485 2609 2761 2664 sententia
2810 2624 2980 2679 porro
3033 2609 3090 2663 in
3139 2598 3475 2680 Philippum,
3520 2611 3773 2681 aliosque

2176 2699 2380 2771 Cyrillo
2428 2699 2681 2760 addictos
2731 2700 2988 2764 clericos,
3023 2699 3382 2771 intelligenda
3435 2709 3565 2756 sunt
3593 2703 3772 2758 verba

2179 2793 2284 2847 ista
2313 2792 2578 2856 Nestorii,
2611 2793 2665 2846 in
2715 2793 2924 2847 litteris
2969 2808 3107 2862 quas
3128 2793 3242 2846 dixi
3267 2811 3279 2846 :
3307 2794 3546 2846 Γίνωσκε
3587 2794 3642 2847 δὲ
3671 2813 3774 2849 πε-

2177 2885 2524 2955 πλανημένον
2565 2885 2762 2938 σαυτὸν
2794 2885 2899 2938 ὑπὸ
2931 2885 3039 2938 τῶν
3089 2886 3192 2956 τῆς
3255 2886 3355 2957 σῆς
3410 2886 3540 2950 ἴσως
3599 2886 3773 2941 διαθέ-

2179 2994 2314 3040 σεως
2339 2976 2640 3048 κληρικῶν,
2665 2978 2769 3031 ὑπὸ
2801 2978 2909 3029 τῶν
2925 2977 3157 3031 ἐνταῦθα
3180 2980 3288 3032 ἀπὸ
3321 2982 3420 3048 τῆς
3447 2979 3609 3047 ἁγίας
3637 2998 3766 3033 συν-

2173 3070 2292 3125 όδου
2327 3071 2556 3142 διατηρη
2567 3072 2766 3140 μένων,
2798 3071 2876 3133 ὡς
2898 3071 2966 3124 τὰ
2994 3071 3311 3142 Mem-.11in
3335 3072 3702 3144 φρονούντων.

2250 3164 2340 3217 XI.
2389 3164 2448 3218 ln
2490 3164 2682 3218 eadem
2722 3163 2930 3235 synodo
2979 3165 3224 3219 sancitus
3279 3174 3365 3219 est
3413 3181 3589 3220 canon
3649 3166 3762 3233 ille,

2179 3271 2288 3325 quo
2319 3255 2607 3309 dicebatur
2640 3256 2930 3310 anathema
2953 3255 3027 3322 ei,
3061 3257 3156 3327 qui
3189 3255 3484 3312 aﬁirmaret
3517 3259 3760 3314 animam

2174 3348 2303 3401 Λάαν
2337 3348 2392 3400 in
2412 3356 2624 3418 peccato
2660 3363 2769 3400 esse
2809 3358 3099 3413 mortuam,
3145 3365 3262 3401 cum
3286 3348 3530 3402 diabolus
3571 3351 3625 3404 in
3667 3369 3758 3406 cor

2175 3441 2408 3494 hominis
2434 3456 2538 3493 non
2569 3441 2929 3509 ingrediatur.
2989 3439 3153 3510 360
3182 3440 3317 3495 Vide
3347 3441 3550 3495 ibidem
3595 3451 3764 3498 totam

2174 3530 2340 3600 hujus
2401 3530 2630 3585 canonis
2660 3529 2974 3596 historiam,
3029 3532 3145 3586 suis
3177 3546 3207 3585 e
3251 3532 3496 3586 tenebris
3542 3541 3762 3588 erutam

2173 3621 2439 3676 adversus
2460 3621 2782 3691 popularem
2821 3635 3091 3675 errorem.

2243 3714 2358 3768 Xll.
2387 3713 2545 3768 Tomi
2574 3713 2814 3782 denique
2845 3713 3060 3782 ἔχοντες
3083 3712 3151 3765 τὰ
3177 3715 3446 3782 κεφάλαια
3469 3713 3576 3767 τῶν
3602 3715 3766 3784 βλασ-

2173 3806 2393 3878 φημιῶν
2451 3806 2770 3877 Νεστορίου.
2836 3816 2965 3861 sunt
3019 3807 3074 3862 id
3133 3807 3335 3877 ipsum,
3404 3809 3551 3879 quod
3609 3811 3753 3863 κατᾶ

2173 3897 2282 3952 τῶν
2353 3897 2650 3969 Νεστοριου
2719 3899 3045 3967 δυσφημιῶν
3129 3899 3489 3963 πεντάόιὸλος
3565 3903 3762 3973 ἀντερο

2175 3991 2354 4060 ρησις.
2393 3987 2594 4042 Totum
2623 3988 2771 4043 enim
2820 3988 2926 4042 hoc
2951 4003 3091 4058 Opus
3123 4005 3153 4044 a
3173 3989 3375 4061 Cyrillo
3419 3991 3657 4046 divisum
3680 4002 3768 4048 est.

2173 4078 2228 4133 in
2262 4080 2509 4150 quinque
2553 4079 2746 4145 libros,
2776 4094 2918 4150 quos
2953 4079 3187 4150 ipsemet
3208 4081 3491 4152 inscripsit
3517 4083 3757 4154 Τόμους,

2174 4172 2258 4226 Fit
2313 4172 2560 4242 ejusdem
2615 4171 2800 4240 operis
2840 4172 3048 4227 mentio
3100 4172 3156 4226 in
3208 4175 3637 4230 commonitorio
3691 4176 3761 4230 ad

2175 4263 2504 4335 Eulogium:
2541 4263 2777 4318 alterum
2827 4263 2974 4318 enim
3030 4264 3135 4318 fuit
3178 4280 3430 4335 operum,
3487 4283 3610 4337 qum
3655 4269 3762 4324 sibi

2172 4355 2508 4425 Praepositus
2533 4356 2620 4409 vir
2653 4356 3238 4427 magnificentissimus
3276 4359 3393 4413 dari
3443 4363 3763 4430 postulave-

2175 4456 2258 4501 rat
2285 4465 2296 4498 :
2345 4447 2402 4499 ἓν
2427 4447 2525 4516 μὲν
2552 4447 2692 4500 κατὰ
2715 4449 2822 4502 τῶν
2839 4449 3137 4521 Νεστορίου
3174 4451 3519 4522 δυσφημιῶν.
3549 4454 3637 4507 Fit
3662 4471 3762 4523 pa-

2109 4553 2152 4606 Ι)
2181 4541 2314 4594 riter
2339 4540 2395 4594 in
2428 4541 2662 4611 epistola
2699 4542 2766 4596 ad
2790 4542 3054 4598 Acacium
3101 4545 3442 4611 Melitenam,
3475 4549 3568 4603 ubi
3597 4550 3765 4605 refert

2163 4632 2416 4704 .Cyrillus
2463 4634 2812 4691 conditiones
2868 4636 3042 4706 pacis,
3092 4637 3162 4691 ab
3213 4636 3587 4694 Orientalibus
3629 4656 3764 4710 pro-

2178 4725 2402 4794 positas.
2436 4725 2664 4778 ’ἩΟελον
2712 4726 2818 4796 γὰρ
2872 4727 3115 4797 ἀργῆσαι
3181 4729 3280 4800 μὲν
3343 4729 3641 4800 σύμπαντα
3693 4733 3762 4786 τὰ

2178 4817 2310 4887 παρ’
2341 4816 2475 4886 ἐμοῦ
2510 4817 2792 4887 γραφέντα
2824 4816 2879 4871 ἔν
2917 4835 2976 4871 τε
3024 4819 3353 4884 ἐπιστολαῖς,
3406 4821 3498 4875 καὶ
3549 4824 3760 4893 τόμοις,

2176 4911 2269 4963 καὶ
2304 4909 2548 4980 βιϐλίοις.
2578 4909 2655 4963 De
2679 4909 2928 4978 epistolis
2959 4911 3134 4966 tribus
3161 4919 3256 4965 aut
3277 4921 3513 4980 quatuor
3535 4913 3763 4984 dogma-

2177 5001 2303 5056 ticis
2325 5000 2590 5070 loquitur,
2619 4999 2688 5053 de
2717 5000 2883 5055 tomis
2909 5002 3156 5071 quinque
3201 5001 3467 5057 adversus
3508 5003 3767 5073 blasphe-

2175 5093 2333 5157 mias,
2360 5100 2417 5148 et
2445 5092 2513 5148 de
2553 5092 2800 5147 scholiis.
2831 5092 2962 5148 Haec
2999 5092 3150 5148 enim
3190 5094 3378 5148 omnia
3430 5103 3622 5149 contra
3650 5096 3762 5150 Ne-

2175 5185 2408 5239 storium
2437 5184 2649 5238 directo
2687 5184 2836 5238 edita
2875 5193 3024 5238 sunt.

2244 5274 2388 5328 Xlll.
2410 5274 2530 5330 Non
2557 5275 2750 5345 ignoro
2795 5283 3071 5331 tomorum
3100 5292 3301 5334 nomen
3334 5293 3456 5332 esse
3481 5280 3758 5348 generale,

2175 5377 2230 5422 ct
2267 5367 2565 5438 aliquando
2580 5369 2712 5438 poni
2740 5384 2843 5439 pro
2864 5368 3152 5423 codicibus
3175 5385 3187 5422 :
3236 5369 3316 5424 sic
3341 5369 3648 5424 adhibitum
3676 5381 3764 5424 est

2175 5460 2242 5514 ab
2277 5459 2498 5515 Andrea
2519 5460 2899 5523 Samosateno,
2934 5461 2991 5514 in
3012 5461 3325 5532 objectione
3352 5462 3419 5515 ad
3451 5461 3679 5516 tertium
3703 5469 3763 5516 et

2174 5561 2430 5620 quartum
2491 5551 3035 5615 anathematismum,
3079 5551 3144 5606 ad
3171 5551 3582 5621 significandam
3634 5549 3761 5620 epi-

2174 5643 2368 5696 stolam
2422 5641 2609 5714 Cyrilli
2648 5644 2714 5699 ad
2760 5642 3064 5698 monachos
3106 5641 3344 5714 Egypti,
3380 5652 3437 5698 et
3470 5641 3756 5698 homiliam

1833 5771 2145 5828 SCIll‘LZII
2184 5771 2414 5826 ΝΟΤΑΕ.

557 5841 596 5873 ντ
627 5832 744 5886 't'id.
781 5834 946 5890 Leon.
980 5839 1137 5908 epist.
1178 5839 1264 5893 .18.
