4070 6456
349 361 457 424 3:39

1563 374 1662 434 DE
1701 375 1956 434 LIBRIS
1994 373 2498 436 THEODORETI.

3524 381 3648 447 3-1οη

351 481 679 538 Paschalem
715 482 799 536 18.
833 481 942 537 Sed
976 481 1216 554 Cyrillus
1253 483 1308 537 in
1353 484 1715 553 responsione
1765 485 1935 540 absti-
1971 492 2009 542 Α
2041 485 2133 554 jus
2164 486 2412 548 nomine,
2445 502 2683 556 quorum
2710 487 2962 542 consilio.
3016 489 3254 544 Dubium
3302 492 3449 547 istud
3503 509 3629 550 sex-

353 574 534 630 nuita
572 575 799 628 nomine
841 584 1143 641 tomorum,
1188 577 1561 648 epistolasque
1617 578 1778 642 dixit,
1810 595 1949 648 quas

353 666 611 721 Andreas
651 668 666 683 ⁶
713 675 891 720 tomos
919 668 1266 736 appellasset.
1305 669 1512 724 Deinde
1554 679 1789 740 utroque
1827 671 1947 724 loco

351 757 808 828 citatoCyrillus,
837 761 1121 814 mentione
1161 759 1306 814 facta
1359 767 1656 826 tomorum,
1719 777 1815 816 eos
1861 761 1945 815 vel

351 849 422 904 ab
451 850 704 920 epistolis
731 850 1002 916 distinxit,
1029 852 1114 906 vel
1141 851 1336 906 eodem
1391 852 1615 907 nomine
1643 851 1942 922 inscripsit,

349 957 464 1011 quo
499 941 970 997 contradictiones
992 941 1133 996 κατὰ
1153 942 1260 997 τῶν
1285 944 1582 1015 Νεστορίου
1604 943 1942 1015 δυσφημιῶν.

426 1035 574 1090 XIV.
613 1035 800 1090 Exhis
823 1035 1182 1092 innotescunt
1206 1052 1317 1092 non
1343 1053 1538 1107 pauca,
1565 1053 1687 1107 qua:
1722 1036 1947 1092 fuerunt

349 1126 630 1181 hactenus
667 1127 754 1181 vel
786 1126 970 1196 ignota
993 1127 1078 1180 vel
1111 1127 1367 1194 obscura.
1396 1129 1444 1183 1.
1476 1127 1787 1182 Adhaesisse
1812 1127 1943 1182 Phi-

348 1221 567 1289 lippum
595 1218 804 1291 Cyrillo
832 1235 960 1274 cum
1005 1220 1225 1277 clericis
1280 1220 1426 1286 aliis,
1479 1236 1620 1290 quos
1657 1219 1948 1275 Nestorius

349 1311 621 1382 Cyrillum
651 1312 943 1380 alloquens
974 1310 1257 1381 vocattﬁ;
1310 1311 1410 1382 σῆς
1466 1311 1760 1376 διαθέσεως
1807 1312 1944 1382 κληο

353 1403 568 1474 ρικούς.
595 1403 652 1456 2.
677 1403 997 1474 Philippum
1045 1403 1292 1475 arguisse
1340 1403 1656 1460 Nestorium
1686 1404 1947 1460 haeretica

352 1496 671 1562 docentem,
702 1496 1016 1566 ducemque
1039 1496 1208 1552 fuisse
1223 1495 1581 1552 discessionis
1607 1497 1755 1552 illius
1783 1497 1948 1551 cleri-

361 1603 550 1642 corum
565 1587 837 1643 Ecclesia:
857 1587 1482 1658 Constantinopolitana:
1499 1604 1530 1642 a
1549 1604 1650 1644 suo
1665 1588 1943 1659 episcopo,

365 1691 522 1745 quam
554 1676 812 1734 meminit
843 1675 1087 1748 Cyrillus
1131 1677 1200 1732 ad
1255 1676 1620 1733 Caelestinum
1670 1677 1943 1744 scribens,

358 1768 801 1838 Caelestinusque
823 1769 878 1822 in
917 1768 1120 1824 litteris
1137 1769 1206 1826 ad
1227 1769 1458 1824 clericos
1477 1769 1946 1841 ConstantinOpo-

2055 586 2190 642 tum,
2226 593 2296 632 an
2325 594 2354 632 a
2384 579 2736 636 Theodoreto
2775 582 3081 650 composita
3117 581 3186 636 sit
3247 583 3475 640 Joannis
3524 602 3629 641 no-

2051 667 2221 733 mine,
2275 667 2418 739 quod
2471 671 2765 740 opinor”;
2818 687 2887 726 an
2936 688 2963 726 a
3021 672 3232 726 Joanne
3295 675 3629 732 Theodoreti

2050 758 2300 821 consilio,
2331 759 2478 828 quod
2513 761 2676 831 vulgo
2695 759 2919 816 dicitur.

2120 848 2186 902 ll.
2220 848 2437 920 Scripta
2465 858 2549 904 est
2576 851 2770 920 procul
2799 851 2990 916 dubio,
3047 862 3337 923 postquam
3397 856 3627 911 Posido-

2049 941 2177 996 nius
2226 941 2485 996 Ecclesiaa
2547 941 2928 998 Alexandrinae
2978 943 3282 1009 diaconus,
3346 947 3519 1001 Roma
3572 947 3628 1000 in

2046 1031 2340 1104 Egyptum
2374 1033 2567 1097 redux,
2596 1033 2812 1089 litteras
2839 1042 2953 1090 tres
2993 1048 3024 1090 a
3057 1045 3250 1091 sancto
3301 1037 3626 1102 Caelestino,

2048 1124 2082 1178 '5
2105 1115 2236 1179 ldus
2270 1124 2502 1195 Augusti
2533 1123 2688 1180 datas
2716 1126 2992 1181 reddidit:
3033 1126 3240 1199 Cyrillo
3283 1129 3631 1185 Alexandriae

2051 1229 2218 1280 unas;
2272 1213 2500 1280 alteras,
2552 1215 2832 1285 profectus
2865 1216 2922 1271 in
2959 1217 3300 1274 Palaestinam
3343 1228 3399 1275 et
3437 1219 3632 1277 Orien-

2048 1315 2181 1371 tem,
2220 1306 2472 1362 Juvenali
2524 1307 3046 1380 Hierosolymitano,
3094 1320 3150 1366 et
3197 1312 3395 1368 Joanni
3433 1313 3630 1368 Antio-

2047 1398 2248 1453 cheno.
2275 1397 2414 1454 Cum
2441 1414 2574 1470 ergo
2600 1400 2719 1456 haec
2757 1400 2987 1470 epistola
3033 1411 3162 1472 post
3208 1413 3463 1472 acceptas
3495 1403 3630 1458 alias

2050 1495 2162 1542 tres
2186 1487 2311 1543 data
2339 1489 2431 1554 sit,
2456 1498 2676 1560 oportet
2707 1500 2768 1546 ut
2818 1490 3093 1561 pertineat
3133 1491 3200 1546 ad
3261 1491 3425 1547 finem
3462 1492 3632 1548 Octo-

2049 1578 2167 1634 bris
2199 1588 2296 1634 aut
2343 1580 2564 1635 initium
2594 1580 2924 1638 Novembris
2970 1583 3099 1638 anni
3131 1583 3254 1638 450.
3288 1584 3425 1638 Nam
3475 1586 3632 1640 Posi-

2047 1670 2246 1728 donius
2274 1672 2332 1727 in
2360 1671 2644 1728 Orientem
2675 1673 2953 1744 profectus
3005 1683 3110 1739 est,
3143 1685 3437 1746 antequam
3465 1676 3637 1748 Egy-

2049 1763 2130 1834 pti
2162 1764 2406 1836 synodus
2434 1766 2806 1830 convenisset,
2841 1771 2903 1820 ut
2932 1766 3228 1823 conficitur
3257 1783 3324 1822 ex
3381 1769 3636 1839 epistolis

353 1859 575 1913 litanos.
603 1859 658 1914 5,
685 1836 956 1914 Eumdem
1005 1861 1323 1932 Philippum
1350 1870 1637 1916 auctorem
1693 1875 1815 1916 esse
1843 1836 1944 1915 ὸι)-
1981 1836 2022 1891 Β
2049 1853 2239 1926 Cyrilli
2269 1854 2338 1909 ad
2382 1854 2650 1911 Joannem
2690 1865 2748 1911 et
2797 1856 3142 1914 Juvenalem.
3201 1836 3474 1915 Convenit
3501 1877 3649 1918 vero-—

353 1951 674 2007 testationis
705 1952 878 2018 illius,
913 1969 1037 2023 qua:
1060 1953 1262 2024 legitur
1287 1954 1344 2007 in
1392 1955 1569 2023 prima
1596 1961 1754 2024 parte
1784 1953 1949 2008 Aeto—

352 2062 478 2102 rum
508 2047 737 2102 concilii
771 2047 1062 2118 Ephesini,
1088 2063 1307 2118 quaque
1342 2046 1586 2103 Nestorii
1621 2061 1747 2102 cum
1776 2045 1948 2100 Paulo

351 2139 722 2194 Samosateno
754 2141 1047 2196 consensio
1073 2141 1387 2211 exponitur.
1418 2141 1472 2195 4.
1504 2138 1774 2194 Eumdem
1816 2138 1945 2192 Phi-

351 2232 572 2300 lippum
594 2231 745 2300 apud
775 2248 835 2287 se
858 2249 1094 2304 synaxes
1117 2232 1450 2289 celebrasse.
1484 2232 1536 2286 5.
1565 2231 1836 2286 Eumdem
1865 2229 1949 2283 in-

353 2319 576 2374 fensum
625 2321 798 2377 fuisse
845 2321 1176 2392 Pelagianis,
1239 2330 1294 2376 et
1349 2330 1637 2391 peccatum
1680 2321 1948 2392 originale

348 2406 695 2464 defendisse.
725 2411 778 2465 6.
815 2411 1142 2481 Pelagianos
1179 2413 1490 2483 episcopos,
1512 2428 1638 2468 cum
1665 2411 1946 2476 Coelestio,

349 2501 525 2558 fuisse
560 2504 750 2559 adhuc
773 2503 1277 2576 ConstantinOpoli,
1307 2522 1418 2576 quo
1457 2514 1705 2576 tempore
1750 2506 1948 2562 Nesto-

349 2594 468 2649 rius
496 2595 700 2650 habuit
726 2597 1020 2668 synodum,
1056 2596 1124 2652 de
1150 2613 1258 2667 qua
1285 2613 1469 2652 sermo
1502 2607 1588 2652 est
1615 2599 1668 2652 in
1699 2614 1949 2652 commo-

351 2687 582 2750 nitorio,
605 2697 666 2742 et
691 2689 927 2759 epistola
948 2691 982 2744 2
1001 2688 1239 2744 Nestorii
1273 2689 1342 2744 ad
1373 2689 1659 2760 Cyrillum.
1687 2691 1740 2743 7.
1779 2690 1950 2762 Syno-

354 2779 484 2834 dum
514 2781 768 2835 habitam
841 2792 1089 2852 tempore
1132 2783 1406 2848 autumni,
1435 2798 1582 2836 anno
1640 2782 1778 2847 429;
1823 2799 1948 2838 nam

362 2867 467 2922 hoc
497 2884 642 2923 anno
667 2870 776 2924 sub
804 2870 969 2925 linem
1001 2870 1503 2927 Commonitorium
1556 2887 1715 2926 suum
1747 2872 1952 2926 obtulit

368 2957 681 3030 imperatori
725 2961 797 3016 M.
833 2962 1121 3028 Mercator,
1153 2979 1265 3034 quo
1286 2964 1550 3033 perlecto,
1576 2963 1837 3031 expulsus
1867 2969 1952 3016 est

360 3070 482 3110 cum
539 3055 824 3124 episcopis
874 3055 1182 3125 Pelagianis
1223 3054 1700 3123 Constantinopoli
1757 3053 1942 3109 Caele-

2053 1946 2296 2019 synodus
2349 1946 2510 2002 initio
2562 1947 2912 2014 Novembris,
2955 1957 3016 2004 ut
3061 1950 3501 2008 demonstratum
3549 1963 3645 2009 est

2051 2038 2276 2094 dissert.
2305 2039 2342 2094 2
2361 2038 2430 2093 ad
2462 2055 2498 2092 η
2529 2048 2741 2109 partem
2764 2037 3005 2110 Operum
3035 2041 3190 2098 Marii
3222 2043 3561 2100 Mercatoris.

2122 2131 2213 2185 Ill.
2246 2131 2322 2186 De
2382 2146 2548 2186 causa
2593 2131 2875 2186 scribendi
2919 2131 3130 2188 dictum
3178 2135 3314 2192 satis
3367 2137 3423 2191 in
3473 2153 3638 2208 argu-

2054 2230 2260 2279 mento.
2309 2221 2544 2278 Sanctus
2601 2222 2954 2291 Coelestinus,
3007 2227 3248 2297 acceptis
3277 2243 3376 2297 per
3405 2229 3650 2285 Posido»

2054 2318 2209 2372 nium
2232 2316 2425 2388 Cyrilli
2452 2316 2676 2383 litteris,
2707 2331 2982 2388 causaque
3033 2319 3273 2375 Nestorii
3335 2321 3523 2377 Romae
3580 2322 3650 2378 in.

2054 2409 2265 2481 synodo
2320 2397 2590 2480 ju'dicata,
2655 2411 2876 2480 scriptis
2931 2412 3196 2468 Joannem
3227 2424 3283 2470 et
3317 2413 3652 2470 Iuvenalem

2054 2502 2342 2568 docuerat,
2375 2503 2508 2574 quid
2538 2504 2595 2558 in
2625 2504 2944 2560 Nestorium
2979 2506 3286 2572 statuisset,
3323 2508 3429 2562 nisi
3483 2524 3641 2563 revo-

2055 2601 2208 2650 caret
2236 2609 2522 2662 errorem;
2551 2596 2755 2666 quidve
2779 2597 3091 2653 mandasset
3119 2597 3344 2669 Cyrillo,
3378 2614 3505 2654 suas
3535 2599 3648 2654 hoc

2055 2687 2277 2756 negotio
2325 2687 2475 2743 vices
2524 2687 2768 2742 obituro.
2831 2689 3087 2758 Acceptis
3145 2688 3387 2745 Joannes
3436 2692 3638 2745 summi

2055 2775 2352 2844 pontificis,
2382 2775 2680 2847 Cyrillique
2706 2776 2930 2843 litteris,
2967 2786 3350 2851 tempestatem
3394 2780 3449 2834 in
3477 2790 3643 2851 caput

2053 2867 2292 2922 Nestorii
2330 2867 2740 2925 incumbentem
2771 2869 3069 2939 depellere,
3090 2878 3146 2925 et
3175 2847 3354 2927 amico
3384 2872 3645 2936 suadere,

2058 2971 2115 3014 ut
2146 2969 2444 3029 occuparet
2475 2962 2674 3016 summi
2732 2961 3008 3031 pontificis
3066 2965 3417 3028 sententiam,
3467 2964 3648 3034 Virgi-

2055 3067 2296 3121 nemque
2352 3052 2644 3122 Deiparam
2697 3055 3074 3122 profiteretur,
3134 3055 3282 3124 quod
3327 3071 3498 3108 unum
3554 3056 3642 3109 vel

354 3147 518 3202 stius.
574 3146 630 3201 8.
690 3145 1210 3212 Contradictiones,
1285 3145 1398 3201 sive
1455 3155 1633 3200 tomos
1685 3146 1952 3201 adversus
1981 3183 2022 3241 Ο
2058 3144 2428 3214 potissimum,
2485 3143 2646 3215 362
2678 3143 2803 3198 fidei
2864 3145 3188 3199 orthodoxae
3245 3146 3525 3214 specimen
3555 3159 3644 3200 ro-

353 3240 735 3310 blasphemias
758 3241 1018 3307 Nestorii,
1045 3239 1204 3311 361
1241 3239 1452 3295 delatos
1489 3239 1660 3294 fuisse
1701 3240 1950 3304 Romam,

351 3345 408 3390 et
440 3351 512 3390 ex
544 3334 615 3388 iis
648 3333 958 3388 exercitum
1001 3333 1272 3404 judicium
1302 3331 1372 3386 de
1407 3331 1685 3387 Nestorio.
1739 3333 1791 3387 9.
1834 3331 1953 3386 Hoc

349 3442 498 3498 opus
543 3425 715 3481 fuisse
739 3441 772 3480 a
802 3424 1006 3496 Cyrillo
1031 3425 1400 3494 compositum
1442 3423 1598 3478 initio
1645 3424 1777 3479 anni
1815 3422 1951 3489 450;

351 3518 644 3588 siquidem
684 3518 953 3573 traditum
1008 3526 1094 3572 est
1145 3516 1445 3572 Posidonio
1511 3517 1741 3572 Romam
1795 3517 1954 3572 eunti

351 3610 525 3665 initio
574 3609 784 3679 Aprilis
839 3610 1087 3680 ejusdem
1147 3609 1298 3662 anni.
1335 3609 1419 3663 l0.
1481 3608 1681 3664 Iisdem
1737 3610 1956 3666 artibus

349 3701 847 3771 Constantinopoli
875 3717 1036 3756 usum
1093 3700 1439 3764 leestium,
1498 3701 1704 3770 quibus
1744 3701 1952 3768 Romze,

353 3791 510 3845 unde
544 3807 603 3846 se
657 3791 798 3844 clam
847 3789 1132 3854 subduxit,
1191 3805 1317 3844 cum
1373 3805 1482 3844 non
1535 3789 1784 3854 haberet,
1843 3806 1954 3861 quo

353 3899 518 3938 suam
553 3897 778 3937 causam
813 3890 1085 3937 tueretur.
1116 3883 1202 3936 11.
1237 3881 1486 3952 Magnam
1519 3881 1689 3937 fuisse
1713 3882 1955 3938 Nestorii

353 3990 488 4028 cum
528 3974 827 4031 Theodoro
874 3974 1266 4044 Mopsuesteno
1320 3973 1776 4029 consensionem:
1828 3990 1954 4044 quae

352 4065 510 4119 enim
551 4064 622 4120 de
650 4065 910 4120 Nestorio
940 4063 1108 4120 refert
1135 4063 1395 4135 Cyrillus,
1441 4063 1635 4118 eadem
1694 4064 1956 4135 leguntur

354 4156 416 4210 in
446 4156 778 4227 fragmentis
802 4155 1105 4221 Theodori,
1138 4172 1261 4225 quae
1312 4155 1581 4210 Leontius
1608 4155 1837 4211 adducit
1888 4172 1958 4212 ex

355 4250 509 4305 libro
534 4266 624 4304 xxv
654 4248 733 4302 De
782 4250 1174 4303 incarnatione.
1215 4249 1300 4302 12.
1360 4247 1482 4302 Non
1532 4263 1694 4317 posse
1751 4249 1960 4303 certius

355 4341 697 4412 planiusque
729 4340 927 4396 resciri
959 4339 1072 4395 ullo
1101 4356 1167 4394 ex
1191 4340 1333 4403 loco,
1387 4355 1509 4409 qua:
1538 4337 1704 4394 fuerit
1727 4338 1956 4395 haeresis

355 4433 630 4495 Nestorii,
648 4441 705 4489 et
734 4433 792 4487 in
823 4447 937 4503 quo
966 4432 1174 4503 κυρίως
1203 4431 1402 4502 posita.
1431 4431 1567 4498 Quis
1599 4430 1749 4487 enim
1779 4430 1956 4503 Cyril-

2059 3237 2312 3307 gabatur,
2355 3236 2584 3292 Joannis
2643 3237 2868 3291 nomine
2912 3237 3296 3292 Theodoret'us
3351 3238 3643 3307 epistolam

2055 3327 2389 3396 composuit.

2127 3419 2216 3474 IV.
2237 3419 2319 3474 Ad
2351 3418 2668 3474 Nestorium
2697 3419 2904 3488 scripta
2925 3427 3029 3481 est,
3057 3417 3175 3487 qui,
3217 3429 3342 3472 eum
3367 3417 3484 3473 suis
3513 3433 3648 3473 con-

2055 3511 2309 3566 cionibus
2339 3510 2530 3565 turbas
2560 3509 2823 3564 movisset
2846 3510 2901 3562 in
2935 3509 3196 3573 Ecclesia,
3231 3525 3341 3579 prie
3387 3510 3646 3580 superbia

2058 3610 2242 3658 tamen
2288 3602 2470 3658 noluit
2493 3602 2666 3658 verbo
2694 3617 2827 3666 uno,
2863 3617 2975 3672 quo
3030 3602 3324 3672 Deiparam
3354 3601 3644 3669 fateretur,

2057 3712 2152 3750 eas
2184 3695 2416 3762 sedare;
2446 3694 2558 3750 imo
2589 3693 2902 3764 principum
2927 3693 3115 3763 gratia:
3163 3694 3414 3764 aulasque
3468 3694 3645 3749 favori

2056 3784 2258 3839 etsuis
2316 3783 2531 3838 artibus
2560 3783 2869 3844 confidens,
2918 3782 3398 3853 ConstantinOpoli
3458 3784 3649 3840 saevie-

2059 3876 2172 3940 bat,
2205 3883 2545 3946 cceterasque
2573 3875 2853 3930 Ecclesias
2877 3875 3196 3945 spernebat.

2129 3989 2194 4044 V.
2229 3987 2462 4043 Nomine
2512 3985 2742 4043 Joannis
2785 3985 3117 4041 Antiocheni
3169 3986 3511 4048 inscribitur,
3542 3985 3632 4041 cui

2059 4094 2185 4134 cum
2220 4077 2475 4133 Nestorio
2526 4092 2720 4132 omnes
2773 4085 2933 4131 erant
2988 4075 3243 4130 amicitia:
3277 4076 3648 4130 necessitudi-

2057 4187 2178 4236 nes,
2211 4169 2537 4224 diuturnum
2571 4166 3021 4230 contubernium,
3049 4164 3318 4235 religiosae
3345 4165 3468 4220 vitae
3492 4179 3648 4220 com-

2059 4263 2270 4327 munio,
2301 4260 2538 4316 societas
2566 4260 2897 4325 studiorum,
2919 4258 3062 4313 idem
3094 4259 3372 4327 magister,
3399 4259 3647 4328 ejusdem

2060 4353 2317 4410 Ecclesiae
2362 4349 2754 4418 ministerium,
2813 4351 3005 4405 eadem
3049 4349 3244 4420 adepta
3275 4350 3499 4405 demum
3526 4360 3648 4420 post

2060 4442 2426 4499 ministerium
2466 4441 2724 4512 dignitas.
2780 4441 2976 4497 Joanni
3028 4441 3412 4496 Tlieodoretus
3451 4441 3646 4496 iisdem

355 4527 416 4582 lo
462 4527 521 4582 in
551 4524 896 4596 pervidenda
928 4524 1170 4580 Nestorii
1218 4524 1495 4580 sententia
1539 4525 1955 4594 perspicacior?
1989 4537 2030 4592 ο
2060 4535 2294 4590 vinculis
2347 4532 2638 4588 devinctus
2669 4531 2792 4585 αἰιίι,

354 4618 620 4688 Quiergo
648 4618 866 4689 lapsum
898 4616 1070 4672 verbo
1126 4617 1448 4673 Nestorium
1505 4617 1740 4682 malunt,
1788 4633 1952 4688 quam

357 4715 567 4782 reipsa,
603 4711 894 4767 Socratem
922 4710 1124 4782 Cyrillo
1155 4709 1480 4780 pmferunt,
1525 4709 1855 4779 scriptorem
1886 4710 1955 4764 de

355 4806 508 4870 aula,
577 4803 795 4860 homini
824 4818 939 4860 sua:
997 4802 1181 4857 aetatis
1236 4801 1582 4857 doctissimo.
1623 4802 1709 4856 15.
1741 4802 1822 4857 Ex
1852 4802 1958 4857 hoc

352 4897 807 4955 Commonitorio
840 4897 1026 4951 lucem
1049 4895 1236 4951 afferri
1286 4895 1531 4964 quinque
1562 4895 1723 4950 libris
1761 4893 1955 4966 Cyrilli

353 4991 634 5047 adversus
688 4987 1064 5059 blasphemias
1111 4987 1378 5052 Nestorii,
1409 4996 1466 5042 et
1519 4987 1766 5044 vicissim
1794 4986 1960 5042 Com-

352 5081 729 5138 monitorium
775 5097 846 5136 ex
891 5080 980 5135 his
1030 5079 1343 5135 illustrari:
1379 5087 1466 5135 est
1505 5079 1656 5135 enim
1711 5077 1962 5150 ipsorum

352 5173 761 5244 compendiosa
785 5170 1036 5243 quaedam
1066 5171 1343 5227 collectio.

433 5287 684 5360 Epistola
707 5288 830 5350 149,
856 5305 889 5342 a
917 5287 1127 5341 Joanne
1147 5287 1468 5342 Antiocheno
1489 5288 1558 5341 ad
1583 5286 1891 5342 Nestorium

1051 5361 1272 5430 scripta.

428 5470 474 5526 1.
503 5470 625 5526 Non
647 5470 888 5525 obscura
912 5479 1062 5534 sunt,
1088 5485 1193 5525 nec
1236 5470 1446 5524 incerta
1505 5470 1622 5524 haec
1667 5469 1951 5538 quinque:

352 5563 589 5636 quando
611 5563 820 5633 scripta
843 5563 918 5618 sit
943 5563 1200 5633 epistola,
1245 5578 1355 5632 qua
1389 5562 1458 5618 de
1477 5565 1664 5624 causa,
1720 5563 1833 5625 cui,
1855 5578 1953 5616 cu-

2125 4648 2216 4703 Vl.
2261 4645 2524 4709 Dubium,
2582 4643 2710 4712 quis
2766 4643 3073 4712 scripserit,
3102 4641 3342 4696 Joannes
3375 4642 3515 4712 ipse,
3577 4657 3648 4694 an

2055 4738 2283 4797 Joannis
2351 4737 2576 4791 nomine
2663 4733 3085 4789 Theodoretus?
3140 4733 3338 4788 Joanni
3399 4733 3651 4786 tribuunt

2059 4827 2383 4901 prazjudicia
2413 4825 2547 4891 duo,
2577 4824 2867 4895 inscriptio
2898 4839 3116 4895 nempe,
3165 4823 3314 4894 quod
3365 4823 3652 4894 publicum

2058 4921 2216 4992 quasi
2262 4921 2676 4982 documentum,
2711 4921 2769 4972 et
2797 4916 3138 4973 consuetudo
3167 4917 3238 4971 ita
3269 4914 3508 4981 dicendi,
3529 4931 3651 4985 quae

2057 5013 2281 5068 videtur
2331 5025 2454 5066 esse
2521 5008 2772 5080 quaedam
2823 5009 3140 5078 praescripta
3194 5007 3490 5077 possessio.
3545 5005 3650 5059 Pro

2063 5099 2418 5158 Theodoreto
2448 5098 2579 5154 facit
2618 5097 2820 5168 primo,
2849 5096 2999 5166 quod
3050 5101 3348 5162 utrumque
3394 5089 3653 5161 praejudi-

2064 5194 2206 5250 cium
2224 5194 2389 5249 fallax
2425 5193 2519 5259 sit,
2551 5191 2644 5246 vel
2680 5207 2750 5246 ex
2778 5204 2844 5244 eo
2895 5187 3156 5248 maxime,
3217 5183 3364 5253 quod
3417 5179 3652 5234 infinitae

2058 5285 2308 5356 epistolae
2327 5300 2440 5338 non
2466 5280 2764 5338 scribentis
2813 5278 3021 5346 ipsius,
3062 5273 3156 5328 sed
3208 5270 3520 5326 mandantis
3549 5285 3649 5324 no-

2065 5393 2190 5432 men
2222 5375 2542 5446 praaferunt,
2568 5377 2623 5427 et
2647 5369 2872 5440 singulae
2897 5382 2964 5421 eo
2999 5364 3222 5419 nomine
3251 5363 3516 5427 citantur,
3539 5376 3653 5431 quo

2065 5477 2462 5540 prarnotantur.
2499 5461 2783 5535 Ejusmodi
2810 5467 2894 5514 est
2924 5455 3131 5527 Pelagii
3156 5453 3400 5512 secunda
3416 5451 3649 5522 epistola

2063 5560 2129 5616 ad
2161 5561 2404 5632 Illyricos
2427 5574 2460 5612 a~
2481 5563 2672 5613 sancto
2689 5550 2956 5624 Gregorio
2977 5550 3203 5620 scripta.
3227 5548 3455 5612 Deinde,
3474 5545 3650 5617 quod,

1692 5715 2008 5772 schLG
2046 5671 2274 5769 None.

431 5837 480 5871 “
505 5836 658 5904 Quod
700 5837 910 5908 Opinor.
945 5836 1054 5892 Sed
1082 5836 1205 5891 vide
1246 5852 1432 5906 supra,
1462 5853 1514 5905 ιι.
1553 5839 1666 5903 liii,
1707 5835 1879 5893 schol.
1913 5833 1966 5889 4.
