4070 6478
472 374 569 435 311

1625 374 2003 438 GARNERII
2032 375 2532 438 DISSERTATIO
2568 377 2652 439 ΙΙ.

3646 371 3751 439 312

474 503 520 540 δι
543 486 862 542 conferatur
892 486 1124 558 epistola
1154 487 1415 543 haecum
1447 488 1536 553 iis,
1569 489 1686 545 sive
1724 506 1862 560 quas
1885 491 2055 547 Joan-
2094 507 2128 553 Α
2162 505 2345 561 pmna,
2373 490 2480 545 nisi
2514 497 2639 560 post
2664 489 2939 545 decimum
2968 504 2996 543 a
3020 484 3440 543 denuntiatione
3470 485 3617 541 diem
3657 501 3754 556 ρι-

475 593 595 643 nes,
625 578 742 634 sive
769 594 909 649 quas
936 577 1324 635 Theodoretus
1364 580 1610 651 scripsit,
1662 581 1889 638 differre
1920 582 2060 654 stylo

474 670 826 745 appareatab
856 669 967 724 illis
982 671 1284 726 convenire
1319 686 1447 727 cum
1478 672 1623 728 istis.
1663 673 1886 739 Postea,
1911 674 2059 744 quod

474 761 693 831 quoties
718 767 877 816 erant
926 776 1254 818 communes
1279 763 1479 820 littera:
1507 765 1793 822 mittendae
1824 766 1893 820 ab
1937 766 2055 836 epi-

474 854 677 924 scopis,
708 869 946 925 quorum
972 871 1118 911 unus
1145 865 1295 911 esset
1325 857 1737 922 Theodoretus,
1779 858 2060 914 scribendi

475 957 680 998 munus
727 943 1113 1015 imponeretur
1169 945 1296 1016 ipsi,
1353 953 1612 1018 tanquam
1659 948 2061 1004 admirabiliter

473 1034 703 1105 hujusce
726 1037 808 1091 rei
840 1038 1039 1107 perito.
1077 1038 1212 1093 Erat
1239 1054 1373 1093 vero
1398 1055 1549 1095 unus
1575 1039 1643 1095 de
1688 1049 1902 1109 septem
1932 1040 2056 1112 epi-

473 1128 676 1197 scopis,
696 1128 794 1198 qui
842 1129 989 1200 apud
1019 1128 1290 1186 Joannem
1337 1130 1724 1197 versabantur,
1757 1147 1884 1186 cum
1919 1132 2060 1187 scri-

474 1217 701 1271 beretur
756 1217 824 1273 ad
871 1218 1211 1275 Nestorium.
1261 1220 1418 1275 Adde
1467 1220 1615 1291 quod
1658 1222 1715 1274 in
1769 1221 1896 1277 aliis
1921 1221 2060 1277 iocis

475 1308 863 1365 Theodoretus
886 1310 1082 1365 iisdem
1114 1312 1293 1366 utitur
1338 1312 1669 1378 rationibus,
1718 1312 1829 1367 imo
1856 1321 1915 1369 et
1960 1313 2059 1368 iis-

473 1399 599 1454 dem
628 1398 745 1454 fere
778 1401 985 1467 verbis,
1004 1401 1073 1457 ad
1106 1401 1251 1457 idem
1278 1403 1625 1459 tractandum
1646 1411 2057 1474 argumentum,

474 1493 545 1547 de
577 1494 802 1565 Virgine
837 1494 1071 1565 Deipara
1103 1513 1117 1548 :
1144 1494 1382 1549 videnda
1414 1495 1649 1566 epistola
1682 1496 1766 1551 16.
1814 1495 2061 1567 Denique

473 1585 625 1655 quod
649 1585 904 1641 videatur
929 1586 1315 1641 Theodoretus
1340 1585 1459 1657 ipse
1491 1586 1636 1641 hanc
1669 1587 1775 1643 sibi
1810 1603 2063 1659 arrogas-

477 1690 557 1741 se,
590 1692 716 1732 cum
746 1677 1017 1732 scriberet
1033 1676 1103 1731 ad
1134 1678 1412 1732 Domnum
1436 1677 1869 1745 Antiochenum,
1894 1679 2061 1749 paulo

475 1777 603 1823 ante
630 1768 1021 1839 praedatoriam
1049 1769 1346 1840 synodum,
1374 1778 1845 1841 enumeraretquc
1893 1785 2061 1844 syno-

475 1860 598 1915 dica
621 1859 888 1916 adversus
923 1860 1188 1933 Cyrillum
1214 1863 1443 1933 scripta.

546 1953 657 2007 γη.
689 1952 1107 2009 Observandum
1146 1954 1200 2009 in
1232 1970 1298 2010 ea
1337 1955 1602 2026 primum,
1659 1954 1808 2027 quod
1852 1955 2061 2011 dicitur

474 2041 542 2095 dc
563 2042 771 2097 lrenazo
795 2043 1030 2098 comite:
1067 2043 1196 2099 inde
1223 2043 1375 2099 enim
1426 2045 1604 2116 ipsius
1632 2061 1759 2101 cum
1803 2046 2059 2101 Nestorio

472 2146 527 2189 et
557 2134 937 2191 Orientalibus
972 2136 1316 2207 conspiratio
1356 2138 1706 2209 intelligitur.

545 2228 775 2293 Deinde,
819 2230 968 2299 quod
1024 2229 1267 2285 refertur
1309 2228 1604 2286 Theodoro
1650 2230 2056 2301 Mopsuesteno,

472 2316 704 2380 dictum.
738 2318 888 2374 unde
925 2317 1146 2374 fuerant
1168 2319 1461 2376 audientes
1483 2320 1705 2388 offensi,
1747 2329 2057 2377 retractan—

473 2419 560 2462 te:
591 2423 699 2477 qua
735 2408 806 2464 de
840 2425 901 2465 re
927 2410 1078 2475 vide,
1105 2418 1307 2480 przeter
1359 2411 1705 2479 Liberatum,
1736 2422 2056 2483 excerptum

469 2515 538 2555 ex
567 2500 775 2557 libellis
802 2517 832 2557 a
861 2503 1204 2575 presbyteris
1233 2515 1290 2560 et
1312 2504 1563 2561 diaconis
1590 2505 1815 2576 majoris
1860 2506 2057 2561 Arme-

471 2591 579 2647 niae
602 2600 660 2647 et
682 2592 931 2649 Persidis
949 2594 1150 2651 Proelo
1179 2597 1471 2666 porrectis,
1520 2597 1715 2669 synod.
1754 2614 1807 2664 v,
1848 2597 1975 2652 coll.
2003 2598 2055 2653 5.

468 2678 552 2734 Eo
574 2679 724 2734 enim
742 2681 851 2737 loci
874 2682 1108 2739 affertur
1139 2684 1426 2740 concionis
1455 2684 1548 2740 illa
1589 2701 1736 2757 pars,
1789 2702 1913 2758 quae
1953 2686 2060 2743 fuit

469 2771 795 2830 offensionis
832 2791 1016 2833 causa.

541 2866 759 2933 Postea,
791 2879 998 2939 quanta
1050 2873 1361 2928 reverentia
1421 2882 1703 2945 receptum
1740 2874 1831 2940 sit,
1868 2874 1957 2931 vel
1987 2873 2059 2930 ab

470 2961 609 3032 ipsis
638 2961 882 3020 Orientis
911 2965 1268 3035 patriarchis,
1301 2969 1504 3023 summi
1560 2968 1839 3039 pontificis
1865 2968 2060 3025 decre-

470 3063 607 3109 tum.
634 3056 755 3111 Non
777 3056 1144 3128 objiciebatur
1170 3059 1279 3115 illis
1322 3062 1669 3132 temporibus
1711 3061 2060 3119 auctoritatis

469 3147 850 3219 praesumptio,
904 3149 1002 3205 sed
1057 3150 1364 3221 parebatur
1390 3151 1543 3208 velut
1587 3151 1846 3224 legitima:
1895 3160 2059 3223 pote-

467 3238 619 3302 stati,
639 3238 802 3310 333
830 3255 957 3296 eum
989 3256 1244 3297 summus
1266 3242 1535 3313 pontifex,
1565 3260 1597 3300 e
1643 3260 1745 3301 suo
1780 3243 2057 3300 Occiden-

471 3328 541 3384 tis
569 3330 828 3395 concilio,
862 3331 1028 3402 regias
1076 3332 1232 3388 urbis
1269 3333 1638 3403 patriarclnam
1683 3335 1971 3407 dejiceret,
2000 3345 2059 3392 et

469 3421 631 3477 alteri
656 3423 986 3493 patriarchae
1013 3424 1352 3496 exsequendi
1376 3427 1707 3482 sententiam
1739 3427 2057 3484 mandatum

467 3510 646 3569 daret.

537 3603 769 3672 Quarto,
803 3606 951 3677 quod
978 3607 1184 3664 dicitur
1226 3609 1280 3665 id
1317 3625 1490 3666 unum
1523 3611 1667 3683 exigi
1710 3627 1740 3666 a
1777 3612 2055 3679 Nestorio,

467 3705 530 3752 ut
558 3698 772 3754 beatam
804 3700 1084 3771 Virginem
1117 3702 1356 3759 fateatur
1385 3703 1677 3774 Deiparam
1708 3722 1720 3757 :
1752 3703 1881 3760 inde
1906 3706 2056 3762 enim

466 3790 844 3861 cognoscitur,
872 3800 1007 3849 tunc
1040 3797 1304 3866 temporis
1332 3811 1453 3851 eam
1480 3797 1713 3852 formam
1739 3796 1906 3853 fuisse
1929 3814 2059 3870 pro-

466 3880 656 3936 fitendi
691 3882 1015 3940 catholicam
1055 3886 1125 3942 de
1170 3887 1547 3944 incarnatione
1587 3887 1770 3944 fidem.
1813 3889 1961 3945 Idem
2000 3899 2057 3946 et

463 3972 702 4044 Cyrillus
733 3974 789 4030 in
818 3975 1077 4050 Apologia
1120 3987 1178 4033 et
1233 3979 1618 4038 Theodoretus
1653 3981 1817 4053 epist.
1855 3982 1923 4038 l6
1969 3994 2052 4039 tc-

465 4074 702 4122 stantur.

531 4156 758 4226 Quinto,
788 4161 935 4231 quod
967 4161 1173 4219 dicitur
1203 4164 1371 4221 etiam
1399 4167 1692 4223 Nestorius
1723 4183 1789 4224 ea
1820 4168 2050 4234 sentire,

462 4266 584 4319 quae
611 4252 804 4309 Patres
825 4253 895 4309 de
916 4257 1182 4326 mysterio
1206 4258 1603 4317 incarnationis
1630 4278 1643 4315 :
1672 4276 1796 4331 quat
1823 4261 1928 4317 fuit
1955 4271 2053 4318 aut

461 4341 865 4413 dispensatoria
910 4346 1159 4416 quasdam
1201 4351 1505 4406 amicorum
1551 4355 1569 4373 ‘
1613 4352 1892 4419 adulatio,
1941 4369 2052 4424 qua

461 4431 718 4488 blandius
758 4433 1004 4490 animum
1051 4435 1294 4492 hominis
1332 4436 1707 4505 innectereut;
1743 4447 1840 4494 aut
1875 4437 2054 4493 admi.

2163 589 2329 636 reret.
2359 581 2612 637 Famam
2640 581 2766 637 fidei
2790 581 3084 637 duodecim
3107 579 3581 635 anathematismis
3601 592 3753 633 com-

2162 671 2463 741 prehendit
2481 670 2744 743 Cyrillus,
2771 671 3136 740 Nestorioque
3157 683 3258 739 per
3279 677 3518 739 quatuor
3538 667 3755 737 cpisco-

2160 775 2262 830 pos
2300 777 2370 816 ex
2405 760 2723 834 Egyptiaca
2754 761 2964 833 synodo
3003 760 3172 815 misit.
3206 758 3521 814 Mandatum
3551 757 3755 812 Nesto-

2162 852 2278 908 rius
2303 862 2599 923 procurata
2633 853 2936 908 indictione
2976 851 3197 908 concilii
3232 850 3507 922 generalis
3540 848 3707 905 eiusit
3734 865 3751 902 :

2164 942 2276 997 imo
2305 943 2491 1015 Cyrilli
2523 944 3001 999 anathematismis
3028 941 3258 998 totidem
3290 941 3539 997 diversos
3576 954 3758 1011 oppo-

2161 1034 2302 1101 suit,
2342 1036 2665 1107 rogavitque
2702 1035 2931 1107 insuper
2972 1035 3212 1090 amicum
3250 1034 3516 1090 Joannem
3557 1032 3757 1087 Antio-

2161 1127 2422 1194 chenum,
2456 1136 2519 1183 ut
2556 1127 2627 1182 ab
2662 1126 2883 1183 Andrea
2918 1127 3278 1183 Samosateno
3309 1135 3366 1182 et
3401 1124 3757 1181 Theodoreto

2160 1217 2411 1290 Cyrensi,
2438 1217 2831 1274 eruditissimis
2866 1217 3034 1274 totius
3060 1216 3304 1273 Orientis
3335 1215 3632 1287 episcopis,
3658 1228 3757 1268 ar-

2161 1312 2411 1382 guendos
2451 1319 2717 1367 curaret:
2754 1320 2989 1383 uterque
3030 1312 3245 1382 paruit,
3287 1325 3402 1366 sua:
3451 1307 3761 1378 reprehen-

2161 1403 2304 1459 sioni
2338 1403 2725 1459 Theodoretus
2756 1403 2900 1459 hanc
2928 1403 3221 1474 epistolam
3253 1400 3575 1473 praeposuit.

2231 1495 2274 1551 Ι.
2302 1495 2578 1566 Scriptam
2596 1511 2719 1552 esse
2742 1504 2963 1567 oportet
2984 1495 3275 1566 epistolam
3298 1494 3445 1548 hanc
3465 1502 3611 1547 anno
3626 1490 3730 1545 43!
3744 1531 3761 1554 ,

2159 1586 2384 1644 circiter
2399 1604 2644 1645 mensem
2659 1589 3047 1653 Februarium,
3060 1594 3117 1642 et
3131 1596 3257 1642 ante
3275 1584 3493 1640 initium
3503 1581 3762 1649 Quadra-

2160 1682 2402 1754 gesimse,
2424 1682 2573 1754 quod
2597 1682 2795 1739 incidit
2814 1681 2871 1737 in
2893 1680 3040 1737 diem
3063 1688 3318 1751 quartum
3336 1676 3513 1732 Martii
3539 1693 3551 1728 :
3574 1689 3764 1744 neque

2161 1775 2310 1830 enim
2334 1775 2517 1845 potuit
2545 1784 2641 1831 aut
2662 1775 2847 1840 citius,
2869 1782 2964 1830 aut
2984 1774 3163 1829 serius
3187 1770 3376 1827 scribi.
3400 1769 3521 1825 Non
3545 1768 3718 1823 citius
3745 1783 3759 1820 :

2092 1859 2135 1915 Β
2163 1883 2289 1923 nam
2322 1869 2519 1925 litterae
2544 1868 2735 1942 Cyrilli
2767 1867 2836 1923 ad
2856 1865 3172 1923 Nestorium
3213 1879 3282 1920 ex
3317 1860 3550 1934 Egypto
3592 1858 3760 1923 datae,

2160 1960 2366 2030 quibus
2403 1961 2880 2033 subjungebantur
2917 1954 3384 2019 anathematismi,
3419 1952 3761 2023 consignata:

2160 2062 2290 2108 sunt
2316 2054 2408 2110 die
2437 2055 2598 2110 tertia
2627 2051 2984 2120 Novembris;
3025 2050 3242 2106 tradita
3270 2062 3407 2104 vero
3435 2044 3729 2102 Constanti
3748 2073 3765 2084 -

2159 2144 2349 2215 nopoli
2391 2145 2460 2201 ab
2502 2144 2780 2217 episcopis
2822 2143 3118 2207 Nestorio,
3160 2141 3192 2194 7
3234 2139 3366 2195 ldus
3403 2135 3761 2200 Decembris;

2160 2253 2332 2309 quare
2391 2239 2576 2296 missae
2625 2235 3103 2307 Constantinopoli
3168 2231 3518 2289 Antiochiam
3542 2252 3545 2259 ί
3571 2229 3763 2299 aliquo

2159 2344 2285 2403 post
2330 2341 2613 2403 tempore,
2663 2330 2720 2385 id
2770 2337 2856 2385 est
2905 2326 3130 2383 circiter
3176 2324 3340 2378 finem
3388 2319 3711 2376 Decembris
3743 2337 3760 2372 :

2160 2425 2344 2482 missa
2383 2439 2607 2496 quoque
2649 2421 2943 2478 Antiochia
2988 2418 3190 2491 Cyrum
3236 2415 3313 2471 ad.
3345 2411 3763 2469 Theodoretum

2160 2525 2286 2587 post
2310 2515 2608 2571 nonnullos
2634 2513 2774 2569 dies.
2806 2512 3193 2567 Theodoretus
3215 2504 3469 2562 nonnihil
3493 2501 3764 2573 temporis

2159 2609 2347 2680 posuit
2368 2607 2423 2662 in
2449 2604 2978 2678 reprehensionibus
2997 2596 3415 2671 componendis,
3437 2593 3764 2665 compositis

2161 2700 2382 2756 tandem
2421 2697 2704 2769 rescripsit
2738 2696 2958 2753 Joanni.
2992 2694 3110 2749 Non
3146 2692 3346 2755 serius,
3371 2688 3632 2761 quoniam
3665 2703 3765 2743 re-

2159 2791 2629 2864 prehensionibus
2668 2789 2811 2862 Cyro
2857 2786 3239 2851 Antiochiam,
3283 2781 3577 2838 Antiochia
3612 2780 3761 2837 Con-

2160 2884 2600 2955 stantinopolim,
2626 2880 2955 2938 Alexandria
2981 2873 3537 2945 Constantinopolim,
3572 2880 3637 2927 ut
3660 2888 3762 2942 par

2160 2986 2247 3034 est
2276 2976 2527 3040 credere,
2559 2974 2758 3031 delatis
2795 2971 2961 3044 365.
2997 2970 3237 3044 Cyrillus
3268 2966 3569 3038 rcSpondit,
3603 2974 3760 3021 antc-

2160 3085 2327 3140 quam
2366 3067 2605 3140 peractis
2642 3065 2999 3122 Paschalibus
3038 3063 3196 3119 festis
3230 3061 3511 3132 Ephesum
3551 3057 3760 3129 cogita-

2162 3168 2281 3225 ret,
2332 3167 2499 3230 atque
2544 3156 2685 3213 adeo
2731 3154 3176 3225 Quadragesimae
3220 3163 3471 3222 tempore
3512 3167 3527 3204 :
3570 3148 3758 3205 statim

2159 3251 2309 3307 enim
2336 3250 2492 3307 festis
2520 3248 2765 3321 peractis
2792 3262 2853 3303 se
2878 3246 3035 3303 dedit
3064 3247 3119 3301 in
3149 3244 3315 3300 viam.

2231 3343 2298 3399 ﬂ.
2338 3341 2459 3410 Quo
2512 3340 2714 3396 affectu
2761 3338 3100 3395 Theodoreti
3150 3336 3418 3392 adversus
3464 3333 3759 3408 Cyrillum,

2159 3434 2475 3505 quibusque
2507 3431 2696 3489 verbis
2727 3429 2960 3502 cpistola
3000 3427 3304 3500 composita
3339 3427 3433 3492 sit,
3472 3441 3541 3482 ex
3571 3441 3641 3482 eo
3675 3425 3753 3482 di-

2157 3525 2340 3582 lucide
2366 3523 2714 3597 intelligitur,
2742 3521 2890 3593 quod
2921 3521 3197 3592 impotens
3221 3519 3441 3575 animus
3471 3519 3529 3574 in
3555 3533 3758 3575 secun—

2157 3621 2289 3673 dum
2331 3616 2501 3673 totius
2542 3613 2804 3672 Ecclesiae
2847 3613 3151 3670 antistitem
3191 3613 3441 3670 convicia
3471 3621 3755 3686 congerat,

2157 3709 2380 3781 indigna
2420 3722 2649 3779 prorsus
2682 3721 2826 3778 quae,
2867 3722 2979 3762 non
3014 3706 3194 3761 dicam
3227 3706 3300 3761 ab
3331 3706 3615 3777 episcopo,
3658 3707 3757 3761 sed

2156 3799 2324 3855 etiam
2377 3798 2447 3854 ab
2503 3798 2729 3854 homine
2775 3796 3095 3853 Christiano
3142 3795 3571 3868 profundantur.
3619 3796 3760 3864 Quis

2155 3889 2305 3945 enim
2367 3890 2509 3946 ferat
2554 3889 2963 3944 sanctissimum
3019 3887 3225 3945 Christi
3272 3887 3619 3944 defensorem
3666 3903 3760 3944 re-

2155 3978 2482 4049 praesentari
2523 3978 2677 4032 velut
2716 3995 2736 4029 ς
2775 3984 3075 4048 pastorem,
3113 3977 3208 4048 qui
3248 3992 3381 4032 oves
3422 3977 3528 4033 sibi
3566 3976 3791 4057 credi-g

2156 4080 2240 4127 tas
2270 4070 2404 4126 feris
2440 4070 2642 4126 saevius
2669 4068 2944 4138 discerpat
2972 4086 2985 4122 :
3023 4086 3042 4119 ι
3077 4068 3233 4123 velut
3262 4067 3567 4131 doctorem,
3606 4086 3626 4119 α
3655 4069 3756 4138 qui

2153 4163 2419 4219 latentem
2448 4176 2697 4218 errorem
2731 4160 2789 4217 in
2816 4175 2934 4225 eos,
2963 4159 3059 4230 qui
3088 4160 3139 4216 ei
3171 4169 3386 4230 parent,
3414 4161 3753 4226 introducat,

2152 4263 2210 4311 et
2228 4255 2333 4311 sub
2357 4252 2615 4309 amicitiae
2646 4251 2831 4323 specie
2857 4254 2873 4272 ⁶
2902 4250 3132 4307 insidias
3159 4257 3369 4317 struat;
3406 4267 3426 4302 ι
3455 4251 3608 4306 velut
3629 4250 3754 4321 epi-

2153 4363 2404 4419 scOpum,
2437 4366 2455 4397 ι
2485 4347 2580 4417 qui
2620 4344 2723 4400 sub
2754 4342 2977 4414 pietatis
3014 4334 3249 4398 nomine
3273 4351 3441 4413 atque
3472 4341 3664 4413 figura,
3696 4351 3755 4397 et

2155 4441 2210 4496 in
2239 4438 2479 4509 pastoris
2503 4435 2769 4508 dignitate
2794 4435 3126 4500 consistens,
3151 4434 3206 4487 in
3237 4432 3525 4489 haereticas
3547 4443 3600 4488 et
3628 4433 3752 4489 bla-

461 4523 652 4581 rabilis
703 4526 942 4593 caecitas,
988 4537 1114 4598 post
1154 4530 1326 4584 lectas
1373 4530 1614 4585 Nestorii
1663 4531 1909 4598 litteras;
1957 4540 2053 4586 aut
2082 4548 2129 4606 ο
2155 4530 2412 4601 sphemas
2455 4543 2620 4583 voces
2661 4533 2951 4597 erumpat;
3000 4544 3019 4577 ι
3055 4525 3169 4580 imo
3209 4525 3305 4596 qui
3349 4544 3368 4576 ε
3404 4524 3615 4580 dudum
3654 4539 3753 4579 cx-

459 4618 840 4675 consensionis
865 4636 993 4675 cum
1019 4621 1274 4678 Nestorio
1298 4622 1621 4693 imprudens
1647 4623 1942 4679 confessio.

529 4708 798 4780 Denique,
824 4713 919 4781 qui
964 4712 1187 4783 irrepsit
1212 4728 1371 4768 error
1405 4714 1459 4768 in
1492 4714 1832 4784 posteriores
1862 4712 2049 4770 conci-

457 4797 659 4855 liorum
706 4801 1003 4868 editiones,
1039 4802 1135 4858 ubi
1178 4818 1282 4873 pro
1319 4802 1612 4859 Theodoro
1649 4802 1853 4873 legitur
1893 4799 2049 4858 Pauli

457 4906 712 4947 nomen:
754 4893 860 4951 etsi
916 4909 1029 4949 non
1098 4892 1402 4960 invenitur,
1457 4910 1638 4965 neque
1691 4894 1747 4950 in
1804 4895 2049 4952 editione

454 4983 643 5042 Graeca
672 4986 1024 5053 Commelini,
1052 5003 1235 5058 neque
1267 4988 1322 5043 in
1358 4988 1555 5045 Latina
1583 4989 1765 5045 Contii
1804 5007 1818 5044 :
1844 4990 2049 5049 mirum

454 5093 610 5145 vero,
638 5080 694 5137 id
728 5080 799 5137 ab
827 5081 1067 5140 eruditis
1104 5081 1417 5142 editoribus
1455 5098 1565 5139 non
1597 5082 1768 5140 fuisse
1795 5085 2045 5142 animado

454 5186 701 5229 versum.

458 5323 701 5398 Epistola
747 5325 868 5391 150,
912 5324 1251 5399 Theodoreti.
1288 5344 1451 5399 quam
1498 5328 1640 5384 dedit
1677 5329 1748 5383 ad
1783 5328 2043 5383 Joannem

1045 5395 1449 5452 Antiochenam.

523 5542 858 5599 Ccelestinus
901 5556 1149 5602 summus
1197 5544 1443 5615 pontifex
1489 5547 1788 5617 scripserat
1839 5546 2044 5620 Cyrillo

450 5633 788 5689 etNestorio
822 5633 1059 5700 litteras.
1091 5638 1297 5709 quibus
1340 5638 1647 5706 mandaret,
1682 5639 1888 5713 Cyrillo
1919 5641 2044 5712 qui-

451 5726 601 5789 dem,
638 5730 702 5779 ut
732 5723 854 5780 fidei
891 5724 1120 5785 formam
1165 5729 1463 5796 scriberet;
1498 5729 1754 5786 Nestorio
1790 5745 1944 5795 vero,
1980 5736 2042 5783 ut

450 5814 826 5887 praescriptam
863 5816 1258 5887 subscriberet,
1287 5820 1644 5878 interminata
1679 5820 2041 5892 depositionis

2155 4621 2411 4677 stinctam
2453 4619 2777 4690 Apollinarii
2815 4618 3035 4673 inanem
3072 4617 3236 4673 simul
3272 4616 3607 4689 impiamque
3650 4615 3752 4671 do-

2154 4713 2385 4768 ctrinam
2422 4722 2671 4775 renovet,
2704 4731 2722 4764 ι
2760 4720 2867 4767 etc.

2224 4806 2313 4861 Ill.
2342 4806 2606 4877 Excipere
2631 4803 2773 4860 forte
2794 4804 3069 4876 quispiam
3095 4804 3207 4860 duo
3227 4813 3416 4875 posset
3439 4822 3453 4858 :
3477 4803 3746 4875 primum,

2150 4914 2275 4955 cum
2320 4898 2704 4955 Theodoretus
2748 4897 2817 4953 ad
2861 4896 3130 4954 Joannem
3173 4898 3466 4963 scriberet,
3500 4898 3745 4953 amicum

2149 4991 2494 5049 familiariter
2527 4991 2595 5048 ad
2627 4991 2867 5047 amicum
2901 4991 3118 5047 litteras
3150 4990 3392 5056 dedisse,
3423 5005 3536 5060 quo
3564 4987 3621 5043 in
3651 5004 3747 5059 ge-

2148 5100 2281 5141 nere
2318 5083 2637 5155 scriptionis
2682 5084 2860 5154 major
2897 5091 2985 5139 est
3019 5084 3315 5153 minusque
3350 5097 3443 5138 rea
3481 5082 3742 5147 licentia;

2147 5177 2404 5242 alterum,
2436 5174 2494 5232 id
2521 5175 2667 5247 quod
2693 5175 2872 5232 amico
2897 5174 3044 5231 fideli
3071 5174 3422 5239 credebatur,
3452 5172 3746 5245 publican-

2146 5267 2278 5323 dum
2309 5282 2416 5324 non
2445 5267 2637 5334 fuisse,
2661 5282 2843 5338 neque
2872 5266 2929 5322 id
2957 5266 3162 5324 factum
3196 5266 3265 5323 de
3295 5264 3528 5323 consilio
3553 5264 3741 5320 Theo-

2145 5359 2345 5426 doreti,
2381 5358 2479 5417 sed
2522 5359 2895 5433 imprudentia
2940 5359 3190 5417 Joannis.
3234 5359 3443 5416 Verum
3481 5355 3741 5425 exceptio

2145 5453 2322 5509 futilis
2368 5462 2492 5510 est:
2533 5469 2660 5509 nam
2707 5454 3199 5525 reprehensionem
3243 5450 3740 5533 anathematismo-

2143 5561 2267 5601 rum
2296 5545 2568 5617 publicari
2598 5545 2984 5603 Theodoretus
3013 5546 3212 5612 voluit,
3252 5552 3316 5600 ut
3350 5550 3543 5615 aperte
3566 5540 3742 5613 signi—

2134 5636 2291 5702 ﬁcat,
2323 5652 2449 5693 cum
2478 5637 2701 5694 lectoris
2728 5637 3001 5704 meminit,
3030 5637 3385 5708 epistolaeque
3410 5634 3572 5690 finem
3606 5648 3737 5690 cum

2143 5729 2576 5800 reprehensione
2612 5730 2693 5786 sic
2726 5730 2941 5794 nexuit,
2970 5738 3032 5785 ut
3060 5729 3294 5801 epistola
3325 5727 3398 5785 sit
3428 5725 3735 5797 reprehen-

2142 5821 2314 5879 sionis
2354 5822 2662 5879 necessaria
2698 5821 2968 5893 prmfatio,
3003 5822 3151 5893 quod
3193 5821 3430 5879 intuenti
3477 5826 3732 5890 apertum
