4070 6444
332 386 448 450 3Ξ3

1551 405 1647 464 DE
1687 407 1942 468 LIBRIS
1977 408 2485 472 THEODORETI-

3513 392 3618 478 '31;

335 506 464 599 est.
501 501 648 558 unde
696 502 969 574 Evoptius
1016 515 1305 582 utramque
1353 529 1463 569 una
1498 515 1704 588 Cyrillo
1752 530 1932 576 trans—
1965 527 2003 579 A
2037 521 2091 576 id
2135 531 2239 587 est,
2275 541 2420 580 anno
2459 527 2583 592 451,
2622 526 2846 583 circiter
2879 526 3382 599 Quadragcsimam.
3418 527 3622 583 lllatio-

335 591 516 644 misit.

403 681 497 736 IV.
534 684 616 739 Ad
645 691 895 748 convicia
929 694 1262 750 Theodoreti
1297 696 1537 770 Cyrillus
1566 703 1703 757 nihil
1737 716 1934 773 pneter

330 773 624 832 modestia:
639 782 952 840 severiores
977 784 1125 855 leges
1147 790 1452 858 respondit,
1474 793 1592 859 sed,
1611 795 1748 850 actis
1767 811 1932 851 evan-

325 864 516 933 gelieo
549 869 738 925 animo
769 875 966 944 gratiis
1006 877 1138 942 Deo,
1169 879 1544 952 auxiliumque
1582 884 1929 954 deprecatus,

325 963 387 1009 et
436 957 668 1016 laudato
715 962 1068 1021 Theodoreto
1104 968 1174 1023 ab
1213 970 1527 1040 eloquentia
1561 985 1617 1029 et
1649 991 1928 1032 sacrarum

323 1046 670 1108 Litterarum
711 1071 823 1110 non
861 1058 1128 1114 mediocri
1168 1061 1500 1132 cognitione,
1537 1065 1592 1120 id
1635 1083 1805 1121 unum
1837 1083 1932 1123 ex—

324 1143 503 1211 cepit,
536 1145 687 1213 quod
725 1149 1092 1218 reprehensor
1130 1153 1435 1220 videretur,
1466 1165 1562 1212 aut
1597 1161 1928 1216 sententiam

324 1233 926 1293 anathematismorum
971 1255 1085 1295 non
1129 1257 1251 1298 esse
1293 1254 1600 1312 assecutus,
1640 1257 1736 1304 aut
1782 1250 1931 1306 illius

325 1320 519 1385 potius
560 1337 622 1376 se
665 1323 1010 1393 ignorantem
1055 1328 1299 1398 ﬁnxisse,
1340 1342 1402 1388 ut
1447 1336 1683 1392 aliorum
1731 1340 1931 1397 studiis

327 1408 669 1502 indulgeret.
691 1415 1020 1487 Quanquam
1044 1423 1252 1478 urbane
1272 1426 1414 1481 ridet
1439 1428 1543 1482 sub
1568 1429 1753 1496 ﬁnem,
1777 1433 1927 1502 quod

325 1500 399 1556 de
431 1519 594 1572 pomo
622 1507 917 1566 discordiae
946 1512 1330 1571 Theodoretus
1353 1533 1384 1572 e
1413 1518 1614 1576 fabulis
1644 1500 1926 1589 attulerat,

335 1593 602 1664 siquidem
638 1615 751 1654 non
794 1603 989 1659 deceat
1036 1605 1346 1679 theologica
1385 1618 1709 1668 tractantem
1754 1615 1809 1670 in
1847 1616 1929 1672 fa-

336 1684 479 1742 bulis
513 1694 743 1746 versari.

400 1777 462 1833 V.
502 1779 631 1836 Htee
662 1800 835 1853 porro
867 1788 1102 1857 epistola
1131 1806 1244 1846 non
1282 1791 1559 1850 incuriose
1597 1797 1702 1869 legi
1735 1799 1921 1864 debet,

2034 627 2162 667 nem
2202 614 2343 669 hanc
2380 616 2576 685 probat
2614 633 2778 672 causa
2815 617 3092 674 scribendi
3125 634 3248 672 mox
3278 617 3534 682 adducta,
3563 625 3620 672 et

2033 705 2206 760 series
2232 714 2617 776 excerptorum
2648 708 2702 762 in
2727 709 2917 778 quinta
2945 710 3154 781 synodo
3180 709 3614 781 productorum:

2033 810 2136 851 suo
2156 797 2302 850 enim
2325 797 2517 853 ordine
2551 800 2813 870 temporis
2837 801 3209 857 adducuntur.

2105 889 2168 943 V.
2209 889 2356 944 Nihil
2399 891 2850 946 contumeliosius
2899 892 2954 946 in
3003 892 3190 963 Cyrilli
3234 904 3522 961 personam
3560 895 3618 943 et

2031 972 2343 1034 doctrinam
2377 980 2487 1036 dici
2521 990 2704 1052 potest
2735 985 2788 1049 ';
2823 999 2946 1036 nam
2976 983 3213 1054 Cyrillus
3248 983 3448 1052 impius
3481 982 3618 1036 dici-

2033 1079 2122 1126 tur
2150 1088 2216 1127 ac
2243 1073 2518 1144 malignus
2550 1073 2835 1145 Egyptius
2879 1094 2891 1129 :
2938 1075 3191 1131 doctrina
3228 1091 3359 1129 vero
3393 1081 3617 1128 notatur

2030 1163 2189 1232 quasi
2227 1181 2246 1214 ι
2283 1179 2350 1218 ex
2381 1178 2564 1218 amara
2605 1164 2925 1233 Apollinarii
2969 1165 3152 1220 radice
3190 1174 3331 1228 orta,
3368 1165 3616 1234 ejusdem

2029 1266 2156 1306 cum
2184 1251 2314 1307 Ario
2345 1261 2400 1308 et
2431 1253 2704 1307 Eunomio
2729 1253 3102 1324 blasphemia»,
3135 1272 3245 1310 non
3289 1255 3552 1309 differens
3583 1270 3617 1308 a

2028 1343 2327 1406 Valentini,
2359 1343 2591 1400 Manctis
2634 1354 2798 1415 atque
2826 1347 3117 1400 Marcionis
3158 1347 3390 1409 insania,
3435 1346 3615 1399 Mace-

2027 1433 2178 1488 donii
2207 1433 2444 1499 soboles,
2477 1453 2495 1485 ι
2532 1444 2638 1490 etc.
2664 1435 3120 1490 Anathematisnri
3145 1435 3356 1490 scilicet
3380 1443 3616 1504 quatuor

2027 1524 2264 1579 maxime
2331 1523 2747 1596 impugnantur,
2795 1526 2852 1580 in
2915 1526 3119 1596 quibus
3169 1526 3321 1582 visus
3373 1533 3458 1580 est
3510 1525 3616 1579 sibi

2029 1615 2412 1671 Theodoretus
2451 1617 2641 1672 videre
2690 1617 2872 1672 varios
2919 1618 3302 1672 hereticorum
3343 1632 3565 1672 errores
3601 1635 3614 1671 :

2026 1708 2082 1762 in
2130 1709 2310 1777 primo
2347 1725 2566 1780 nempe.
2599 1708 2962 1778 Apollinarii;
3012 1709 3065 1763 in
3107 1709 3368 1774 secundo,
3405 1709 3521 1763 Arii
3561 1718 3619 1764 et

2026 1798 2314 1864 Eunomii;
2341 1798 2395 1852 in
2419 1807 2635 1868 quarto,
2655 1799 2948 1862 Valentini,
2967 1798 3199 1853 Manetis
3219 1807 3276 1852 et
3293 1799 3614 1864 Marcionis;

321 1871 778 1942 quandoquidem
816 1879 1087 1945 continet,
1129 1882 1276 1938 unde
1320 1886 1492 1954 possit
1531 1890 1922 1945 nonnullorum
1957 1894 2000 1952 Β
2027 1887 2082 1941 in
2107 1903 2274 1951 nono,
2303 1887 2607 1942 Macedonii
2639 1887 2706 1941 de
2741 1886 2948 1956 Spiritu
2992 1893 3182 1940 sancto
3215 1886 3471 1940 htercsin.

317 1962 502 2018 audax
541 1981 644 2035 pro
677 1966 1032 2026 Thcodoreto
1075 1972 1326 2029 defensio
1374 1977 1572 2032 refelli.
1614 1979 1752 2034 Nam
1795 1996 1919 2035 cum

313 2054 677 2112 adducuntur
718 2074 789 2114 ex
836 2061 1124 2116 veteribus
1175 2070 1555 2124 monumentis
1597 2083 1923 2142 argumenta

314 2162 414 2217 per
461 2163 524 2204 se
579 2150 955 2208 incluctabilia
1009 2155 1272 2212 adversus
1319 2159 1760 2232 Theodoretum,
1811 2182 1923 2220 non

310 2240 661 2296 erubescunt
713 2243 791 2297 illi
839 2247 1238 2316 suppositionis
1293 2255 1616 2324 exceptione
1665 2259 1767 2324 uti,
1809 2260 1926 2315 haec

309 2341 532 2396 contra,
564 2337 877 2404 quantaevis
923 2339 1272 2410 antiquitatis
1315 2344 1426 2399 sint
1463 2363 1586 2416 qua:
1626 2351 1923 2420 proferunt-

310 2432 405 2478 tur
431 2436 836 2494 monumenla;
865 2444 970 2484 nec
1001 2432 1459 2502 suppositionem,
1483 2455 1605 2509 qua:
1643 2443 1926 2499 conﬁden-

310 2516 383 2571 tia
407 2525 519 2582 est,
547 2517 776 2572 aliunde
804 2520 1068 2589 probant,
1098 2539 1262 2592 quam
1293 2527 1444 2596 quia,
1469 2529 1512 2584 si
1540 2531 1924 2602 reciperentur

309 2609 464 2664 velut
511 2612 790 2680 genuina,
833 2611 1114 2667 fatendum
1159 2626 1336 2681 esset,
1381 2618 1796 2679 Theodoretum
1840 2626 1923 2680 in-

310 2697 477 2769 digna
510 2701 780 2770 episcopo
805 2701 891 2755 sui
919 2701 1160 2757 nominis
1185 2706 1435 2762 convicia
1463 2712 1780 2781 projecisse.
1814 2714 1921 2770 Sed

313 2803 436 2858 qua:
470 2790 697 2845 tandem
743 2791 1020 2846 atrociora
1063 2792 1182 2849 istis
1225 2799 1498 2870 projicere
1540 2819 1781 2874 unquam
1823 2822 1924 2876 po-

326 2880 433 2934 tuit
443 2881 467 2933 ‘2

320 3035 475 3108 365
514 3042 528 3059 ’
554 3039 804 3118 Ερῑειρια
827 3045 965 3118 151,
999 3063 1161 3118 quam
1203 3047 1554 3102 Theodoretus
1581 3057 1767 3104 contra
1795 3068 1921 3106 san-

528 3120 675 3165 ctum
709 3112 976 3185 Cyrillum
1008 3112 1079 3172 ad
1109 3120 1438 3174 monasteria
1472 3121 1701 3190 scripsit.

379 3242 422 3298 l.
450 3243 588 3310 Quae
626 3245 721 3302 hic
747 3247 1038 3320 inscriptio
1069 3261 1174 3317 est,
1211 3251 1409 3307 eadem
1441 3249 1645 3322 legitur
1679 3252 1735 3307 in
1764 3253 1917 3311 Actis
1944 3231 1991 3297 ο

308 3345 342 3387 ν
364 3335 592 3406 synodi,
621 3337 916 3395 collatione
947 3342 1010 3408 5;
1053 3358 1164 3412 quo
1196 3343 1252 3397 in
1291 3343 1415 3399 loco
1456 3349 1713 3414 excerpta
1738 3345 1921 3415 profe-

309 3437 514 3482 runtur
539 3443 609 3483 ex
637 3429 797 3486 libris
831 3431 940 3488 illis
966 3433 1324 3500 Theodoreti,
1361 3451 1501 3506 quos
1540 3430 1692 3490 velut
1723 3437 1920 3493 adver-

303 3531 398 3574 sos
428 3519 588 3588 ﬁdei,
620 3531 679 3577 et
719 3523 776 3578 in
805 3523 1072 3597 Cyrillum
1115 3528 1432 3599 injuriosos,
1463 3539 1650 3587 sancta
1679 3532 1920 3602 synodus

302 3609 620 3666 damnavit.

377 3703 447 3758 ll.
492 3704 632 3772 Quae
677 3707 745 3762 ad
788 3710 1124 3764 monasteria
1168 3711 1465 3778 scribatur,
1495 3713 1597 3768 etsi
1643 3715 1920 3785 expressis

305 3794 499 3852 verbis
526 3812 640 3851 non
671 3800 942 3868 aperitur,
968 3817 1148 3871 neque
1179 3802 1232 3856 in
1252 3803 1407 3859 Actis
1435 3822 1468 3858 γ
1500 3806 1716 3876 synodi,
1738 3821 1918 3876 neque

307 3887 458 3958 apud
492 3888 784 3959 liugonem
818 3891 1205 3956 Etherianum,
1231 3895 1324 3964 qui
1353 3894 1718 3967 fragmentum
1745 3897 1920 3952 addu-

310 3979 416 4043 cit;
454 3979 623 4034 docet
665 3989 848 4037 tamen
889 3992 1078 4052 aperte
1123 3984 1299 4040 codex
1341 3986 1565 4042 Grtecus
1606 3989 1918 4044 manuscri-

310 4077 440 4139 ptus
473 4087 581 4124 Lvn
619 4071 981 4130 Bibliotheca:
1027 4076 1334 4146 impcrialis
1366 4077 1830 4144 Vindobonensis,
1862 4080 1918 4134 in

311 4175 424 4229 quo
453 4161 778 4216 continetur
815 4165 1049 4234 epistola
1083 4166 1151 4220 ad
1186 4167 1486 4222 monachos
1516 4168 1916 4239 Euphratesize,

311 4246 636 4316 Osrhoenaa,
672 4252 863 4324 Syriae,
899 4254 1202 4320 thnicis,
1235 4264 1291 4311 et
1323 4255 1551 4323 Cilicice,
1580 4257 1686 4313 hoc
1717 4257 1914 4313 titulo:

312 4339 690 4414 Θεοδωρίτου,
746 4347 888 4416 πρὸς
941 4348 1068 4408 τοὺς
1120 4348 1179 4399 ὲν
1247 4351 1312 4418 τῇ
1370 4349 1769 4420 Εὑφρατησίᾳ,
1826 4350 1919 4402 καὶ
1955 4375 1967 4387 ·

327 4433 622 4507 Ὀσροηνῇ,
659 4439 752 4492 καὶ
792 4439 992 4510 Συρίᾳ.
1025 4441 1118 4493 καὶ
1155 4441 1398 4513 Φοινίκῃ,
1433 4443 1529 4495 καὶ
1563 4441 1790 4514 Κιλικίᾳ
1820 4459 1916 4512 μο-

2098 1981 2188 2035 Vl.
2219 1980 2342 2035 Erit
2369 1979 2527 2045 forte,
2554 1980 2665 2034 imo
2689 1994 2878 2033 revera
2905 1978 3029 2042 fuit,
3053 1985 3114 2031 ut
3135 1977 3320 2040 audio,
3349 1977 3441 2046 qui
3469 1985 3616 2030 tanta

2027 2065 2083 2120 in
2114 2066 2378 2139 Cyrillum
2406 2069 2674 2133 convicia,
2705 2068 3092 2138 indoctamque
3128 2067 3616 2123 anathematismo-

2026 2175 2149 2212 rum
2197 2159 2688 2229 reprehensionem
2742 2159 3004 2225 miratus,
3063 2161 3398 2231 suppositam
3449 2158 3617 2211 fuisse

2027 2250 2378 2305 Theodoreto
2422 2251 2713 2320 epistolam
2759 2252 2950 2306 credat
2983 2269 2998 2306 :
3031 2252 3127 2306 sed
3175 2252 3230 2305 in
3279 2249 3617 2305 contrarium

2023 2337 2234 2393 faciunt
2261 2339 2508 2409 quinque
2532 2348 2855 2410 argumenta
2887 2343 2928 2393 ¹.
2966 2341 3018 2394 1.
3051 2339 3369 2395 Auctoritas
3399 2337 3619 2393 concilii

2023 2431 2353 2486 (ecumenici
2387 2446 2454 2485 ex
2489 2432 2654 2502 366
2681 2432 2768 2486 his
2793 2431 3177 2487 instrumentis
3207 2432 3618 2486 Theodoretum

2023 2521 2358 2576 damnantis.
2398 2521 2453 2575 2.
2497 2521 2818 2578 Constantia
2868 2525 3158 2578 sententiae
3196 2523 3264 2578 de
3302 2522 3621 2577 anathema-

2025 2613 2317 2668 tismorum
2342 2631 2528 2679 sensu,
2553 2615 2869 2685 ubicunque
2891 2615 2959 2671 de
2985 2616 3117 2686 ipsis
3137 2615 3338 2686 agitur.
3362 2614 3414 2668 5.
3441 2613 3620 2667 Theo-

2021 2700 2203 2756 doreti
2235 2717 2414 2758 aecus
2459 2711 2516 2757 et
2555 2704 2610 2758 in
2637 2704 2953 2759 Nestorium
2987 2720 3163 2768 amor,
3191 2713 3246 2758 et
3270 2705 3325 2758 in
3351 2703 3620 2775 Cyrillum

2021 2810 2163 2864 pene
2188 2794 2365 2849 furor.
2393 2796 2446 2848 4.
2473 2795 2874 2850 Testimonium
2916 2797 3163 2868 llugonis
3188 2797 3493 2857 Etheriani,
3521 2795 3616 2865 qui

2020 2903 2089 2942 ex
2109 2903 2174 2942 ea
2196 2887 2564 2958 fragmentum
2599 2889 2766 2943 refert
2794 2889 2863 2943 de
2888 2890 3096 2959 Spiritu
3123 2898 3332 2946 sancto.
3363 2891 3414 2944 ὅ.
3444 2889 3618 2943 Tanta

2021 2980 2317 3034 consensio
2355 2979 2603 3050 epistolae
2646 2995 2772 3034 cum
2821 2981 3250 3050 reprehensione
3294 2979 3618 3035 anathema-

2024 3071 2338 3136 tismorum,
2375 3078 2436 3124 ut
2462 3069 2612 3124 aliud
2645 3085 2756 3124 non
2785 3070 3042 3125 videatur
3071 3085 3215 3136 esse,
3248 3084 3411 3140 quam
3447 3067 3620 3136 ipsius

2023 3163 2282 3233 quaedam
2319 3163 2648 3219 contractio.

2023 3297 2268 3368 Epistola
2306 3296 2428 3363 151,
2471 3296 2678 3353 Relatio
2717 3297 3070 3354 Orientalium
3110 3299 3180 3354 ad
3215 3301 3613 3371 imperatorem.

2091 3433 2172 3488 Ne
2195 3443 2395 3489 sancte
2434 3435 2646 3506 quidem
2675 3434 3026 3499 Pentecostes,
3066 3442 3176 3489 etc.
3207 3435 3283 3490 De
3322 3432 3619 3489 Orientali-

2021 3525 2128 3581 bus
2170 3542 2279 3580 non
2313 3538 2399 3582 est
2431 3542 2638 3591 sermo,
2678 3527 2773 3583 sed
2818 3528 2886 3582 de
2919 3527 3158 3582 Nestorii
3193 3527 3508 3582 comitibus.
3534 3525 3618 3580 llli

2020 3617 2170 3672 enim
2201 3617 2295 3672 diu
2331 3626 2456 3688 post
2482 3619 2848 3673 Pentecosten
2881 3626 3178 3680 venerunt,
3216 3617 3294 3671 illi
3327 3625 3474 3670 ante.
3507 3615 3619 3671 Cur

2020 3725 2156 3764 vero
2195 3711 2538 3766 Nestorianis
2579 3711 2796 3766 nullum
2841 3712 3084 3781 patuerit
3131 3714 3416 3780 templum,
3457 3709 3620 3781 Egy-

2022 3801 2115 3857 tiis
2138 3817 2272 3857 vero
2299 3803 2623 3873 ueterisque
2657 3803 2918 3872 patuerit,
2949 3819 3112 3858 causa
3139 3803 3375 3857 obscura
3402 3812 3504 3856 est.
3536 3802 3618 3856 An

2020 3892 2169 3962 quod
2213 3892 2528 3947 Nestoriani
2565 3895 2951 3949 communione
2999 3895 3151 3947 velut
3189 3892 3434 3947 haeretici
3466 3907 3618 3946 arce-

2022 3984 2250 4039 rentur?
2281 3983 2351 4038 At
2383 3983 2618 4039 necdum
2654 3985 2898 4040 damnati
2937 3992 3116 4039 erant.
3155 3984 3236 4038 An
3277 3983 3405 4052 quia
3443 3999 3620 4052 popu-

2018 4076 2108 4130 lus
2135 4075 2338 4128 mirum
2371 4075 2425 4130 in
2460 4075 2683 4130 modum
2725 4076 2982 4131 addictus
3013 4075 3184 4130 cultui
3219 4075 3392 4128 beaue
3432 4074 3616 4144 Virgi-

2018 4165 2144 4228 nis,
2195 4163 2390 4218 oderat
2436 4164 2692 4220 homines
2743 4165 2978 4231 Θεοτόκῳ
3023 4165 3308 4219 infensos?
3355 4165 3425 4218 At
3475 4165 3616 4218 nihil

2020 4254 2293 4326 ejusmodi
2341 4256 2520 4325 questi
2567 4264 2697 4310 sunt
2735 4256 3069 4311 Nestoriani.
3113 4256 3323 4326 Opinor
3368 4257 3615 4312 Memno-

2021 4363 2183 4411 nem,
2230 4355 2456 4417 propter
2501 4348 2761 4403 tuendam
2815 4363 2926 4403 suae
2972 4349 3120 4404 sedis
3169 4349 3615 4419 praerogativam,

2023 4444 2041 4461 "
2076 4455 2201 4494 cum
2233 4439 2491 4494 Nestorio
2525 4440 2825 4494 convenire
2852 4441 3099 4496 noluisse
3131 4459 3143 4493 :
3177 4449 3441 4495 tentasset
3470 4441 3616 4495 enim

313 4526 598 4592 νὰζοντας.
638 4529 986 4602 Principium
1023 4547 1158 4587 vero
1198 4541 1321 4588 est:
1367 4532 1543 4604 Ὁρῶν
1586 4533 1685 4605 τὴν
1733 4535 1792 4588 ὲν
1839 4533 1917 4606 τῷ

2025 4532 2339 4596 Nestorius,
2385 4531 2563 4587 fretus
2599 4533 2725 4604 jure
2773 4533 2868 4588 illo
2913 4534 3152 4604 litigioso
3185 4548 3297 4587 sua:
3333 4532 3509 4596 sedis,
3562 4531 3615 4585 in

314 4619 549 4686 παρόντι
585 4622 762 4693 καιρῷ
795 4624 897 4694 τῆς
951 4621 1276 4692 Ἐκκλησίας
1318 4625 1652 4678 κατάστασιν
1698 4625 1764 4690 ⁸⁸,
1806 4633 1914 4680 etc.

389 4709 478 4766 Ill.
521 4713 817 4770 Scribebat
864 4729 996 4769 vero
1029 4715 1413 4771 Theodoretus
1444 4715 1733 4786 epistolam
1767 4717 1918 4787 ejus-

317 4807 465 4862 modi
491 4806 831 4878 encyclicam
865 4805 934 4860 ad
963 4806 1260 4862 orientales
1301 4808 1622 4873 monachos,
1658 4815 1720 4862 ut
1754 4823 1850 4864 eos
1887 4827 1916 4866 a

320 4897 574 4968 partibus
603 4895 794 4967 Cyrilli
839 4904 1139 4960 averteret,
1181 4896 1646 4966 quemadmodum
1681 4897 1920 4970 Cyrillus

319 4987 624 5060 Egyptios,
655 4987 915 5058 ipsosque
941 4987 1108 5043 etiam
1132 4987 1774 5060 Constantinopolitanos
1803 5007 1921 5046 mo-

320 5081 527 5136 nachos
553 5096 584 5134 a
607 5079 863 5135 Nestorio
890 5079 1216 5134 abduxerat.

385 5172 474 5228 IV.
511 5173 694 5242 Atque
732 5171 865 5227 hinc
902 5179 1142 5242 tempus,
1177 5188 1288 5242 quo
1325 5173 1492 5228 missa
1523 5183 1629 5241 est,
1665 5190 1777 5230 non
1809 5176 1915 5230 im-

318 5266 687 5338 prohabiliter
730 5265 987 5330 infertur,
1018 5281 1128 5336 quo
1168 5281 1369 5335 nempe
1406 5275 1680 5322 venerunt
1722 5267 1778 5322 in
1823 5284 1916 5322 ur-

319 5357 441 5414 bem
469 5358 680 5430 regiam
706 5357 776 5413 ad
797 5357 1116 5413 Nestorium
1145 5357 1610 5428 reprehensiones
1636 5359 1912 5428 capitum:

2024 4627 2150 4681 Asia
2201 4625 2534 4696 przesidere,
2578 4626 2729 4681 velut
2773 4627 2829 4680 in
2869 4626 3113 4682 Ecclesia
3161 4641 3272 4681 sua:
3314 4613 3613 4680 direct-sis:

2025 4718 2173 4788 quod
2209 4717 2256 4773 si
2307 4717 2526 4772 tulisset
2570 4716 2868 4782 Memnon,
2915 4717 3256 4772 deseruisset
3324 4716 3614 4785 antiquum

2022 4825 2136 4865 suae
2181 4807 2578 4878 autocephalia:
2604 4809 2714 4880 jus,
2759 4808 2890 4864 olim
2937 4825 2967 4863 a
3004 4808 3397 4880 Chrysostomo
3439 4815 3617 4862 tenta-

2025 4908 2175 4968 tum;
2204 4901 2352 4972 quod
2382 4899 2644 4966 retinere,
2667 4917 2793 4957 cum
2827 4901 2963 4956 alias
2994 4901 3124 4956 totis
3153 4901 3369 4956 viribus
3399 4899 3491 4953 vix
3519 4913 3617 4968 po-

2025 4994 2243 5058 tuisset,
2273 5009 2422 5050 nunc
2441 5009 2508 5050 ea
2533 5009 2719 5050 rerum
2743 4992 3064 5050 conditione
3087 4993 3247 5049 facile
3270 4992 3508 5048 valebat.

2093 5084 2489 5150 Candidianus,
2519 5093 2628 5141 etc.
2661 5087 3098 5142 Domesticorum
3133 5087 3222 5140 ille
3263 5100 3448 5141 comes
3486 5098 3612 5137 cum

2020 5175 2278 5232 Nestorio
2323 5175 2428 5231 fuit
2471 5177 2714 5232 amicitia
2764 5179 3112 5247 coniunctus,
3153 5175 3386 5244 ideoque
3433 5187 3613 5226 causa:

2021 5269 2308 5326 catholica
2337 5285 2447 5325 non
2475 5269 2608 5326 satis
2642 5285 2854 5340 tequus.
2894 5269 3030 5322 Nam
3054 5275 3110 5321 et
3143 5279 3268 5320 cum
3297 5264 3365 5318 de
3392 5261 3611 5332 negotio

2022 5359 2386 5434 derositionis
2429 5362 2670 5418 Nestorii
2722 5361 2935 5416 diceret
2989 5373 3176 5413 coram
3215 5355 3609 5420 Orientalibus,

1641 5509 1962 5572 SCHULle
2000 5511 2233 5569 NOTIE.

387 5634 433 5666 ”
464 5631 602 5712 Vide
639 5631 912 5712 integram
962 5629 1249 5712 epistplam
1293 5627 1586 5712 Grzece‘ad
1621 5629 2023 5712 apographum
2059 5629 2300 5712 Vindob.
2330 5644 2607 5710 excusam,
2645 5635 2724 5712 Δι..
2769 5627 2859 5712 IV,
2899 5641 2976 5712 ιι).
3009 5619 3607 5712 ῃξξΙ-εεςςίψρρρῃξξξ

317 5702 543 5758 fuerunt
577 5717 700 5772 quae

791 5691 1049 5755 arnerius
1089 5700 1157 5754 de
1221 5714 1414 5770 manu
1448 5708 1570 5766 Ista,
1607 5691 1768 5770 quam
1801 5691 2051 5764 dederat,
2084 5699 2277 5755 Latina
2296 5691 2673 5770 έναι-δίοιτο,ρξ
2692 5697 2760 5752 de
2805 5691 2984 5770 textus
3010 5693 3182 5770 (ἓτῳεί
3217 5691 3470 5770 exemplo
3501 5691 3605 5746 sibi

317 5762 966 5845 denegato'seripserat._
1029 5771 1170 5845 {llis
1203 5769 1420 5845 gemina
1459 5762 1571 5824 vid.
1599 5762 1785 5840 supra,
1815 5785 1867 5840 p.
1900 5762 2150 5845 l_55_seg.
2223 5771 2243 5800 ’
2277 5769 2538 5845 Quinque.
2578 5767 2723 5822 Edit.
2759 5766 2912 5845 prior
2951 5763 3186 5821 habebat
3211 5777 3321 5830 ser,
3352 5762 3446 5817 sed
3477 5776 3614 5816 non-

317 5841 420 5901 nisi
453 5836 702 5918 quinque
733 5836 969 5915 proferri
1014 5836 1263 5897 videmus
1298 5840 1560 5906 rationes,
1593 5836 1796 5910 easque
1818 5836 1970 5896 satis
2013 5836 2280 5895 inﬁrmas.
2322 5836 2442 5895 Vid.
2476 5854 2665 5910 supra,
2695 5854 2748 5909 p.
2792 5836 2910 5893 108.
