4070 6454
505 376 611 446 315
1160 404 1171 414 ’
1617 379 1997 441 GARNERII
2031 375 2111 438 DI

2238 375 2533 436 iRTATIO
2573 377 2653 438 ΙΙ·
3687 365 3787 431 316

511 493 684 550 multa
720 489 985 546 mentitus
1004 496 1110 554 est,
1143 495 1201 544 et
1221 486 1439 543 obstitit
1466 488 1673 543 clausis
1707 488 1832 554 viis,
1858 502 1925 543 ne
1973 501 2099 558 syn-
2128 487 2174 545 A
2203 485 2280 538 ris
2302 500 2428 540 cum
2456 484 2825 554 praecedente,
2854 492 3021 553 atque
3051 480 3190 536 adeo
3220 476 3580 543 Theodoreti,
3604 476 3789 533 nullus

520 586 613 641 odi
645 584 926 640 catholicae
954 582 1153 637 litterae
1180 580 1251 636 ad
1280 580 1675 652 imperatorem
1726 581 2013 646 venirent;
2045 588 2103 635 et
2203 588 2289 633 εει
2324 576 2612 632 dubitandi
2646 577 2822 641 locus,
2860 576 2906 631 si
2940 574 3313 630 adhibeantur
3356 571 3636 642 κριτήρια,
3669 584 3790 639 quae

515 672 581 727 ad
631 673 809 742 ipsum
851 671 1243 740 imperatorem
1297 670 1488 725 retulit
1536 669 1879 726 mendaciter
1921 687 1935 724 :
1979 685 2103 740 qua:
2204 670 2405 735 solent,
2433 678 2491 725 et
2526 670 2623 725 ﬁat
2649 669 2871 725 collatio
2900 682 3028 724 cum
3060 666 3330 722 concione
3356 663 3543 719 habita
3568 662 3793 719 Chalce-

514 777 679 816 causa
710 761 834 826 fuit,
870 775 971 815 cur
1004 768 1130 832 post
1163 760 1454 816 veritatem
1474 761 1733 833 agnitam
1759 763 1828 818 ab
1857 762 1980 818 aula
2004 777 2103 818 ex—
2204 762 2350 819 done
2383 778 2415 818 a
2442 761 2814 828 Theodoreto,
2851 762 2867 783 ⁶
2892 761 2951 816 in
2980 774 3091 832 qua
3133 757 3280 813 idem
3312 757 3469 813 locus
3504 756 3659 812 Isaia:
3686 763 3794 810 tra-

513 854 836 924 pelleretur.
2205 864 2474 913 ctaretur.

592 942 784 997 Vestris
812 943 1030 997 decretis
1063 942 1406 1010 conculcatis,
1438 953 1546 1000 etc.
1577 943 1713 998 Mira
1738 942 2103 1000 Orientalium
2277 946 2532 1002 Nostrum
2558 946 2838 1000 adventum
2868 942 3191 1016 prwstolari,
3217 950 3325 996 etc.
3352 939 3410 995 ld
3434 938 3703 1009 scriptum
3726 938 3794 993 ad

514 1031 776 1085 audaciai
814 1030 874 1086 In
921 1048 1031 1102 quo
1080 1034 1228 1088 enim
1271 1034 1464 1089 Patres
1509 1035 1864 1090 mcumenicaa
1910 1033 2105 1106 synodi
2204 1038 2525 1096 Orientales
2553 1055 2584 1093 a
2622 1037 2827 1111 Cyrillo
2881 1037 3106 1091 nomine
3154 1034 3496 1103 reliquorum
3542 1032 3793 1096 Patrum,

514 1123 791 1177 violarunt
834 1124 1058 1178 decreta
1104 1125 1456 1195 principum?
1491 1125 1819 1181 Condictum
1865 1133 1987 1180 erat
2035 1126 2104 1181 ad
2207 1138 2270 1185 ut
2298 1130 2368 1185 ad
2390 1128 2777 1184 maturandam
2808 1128 2954 1182 viam
2985 1126 3350 1180 incitarentur
3380 1141 3394 1178 :
3420 1132 3548 1201 nam
3574 1122 3797 1191 elapsus

516 1215 663 1269 diem
719 1216 1093 1271 Pentecostes.
1147 1215 1541 1272 Convenerunt
1591 1217 1923 1287 patriarchae
1970 1224 2103 1286 tres,
2202 1220 2317 1292 jam
2357 1220 2566 1275 dudum
2602 1227 2727 1274 erat
2762 1218 3055 1275 condictus
3082 1216 3224 1271 dies.
3270 1216 3409 1269 Silet
3438 1226 3572 1268 vero
3609 1210 3797 1266 Theo-

515 1305 785 1378 Cyrillus,
830 1308 1122 1365 Nestorius
1160 1317 1217 1364 et
1260 1308 1572 1373 Iuvenalis,
1623 1308 1809 1379 plures
1853 1308 2107 1368 ducentis
2207 1311 2436 1367 dorews
2468 1310 2699 1377 callide,
2753 1310 2812 1365 in
2858 1311 2961 1364 hac
3008 1316 3065 1364 et
3113 1307 3459 1378 pmcedente
3506 1304 3797 1368 relatione,

515 1399 763 1470 episcopi
790 1400 1059 1468 aderant;
1089 1409 1463 1472 exspectatum
1480 1412 1567 1457 est
1594 1401 1736 1457 ultra
1764 1402 2103 1470 condictum,
2206 1404 2358 1475 quod
2400 1403 2645 1459 Joannes
2694 1414 2796 1474 per
2835 1400 3216 1471 metropolitas
3263 1397 3433 1461 duos,
3475 1410 3614 1465 quos
3649 1409 3799 1464 prae-

517 1491 716 1547 diebus
764 1494 894 1548 totis
947 1494 1299 1564 quindecim,
1340 1510 1552 1550 moram
1608 1496 1661 1550 in
1712 1496 1800 1550 via
1852 1496 2107 1554 trahebat
2206 1497 2458 1561 miserat,
2495 1494 2700 1567 Cyrillo
2731 1495 3051 1565 scripserat,
3077 1501 3139 1547 ut
3167 1492 3411 1556 interim,
3437 1490 3568 1546 dum
3594 1488 3802 1546 Orien—

517 1584 759 1653 maligno
776 1584 1007 1641 consilio
1028 1585 1439 1651 Antiochenus;
1467 1585 1714 1641 incertus
1732 1593 1856 1641 erat
1878 1596 2107 1657 propter
2208 1589 2348 1645 tales
2398 1587 2685 1653 venirent,
2733 1586 2788 1642 id
2844 1587 3004 1643 ﬁeret
3049 1584 3200 1655 quod
3252 1582 3567 1638 faciendum
3604 1581 3804 1637 ‘vide-

517 1675 689 1729 maris
719 1674 1144 1731 inconstantiam
1173 1674 1612 1733 Occidentalium
1638 1675 1938 1733 adventus.
1976 1678 2107 1735 Post
2208 1690 2385 1735 retur.

517 1764 746 1821 Joannis
795 1781 1141 1837 responsum,
1190 1767 1469 1823 monentis
1519 1767 1730 1831 Patres,
1775 1773 1838 1820 ut
1877 1777 2106 1838 agerent
2140 1829 2178 1838 _
2282 1772 2464 1828 Tridui
2506 1773 2718 1836 itinere,
2757 1777 2867 1825 etc.
2901 1767 3061 1824 Bidul
3105 1767 3372 1823 duntaxat
3401 1762 3609 1820 mentio
3652 1761 3716 1818 tit
3748 1763 3805 1819 in

516 1857 663 1928 qdod
687 1829 959 1929 agendum
986 1829 1265 1930 putarent,
1299 1858 1505 1916 factum
1527 1868 1613 1914 est
1635 1829 1829 1932 synodi
1861 1829 2104 1929 initium,
2138 1829 2181 1886 Β
2210 1865 2500 1936 superiore
2540 1829 2829 1928 relations,
2860 1861 2958 1917 sed
2997 1877 3097 1932 per
3126 1859 3362 1932 ’μείωσιν
3393 1857 3695 1928 vulgarem.

516 1949 910 2020 tergiversante
946 1949 1172 2020 quidem
1206 1949 1492 2017 Nestorio;
1533 1950 1651 2017 sed,
1674 1963 1896 2004 reorum
1934 1966 2107 2019 more,
2282 1957 2545 2030 Aspidstm
2570 1973 2668 2011 oua
2699 1956 2993 2027 fregerunt,
3033 1961 3139 2009 etc.
3182 1952 3366 2007 Locus
3399 1950 3489 2006 hic
3517 1964 3643 2004 cum
3685 1963 3811 2004 ser-

510 2040 781 2111 iUdicium
816 2040 1177 2096 detrectabat.
2210 2064 2376 2104 mone
2441 2046 2707 2120 praedicto
2739 2046 2976 2102 collatus
3038 2043 3454 2100 Theodoretnm
3511 2038 3807 2095 manifeste

587 2130 1033 2198 Prmtolabatur,
1093 2141 1201 2187 etc.
1260 2133 1614 2190 Praestolatus
1666 2146 1753 2192 est
1790 2139 1968 2209 reipsa
2002 2137 2109 2211 Cy-
2213 2139 2417 2210 prodit.

519 2221 676 2276 rillus
706 2237 833 2276 cum
875 2221 1168 2277 catholicis
1209 2238 1309 2293 per
1342 2222 1464 2279 dies
1496 2224 1813 2294 quindecim
1850 2247 1864 2283 :
1895 2230 1991 2285 sed
2023 2230 2110 2285 in-

2238 2249 2459 2321 Epistola
2498 2250 2622 2317 154,
2663 2248 2872 2305 Relatio
2907 2248 3265 2321 Orientalium
3298 2247 3367 2302 ad
3393 2252 3636 2301 senatum
3669 2243 3813 2301 Con-

520 2312 799 2383 telligebat
828 2313 1015 2375 simul,
1041 2328 1153 2383 quo
1178 2320 1453 2382 spectaret
1481 2314 1734 2371 atl'cctata
1766 2318 1836 2372 ab
1858 2318 2110 2375 Orienta-
2265 2312 2276 2321 ’
2610 2312 2618 2317 ’
2709 2318 3270 2391 ιεαηιῦκοροιόιαηαπι.

517 2402 666 2459 libus
710 2405 810 2459 vim
850 2420 1027 2468 mora,
1059 2419 1260 2474 nempe
1302 2404 1371 2459 ad
1414 2406 1597 2462 omnia
1630 2411 2025 2477 perturbanda,
2056 2421 2114 2467 et

517 2511 618 2566 per
670 2495 751 2550 fas
803 2511 868 2550 ac
922 2494 1077 2551 nefas
1129 2495 1493 2552 invadendam
1549 2500 1745 2571 synodi
1805 2502 2110 2572 praesiden-

520 2590 754 2687 tiaTl_
793 2681 826 2687 η
872 2681 901 2687 ._
1386 2685 1395 2687 _
1494 2685 1501 2687 Α
2287 2612 2454 2687 368
2527 2616 2953 2670 Εὐσεόεστάτων
3023 2614 3119 2669 καὶ
3190 2590 3554 2684 φιλοχρῐάτωελ
3632 2609 3818 2681 βασι-

591 2682 754 2753 367
783 2681 1033 2753 Reliquos
1064 2685 1614 2750 excommunicationi,
1637 2695 1744 2741 etc.
1779 2686 1849 2742 Ut
1874 2688 2115 2745 Joannes

2238 2681 2387 2772 .éoiv:
2408 2681 2520 2764 etc.
2571 2707 2640 2764 Et
2686 2708 2804 2765 haec
2853 2724 3075 2780 quoque
3124 2681 3364 2779 phrasis
3396 2704 3821 2761 Theodorctum

521 2774 733 2846 synodo
787 2775 1140 2843 praesideret,
1188 2790 1487 2846 rerumque
1531 2778 1741 2846 potitus
1794 2788 1993 2835 cuncta
2047 2796 2117 2836 ex
2214 2796 2422 2867 prodit,

521 2865 757 2921 arbitrio
798 2865 1164 2921 Orientalium
1209 2875 1533 2939 perageret,
1583 2870 1751 2924 traxit
1797 2886 2007 2927 moram
2056 2874 2115 2927 in

522 2959 631 3022 via,
672 2957 849 3013 donec
876 2958 1166 3014 Nestorius
1195 2959 1603 3029 deponeretur;
1638 2960 1893 3032 deposito
1928 2964 2115 3019 statim

2268 2957 2295 2981 Γ
2601 2957 2614 2979 ’
2788 2982 3223 3055 tinopolitanum.

502 3050 819 3114 ιθάνθιθνίίθ
861 3058 922 3104 ut
946 3049 1253 3153 :dYemum
1291 3051 1597 3153 lesafomm
1627 3053 1777 3153 sedis
1805 3055 2119 3153 amna
2298 3098 2526 3153 Aranec
2556 3096 2719 3152 telam
2747 3110 2880 3153 esse.
2900 3049 3015 3151 rete.
3044 3093 3173 3151 llaec
3202 3094 3372 3150 dictio
3400 3092 3824 3149 Theodoretum

1354 3118 1372 3122 ⁷
1841 3118 1857 3123 ’
2298 3118 2526 3153 aranea
2556 3118 2719 3152 ιειαπι
2747 3118 2880 3163 me,
2908 3118 3015 3151 εις.

523 3150 898 3244 praeverteret.
922 3142 1225 3244 _Ephesum
1271 3143 1558 3213 appulsus,
1581 3143 1848 3244 .nondum
1892 3146 2117 3244 pulvere
2140 3181 2188 3243 ο
2221 3203 2503 3244 auctorem
2533 3189 2760 3244 indicat.

523 3197 541 3211 ⁸
993 3197 1008 3211 ¹
1307 3197 1321 3212 ⁵
1344 3197 1359 3213 ¹
1839 3197 1846 3198 “
1894 3197 2112 3249 ἷ”ζ’“’
2140 3197 2188 3243 υ
2221 3203 2503 3250 auctorem
2533 3197 2760 3245 indicat.

522 3234 766 3298 deterso,
807 3241 1143 3288 nocturnum
1189 3248 1253 3288 ac
1296 3249 1543 3304 praeceps
1576 3234 1847 3306 JlldlClllm
1894 3252 1949 3289 in
1997 3251 2116 3306 Ipso
2306 3282 2564 3306 unum
2616 3289 2700 3306 MA
2751 3279 2760 3306 ι

512 3318 767 3393 hospitio
798 3323 1068 3387 exercuit,
1102 3339 1172 3377 ne
1212 3338 1337 3392 quis
1378 3324 1603 3377 nomine
1644 3323 1730 3378 vel
1773 3324 2117 3392 patriarcha—

527 3421 637 3477 tus,
661 3412 749 3468 vel
778 3413 1195 3482 autoccphaliae,
1221 3414 1312 3485 jus
1350 3412 1683 3482 praesidendi
1724 3413 1953 3469 haberet
1981 3430 1995 3468 :
2022 3431 2120 3470 ex-

525 3504 1011 3560 communicationi
1052 3505 1242 3560 Patres
1281 3505 1526 3573 reliquos
1567 3502 1821 3574 subjecit,
1852 3519 1922 3558 ne
1959 3502 2119 3559 resti-

2297 2433 2500 2502 Ἀγίων
2546 2434 2643 2488 καὶ
2690 2432 3018 2487 καλλινῑκων
3071 2430 3385 2505 μαρτύρων,
3431 2437 3537 2484 etc.
3582 2427 3815 2483 Phrasis

2215 2523 2568 2580 Theodoreto
2591 2524 2897 2589 familiaris,
2928 2539 2993 2579 ac
3024 2523 3211 2579 forsan
3237 2522 3411 2577 solius
3437 2520 3683 2591 propria.

2217 2909 2460 2981 Epistula
2491 2911 2614 2979 155,
2634 2912 2860 2967 Joannis
2884 2911 3195 2967 Antiocheni
3222 2910 3293 2966 ad
3315 2910 3517 2965 clerum
3545 2907 3822 2966 Constan-

2292 3282 2586 3347 Judicibus,
2612 3289 2721 3336 etc.
2751 3278 2876 3335 llaec
2916 3279 3084 3350 igitur
3107 3277 3341 3350 epistola
3367 3277 3563 3333 ordine
3594 3285 3825 3347 pertur-

2219 3375 2349 3430 bato
2374 3374 2433 3427 in
2457 3370 2710 3427 conciliis
2732 3369 3090 3442 generalibus
3117 3367 3421 3425 collocatur
3448 3376 3575 3423 ante
3605 3368 3826 3438 episto-

2218 3470 2327 3524 lam
2365 3467 2429 3521 ad
2468 3474 2740 3521 senatum.

528 3604 684 3650 were
715 3595 996 3665 depositas
1027 3606 1273 3665 possem.
1404 3572 1419 3573 ί
1672 3572 1682 3574 ‘
1714 3631 1723 3639 -
2229 3576 2475 3665 basiola,
2506 3572 3833 3665 $631997???3?255956625.,eiee.cci_w

605 3641 681 3650 .--
718 3641 996 3665 “rm”-
1027 3641 1273 3665 rem.-.

605 3686 644 3739 Α
653 3684 926 3756 pollinarii
953 3695 1001 3740 et
1023 3686 1295 3751 Eunomii,
1321 3693 1428 3740 etc.
1457 3682 1695 3739 Consule
1731 3683 2115 3753 reprehensio-

2273 3641 2282 3649 ’
2365 3664 2553 3720 porum
2587 3645 2656 3701 ad
2688 3643 2944 3716 populum
2975 3641 3632 3714 Constantinopolitanum

527 3753 662 3833 nem
699 3779 1318 3842 anathematismorum,
1367 3785 1425 3831 et
1473 3775 1761 3846 epistolas,
1805 3774 1863 3829 in
1912 3775 2115 3845 quibus

2303 3755 2707 3828 Quinquaginta
2755 3755 3023 3826 episcopos
3061 3753 3363 3825 Egyptios,
3401 3763 3510 3810 etc.
3550 3754 3656 3821 Qui
3701 3755 3834 3812 fue-

529 3869 912 3925 Theodoretus
949 3870 1017 3925 de
1061 3869 1259 3925 iisdem
1304 3845 1778 3923 anathematismis
1821 3868 2114 3939 loquitur:

2238 3851 2353 3915 -int,
2374 3858 2431 3905 et
2453 3851 2612 3920 cujus
2643 3848 2904 3915 civitatis,
2932 3848 3047 3903 sive
3073 3862 3214 3917 quos
3236 3845 3476 3918 Cyrillus
3496 3863 3565 3903 ex
3582 3846 3838 3921 Egypto

527 3970 584 4017 et
626 3961 787 4018 facile
826 3961 1236 4018 animadvertes
1289 3962 1431 4017 hanc
1465 3962 1847 4018 haereticorum
1887 3962 2115 4034 conjun-

2238 3944 2509 4007 :duxerat,
2556 3942 2672 3997 sive
2719 3957 2860 4012 quos
2899 3956 2968 3996 ex
3000 3939 3129 3995 Asia
3173 3938 3429 3995 Memnon
3466 3951 3836 4009 evocaverat,

526 4053 769 4110 ctionem
818 4053 1099 4124 propriam
1143 4068 1265 4109 esse
1304 4053 1660 4119 Theodoreti,
1690 4055 1922 4126 ejusque
1966 4031 2115 4108 velut

2238 4034 2381 4089 'acile
2420 4034 2765 4106 dignoscitur
2801 4048 2871 4087 ex
2913 4032 3239 4087 recensione
3274 4031 3692 4102 episcoporum,
3730 4034 3838 4104 qui

526 4122 1035 4218 lapaxcnctottxﬁv
1074 4144 1299 4216 φράσιν,
1721 4122 1734 4126 ν
1832 4122 1843 4124 ﬁ

2238 4127 2415 4196 prima;
2448 4126 2654 4181 actioni
2683 4125 2770 4181 vel
2806 4122 3200 4189 interfuerunt,
3228 4123 3314 4178 vel
3343 4122 3836 4193 subscripserunt.

601 4214 754 4304 Quod
784 4214 908 4293 uero
937 4214 1165 4302 tardius,
1193 4248 1300 4294 etc.
1329 4239 1661 4301 Orientales,
1686 4254 1758 4294 ne
1795 4238 2115 4294 viderentur

2238 4218 2327 4275 Ubi
2351 4217 2753 4281 animadverte,
2775 4216 2921 4271 inter
2945 4214 3327 4285 metropolitas
3349 4215 3632 4270 neminem
3657 4214 3841 4289 ιιι-Σεγ-

528 4333 713 4387 omnia
759 4331 888 4385 dolo
933 4331 1076 4386 malo
1121 4340 1179 4387 et
1215 4333 1351 4390 vitio
1396 4330 1618 4393 fecisse,
1654 4329 1967 4386 tarditatem
2015 4331 2115 4386 vim

2238 4312 2404 4382 stium
2443 4311 2681 4367 censeri.
2716 4308 2874 4376 Quod
2919 4313 3263 4379 argumento‘
3292 4315 3399 4374 est,
3433 4309 3646 4364 nullum
3692 4318 3843 4367 tunc

528 4435 793 4477 excusare
834 4422 1017 4476 conati
1067 4432 1226 4489 sunt;
1279 4422 1375 4478 sed
1421 4422 1630 4491 apertis
1677 4421 1981 4476 mendaciis
2025 4430 2115 4476 aut

2238 4403 2490 4473 emporis
2530 4403 2585 4458 in
2618 4400 2851 4473 Egypto
2892 4400 3381 4471 metropolitanum
3419 4400 3590 4454 fuisse
3620 4409 3844 4470 praeter

530 4519 681 4566 certe
711 4511 966 4567 futilibus
994 4514 1304 4571 rationibus
1327 4513 1415 4569 usi
1444 4523 1595 4568 sunt.
1620 4511 1758 4568 Vide
1784 4512 1912 4567 vitae
1941 4511 2122 4566 Theo-
2154 4518 2195 4574 D
2224 4493 2656 4551 Alexandrinum
2688 4494 2731 4548 ³·

532 4600 708 4656 d‘oreti
751 4612 917 4673 caput
956 4603 1007 4658 5.
1040 4603 1290 4659 Fuerunt
1332 4612 1538 4666 tamen,
1575 4603 1670 4672 qui
1710 4616 1850 4671 quos
1883 4600 2123 4673 Cyrillus
2261 4609 2507 4681 Epistola
2545 4609 2668 4675 162,
2709 4617 2871 4681 quam
2915 4600 3265 4681 Iheodoretue
3296 4608 3519 4681 scripsit
3558 4607 3804 4665 Andrew

532 4693 794 4759 convicit,
820 4694 1076 4750 defensos
1097 4695 1322 4751 vellent.
1350 4694 1555 4749 Verum
1584 4693 1638 4747 in
1666 4694 1774 4748 hoc
1795 4701 2115 4764 arguments

2313 4676 2322 4681 ⁷
2722 4676 2731 4681 ⁷
2917 4676 3267 4733 Samosatam
3291 4678 3333 4732 ⁸.

534 4783 827 4840 infeliciter
862 4787 936 4840 ita
963 4788 1167 4843 versati
1190 4796 1343 4850 sunt,
1373 4794 1436 4839 ut
1469 4795 1671 4855 praeter
1698 4785 1841 4840 facta
1868 4783 2115 4855 quaadam

2297 4770 2378 4826 Ad
2399 4770 2693 4836 Andream,
2721 4779 2830 4826 etc.
2861 4769 2913 4825 is
2935 4776 3039 4833 est,
3064 4769 3163 4838 qui
3189 4767 3557 4824 Orientalium
3594 4769 3844 4824 nomine

532 4877 836 4947 supposita,
863 4886 920 4934 et
948 4879 1139 4935 vitiata
1166 4876 1504 4942 testimonia,
1530 4877 1669 4932 nihil
1700 4876 2013 4932 attulerint.
2223 4861 2565 4933 οδὲθθιίθηθε
2592 4861 2862 4917 “versus
2880 4859 3174 4916 ἀυοάθοίπι
3206 4859 3445 4929 “imula
3471 4857 3663 4930 cyrn"
3689 4867 3850 4914 c0“-

2224 4953 2488 5024 scripsit:
2522 4952 2673 5023 quod
2716 4950 2849 5009 fecit
2887 4964 2999 5007 non
3042 4950 3370 5006 immodeste
3410 4951 3687 5019 primum;
3726 4953 3846 5007 sed

1516 5028 1643 5121 llum
1676 5028 1744 5062 αα
1780 5028 2009 5080 "mna"
2225 5055 2439 5117 postea,
2484 5053 2546 5099 ut
2585 5028 2998 5099 Theodoretum
3044 5040 3370 5097 defenderet
3403 5048 3593 5096 contra
3628 5039 3848 5111 Cyrilli

607 5148 691 5205 Ad
721 5152 954 5221 reginas,
988 5147 1339 5203 Pulcheriam
1382 5153 1439 5200 et
1478 5144 1812 5210 Eudoxiam;
1855 5143 1953 5201 sed
1994 5144 2121 5200 Pul-
2225 5154 2323 5195 sua
2353 5137 2533 5206 capita
2564 5135 2915 5191 defendentis
2952 5132 3383 5195 accusationem,
3409 5130 3672 5187 iracunde
3702 5132 3850 5187 erli-

533 5239 780 5295 clieriam
810 5238 1068 5303 maxime,
1099 5251 1286 5290 rerum
1320 5242 1623 5305 potentem.
2224 5226 2560 5295 ditlibrum,
2595 5226 2752 5296 cujus
2788 5224 3153 5296 fragmentum
3184 5222 3353 5278 refert
3376 5222 3704 5278 Anastasius
3733 5222 3848 5293 Sig-

607 5331 831 5385 Relatio.
867 5329 1004 5385 Cum
1038 5328 1108 5383 ab
1147 5326 1504 5383 inferioribus
1528 5325 1597 5381 ad
1625 5325 1902 5396 principes
1924 5324 2124 5381 scribi-
2225 5319 2377 5375 naita
2417 5318 2475 5372 in
2523 5318 2755 5388 Hodego,
2791 5332 2914 5386 cap.
2944 5314 3035 5372 22.
3068 5313 3207 5370 Vide
3252 5328 3377 5384 quae
3437 5313 3505 5369 ad
3548 5313 3657 5367 hoc
3706 5312 3848 5369 fra-

536 5430 627 5477 tur
658 5422 725 5477 de
752 5422 919 5492 gestis
945 5420 1299 5491 quibusdam,
1329 5419 1523 5475 relatio
1550 5426 1636 5473 est
1660 5436 1672 5472 :
1700 5434 1826 5473 cum
1861 5420 1928 5474 ad
1959 5417 2119 5480 alios,
2226 5420 2509 5483 gmentum
2538 5411 2925 5464 annotavimus
2948 5409 3003 5462 in
3034 5419 3101 5462 ιιι
3130 5415 3283 5477 parte
3307 5405 3544 5476 Operam
3582 5405 3652 5461 Μ.
3679 5405 3852 5461 Mcr-

537 5513 789 5584 epistola.
818 5512 925 5566 Ista
963 5527 1127 5582 porro
1163 5510 1356 5566 relatio
1390 5511 1522 5581 quin
1552 5509 1798 5581 ejusdem
1824 5508 1897 5565 sit
1925 5516 2119 5563 aucto-
2228 5505 2434 5562 catoris
2461 5510 2580 5575 post
2616 5500 2956 5573 ohjectiones
2985 5497 3350 5554 Orientalium
3382 5496 3424 5552 ‘.

1853 5644 2173 5705 SCIlULle
2236 5641 2467 5701 NOTE.

613 5771 636 5804 ⁸
771 5770 1059 5852 epistolam
1091 5766 1292 5852 l57,_e__t
1325 5779 1565 5852 quatuor
1594 5769 1874 5840 proximas
1899 5769 2039 5852 nihil
2068 5766 2286 5822 monuit
2317 5763 2636 5821 Garnerius.
2715 5760 2736 5793 ”
2764 5757 3075 5816 Plcniorcm
3101 5756 3226 5814 vide
3250 5757 3393 5813 hanc
3416 5752 3703 5828 epistolam
3734 5750 3851 5809 in-

542 5839 645 5912 fra,
677 5842 733 5897 in
763 5839 894 5899 diss.
926 5844 977 5911 5,
1018 5844 1177 5916 epist.
1220 5843 1301 5899 15.
1344 5839 1359 5842 “
1382 5844 1401 5874 ³
1434 5841 1553 5897 \‘id.
1588 5839 1776 5910 Supra,
1813 5855 1865 5909 p.
1900 5840 2019 5894 l5'5.

638 5007 877 5080 Epistula
906 5010 1029 5076 155,
1054 5009 1261 5065 Relatio
1291 5004 1643 5063 Orientalium
1676 5006 1745 5062 ad
1780 5009 2009 5080 reginas.
