4070 6452
341 405 445 472 317

1530 414 1626 472 DE
1669 415 1924 475 LIBRlS
1965 417 2064 476 ΤΗ
2075 417 2474 481 EODORETI.

3519 419 3624 486 318

453 519 537 574 Ab
589 517 799 588 Epheso
853 519 1108 576 scribens.
1165 520 1476 592 Antequam
1529 523 1932 580 Chalcedonem
1965 535 2004 588 Α
2039 537 2258 597 tequam
2283 530 2728 598 proﬁcisceretur
2765 531 2796 585 Γ
2803 531 3138 586 heodoretus
3161 531 3380 602 Epheso
3401 531 3628 592 circiter

341 609 818 680 proﬁcisceretur,
857 627 968 682 quo
1021 613 1092 668 ab
1140 612 1470 682 imperatore
1521 615 1684 684 legati
1727 625 1936 686 septem

346 706 640 776 utriusque
681 705 872 775 partis,
909 705 1196 760 catholica:
1231 714 1288 760 et
1327 706 1712 772 schismaticze,
1743 724 1938 764 evoca-

341 796 570 852 bantur.

409 907 672 976 Beatiﬁto
695 907 1050 978 inﬁrmitatis,
1087 918 1192 964 etc.
1217 908 1334 976 Qua
1361 909 1642 976 Andreas,
1695 913 1781 968 vel
1831 914 1934 968 im-

338 1001 566 1072 peditus
605 1016 718 1056 non
765 1001 964 1071 potuit,
1009 1002 1096 1058 vel
1133 1018 1266 1058 usus
1299 1003 1498 1069 noluit,
1535 1005 1604 1058 ad
1637 1006 1932 1060 concilium

335 1093 558 1148 venire.

405 1183 626 1238 Insanit
679 1186 873 1240 iterum
927 1184 1226 1256 Egyptus,
1281 1194 1332 1240 et
1383 1185 1546 1240 bellat
1602 1204 1720 1241 cum
1767 1187 1930 1244 Mosa.

337 1277 630 1334 Nestorius
653 1293 910 1334 sermone
942 1279 1030 1342 l2,
1065 1294 1220 1332 nutu.
1249 1278 1302 1344 5,
1337 1279 1601 1334 adversus
1623 1280 1885 1352 Cyrillum
1916 1300 1929 1338 :

345 1389 362 1421 ι
403 1370 602 1424 Docuit
643 1385 732 1424 me
773 1379 832 1425 et
878 1369 1058 1426 Moses
1103 1386 1214 1424 non
1265 1371 1616 1436 conturbari,
1657 1372 1930 1443 siquidem

337 1462 782 1530 experimentum
831 1464 1113 1533 acceperis
1153 1463 1438 1534 prophetae
1477 1465 1724 1536 praedicti
1765 1466 1928 1540 Ᾱὲεγη

343 1555 520 1623 ptiaea
547 1553 880 1623 desperatio.
911 1573 930 1606 ι

413 1647 504 1700 Illi
545 1649 632 1717 qui
673 1647 902 1718 depositi
945 1657 1088 1702 sunt.
1133 1648 1371 1721 Cyrillus
1409 1649 1834 1716 Alexandrinus,
1875 1661 1930 1708 et

341 1738 586 1794 Memnon
620 1739 960 1808 Ephesinus,
994 1742 1263 1812 episcopi.

399 1829 770 1886 Sacerdotalia
851 1833 1144 1887 ministeria
1219 1843 1500 1906 peragunt.
1575 1835 1924 1892 Schismatici

329 1923 570 1992 idipsum
613 1922 902 1979 tastidiose
942 1934 1255 1994 queruntur
1293 1925 1439 1996 apud
1481 1926 1872 1995 imperatorem
1905 1943 1920 1978 :

329 2011 526 2066 iisdem
575 2021 812 2068 utuntur
849 2029 992 2084 pene
1025 2013 1230 2080 verbis,
1263 2022 1432 2084 atque
1475 2015 1568 2070 hic
1609 2015 1925 2072 Theodore-

325 2112 432 2168 tus,
469 2105 620 2175 apud
663 2105 986 2176 praefectum
1031 2113 1090 2161 et
1129 2107 1454 2177 magistrum
1489 2124 1504 2160 :
1543 2127 1561 2158 ι
1595 2107 1924 2163 Sanctorum

321 2197 552 2252 Patrum
591 2212 838 2252 canones
875 2197 1182 2252 conculcati
1221 2197 1388 2269 369
1425 2206 1574 2264 sunt,
1609 2213 1923 2254 excommu-

323 2287 490 2342 nicati
529 2297 586 2343 et
632 2289 980 2342 exauctorati
1025 2288 1196 2344 sacris
1236 2290 1456 2358 operari
1493 2305 1602 2354 non
1637 2299 1919 2356 verentur,

321 2377 488 2448 impia
523 2395 624 2434 sua
655 2379 912 2448 dogmata
945 2379 1166 2449 copiose
1211 2379 1306 2434 Dei
1350 2380 1551 2449 populo
1586 2379 1922 2448 profunden-

321 2479 422 2534 tes,
463 2479 526 2524 et
569 2485 674 2526 nos
719 2469 946 2524 interim
1005 2470 1206 2524 inclusi
1253 2470 1458 2524 misere
1505 2470 1598 2524 hic
1641 2486 1850 2524 sumus.
1895 2489 1911 2522 ι

319 2559 450 2616 [lira
497 2575 616 2616 non
657 2569 745 2616 est
785 2571 936 2616 tanta
977 2562 1340 2622 consonantia
1373 2579 1384 2615 :
1419 2563 1488 2617 ab
1524 2562 1722 2617 eodem
1769 2563 1917 2616 enim

317 2652 678 2708 Theodoreto
709 2663 768 2708 et.
802 2654 886 2710 hae
918 2661 976 2710 et
999 2655 1118 2710 ista:
1146 2654 1342 2712 litterae
1377 2654 1596 2725 scriptae
1629 2664 1785 2720 sunt;
1821 2655 1917 2710 sed

323 2744 400 2798 hac
433 2759 540 2798 suo
567 2745 821 2810 nomine,
853 2746 970 2801 ista:
999 2747 1287 2802 orientalis
1311 2748 1526 2819 synodi.

393 2833 650 2906 £59ptii,
689 2845 804 2892 etc.
841 2837 902 2891 In
950 2837 1218 2892 relatione
1249 2837 1318 2893 ad
1371 2838 1766 2907 imperatorem
1821 2853 1918 2906 per

335 2923 644 2990 Palladium,
681 2928 955 2997 imperita,
999 2928 1230 2992 dicitur,
1271 2928 1628 2983 Asiaticorum
1661 2938 1712 2982 et
1751 2929 1916 3000 [Ερμι-

329 3018 548 3080 ptiorum
597 3018 781 3072 turba.
851 3019 974 3074 Mox
1019 3020 1088 3074 ad
1141 3019 1474 3076 invidiosum
1539 3029 1914 3090 contemptum

321 3117 722 3164 enumerantur
759 3127 772 3164 :
820 3127 838 3162 ι
891 3110 1300 3182 Quinquaginta
1348 3121 1478 3167 sunt
1521 3110 1782 3183 Egyptii,
1809 3111 1914 3166 sub

2041 613 2362 676 vicesimum
2392 621 2538 677 diem
2575 623 2806 694 Augusti
2837 623 2880 678 ⁸.

2040 735 2286 807 Epistola
2321 738 2445 803 169,
2493 755 2524 792 a
2581 739 2898 811 Theodoreto
2924 741 3120 811 scripta
3158 741 3227 795 ad
3261 741 3622 801 Atexandrum

2581 810 3067 882 Hierapolitanum.

2109 919 2151 973 Ι.
2182 917 2492 974 Alexander
2539 920 2630 976 ille
2673 921 3143 990 Hierapolitanus,
3193 923 3260 978 ad
3292 941 3454 994 quem
3485 927 3622 981 scri-

2037 1009 2210 1074 bitur,
2266 1011 2647 1080 Euphratesim
2691 1013 3006 1082 provincite,
3056 1015 3110 1068 in
3155 1031 3261 1084 qua
3301 1023 3384 1070 est
3421 1016 3617 1087 Cyrus.

2035 1102 2334 1172 primatum
2367 1105 2563 1170 tenuit,
2591 1105 2802 1176 fuitque
2835 1123 2977 1162 unus
3013 1107 3250 1162 duorum
3299 1111 3622 1179 metropoli-

2037 1201 2248 1260 tarum,
2293 1211 2441 1264 quos
2476 1195 2724 1267 ,Cyrillus
2773 1203 2962 1252 narrat
3013 1200 3324 1268 prmmissos
3370 1199 3542 1255 fuisse
3587 1217 3618 1256 a

2031 1287 2242 1341 Joanne
2283 1287 2628 1343 Antiocheno
2653 1331 2665 1354 ,
2723 1289 2818 1358 qui
2867 1290 2935 1345 de
2978 1289 3338 1346 Orientalium
3379 1293 3616 1348 adventu

2031 1379 2374 1444 nuntiarent,
2401 1387 2459 1434 et
2489 1380 2654 1434 simul
2693 1389 2874 1436 tamen
2909 1383 3103 1437 Patres
3133 1383 3339 1452 Ephesi
3388 1399 3617 1454 congre-

2029 1477 2186 1538 gatos
2227 1468 2284 1522 id
2325 1468 2548 1522 interim
2591 1486 2752 1542 agere
2795 1481 3108 1538 monerent,
3163 1473 3310 1543 quod
3343 1474 3615 1544 agendum

2029 1558 2339 1614 videretur.
2674 1563 2676 1565 ’

2097 1651 2164 1707 ll.
2197 1651 2540 1722 Subscripsit
2567 1653 2657 1706 ille
2673 1653 2887 1722 primus
2927 1663 3053 1709 ante
3091 1655 3430 1710 Dorotheum
3471 1656 3615 1709 Mar-

2029 1743 2498 1814 eianopolit-anum
2545 1745 2804 1800 mandato
2847 1745 3040 1816 legatis
3069 1747 3437 1803 schismaticis
3463 1748 3609 1814 dato,

2027 1835 2158 1890 licet
2180 1845 2302 1905 post
2337 1835 2518 1905 ipsum
2558 1835 2782 1890 decreto
2827 1835 3198 1891 damnationis
3239 1853 3466 1892 aversus
3505 1836 3611 1908 Cy-

2027 1925 2213 1980 rillum
2257 1925 2404 1980 facto
2451 1927 2797 1996 subscriptus
2841 1927 3076 1997 legatur.
3111 1925 3286 1999 Hujus
3329 1929 3410 1982 rei
3447 1945 3611 1984 causa

2024 2031 2137 2070 non
2176 2023 2262 2070 est
2307 2015 2704 2086 apertissima:
2753 2017 2956 2071 factum
3009 2025 3163 2087 puto,
3211 2018 3339 2087 quia
3385 2019 3613 2075 Joannis

2023 2106 2352 2161 Antiocheni
2411 2105 2590 2161 locum
2643 2115 2874 2172 teneret,
2928 2107 3092 2177 3'70
3135 2118 3427 2178 propterea
3463 2109 3608 2180 quod

2024 2197 2320 2253 Orientalis
2367 2198 2620 2254 dioecesis
2669 2197 2880 2267 primus
2919 2209 3038 2253 erat
3073 2199 3461 2269 metropolita;
3499 2201 3606 2256 Do-

2023 2291 2254 2344 rotheus
2289 2305 2442 2356 vero,
2471 2291 2577 2346 etsi
2601 2291 2744 2346 foret
2774 2292 3144 2362 metmpolita,
3181 2291 3248 2346 ad
3278 2291 3436 2346 aliam
3462 2293 3602 2348 dia:-

2021 2384 2192 2438 eesim
2259 2383 2610 2453 pertinebat,
2675 2399 2873 2454 nempe
2923 2384 2990 2439 ad
3040 2383 3605 2454 Constantinopolita-

2025 2489 2177 2527 nam.

2091 2565 2182 2620 lll.
2217 2566 2347 2622 Post
2375 2566 2673 2621 concilium
2699 2581 2810 2620 non
2847 2564 2941 2619 diu
2971 2573 3256 2634 superstes
3289 2565 3391 2620 fuit
3427 2583 3440 2618 :
3481 2581 3607 2620 nam

2020 2657 2290 2723 Panolbii,
2325 2658 2420 2728 qui
2452 2659 2503 2712 ei
2535 2657 2826 2722 successit,
2869 2659 3018 2711 velut
3044 2657 3373 2728 jampridem
3411 2659 3607 2714 defun-

2019 2749 2118 2814 cti,
2150 2747 2392 2804 Joannes
2433 2765 2720 2804 successor
2755 2749 3092 2803 mentionem
3119 2749 3248 2803 facit
3289 2749 3342 2802 in
3373 2749 3610 2804 concilio

2015 2839 2396 2903 Antiocheno,
2468 2837 2754 2893 Athanasii
2821 2839 3148 2892 Perrhensis
3199 2853 3364 2892 causa
3419 2838 3606 2894 habito

2017 2946 2162 2984 anno
2183 2931 2307 2996 444,
2343 2930 2448 2984 sub
2488 2929 2654 2984 ﬁnem
2693 2947 2706 2982 :
2749 2945 2928 2998 neque
2949 2929 3189 2984 Joannes
3225 2929 3340 2999 ipse
3387 2931 3605 2999 episco-

2017 3031 2204 3090 patum
2231 3021 2326 3076 diu
2361 3023 2558 3084 tenuit,
2605 3019 3052 3090 quandoquidem
3103 3019 3415 3090 Stephanus
3439 3021 3604 3075 Joan-

2016 3113 2104 3168 nis
2129 3129 2418 3168 suceessor
2453 3113 2510 3166 in
2536 3111 2772 3166 concilio
2799 3111 3106 3166 latrocinali
3143 3127 3286 3166 anno
3312 3111 3434 3178 M9,
3462 3121 3517 3166 et
3549 3113 3604 3186 in

315 3197 608 3254 Memnone
676 3201 982 3270 tyrannidis
1031 3202 1172 3256 duce
1233 3202 1598 3274 quadraginta
1648 3202 1910 3266 Asiatici,
1941 3227 1984 3284 ο
2015 3203 2448 3259 Chalcedonensi
2485 3217 2628 3258 anno
2653 3203 2752 3257 451
2784 3203 2949 3258 sedit.

313 3286 615 3344 duodecim
663 3289 794 3344 item
843 3306 914 3345 ex
947 3291 1266 3364 Pamphylia
1289 3293 1536 3346 haeretici
1579 3292 1914 3347 lilessaliani-

313 3387 498 3434 tarum
525 3381 756 3436 nomine
779 3383 1062 3451 appellati,
1095 3393 1296 3452 praeter
1333 3385 1470 3441 alios
1497 3385 1678 3440 eidem
1703 3391 1912 3440 metro-

307 3473 564 3542 politano
607 3471 1024 3544 (Amphilochio
1053 3475 1196 3530 Sidae
1225 3476 1508 3548 episcopo)
1543 3477 1908 3544 adhaerentes,

306 3575 362 3620 et
419 3564 568 3620 alios
611 3580 644 3619 a
691 3565 936 3636 synodis,
988 3567 1072 3622 vel
1115 3567 1186 3620 ab
1223 3567 1538 3638 episcopis,
1573 3569 1812 3624 diversis
1855 3569 1910 3624 in

305 3657 468 3720 locis,
497 3657 1014 3712 exeommunicatos
1039 3666 1096 3712 et
1125 3657 1444 3728 depositos;
1479 3659 1576 3728 qui
1605 3673 1736 3714 sane
1761 3659 1910 3715 aliud

305 3749 450 3804 nihil
476 3755 630 3814 sunt,
665 3764 834 3818 quam
877 3749 1164 3804 hominum
1205 3750 1368 3804 turba
1416 3751 1732 3808 divinorum
1773 3753 1910 3824 dog-

307 3848 526 3896 rnatum
569 3843 778 3898 nescia.
811 3861 830 3894 ι

379 3931 636 3988 Occasus.
671 3934 752 3988 Ex
784 3933 1082 3990 Occidente
1113 3933 1266 3989 missi
1295 3941 1426 4000 tres,
1461 3935 1749 4006 Philippus
1779 3951 1909 4006 pre-

307 4024 526 4094 sbyter,
554 4023 830 4080 Arcadius
853 4031 914 4080 et
945 4025 1232 4096 Proiectus
1267 4025 1512 4095 episcopi
1539 4041 1554 4090 ;
1595 4035 1655 4081 ut
1679 4026 1910 4098 presby-

308 4125 396 4172 ter
421 4116 716 4172 Ctelestini
764 4117 968 4174 summi
1015 4117 1312 4188 pontiﬁcis,
1357 4117 1602 4186 episcctpi
1635 4115 1910 4172 Occiden-

307 4207 438 4260 talis
469 4206 700 4260 concilii
743 4205 1018 4275 legatione
1067 4205 1450 4276 fungerentur.
1509 4205 1746 4274 ingressi
1779 4211 1910 4259 sunt

305 4297 588 4367 synodum
637 4297 726 4352 die
775 4297 843 4352 10
895 4297 1048 4364 Julii,
1083 4296 1336 4366 sequenti
1373 4295 1464 4351 die
1504 4295 1908 4365 depositionem

305 4389 558 4446 Nestorii
581 4390 1004 4454 conﬁrmarunt,
1031 4391 1278 4460 quinque
1309 4399 1432 4460 post
1453 4389 1652 4444 diebus
1683 4389 1910 4444 restitu-

309 4481 454 4536 tioni
481 4481 674 4552 Cyrilli
704 4490 764 4536 et
795 4481 1104 4536 Memnonis
1137 4480 1528 4536 interfuerunt.

385 4569 588 4636 Quales
633 4570 804 4626 mimi.
847 4571 1053 4626 Confer
1083 4572 1234 4626 hunc
1276 4571 1458 4626 locum
1501 4585 1627 4626 cum
1671 4571 1902 4641 epistola
1937 4572 1984 4631 D

307 4655 628 4731 prommiali
655 4663 724 4718 ad
753 4677 1044 4718 sermones
1073 4661 1344 4724 Eutherii,
1369 4669 1427 4716 et
1451 4661 1578 4716 vide
1599 4676 1907 4717 consonan-

309 4755 470 4817 tiam,
521 4767 632 4808 non
677 4759 894 4806 tantum
941 4761 1276 4824 exaggerata
1325 4752 1756 4819 lamentationis,
1805 4753 1904 4809 sed

311 4845 562 4915 ipsorum
589 4843 760 4899 etiam
789 4843 1112 4898 verborum.

375 4937 448 4992 In
487 4945 726 5008 tempore
765 4937 1076 5006 impietatis.
1125 4935 1266 4992 Cum
1332 4933 1754 4990 dominarentur
1795 4935 1900 4990 im-

303 5038 598 5098 peratores
619 5027 952 5084 Christianae
991 5028 1210 5097 pietatis
1249 5028 1458 5082 hostes.
1499 5027 1556 5082 ld
1595 5028 1800 5084 dictum
1831 5027 1904 5082 ad

303 5119 576 5176 invidiam
625 5119 909 5189 regnantis
960 5119 1260 5174 Theodosii
1283 5118 1550 5186 Junioris,
1605 5120 1703 5190 qui
1751 5119 1902 5174 schi-

301 5211 561 5267 smaticis
592 5209 780 5264 favere
812 5210 1122 5266 desinebat.
1517 5271 1520 5274 _

381 5301 466 5356 Ex
495 5299 584 5354 his
613 5308 830 5354 constat
864 5299 1048 5354 datam
1075 5316 1198 5356 esse
1235 5301 1522 5370 epistolam
1563 5300 1707 5356 circa
1736 5299 1900 5356 ﬁnem

297 5395 440 5450 Julii
463 5403 563 5450 aut
595 5393 816 5448 initium
841 5391 1084 5463 ’Augusti
1121 5407 1266 5448 anno
1291 5393 1417 5456 451,
1461 5401 1586 5462 post
1619 5392 1902 5447 restitutos

299 5487 528 5544 scilicet
551 5485 642 5541 die
673 5485 740 5542 16
769 5485 900 5542 Julii
926 5483 1194 5558 Cyrillum
1221 5491 1278 5541 et
1317 5485 1662 5542 Memnonem
1680 5525 1696 5556 ,
1722 5495 1779 5539 et
1804 5501 1902 5540 an-

2083 3295 2168 3349 lV.
2198 3296 2256 3349 ln
2303 3295 2424 3366 ejus
2469 3295 2652 3350 locum
2707 3293 2916 3350 missus
2959 3304 3044 3350 est
3091 3295 3159 3348 ad
3211 3295 3601 3365 imperatorem

2015 3386 2420 3452 Theodoretus,
2447 3393 2508 3439 ut
2527 3393 2826 3440 constatex
2853 3385 3217 3454 inscriptione
3259 3385 3504 3440 mandati
3535 3387 3603 3440 ah

2013 3475 2390 3532 Orientalibus
2432 3477 2542 3532 dati
2569 3477 2688 3531 suis
2719 3477 2912 3546 legatis
2947 3495 2959 3530 :
2993 3493 3101 3546 qua
3147 3478 3202 3530 in
3241 3478 3602 3547 inscriptione

2013 3567 2270 3632 observo,
2290 3583 2502 3632 omnes,
2540 3569 2634 3636 qui
2661 3569 2940 3638 legantur,
2965 3584 3084 3622 esse
3105 3569 3481 3638 metropolitas
3509 3579 3603 3625 aut

2013 3659 2492 3728 metropolitarum
2537 3659 2682 3724 loco,
2725 3669 2926 3728 praeter
2974 3659 3203 3714 Paulum
3255 3660 3597 3724 Emisenum,

2013 3747 2106 3817 qui
2165 3747 2312 3802 vices
2369 3747 2554 3804 Acacii
2597 3749 2908 3804 Beraacnsis
2961 3750 3098 3820 agit,
3139 3750 3267 3804 licet
3305 3759 3596 3820 metropo-

2013 3839 2108 3894 lita
2134 3855 2248 3894 non
2297 3839 2480 3906 foret;
2527 3847 2678 3894 tanta
2719 3839 2826 3894 fuit
2858 3856 2986 3912 erga
3037 3857 3247 3906 senem,
3291 3852 3346 3896 et
3381 3843 3600 3912 episco-

2011 3947 2232 4001 porum,
2259 3932 2304 3986 si
2329 3932 2460 3986 licet
2483 3933 2558 3986 ita
2581 3931 3052 4002 loqui,decanum,
3079 3933 3388 3988 reverentia
3405 3932 3600 3988 Orien-

2013 4023 2226 4077 talium.

2081 4115 2146 4168 ν.
2177 4113 2238 4168 In
2263 4112 2454 4181 quinta
2489 4113 2699 4184 synodo
2719 4113 2922 4183 legitur
2953 4113 3320 4183 fragmentum
3349 4114 3594 4183 epistolae

2009 4220 2040 4258 a
2062 4203 2319 4259 Nestorio
2342 4204 2410 4258 ad
2441 4204 2815 4259 Alexandrum
2855 4206 3020 4258 istum
3053 4205 3192 4260 datae
3224 4223 3238 4258 :
3281 4206 3376 4259 ubi
3403 4206 3596 4260 nefan-

2009 4291 2114 4348 dus
2170 4293 2463 4349 haereticus
2503 4303 2690 4364 aperte
2755 4295 2942 4364 prodit
3007 4295 3375 4365 impietatem,
3426 4313 3592 4366 quam

2009 4385 2144 4440 alias
2187 4385 2499 4442 dissimulat
2543 4405 2556 4440 :
2603 4387 2748 4442 unde
2797 4403 2908 4442 non
2955 4387 3396 4458 improbabiliter
3438 4389 3590 4444 credi

2009 4485 2210 4547 potest,
2242 4479 2528 4548 scripsisse
2559 4479 2626 4534 ad
2657 4487 2970 4534 consortem
3006 4479 3231 4534 erroris.

2072 4573 2084 4588 ‘
2115 4569 2202 4626 Vl.
2238 4570 2318 4624 Ex
2345 4569 2434 4628 iis.
2465 4585 2586 4638 qua:
2615 4570 2670 4624 in
2701 4571 2934 4640 epistola
2969 4579 3266 4625 narrantur
3311 4571 3380 4625 de
3415 4571 3588 4624 collo-

2011 4661 2234 4716 cutione
2261 4659 2624 4716 Orientalium
2663 4661 2972 4731 legatorum
3011 4677 3136 4716 cum
3171 4662 3504 4730 imperatore
3532 4661 3590 4716 in

2009 4751 2326 4817 Rufiniano,
2359 4752 2650 4808 manifesta
2671 4761 2756 4807 est
2791 4753 3056 4822 temporis
3087 4761 3215 4807 nota
3243 4771 3256 4806 :
3289 4753 3412 4806 data
3439 4753 3590 4806 enim

2009 4843 2338 4908 ostenditur,
2373 4851 2668 4912 antequam
2709 4843 3088 4899 Orientalibus
3119 4844 3438 4908 recedendi,
3480 4843 3584 4898 Ca-

2011 4935 2232 4992 tholicis
2249 4936 2442 4990 urbem
2473 4935 2843 5006 ingrediendi,
2871 4936 2936 4990 ad
2971 4935 3340 4990 ordinandum
3369 4934 3588 5002 episco-

2009 5043 2162 5097 pum,
2195 5026 2510 5082 mandatum
2531 5036 2678 5082 esset
2703 5027 2916 5080 datum.
2938 5026 3153 5096 Scripta
3175 5034 3258 5079 est
3289 5023 3454 5094 igitur
3483 5023 3586 5076 sub

2012 5119 2174 5174 ﬁnem
2205 5119 2564 5189 Septembris,
2592 5127 2688 5173 aut
2707 5117 2812 5174 sub
2841 5119 3058 5172 initium
3081 5117 3352 5172 Octobris.

2081 5209 2193 5264 VII.
2233 5209 2419 5277 Nuper
2463 5207 2724 5262 inventus
2761 5216 2848 5262 est
2893 5205 2988 5274 qui
3050 5205 3386 5274 suppositam
3431 5201 3582 5254 credi

2009 5302 2195 5364 vellet,
2227 5309 2321 5354 aut
2345 5299 2528 5368 potius
2561 5305 2816 5368 optaret;
2861 5295 3132 5349 sentiebat
3163 5293 3310 5346 enim
3345 5289 3460 5344 suis
3497 5305 3586 5344 re-

2009 5391 2113 5447 bus
2133 5395 2489 5448 vehementer
2525 5387 2932 5444 incommodare
2958 5403 2972 5452 ;
2999 5384 3094 5442 sed
3124 5401 3217 5450 ne,
3241 5381 3389 5454 quod
3427 5389 3590 5436 certo-

2005 5485 2254 5540 luturum
2286 5493 2424 5550 erat,
2449 5499 2478 5538 a
2509 5482 2786 5538 communi
2821 5493 2988 5536 sensu
3027 5477 3244 5532 alienus
3273 5475 3586 5536 videretur,

1613 5637 1928 5695 SCHULZII
1965 5637 2203 5694 NOT/E.

381 5784 404 5814 ⁸
427 5781 509 5838 Ad
534 5781 805 5852 epistolas
831 5778 1080 5852 165-168,
1107 5779 1242 5852 nihil
1261 5779 1488 5852 monuit
1519 5778 1836 5834 Garnerius.
1871 5779 1992 5834 Vid.
2033 5789 2214 5834 autem
2256 5776 2416 5844 infra,
2455 5774 2588 5830 diss.
2623 5775 2675 5840 5,
2704 5771 2960 5846 cpist.l9,
2983 5771 3074 5838 20,
3095 5769 3280 5826 iii-26.
3309 5767 3388 5826 Ad
3411 5769 3583 5826 ﬁnem

295 5849 716 5924 cpistola—165,
755 5851 868 5906 vid.
902 5865 1088 5920 Sttpra,
1123 5866 1174 5920 p.
1207 5849 1326 5903 161.
