4070 6512
464 415 571 482 319

1602 422 1980 484 GARNERII
2022 420 2521 480 DISSERTATIO
2561 422 2642 480 Il.

3647 413 3750 478 3‘20

468 537 666 592 maluit
701 538 954 596 inutilem
991 539 1199 604 dicere,
1224 539 1290 594 ad
1330 539 1407 604 id,
1439 547 1667 610 propter
1701 540 1849 610 quod
1878 536 2056 607 profe-
2086 540 2132 595 Α
2162 535 2356 599 verim,
2385 536 2674 591 manifeste
2706 543 2977 591 memorat
3006 535 3156 591 velut
3187 549 3343 590 suam
3373 551 3387 590 :
3412 533 3546 605 quin
3567 543 3754 590 tamen

470 632 722 697 rebatur,
757 630 1128 696 efficiendum,
1163 629 1230 686 ad
1267 630 1680 686 Theodoretum
1718 632 1928 688 scilicet
1962 632 2057 688 ad-

471 726 731 782 luesionis
751 723 819 779 ad
843 739 1062 780 errores
1087 725 1327 781 Nestorii
1351 725 1815 782 convincendum.
1835 726 2062 782 Fatetur

473 825 655 870 tamen
694 817 749 870 in
788 831 855 871 ea
898 815 1060 886 prodi
1115 817 1409 888 insigniter
1457 817 1600 873 duos
1647 818 1893 873 auctoris
1927 817 2061 872 aﬂ‘e-

471 914 627 974 ctus;
665 908 900 963 alterum
931 909 1137 965 amoris
1158 927 1288 982 erga
1317 911 1654 975 Nestorium,
1683 911 1918 966 alterum
1946 910 2060 965 odii

470 1016 599 1071 erga
625 1003 801 1056 sancti
845 1002 1034 1074 Cyrilli
1061 1005 1322 1075 capitula,
1349 1020 1474 1075 quae
1507 1005 1766 1060 haeretica
1795 1004 1953 1060 dicit.
1982 1003 2062 1060 lta

473 1090 585 1148 ille.
614 1093 820 1148 Verum
861 1095 1104 1160 nemini,
1147 1097 1372 1166 opinor,
1425 1096 1679 1168 theologo
1729 1094 2061 1152 sententiam

471 1201 627 1240 suam
666 1188 1011 1256 persuaserit
1039 1205 1053 1241 :
1087 1189 1366 1258 quomodo
1395 1189 1542 1244 enim
1573 1189 1658 1243 vir
1677 1204 1788 1244 non
1816 1187 2064 1243 tardissi-

473 1291 618 1340 mus,
646 1278 956 1347 cujusmodi
1004 1289 1156 1334 certe
1195 1295 1305 1335 non
1351 1289 1472 1336 erat
1509 1281 1912 1342 Theodoretus,
1937 1288 2064 1350 post

470 1369 724 1439 exposita
760 1370 985 1424 tertium
1017 1387 1046 1424 a
1073 1370 1280 1442 Cyrillo
1318 1372 1580 1442 capitula,
1617 1373 2064 1430 animadvertere

473 1478 585 1517 non
617 1463 819 1533 potuit,
850 1464 1179 1520 catholicam
1216 1464 1377 1519 fidem
1407 1465 1474 1521 iis
1510 1467 1805 1532 contineri,
1832 1468 1878 1522 si
1899 1468 2064 1524 modo

478 1551 641 1606 fidem
687 1553 833 1608 illam
861 1553 1036 1608 sensit
1068 1569 1188 1608 esse
1226 1555 1576 1620 catholicam,
1625 1572 1748 1626 quae
1799 1557 2063 1613 unionem

476 1645 762 1715 physicam
785 1655 841 1700 et
869 1645 989 1699 καθ’
1031 1647 1330 1700 ὑπὸςτασιν
1367 1647 1617 1702 fatetur?
1645 1647 1803 1715 Quod
1839 1649 1885 1704 si
1930 1665 2064 1705 vero

476 1735 803 1791 catholicam
834 1752 944 1790 non
970 1739 1144 1791 sensit
1176 1737 1338 1791 fidem
1375 1737 1546 1804 illam,
1575 1739 1852 1808 quomodo
1871 1741 2064 1796 Nesto-

479 1827 619 1881 riani
651 1829 855 1883 erroris
887 1845 998 1883 non
1033 1839 1116 1884 est
1153 1830 1322 1884 reus?

553 1917 686 1973 Vlll.
727 1917 1168 1986 Observandum,
1220 1938 1251 1975 a
1304 1921 1657 1977 Theodoreto
1690 1923 1807 1978 haec
1843 1924 1898 1978 in
1939 1925 2061 1995 epi-

477 2011 615 2064 stola
662 2021 849 2081 aperte
897 2013 1078 2082 prodi,
1128 2013 1409 2082 quomodo
1460 2023 1608 2070 esset
1652 2015 1886 2071 aﬂ‘ectus
1937 2033 2064 2088 erga

481 2101 670 2155 Patres
713 2102 1044 2171 Ephesinos,
1097 2103 1305 2173 quippe
1357 2120 1497 2174 quos
1547 2107 1746 2176 impios
1776 2116 1957 2171 vocat,
2011 2118 2068 2164 et

479 2191 606 2246 ﬁdei
633 2194 1076 2261 adulteratores;
1103 2196 1382 2264 quomodo
1413 2198 1542 2251 item
1571 2213 1700 2268 erga
1724 2199 2063 2265 Nestorium,

478 2300 642 2354 quem
677 2286 916 2340 amicum
963 2295 1020 2340 et
1062 2296 1278 2357 patrem
1313 2290 1582 2353 nominat,
1620 2291 1895 2360 quomodo
1941 2307 2066 2363 erga

479 2392 698 2430 sacrum
732 2378 890 2448 371
926 2380 1416 2445 consistorium,ct
1443 2382 1581 2436 aula:
1613 2383 2068 2453 principes,quos

479 2485 616 2523 auro
646 2481 939 2540 corruptos
975 2471 1193 2537 scribit;
1237 2474 1516 2542 quomodo
1557 2475 1774 2528 tandem
1803 2491 1930 2545 erga
1961 2475 2067 2528 im-

479 2569 816 2631 peratorem,
861 2579 988 2618 cum
1031 2580 1142 2635 quo
1189 2565 1575 2622 immodestum
1616 2566 1856 2639 iurgium
1885 2576 2070 2622 osten-

481 2659 580 2706 tat.

550 2744 643 2799 1X.
695 2744 1115 2801 Observandum
1162 2747 1389 2818 pariter,
1449 2749 1595 2820 quod
1642 2758 1874 2804 narrat:
1917 2750 1971 2803 l°
2001 2749 2070 2803 de

483 2838 671 2893 favore
702 2848 759 2893 et
789 2839 1142 2894 multitudine
1190 2841 1400 2911 populi,
1463 2842 1530 2897 ad
1584 2859 1714 2898 suas
1775 2845 2072 2899 conciones

482 2931 775 2986 confertim
810 2948 907 3001 per
943 2947 1094 2987 mare
1126 2933 1508 3000 allluentis;2°
1537 2934 1605 2989 de
1636 2935 1778 3000 loco,
1810 2936 1904 2990 ubi
1941 2951 2074 2990 con-

482 3021 696 3078 cionem
725 3023 996 3092 habebat;
1025 3025 1080 3077 3°
1101 3025 1170 3080 de
1195 3040 1422 3081 suorum
1443 3026 1742 3089 nonnullis,
1774 3027 1870 3097 qui
1894 3026 1962 3081 ad
1989 3042 2075 3082 sa-

483 3113 698 3170 niorem
725 3127 970 3172 mentem
1005 3116 1217 3172 reversi
1253 3117 1324 3172 ad
1358 3115 1676 3172 Catholicos
1701 3117 2070 3185 recedebant;

2164 629 2339 700 ipsius
2364 630 2453 696 sit,
2479 631 2666 685 nullus
2686 629 2902 684 dubito.
2935 630 3071 683 Nam
3096 629 3298 700 primo,
3325 644 3528 684 nomen
3571 629 3755 684 Theo-

2163 721 2341 776 doreti
2387 737 2512 777 cum
2566 722 2692 777 aliis
2739 723 3047 794 legatorum
3099 722 3420 777 nominibus
3462 722 3755 794 inscriptio

2163 811 2405 882 prazfcrt.
2463 813 2532 867 Et
2581 813 2968 868 Theodoretus
3012 812 3378 868 Orientalium
3418 813 3543 879 fuit,
3584 823 3640 868 et
3697 815 3755 870 in

2163 909 2393 980 synodo,
2421 917 2478 964 et
2507 911 2563 964 in
2596 909 2892 981 legatione,
2925 927 3036 966 non
3075 927 3138 966 os
3176 920 3412 976 tantum,
3441 925 3568 964 cum
3598 909 3755 977 loqui

2163 1003 2413 1072 Oportuit
2439 1019 2451 1055 :
2481 1002 2578 1058 sed
2599 1003 2770 1057 etiam
2798 1019 3016 1068 manus,
3049 1019 3174 1058 cum
3199 1003 3506 1058 scribendae
3532 1002 3754 1056 litteras.

2163 1094 2375 1150 Deinde
2429 1095 2604 1167 stylus
2659 1095 3074 1150 Theodoretum
3139 1094 3326 1149 statim
3377 1094 3570 1149 lectori
3639 1110 3759 1148 non

2163 1187 2543 1258 peregrinanti
2578 1186 2632 1241 in
2674 1188 2919 1242 auctoris
2961 1187 3192 1258 hujusce
3223 1188 3512 1258 operibus,
3545 1187 3756 1257 prodit.

2163 1279 2320 1336 Adde
2343 1281 2491 1350 quod
2522 1281 2861 1335 locutionum
2891 1296 3267 1350 sensuumque
3290 1281 3556 1350 ταυτότης
3593 1279 3647 1333 id
3680 1281 3758 1334 ita

2164 1374 2429 1438 ostendit,
2467 1383 2525 1428 ut
2557 1373 2672 1428 fere
2713 1388 2892 1429 caecus
2932 1375 3024 1438 sit,
3067 1374 3160 1442 qui
3195 1372 3604 1427 Theodoretum
3650 1387 3759 1425 no-

2167 1465 2335 1530 mine,
2361 1464 2564 1528 verbis,
2589 1464 2752 1535 stylo,
2773 1464 3048 1528 sensibus,
3067 1464 3236 1518 animi
3255 1462 3456 1518 affectu
3480 1471 3537 1517 et
3566 1477 3758 1516 rerum

2167 1569 2390 1610 suarum
2434 1554 2775 1618 narratione,
2827 1554 3037 1608 clarere
3081 1553 3356 1607 volentem
3387 1568 3499 1606 non
3545 1552 3759 1606 videat.

2235 1647 2302 1702 ll.
2329 1646 2488 1714 Quod
2522 1645 2715 1716 objicit
2740 1645 3010 1700 Baronius
3032 1643 3078 1708 ⁸,
3122 1643 3342 1698 Martini
3377 1643 3762 1698 Mediolanen-

2167 1739 2309 1794 sium
2351 1739 2593 1808 episcopi
2647 1736 2985 1792 mentionem
3038 1734 3180 1799 fieri,
3240 1749 3367 1788 cum
3414 1734 3602 1788 nullus
3652 1735 3764 1789 hoc

2166 1831 2394 1886 nomine
2416 1831 2878 1885 Mcdiolanensem
2905 1827 3208 1882 Ecclesium
3233 1835 3364 1880 tunc
3390 1827 3619 1889 rexeril,
3644 1842 3762 1882 non

2171 1922 2353 1992 magni
2405 1921 2670 1975 momenti
2723 1930 2828 1975 est.
2879 1916 3336 1988 Quandoquidem
3379 1917 3562 1987 potuit
3597 1917 3762 1972 facile

2169 2023 2266 2067 aut
2314 2013 2431 2083 ipse
2476 2013 2883 2074 Theodoretus,
2923 2011 3087 2065 homo
3122 2011 3282 2081 longe
3306 2010 3538 2080 positus,
3571 2009 3766 2064 Marti-

2168 2120 2302 2158 num
2330 2104 2538 2167 dicere,
2571 2104 2666 2173 qui
2707 2118 2836 2157 vere
2860 2102 3225 2156 Martinianus
3259 2109 3414 2167 erat;
3453 2109 3552 2154 aut
3580 2102 3765 2155 libra-

2171 2195 2307 2261 rius,
2330 2195 2647 2252 Martiniani
2680 2195 2902 2250 nomine
2937 2194 3220 2260 breviato,
3269 2193 3567 2248 Martinam
3619 2194 3764 2248 scri-

2171 2289 2323 2343 bere.

2234 2381 2396 2450 372
2427 2381 2516 2435 lll.
2545 2381 2624 2435 Eo
2661 2389 2906 2451 tempore
2927 2379 3053 2434 data
3079 2389 3187 2445 est,
3219 2396 3330 2450 quo
3359 2381 3525 2452 legati
3556 2379 3765 2436 Orien-

2172 2472 2310 2526 tales
2340 2471 2746 2527 Chaieedonem
2777 2472 3026 2542 appulsi,
3063 2472 3268 2527 ibidem
3294 2474 3602 2529 consistere
3617 2474 3766 2545 jussi

2172 2573 2322 2627 sunt,
2356 2564 2466 2617 imo
2492 2574 2617 2634 post
2643 2565 2899 2634 quintum
2927 2565 3280 2634 imperatoris
3319 2565 3375 2620 in
3401 2565 3765 2620 Rufinianum

2172 2656 2405 2726 profecti
2457 2655 2731 2711 allatum:
2777 2657 2930 2728 prius
2975 2665 3156 2713 tamen
3199 2672 3366 2728 quam
3393 2659 3533 2729 jussi
3571 2668 3771 2714 essent

2172 2763 2302 2802 suas
2336 2749 2392 2802 in
2435 2748 2702 2804 ecclesias
2729 2749 2955 2804 reverti.

2241 2839 2330 2894 IV.
2358 2839 2485 2895 Fuit
2517 2856 2651 2896 vero
2679 2841 2962 2897 scribendi
2997 2842 3313 2908 consilium,
3344 2851 3405 2897 ut
3426 2858 3636 2912 magna:
3665 2859 3772 2898 cu-

2169 2932 2386 3003 jusdam
2449 2933 2748 3003 provinciae
2791 2933 3020 2988 antistes
3067 2935 3122 2988 in
3170 2941 3357 3002 partes
3391 2931 3767 2988 Orientalium

2177 3025 2514 3090 traheretur,
2565 3040 2669 3081 nec
2706 3025 2986 3082 sineretur
3025 3025 3289 3080 Flaviano
3323 3024 3768 3094 Philippensium

2176 3117 2475 3186 episcopo,
2535 3117 2627 3171 cui
2671 3117 2822 3172 vices
2882 3133 3012 3171 suas
3064 3117 3451 3180 commiserat,
3501 3115 3770 3170 referenti

481 3206 541 3262 4°
569 3207 637 3262 de
666 3209 932 3264 Eeclesiis
968 3209 1206 3265 occlusis
1247 3225 1278 3264 a
1314 3209 1748 3266 Chalcedonensi
1791 3212 2071 3282 episcopo,
2101 3231 2145 3290 (ς
2179 3216 2382 3262 sanctae
2402 3207 2597 3278 synodi
2624 3223 2725 3277 pro
2758 3206 2963 3279 Cyrillo
2981 3207 3276 3278 judicium,
3310 3207 3472 3261 fidem
3498 3205 3707 3262 habere
3752 3224 3770 3261 :

485 3313 556 3354 ne
585 3307 841 3369 paterent
875 3300 1242 3356 schismaticis
1267 3317 1282 3368 ;
1310 3301 1364 3356 5°
1388 3301 1627 3373 denique
1655 3302 1723 3356 de
1751 3302 1874 3357 zelo
1914 3301 2076 3357 cleri-

485 3403 680 3444 corum
722 3397 778 3444 et
822 3391 1218 3446 monachorum
1272 3391 1428 3448 urbis
1502 3393 1683 3464 regiae.
1733 3393 2076 3448 Clericorum

489 3479 601 3536 dux
630 3490 753 3537 erat
779 3483 1069 3553 Philippus
1098 3483 1412 3557 presbyter,
1433 3485 1832 3540 monachorum
1855 3493 2079 3542 sanctus

489 3573 816 3631 Dalmatius.

571 3665 636 3721 Χ.
677 3666 1096 3725 Observandum
1131 3673 1321 3738 etiam,
1375 3673 1790 3729 consonantiam
1851 3674 2080 3744 hujusce

491 3759 745 3830 epistolae
791 3770 848 3816 et
895 3763 1179 3818 concionis
1211 3764 1563 3819 Chalcedone
1606 3764 1826 3830 habitae,
1875 3773 2080 3819 tantam

493 3868 636 3913 esse.
665 3862 726 3907 ut
751 3855 921 3909 altera
942 3857 1098 3912 alteri
1138 3856 1299 3912 fidem
1324 3857 1616 3922 conciliet;
1656 3865 1888 3927 utraque
1933 3866 2082 3912 certe

496 3943 824 3998 seditionem
851 3946 1044 4016 spirat,
1081 3956 1138 4003 et
1179 3946 1589 4002 Theodoretum
1625 3956 1906 4002 auctorem
1935 3948 2082 4002 clare

498 4036 857 4093 demonstrat.

569 4128 660 4183 XI.
687 4129 1104 4186 Observandum
1129 4131 1388 4202 denique,
1408 4133 1552 4204 quod
1575 4134 1650 4188 ait
1679 4134 2082 4200 Theodoretus,

500 4220 810 4278 Orientales
837 4234 1198 4296 congregatos
1240 4224 1408 4280 fuisse
1449 4226 1673 4295 quidem
1709 4225 2083 4291 Chalcedone,

500 4313 597 4367 sed
625 4323 776 4367 extra
833 4315 1124 4369 ecclesiam
1165 4331 1177 4367 :
1218 4329 1392 4385 eaque
1433 4314 1489 4368 in
1524 4318 1948 4387 congregatione
2002 4317 2088 4371 fu-

501 4402 648 4458 disse
687 4420 898 4473 preces,
945 4421 1054 4460 non
1107 4413 1287 4461 tamen
1343 4406 1619 4472 habuisse,
1671 4417 1768 4463 aut
1805 4423 2086 4462 sacrarum

504 4494 914 4566 Scripturarum
950 4496 1264 4561 lectionem,
1296 4505 1390 4550 aut
1418 4497 1792 4564 oblationem;
1831 4506 2088 4568 propter-

2180 3304 2345 3367 atque
2381 3297 2499 3351 haec
2532 3313 2700 3354 causa
2730 3307 2835 3363 est,
2867 3313 2966 3353 cur
3004 3297 3193 3369 Cyrilli
3229 3297 3503 3352 sententia
3532 3295 3775 3350 menda-

2181 3389 2355 3454 citer;
2385 3387 2750 3444 Orientalium
2776 3404 2885 3454 res,
2914 3387 3290 3459 jactabunde;
3328 3394 3535 3442 sancta;
3569 3386 3774 3460 synodi

2180 3489 2354 3549 gesta,
2384 3481 2657 3536 invidiose
2692 3489 3060 3550 exponantur.

2254 3572 2318 3626 ν.
2352 3571 2432 3626 Ex
2463 3572 2567 3626 hac
2589 3571 2824 3639 epistola
2854 3571 3014 3625 nobis
3047 3578 3304 3641 quatuor,
3345 3571 3490 3627 unde
3506 3570 3777 3627 ecclesia-

2185 3663 2342 3719 sticae
2374 3663 2621 3718 historiae
2653 3678 2765 3718 non
2793 3677 2962 3732 parva
3005 3662 3099 3717 lux
3125 3663 3378 3728 aﬂ‘ertur,
3421 3673 3519 3717 aut
3552 3663 3781 3717 innote-

2184 3762 2346 3809 scunt
2369 3753 2632 3822 primum,
2667 3761 2762 3806 aut
2781 3759 2930 3806 certe
2965 3751 3384 3806 confirmantur.

2252 3847 2302 3900 l.
2337 3845 2422 3899 Fit
2448 3843 2659 3898 mentio
2695 3843 2898 3898 Juliani
2925 3843 3209 3913 cujusdam
3243 3844 3476 3900 Eridieae
3500 3845 3780 3916 episcopi,

2186 3947 2249 3992 ut
2276 3946 2361 3992 est
2395 3937 2449 3990 in
2479 3935 2646 3992 editis
2672 3936 2961 3990 codicibus
2981 3939 3024 4002 °,
3059 3937 3126 3991 ad
3152 3954 3316 4008 quem
3347 3938 3524 3992 Rufus
3556 3938 3627 3993 de
3665 3937 3782 3995 ﬁde

2185 4029 2585 4093 Niczena,velut
2607 4028 2912 4084 sufliciente
2937 4029 3004 4083 ad
3039 4029 3326 4085 veritatem
3348 4030 3781 4098 ostendendam,

2187 4118 2497 4183 retinenda,
2531 4127 2696 4188 atque
2725 4118 2780 4172 in
2811 4118 3023 4190 synodo
3062 4118 3412 4174 defendenda
3454 4117 3781 4188 Scripserat.

2189 4209 2471 4265 Gerardus
2501 4209 2731 4263 Vossius
2758 4209 2798 4240 '°
2825 4207 3086 4278 opinatus
3119 4217 3224 4271 est,
3273 4209 3422 4262 hunc
3449 4223 3573 4263 esse
3606 4209 3789 4264 Julia-

2187 4317 2322 4356 num
2354 4300 2698 4364 hrereticum,
2729 4299 2846 4369 qui,
2879 4315 3005 4354 cum
3039 4301 3250 4370 ejectus
3285 4315 3352 4354 ex
3395 4299 3552 4354 Italia
3583 4301 3787 4354 confu-

2189 4395 2358 4464 gisset
2387 4393 2455 4447 ad
2479 4394 2770 4457 Asiaticos,
2811 4411 2828 4444 ‹
2863 4392 2933 4448 ab
2963 4393 3050 4448 his
3078 4408 3175 4447 seu
3206 4408 3400 4447 verum
3425 4392 3785 4462 episcopatus

2195 4484 2532 4540 Eridicensis
2565 4484 2855 4550 honorem,
2907 4499 3003 4538 seu
3051 4483 3271 4537 titulum
3321 4483 3513 4537 saltem
3549 4482 3788 4539 honoris

501 4603 568 4642 ea
602 4587 748 4658 quod
776 4587 930 4642 nefas
962 4596 1082 4641 erat
1119 4603 1185 4641 ea
1235 4594 1560 4656 tempestate
1601 4597 1895 4658 utramque
1949 4603 2080 4657 per-
2119 4586 2162 4641 D
2195 4590 2328 4645 ergo
2359 4583 2693 4634 consecutus
2718 4576 2813 4629 sit.
2853 4594 2870 4626 ι
2901 4573 3192 4644 Opinionis
3220 4572 3512 4628 falsitatem
3531 4574 3788 4630 ostendit

504 4693 688 4749 agere,
723 4679 830 4734 nisi
876 4679 933 4733 in
983 4678 1238 4734 ecclesia.
1291 4677 1446 4733 Unde
1484 4679 1772 4733 Nestorius
1829 4677 2084 4747 Philippo

503 4772 828 4843 presbytero
852 4786 1049 4840 magno
1082 4769 1301 4825 crimini
1328 4769 1493 4824 vertit
1522 4769 1692 4840 quod,
1721 4777 1847 4838 post
1872 4769 2085 4823 disces-

506 4863 718 4918 sionem
758 4879 788 4917 a
809 4863 1026 4918 clericis
1051 4863 1370 4933 episcopum
1396 4880 1557 4919 suum
1587 4865 1739 4919 velut
1765 4862 2085 4918 haereticum

504 4953 843 5025 fugientibus
875 4955 1092 5018 factam,
1110 4955 1253 5024 apud
1287 4970 1345 5010 se
1371 4956 1643 5011 coitiones
1669 4961 1728 5010 et
1746 4953 2084 5010 oblationem

505 5048 827 5118 peregisset.
865 5047 1019 5102 Unde
1057 5047 1223 5102 etiam
1252 5047 1639 5104 Theodoretus
1681 5047 1797 5116 ipse
1824 5047 2088 5118 singulari

507 5139 918 5210 dispensatione
971 5155 1102 5194 usus
1135 5149 1240 5203 est,
1281 5155 1408 5195 cum
1453 5139 1508 5193 in
1537 5139 1702 5194 Maris
1725 5138 1968 5195 eremitae
1997 5149 2088 5196 tu-

509 5231 691 5301 gurio,
720 5245 818 5300 pro
859 5231 1019 5283 altari
1053 5247 1184 5286 usus
1228 5232 1587 5286 diaconorum
1634 5230 1906 5297 manibus,
1933 5247 2090 5287 sacra

511 5323 771 5394 mysteria
803 5323 1015 5391 peregit
1038 5324 1080 5375 ⁷.

729 5431 970 5502 Epistola
1009 5433 1124 5498 I70,
1153 5431 1505 5487 Orientalium
1547 5434 1616 5488 ad
1660 5433 1874 5503 Rufum.

584 5523 625 5579 l.
657 5524 807 5578 lianc
841 5523 1221 5579 Theodoretus
1253 5523 1526 5594 nuspiam,
1558 5526 1702 5596 quod
1740 5525 1960 5596 quidem
1989 5540 2088 5579 no-

2197 4665 2536 4731 llolstenius,
2560 4680 2685 4721 eum
2721 4680 2967 4720 errorem
2999 4664 3202 4735 vulgati
3241 4664 3449 4719 codicis
3497 4664 3785 4733 emendat,

2193 4766 2250 4812 et
2275 4757 2401 4812 loco
2427 4758 2526 4827 τῆς
2556 4757 2830 4828 Ἐριδικῆς
2872 4755 3199 4828 Ἐκκλησίας
3219 4756 3354 4827 legit
3380 4755 3479 4826 τῆς
3510 4757 3786 4828 Σαρδικῆς

2211 4849 2562 4920 Ἐκκλησίας.

2260 4963 2317 5018 2.
2347 4962 2565 5017 Dicitur
2606 4959 2848 5032 Cyrillus
2875 4959 3180 5031 depositus,
3221 4974 3334 5016 non
3374 4968 3437 5013 ut
3486 4957 3788 5015 hereticus

2197 5064 2434 5120 tantum,
2487 5054 2576 5110 cui
2605 5053 2832 5124 patebat
2876 5053 3090 5108 reditus
3115 5069 3215 5123 per
3238 5051 3659 5123 paenitentiam;
3685 5051 3786 5108 sed

2197 5157 2456 5218 tanquam
2484 5146 2858 5202 haeresiareha
2904 5145 3023 5199 sine
3064 5145 3176 5198 ulla
3217 5157 3312 5212 spe
3357 5142 3782 5198 restitutionis:

2195 5241 2343 5310 quod
2373 5239 2658 5295 sanciebat
2688 5246 2848 5293 vetus
2878 5236 3142 5292 Ecclesiae
3163 5235 3471 5306 disciplina.

2261 5335 2314 5390 5.
2342 5334 2668 5405 Suspicione
2709 5348 2820 5386 non
2865 5340 3037 5396 caret,
3069 5330 3216 5400 quod
3255 5329 3456 5384 dicitur
3479 5329 3788 5398 imperator

2197 5428 2491 5484 mandasse
2521 5425 2838 5489 Catholicis,
2871 5433 2934 5480 ut
2972 5423 3058 5478 vel
3089 5423 3266 5493 capita
3306 5421 3490 5493 Cyrilli
3519 5431 3782 5490 tanquam

2200 5522 2326 5577 fidei
2346 5520 2577 5576 adversa
2623 5518 2894 5589 rejiciant,
2927 5517 3012 5572 vel
3035 5525 3184 5571 certe
3211 5522 3468 5584 suscepto
3497 5529 3555 5568 in
3584 5526 3782 5568 eorum

1853 5676 2170 5735 SCHULle
2222 5674 2314 5731 NO
2335 5673 2449 5729 ΓΕ.

588 5823 608 5853 ⁷
635 5821 750 5876 Vid.
771 5824 934 5877 etiam
963 5839 1148 5892 supra,
1183 5839 1235 5892 ῃ.
1268 5821 1387 5877 160.

518 5893 817 5951 Sirmoudi.
894 5895 932 5925 ¹⁰
963 5891 1083 5948 Lib.
1112 5910 1125 5949 ι
1155 5891 1372 5948 Dchcrr.
1409 5892 1615 5962 Pciag.,
1648 5908 1764 5962 cap.
1801 5891 1850 5944 6.

1472 5823 1492 5853 "‘
1523 5821 1719 5876 Annal.
1758 5831 1892 5874 tom.
1930 5821 1992 5886 ν,
2030 5835 2082 5889 p.
2123 5820 2243 5875 677.
2322 5819 2341 5850 ⁸
2381 5815 2442 5870 Ut
2472 5846 2536 5855 —-—
2567 5815 2841 5868 codicibus.
2902 5811 2980 5866 lta
3048 5826 3267 5883 quoque
3310 5808 3548 5865 habebat
3609 5806 3779 5864 editio
