4070 6448
341 363 446 430 321

1523 375 1619 435 DE
1658 375 1914 435 LIBRIS
1949 375 2458 439 THEODORETI.

3513 381 3620 446 322

347 477 734 538 defensionem
794 483 1123 550 certamine,
1178 493 1494 540 sanctorum
1545 487 1768 542 Patrum
1813 503 1943 542 con-
1972 495 2012 548 Α
2043 497 2100 543 et
2141 489 2262 559 ipsa
2310 488 2588 561 synodalis
2617 498 2720 556 est,
2747 497 2810 546 ut
2849 507 2950 547 suo
2977 493 3100 548 loco
3129 493 3616 565 demonstrabitur,

347 573 578 630 fessioni
613 585 989 631 consentanea
1013 593 1135 632 esse
1159 579 1336 648 palam
1361 579 1675 636 ostendant.
1711 581 1767 635 Si
1805 581 1937 652 quid

349 665 631 736 ejusmodi
678 668 997 724 mandasset
1039 669 1385 726 Theodosius
1439 672 1769 737 Catholicis,
1829 689 1936 729 non

347 762 507 827 prius
535 761 592 812 in
627 761 822 814 urbem
857 763 1062 831 regiam
1088 763 1154 817 ad
1200 763 1580 819 suﬂiciendum
1616 765 1856 820 Nestorii
1884 781 1938 820 in

347 851 542 902 sedem
571 852 897 921 episcopum
929 854 1255 922 excepisset,
1304 869 1469 924 quam
1513 854 1702 925 Cyrilli
1758 854 1939 924 capita

349 943 735 1003 damnassent,
786 959 908 1012 quae
950 955 1100 998 certe
1141 959 1250 998 non
1304 948 1656 999 damnarunt.
1702 945 1836 998 Nam
1891 947 1936 1001 si

345 1032 730 1096 damnassent,
785 1047 887 1085 cur
933 1032 990 1085 in
1031 1033 1445 1088 conditionibus
1493 1036 1648 1105 pacis
1685 1035 1833 1089 nulla
1877 1034 1936 1090 ﬁt

345 1123 730 1177 damnationis
755 1125 1009 1180 mentio?
1033 1131 1143 1178 Cur
1173 1128 1345 1196 petita
1387 1136 1472 1181 est
1512 1135 1622 1182 tam
1666 1129 1938 1182 instanter

343 1211 408 1265 ab
431 1211 849 1266 Orientalibus?
865 1212 978 1268 Cur
1009 1223 1116 1268 tam
1137 1223 1520 1271 asseveranter
1535 1216 1772 1288 Cyrillus
1798 1217 1936 1271 nihil

345 1320 373 1358 a
396 1321 458 1359 se
491 1305 768 1374 scriptum
802 1307 1108 1371 contendit,
1145 1307 1292 1376 quod
1339 1307 1621 1363 obliterari
1657 1309 1938 1364 deberet?

343 1396 455 1451 Cur
506 1397 919 1461 Theodoretus,
957 1414 1085 1452 eum
1139 1400 1275 1454 alias
1321 1401 1686 1470 capitulorum
1744 1401 1934 1473 Cyrilli

345 1487 598 1540 meminit
623 1488 901 1556 (meminit
928 1504 1083 1552 vero,
1102 1489 1320 1558 quoties
1351 1492 1566 1546 occasio
1591 1507 1650 1547 se
1680 1491 1933 1562 praebet),

351 1577 495 1631 hanc
541 1578 1065 1634 condemnationem
1106 1595 1218 1634 non
1269 1581 1513 1650 objecit?
1563 1581 1672 1636 Cur
1701 1581 1936 1652 Cyrillus

359 1669 548 1722 Acacio
577 1667 863 1732 Meliteno,
899 1669 996 1738 qui
1025 1669 1130 1724 fuit
1175 1686 1320 1726 unus
1352 1671 1420 1726 de
1453 1672 1646 1742 legatis
1687 1672 1932 1728 Catholi-

353 1776 560 1825 corum,
594 1764 856 1832 querenti
886 1765 1036 1833 quod
1059 1765 1211 1820 visus
1230 1774 1379 1820 esset
1397 1765 1683 1835 pristinam
1714 1775 1936 1822 senten-

350 1853 479 1907 tiam
513 1863 869 1919 retraetasse,
897 1872 1025 1911 eum
1062 1856 1424 1912 Orientalium
1461 1856 1624 1912 ﬁdem
1660 1859 1929 1928 probavit,

347 1959 457 1998 non
488 1945 777 2013 respondit
804 1948 963 2017 pejus
990 1947 1252 2017 quiddam
1295 1947 1365 2002 ab
1397 1947 1518 2018 ipso
1547 1947 1774 2013 factum,
1805 1963 1932 2003 cum

341 2036 586 2106 capitula
611 2053 802 2092 coram
828 2039 1186 2109 imperatore,
1201 2041 1547 2111 testibusque
1568 2040 1932 2097 Orientalium

338 2125 535 2195 legatis
561 2128 950 2196 reprobasset?
979 2128 1092 2184 Hac
1124 2130 1291 2185 etiam
1337 2131 1552 2187 ratione
1589 2146 1701 2186 non
1734 2131 1931 2187 imme-

337 2216 446 2270 rito
480 2225 782 2272 revocatur
809 2219 863 2272 in
889 2220 1052 2291 373
1071 2220 1325 2287 dubium,
1367 2238 1490 2292 qua:
1515 2207 1694 2292 nuper
1724 2222 1934 2293 prodiit

337 2308 389 2362 in
422 2309 611 2365 lucem
647 2307 816 2365 Sacra
860 2311 1179 2379 Theodosii,
1217 2315 1505 2385 episcopos
1553 2315 1755 2385 Ephesi
1799 2331 1933 2371 con-

334 2413 594 2474 gregatos
623 2402 960 2459 dimittentis
999 2405 1068 2460 ad
1095 2419 1222 2461 suas
1247 2406 1522 2462 Ecclesias
1552 2425 1566 2458 :
1612 2407 1758 2463 idem
1783 2409 1932 2463 enim

333 2495 694 2550 mendacium
741 2497 1009 2552 continet.
1054 2497 1256 2565 Quare,
1316 2499 1362 2554 si
1417 2499 1542 2569 quis
1591 2501 1933 2570 suppositam

332 2597 492 2658 putet
531 2603 562 2643 a
605 2588 962 2645 Theodoreto
1005 2591 1066 2654 ”,
1103 2600 1198 2646 aut
1238 2607 1269 2646 a
1323 2592 1656 2648 Theodoreti
1684 2593 1932 2648 studioso

334 2677 562 2734 Sacram
581 2722 599 2746 ,
644 2696 759 2736 non
790 2681 1076 2738 videbitur
1101 2683 1245 2739 forte
1268 2699 1299 2738 a
1333 2699 1466 2739 vero
1496 2685 1689 2754 procul
1716 2685 1928 2740 abesse.

400 2771 455 2826 4.
494 2772 722 2838 Mirum,
761 2775 911 2844 quod
953 2775 1204 2831 Euchitae
1235 2784 1291 2831 et
1329 2775 1699 2831 Entbusiastae
1728 2777 1932 2832 dicun-

347 2872 432 2918 tur
453 2865 650 2919 eadem
678 2882 898 2936 sapere,
939 2883 1061 2937 qum
1085 2867 1382 2924 Caelestius
1413 2878 1472 2923 et
1503 2869 1779 2938 Pelagius,
1807 2885 1932 2924 cum

348 2955 615 3027 Pelagiani
641 2959 899 3014 eamdem
930 2959 1231 3016 Catholicis
1265 2962 1574 3032 objicerent
1613 2963 1934 3017 consensio-

340 3064 459 3102 nem
507 3066 636 3104 cum
696 3052 952 3107 Euchitis
999 3061 1055 3108 et
1091 3053 1485 3107 Enthusiastis.
1538 3053 1934 3108 Admirationis

2041 586 2098 632 et
2132 580 2200 632 ab
2232 581 2425 635 eadem
2457 582 2666 654 synodo
2685 584 2877 639 eodem
2915 594 3160 656 tempore
3187 588 3373 642 missa.

2117 670 2202 723 111.
2240 671 2410 726 Docet
2436 673 2723 743 inscriptio
2750 676 2930 730 datam
2962 692 3082 732 esse
3112 679 3174 742 ³³,
3212 694 3336 733 cum
3369 679 3436 733 de
3471 681 3623 750 pacis

2043 761 2458 818 conditionibus
2485 777 2742 835 ageretur
2775 769 2819 798 “
2846 768 2902 821 in
2951 770 3184 824 concilio
3238 773 3465 827 Joannis
3510 776 3622 828 An-

2044 851 2287 906 tiocheni
2335 854 2479 921 apud
2503 856 2766 909 Acacium
2815 857 3184 923 Bcraeensem,
3224 871 3510 930 postquam
3535 879 3625 917 ac-

2040 950 2197 1010 cepta
2224 951 2309 997 est
2332 945 2401 999 ab
2425 944 2797 1002 Orientalibus
2825 949 2999 1002 forma
3025 951 3171 1015 ﬁdei,
3196 969 3356 1021 quam
3385 953 3622 1023 Cyrillus

2047 1034 2450 1100 transmiserat,
2478 1047 2534 1092 et
2571 1039 2890 1108 priusquam
2933 1042 3314 1098 absolveretur
3342 1045 3493 1113 pacis
3522 1061 3622 1099 ne-

2038 1124 2247 1194 gotium
2283 1126 2639 1181 :absolutum
2684 1144 2816 1183 vero
2847 1139 2938 1185 est
2977 1133 3134 1187 initio
3153 1134 3281 1187 anni
3304 1135 3428 1198 455,
3456 1138 3621 1190 missa

2038 1231 2172 1270 vero
2202 1217 2374 1272 forma
2402 1219 2528 1273 ﬁdei
2555 1220 2779 1275 circiter
2804 1221 3180 1292 Septembrem
3211 1241 3453 1280 mensem
3491 1228 3620 1281 anni

2039 1307 2164 1362 452.
2192 1309 2429 1365 Necesse
2461 1319 2546 1366 est
2572 1313 2739 1382 igitur
2783 1316 3099 1385 synodicam
3139 1318 3281 1372 hanc
3329 1320 3431 1372 sub
3457 1321 3620 1373 ﬁnem

2041 1398 2384 1470 Septembris
2423 1412 2518 1458 aut
2555 1420 2744 1460 mense
2786 1405 3008 1462 Octobri
3051 1410 3310 1479 scriptam
3339 1426 3479 1474 esse,
3511 1425 3621 1480 quo

2038 1502 2284 1562 tempore
2315 1497 2559 1566 synodus
2584 1501 2920 1560 autumnalis
2957 1516 3021 1554 ex
3057 1503 3377 1570 praescripto
3411 1502 3621 1557 Nic-aeni

2035 1585 2264 1640 canonis
2290 1587 2358 1640 ab
2373 1587 2846 1658 Euphratensibus
2868 1592 3267 1647 celebrabatur.

2107 1678 2196 1733 IV.
2231 1679 2696 1749 Euphratensium
2717 1698 2883 1751 porro
2913 1683 3112 1738 animis
3141 1685 3521 1740 Theodoretus
3545 1685 3622 1740 ita

2039 1769 2452 1835 dominabatur,
2485 1774 2650 1846 374
2688 1785 2751 1829 ut
2785 1789 2881 1829 eos
2920 1777 2973 1829 in
3021 1792 3148 1831 suas
3168 1783 3373 1847 ‘partes
3405 1790 3620 1846 pertra-

2037 1861 2215 1926 heret,
2241 1879 2351 1932 qua
2375 1865 2566 1928 vellet,
2584 1866 2732 1920 unde.
2759 1865 3012 1922 Nestorio
3033 1868 3230 1922 favisse
3250 1870 3387 1922 nihil
3416 1870 3620 1925 mirum

2034 1961 2119 2008 est
2135 1954 2401 2010 Joannem
2431 1955 2812 2022 Germaniciaz,
2839 1958 3116 2013 Andream
3152 1959 3618 2026 Samosatcnsem,

2037 2045 2410 2103 Alexandrum
2435 2047 2930 2119 Hierapolitanum,
2961 2049 3208 2120 aliosque
3245 2051 3622 2121 Euphratesiae

2040 2141 2309 2209 prasules
2340 2159 2353 2193 :
2385 2157 2566 2210 neque
2592 2141 2758 2196 etiam
2785 2144 2984 2196 mirum
3007 2142 3076 2196 ab
3099 2143 3466 2213 Euphratensi
3493 2161 3624 2214 pro-

2037 2229 2218 2284 vincia
2246 2230 2565 2301 synodicam
2614 2247 2726 2288 non
2773 2231 2944 2286 fuisse
2974 2231 3196 2286 missam
3230 2233 3398 2288 Leoni
3449 2233 3624 2305 impe-

2035 2321 2206 2376 ratori
2244 2329 2370 2391 post
2399 2321 2589 2394 viginti
2629 2323 2874 2392 quinque
2915 2323 3118 2378 abhinc
3159 2339 3352 2388 annos,
3387 2340 3512 2380 cum
3551 2326 3620 2382 de

2035 2413 2209 2469 rebus
2229 2414 2450 2469 concilii
2481 2414 2947 2471 Chalcedonensis
2978 2417 3306 2471 sententiam
3334 2419 3623 2489 episcopo—

2037 2519 2158 2560 rum
2193 2505 2573 2561 sciscitaretur
2611 2525 2622 2560 :
2659 2516 2790 2563 tunc
2816 2508 2964 2563 enim
2999 2508 3083 2563 vel
3126 2510 3393 2575 nondum,
3424 2511 3510 2565 vel
3533 2527 3623 2567 re-

2038 2613 2172 2654 cens
2204 2599 2586 2654 Theodoretus
2630 2600 2865 2667 obierat,
2902 2602 3132 2672 ejusque
3170 2602 3352 2657 adhuc
3395 2603 3622 2673 spiritus

2035 2688 2375 2759 provinciam
2406 2689 2646 2744 tenebat.

2109 2781 2174 2837 ν.
2213 2781 2328 2836 Hac
2354 2783 2584 2851 epistola
2624 2782 2780 2837 Nilus
2818 2781 3324 2840 Thessalonicensis
3370 2794 3428 2841 et
3468 2785 3621 2842 Jose—

2034 2871 2180 2941 phus
2241 2871 2539 2926 Briennius
2587 2873 2743 2928 abusi
2791 2882 2937 2938 sunt,
2993 2889 3118 2928 cum
3158 2876 3225 2929 de
3269 2881 3620 2946 processione

2037 2961 2278 3032 Spiritus
2310 2963 2484 3017 sancti
2509 2963 2884 3032 disputarent,
2909 2964 3332 3033 niterenturque
3369 2965 3618 3020 testimo—

2037 3055 2132 3109 nio
2154 3054 2488 3109 Theodoreti
2517 3054 2777 3123 probare,
2815 3070 2842 3107 a
2864 3053 3072 3124 Cyrillo
3099 3064 3470 3120 retractatam,
3492 3070 3619 3109 cum

335 3154 557 3194 causam
605 3140 995 3196 Theodoretus
1049 3143 1166 3211 ipse
1200 3142 1339 3195 alias
1365 3141 1525 3203 tollit,
1561 3140 1784 3210 quando
1825 3141 1935 3194 Eu—
1961 3170 2002 3226 ε
2039 3162 2144 3217 pax
2175 3145 2431 3208 iniretur,
2466 3160 2629 3214 quam
2679 3144 2980 3198 tradiderat
3023 3144 3078 3198 in
3125 3145 3618 3210 anathematismis,

332 3232 614 3286 cbitarum
658 3233 892 3288 haeresin
938 3241 1124 3304 partes
1156 3234 1295 3288 duas
1329 3233 1589 3288 habuisse
1615 3233 1776 3287 docet
1815 3232 1934 3287 :al—

329 3334 531 3389 teram,
586 3343 698 3397 qua
746 3327 1000 3382 dicerent
1047 3328 1351 3390 hominem,
1411 3342 1537 3381 cum
1589 3332 1929 3391 nasceretur,

324 3421 594 3490 potestati
639 3420 908 3474 daemonis
944 3435 1066 3474 esse
1115 3419 1456 3483 obnoxium;
1510 3418 1764 3481 alteram,
1821 3432 1932 3487 qua

325 3511 610 3580 baptisma
640 3512 782 3566 nihil
816 3512 1251 3582 suscipientibus
1296 3510 1560 3580 prodesse
1597 3514 1932 3564 assererent.

322 3604 576 3659 Primam
608 3603 928 3660 Cuelestiani
962 3602 1263 3658 Catholicis
1287 3600 1620 3667 ;secundam
1662 3599 1932 3655 Catholici

321 3696 689 3752 leestianis
718 3696 1078 3768 objiciebant.
1101 3695 1427 3764 Quanquam
1476 3692 1822 3761 probabilius
1852 3691 1933 3745 vi-

323 3791 556 3853 deatur,
599 3805 713 3844 non
742 3797 851 3842 tam
878 3788 1173 3859 dogmatis,
1203 3801 1370 3857 quam
1397 3783 1804 3840 communionis
1845 3797 1933 3837 so-

324 3883 592 3938 cietatem
621 3881 754 3935 hinc
790 3881 919 3935 inde
955 3880 1227 3950 objectam
1253 3893 1395 3933 esse.

326 4037 582 4110 Epistola
623 4039 745 4102 171,
770 4054 937 4108 quam
969 4036 1322 4110 Theodoretus
1343 4034 1555 4104 scripsit
1587 4033 1933 4088 adJoannem

946 4109 1354 4162 Antiochenam.

400 4245 445 4300 1.
477 4244 544 4299 In
570 4244 725 4300 Actis
758 4261 791 4299 v
824 4243 1040 4316 synodi,
1062 4243 1187 4298 coll.
1222 4243 1275 4308 5,
1306 4241 1510 4312 legitur
1532 4241 1698 4310 hujus
1729 4239 1935 4308 episto-

324 4333 394 4388 lae
440 4333 627 4389 media
679 4333 796 4388 fere
839 4348 989 4402 pars,
1025 4331 1121 4388 sed
1159 4331 1355 4386 Latine
1387 4339 1598 4386 tantum
1623 4332 1666 4362 ⁸⁸
1703 4347 1718 4383 :
1757 4329 1934 4399 proli-

325 4424 548 4478 xiorem
574 4423 750 4478 edidit
776 4422 970 4478 Graece
995 4429 1050 4476 et
1072 4422 1266 4476 Latine
1293 4436 1440 4475 anno
1471 4419 1602 4474 1661
1651 4418 1763 4473 Leo
1789 4418 1934 4472 Alla-

2037 3236 2344 3290 doctrinam
2392 3234 2460 3289 de
2495 3233 2705 3304 Spiritu
2758 3242 2950 3288 saneto
2991 3234 3327 3302 procedente
3373 3251 3403 3288 a
3458 3235 3618 3290 Patre

2034 3339 2091 3383 et
2120 3329 2278 3383 Filio.
2308 3327 2420 3381 Leo
2447 3326 2679 3381 Allatius
2718 3326 2774 3379 in
2815 3325 3059 3379 Vindiciis
3091 3327 3278 3396 synodi
3319 3326 3619 3397 Ephesium,

2034 3431 2095 3476 ut
2129 3422 2273 3475 hanc
2299 3419 2685 3490 probationem
2716 3419 2912 3483 diluat,
2939 3418 3145 3487 excipit
3167 3418 3279 3472 duo
3303 3435 3316 3471 :
3357 3418 3619 3484 alterum,

2033 3512 2321 3582 epistolam
2357 3510 2534 3564 videri
2586 3510 2693 3564 sibi
2727 3509 3133 3580 supposititiam
3163 3527 3176 3574 ;
3229 3509 3460 3564 alterum
3487 3549 3502 3574 ,
3553 3509 3619 3564 de

2039 3605 2391 3660 Theodoreto
2419 3603 2683 3674 Cyrillum
2706 3604 2994 3658 occasione
3022 3603 3186 3675 hujus
3205 3604 3450 3673 epistola:
3478 3604 3620 3674 apud

2031 3697 2296 3752 Joannem
2329 3695 2736 3750 Antiochenum
2765 3703 3020 3764 questum
3052 3710 3193 3750 esse.

2108 3787 2193 3842 Vl.
2230 3786 2344 3841 Nec
2378 3787 2490 3849 hic,
2516 3800 2620 3840 nec
2655 3785 2732 3839 illi
2774 3785 3035 3840 audiendi
3066 3796 3212 3840 sunt.
3255 3786 3392 3841 Nam
3442 3786 3624 3857 primo

2033 3878 2442 3934 inconsiderate
2484 3879 2716 3934 aﬁ‘ertur
2761 3894 2792 3932 a
2839 3878 3206 3933 schismatieis
3246 3878 3622 3934 testimonium

2033 3970 2278 4025 hominis
2332 3969 2599 4024 iracunde
2666 3968 3070 4023 ealumniantis.
3101 3968 3311 4022 Deinde
3371 3969 3621 4032 Allatius,

2033 4077 2159 4118 cum
2187 4061 2578 4126 ait,occasione
2611 4060 2775 4130 hujus
2803 4061 3052 4129 epistolae
3073 4058 3336 4130 Cyrillum
3365 4066 3621 4128 questum

2033 4167 2155 4208 esse
2183 4152 2251 4206 de
2288 4151 2641 4206 Theodoreto
2677 4150 2823 4219 apud
2871 4150 3161 4214 Joannem,
3206 4156 3398 4217 peccat
3427 4156 3618 4201 contra

2034 4243 2306 4297 rationem
2358 4241 2658 4311 temporis;
2712 4240 3159 4312 quandoquidem
3223 4240 3341 4294 hsce
3389 4239 3620 4308 epistola

2033 4333 2159 4388 data
2205 4343 2289 4389 est
2337 4348 2481 4387 anno
2511 4333 2636 4398 452,
2689 4333 2793 4387 sub
2828 4332 3030 4398 ﬁnem;
3076 4332 3310 4402 epistola
3334 4346 3487 4393 vero,
3513 4345 3620 4399 qua

2034 4425 2274 4498 Cyrillus
2298 4426 2571 4495 queritur,
2590 4441 2735 4480 anno
2783 4425 2908 4491 438,
2945 4440 3107 4496 quam
3137 4423 3422 4478 citissime.
3457 4421 3620 4476 Deni-

325 4515 446 4569 tius
478 4515 536 4568 in
584 4513 834 4568 Vindiciis
873 4513 1060 4584 synodi
1097 4512 1378 4584 Ephesium
1409 4527 1426 4565 :
1462 4510 1638 4566 edidit
1666 4519 1722 4565 et
1751 4524 1932 4579 nuper
1961 4522 2008 4579 ι)
2039 4531 2146 4586 que
2169 4516 2236 4570 de
2270 4514 2654 4586 suppositione
2687 4515 2964 4586 excipiun-
2987 4515 3105 4569 sine
3146 4513 3341 4568 idonea
3383 4514 3492 4567 una
3531 4527 3622 4566 ra-

322 4605 645 4662 Cotelerius
704 4606 760 4660 in
825 4605 1178 4660 Monumentis
1240 4603 1491 4658 Ecclesia:
1546 4602 1774 4668 (ἱκεσία
1831 4599 1928 4656 sed

325 4711 573 4769 uterque
621 4700 805 4754 adhuc
848 4698 1097 4752 mutilam
1151 4705 1432 4767 postrema
1464 4705 1640 4766 parte,
1672 4695 1719 4749 si
1744 4693 1930 4749 credi-

324 4808 459 4846 mus
494 4791 673 4846 codici
701 4791 969 4847 Vaticano
989 4830 1002 4853 ,
1042 4790 1201 4860 cujus
1227 4788 1604 4858 apographum
1638 4786 1926 4851 habemus,

323 4900 651 4956 quanquam
683 4899 885 4939 vereor
915 4893 974 4936 ut
999 4882 1160 4936 ﬁdem
1195 4881 1368 4936 codex
1391 4890 1690 4935 mereatur.

397 4975 465 5029 ll.
494 4975 616 5029 Non
639 4973 978 5028 Theodoreti
1011 4973 1183 5028 solius
1201 4988 1344 5036 esse,
1364 4972 1460 5027 sed
1487 4972 1658 5026 totius
1674 4972 1929 5042 Euphra-

318 5071 508 5123 tensis
541 5067 762 5139 synodi,
802 5068 959 5137 cujus
1000 5067 1223 5121 nomine
1264 5065 1332 5120 ad
1363 5065 1630 5121 Joannem
1671 5065 1929 5120 Theodo-

318 5168 491 5213 retus
510 5159 757 5228 scripsit,
780 5159 981 5228 probat
1005 5159 1249 5229 primum
1287 5158 1403 5212 haec
1429 5173 1534 5211 vox
1566 5160 1625 5210 ὲν
1655 5157 1841 5226 κοινῷ,
1873 5158 1930 5211 in

320 5259 610 5303 conventu
641 5265 658 5302 :
681 5249 884 5303 deinde
919 5250 1149 5320 pluralis
1172 5264 1441 5303 numerus
1463 5249 1668 5319 ubique
1694 5247 1928 5318 positus:

320 5342 579 5412 denique
605 5357 694 5406 ea,
717 5357 842 5412 quae
868 5352 998 5398 sunt
1024 5343 1079 5396 in
1107 5341 1340 5413 epistola
1367 5341 1436 5396 ad
1460 5341 1786 5406 Himerium,
1811 5355 1934 5410 quae

2035 4608 2184 4663 tione
2212 4624 2224 4661 :
2259 4607 2446 4662 futiles
2481 4606 2627 4662 enim
2655 4617 2804 4672 sunt,
2823 4623 2959 4676 quas
3004 4606 3238 4660 Allatius
3269 4603 3512 4659 adducit.

2093 4699 2211 4756 Vll.
2244 4699 2382 4754 Tres
2410 4699 2638 4753 omnino
2673 4699 2904 4768 profert.
2935 4696 3247 4767 LEpistola
3272 4696 3375 4751 ista
3403 4696 3624 4750 videtur

2033 4789 2332 4844 admodum
2361 4789 2558 4843 similis
2593 4789 2665 4855 ei,
2697 4804 2818 4858 qua:
2854 4789 2909 4842 in
2947 4789 3099 4843 obitu
3135 4787 3325 4860 Cyrilli
3377 4786 3555 4841 fertur
3591 4801 3624 4842 a

2034 4881 2388 4936 Theodoreto
2420 4881 2678 4936 indecore
2701 4922 2714 4946 ,
2753 4897 2822 4935 ne
2859 4880 3037 4935 dicam
3079 4879 3360 4944 atrociter,
3396 4883 3619 4948 scripta.

2033 4973 2171 5029 Cum
2223 4987 2357 5043 ergo
2398 4972 2762 5042 posteriorem
2811 4972 2970 5026 multi
3024 4971 3360 5042 suppositam
3405 4978 3620 5039 putent,

2035 5065 2182 5120 idem
2213 5064 2502 5119 ferendum
2521 5064 2742 5119 videtur
2761 5064 2830 5118 de
2852 5064 3036 5132 priore
3058 5063 3353 5134 judicium.
3375 5061 3428 5114 2.
3449 5061 3625 5113 Leon-

2037 5156 2148 5210 tius
2191 5164 2380 5210 monet
2419 5155 2624 5209 multas
2665 5154 2734 5208 ab
2775 5154 3052 5208 haireticis
3095 5153 3356 5207 conﬁctas
3385 5150 3620 5204 Nestorii

2037 5253 2095 5300 et
2115 5245 2450 5300 Theodoreti
2483 5256 2708 5300 mutuas
2739 5245 2954 5299 litteras
2984 5261 2996 5296 :
3039 5242 3232 5312 quidni
3278 5241 3362 5294 hae
3400 5239 3618 5292 illarum

2041 5355 2164 5394 unae
2215 5339 2365 5394 sint?
2429 5339 2482 5394 ὅ.
2541 5336 2913 5406 Conqueritur
2964 5332 3219 5403 Cyrillus,
3277 5329 3620 5389 circumferri

1668 5498 1984 5556 SCHULZII
2007 5499 2238 5556 ΝΟΤᾸΕ.

405 5622 450 5655 ¹¹
477 5620 605 5677 Vid.
646 5637 840 5690 supra,
871 5635 926 5690 p.
961 5618 1084 5674 161.

1176 5619 1224 5689 ίξ
1243 5617 1366 5689 Lat.
1399 5625 1628 5689 tantum.
1675 5617 1754 5671 Ita
1794 5630 2015 5689 quoque
2041 5616 2198 5689 apud
2227 5616 2524 5689 Baronium
2571 5612 2781 5689 dunal.
2839 5618 2889 5689 ιε,
2915 5609 2980 5676 V,
3011 5623 3072 5689 ετ
3110 5606 3229 5689 ῖΗ.

3339 5605 3383 5638 ¹³
3419 5604 3479 5660 1η
3513 5620 3617 5660 ms.

313 5675 1028 5764 quodamVinilobiohen-si
1061 5687 1242 5764 (apud
1264 5687 1524 5764 Lambec.
1547 5688 1624 5764 _l._
1650 5675 1889 5764 Iv_,_p.'5,
1925 5675 2006 5764 ξ),
2038 5675 2156 5764 hinc
2211 5691 2429 5764 exstant
2471 5684 2686 5764 in__tine
2745 5682 2893 5764 tituli
2937 5675 3184 5764 epistolae
3206 5693 3225 5764 7:
3248 5675 3624 5764 gypseae

373 5745 569 5816 sim
603 5745 1078 5830 desoloyﬁaacﬁaf
1102 5745 1197 5812 ’ἱὸν
1229 5760 1287 5811 ὲν
1320 5757 1498 5830 ᾁγιοις
1540 5745 1817 5830 ,Κύριὶὶλόν
2044 5758 2143 5818 τὰς
2173 5755 2315 5808 κατὰ
2356 5753 2466 5830 τῷν
2504 5753 2592 5804 ιϐ’.
2620 5751 2940 5821 κεφαλαίων
2973 5745 3216 5820 μέμψεις
3246 5745 3320 5799 Θι

3430 5746 3619 5819 ρήτου.

344 5832 374 5867 ⁸
411 5832 545 5889 Cum
567 5862 638 5874 —
664 5822 936 5904 ageretur.
966 5829 1200 5886 Videtur
1227 5822 1413 5899 potius
1444 5822 1673 5898 scripta,
1703 5841 1829 5881 cum
1854 5822 1965 5898 jam
2006 5833 2188 5882 actum
2220 5833 2366 5880 esset
2393 5822 2462 5876 de
2507 5836 2665 5893 pace.
