4070 6450
313 376 420 440 325

1485 373 1582 433 DE
1619 371 1878 432 LIBRIS
1915 371 2422 434 THEODORETI.

3486 373 3590 444 3‘26

316 485 450 540 nino
499 498 514 548 ;
550 487 607 536 et
649 489 876 551 propter
927 480 1136 545 turbas,
1172 495 1310 550 quas
1335 480 1698 537 discursando
1729 481 1908 536 Theo-
1935 491 1978 544 λ
2007 481 2238 536 Joannis
2261 479 2489 538 inscribi
2523 501 2538 539 :
2575 483 2670 539 sed
2700 483 2846 539 docti
2873 499 3066 540 omnes
3105 483 3218 542 fere
3241 487 3596 549 consentiunt

319 576 548 630 dorctus
571 574 720 628 ciere
759 589 870 626 non
893 573 1126 636 destitit,
1148 574 1335 644 jussus
1355 583 1438 628 est
1461 591 1606 628 anno
1629 575 1750 640 445,
1781 573 1906 645 Cyri

321 667 524 722 ﬁnibus
553 682 612 720 se
643 667 956 732 continere,
985 665 1166 738 magni
1200 666 1286 720 sui
1325 668 1494 722 animi
1527 683 1782 722 maerore.
1815 667 1908 722 Vi-

319 759 384 814 de
409 769 578 828 caput
607 757 639 811 8
675 757 832 812 Vitae.

315 869 566 940 Epistola
619 868 738 940 180,
787 886 949 938 quam
994 869 1450 940 Theodoirctusrad
1487 868 1748 922 Domuum
1791 868 1906 924 Att--

675 939 974 992 tiochcnum
1019 939 1287 1006 scripsisse
1337 939 1546 992 dicitur.

383 1033 428 1086 Ι.
481 1033 694 1086 Inserta
747 1041 832 1085 est
879 1030 1032 1084 Actis
1083 1047 1114 1082 v
1163 1030 1357 1102 synodi
1411 1033 1452 1062 ¹⁶
1485 1029 1780 1098 actione5,
1812 1031 1908 1085 sed

316 1135 584 1195 corrupta
637 1123 996 1194 inscriptione
1031 1139 1042 1176 :
1079 1138 1177 1191 pro
1217 1121 1427 1177 Joanne
1468 1121 1614 1175 enim
1642 1137 1910 1192 reponen-

317 1217 418 1272 dus
461 1217 714 1270 Domnus
765 1215 828 1278 ",
871 1223 929 1269 ut
981 1230 1128 1268 nunc
1151 1229 1344 1268 omnes
1373 1215 1486 1268 fere
1511 1215 1656 1269 docti
1681 1223 1906 1282 norunt,

319 1317 372 1362 et
397 1309 582 1362 series
628 1307 894 1361 Actorum
927 1306 1285 1360 demonstrat.
1319 1306 1532 1376 Scripta
1563 1323 1694 1360 vero
1726 1309 1910 1362 statim

321 1407 486 1469 atque
533 1399 690 1453 venit
741 1399 796 1452 in
845 1397 1129 1452 Orientem
1183 1399 1412 1452 nuntius
1445 1399 1512 1452 de
1545 1399 1700 1453 obitu
1736 1401 1910 1455 sancti

321 1487 552 1560 Cyrilli:
601 1505 778 1558 quare
829 1489 1074 1558 pertinet
1121 1489 1188 1543 ad
1237 1489 1364 1543 anni
1393 1489 1495 1543 444
1519 1505 1766 1544 mensem
1812 1491 1908 1545 Ju-

326 1581 805 1650 lium;siquidem
851 1581 1152 1634 secundum
1202 1581 1516 1650 opinionem
1571 1579 1906 1648 Graecorum,

335 1687 450 1740 quae
503 1671 868 1740 probabilior,
905 1672 1018 1725 vita
1067 1672 1290 1726 functus
1319 1679 1402 1727 cst
1433 1683 1652 1728 sanctus
1673 1673 1910 1744 Cyrillus

331 1761 414 1814 die
441 1761 476 1814 9
503 1761 674 1814 Junii.

389 1851 454 1904 ll.
487 1851 619 1904 Inde
644 1851 814 1905 etiam
851 1852 1150 1908 innotescit
1183 1863 1398 1924 tempus
1453 1871 1563 1925 quo
1608 1855 1794 1910 habita
1827 1865 1912 1912 est

322 1943 537 2006 concio,
589 1947 750 2014 cujus
787 1943 1154 2014 fragmentum
1199 1947 1366 2000 habet
1395 1947 1599 2002 Marius
1619 1949 1908 2014 Mercator,

321 2049 548 2103 qumque
587 2035 786 2088 iisdem
836 2036 1044 2106 quintae
1090 2037 1282 2108 synodi
1307 2036 1459 2092 Actis
1483 2037 1784 2093 inseritur:
1826 2055 1914 2093 se-

319 2135 442 2178 cuta
495 2126 650 2178 enim
704 2135 790 2179 est
833 2125 1148 2194 epistolam,
1195 2135 1358 2196 atque
1403 2127 1476 2180 ita
1522 2127 1717 2182 referri
1747 2127 1912 2184 debet

315 2215 378 2270 ad
407 2225 634 2285 tempus
665 2217 860 2286 synodi
889 2217 1246 2272 Antiochena:
1275 2217 1589 2284 ordinariae,
1634 2219 1700 2274 ad
1746 2235 1912 2290 quam

315 2305 708 2364 Theodoretus
733 2310 882 2364 venit
904 2311 1156 2364 autumni
1187 2319 1455 2381 tempore.

377 2399 473 2454 Ill.
529 2399 954 2470 Supposititiam
1003 2402 1260 2472 opinatur
1301 2403 1597 2458 cardinalis
1627 2403 1788 2476 377
1811 2403 1912 2458 Ba-

315 2491 508 2546 ronius
545 2492 588 2522 ⁸⁸
643 2493 824 2546 tribus
856 2493 923 2548 de
967 2495 1167 2548 causis.
1197 2494 1402 2559 Primo,
1436 2497 1582 2566 quod
1607 2497 1802 2551 Joanni
1830 2497 1914 2550 in-

315 2583 518 2652 scripta
553 2583 668 2648 sit;
716 2597 842 2638 cum
899 2591 1085 2638 tamen
1141 2585 1232 2639 ille
1265 2586 1636 2655 quadriennio
1681 2595 1794 2642 toto
1819 2587 1916 2642 de—

315 2671 540 2726 functus
587 2673 660 2728 sit
691 2683 820 2728 ante
847 2673 1133 2745 Cyrillum.
1175 2676 1405 2740 Deinde,
1446 2677 1593 2747 quod
1619 2678 1688 2732 sit
1717 2679 1914 2734 Nesto-

317 2766 454 2820 riani
505 2766 779 2830 hominis,
833 2777 893 2822 ut
941 2769 1036 2838 qui
1086 2785 1183 2824 eos
1226 2781 1440 2840 arguat,
1469 2772 1564 2840 qui
1587 2773 1758 2826 Deum
1788 2787 1910 2826 esse

325 2873 538 2926 passum
568 2869 852 2914 asserunt.
897 2862 1164 2930 Denique,
1219 2863 1366 2932 quod
1407 2861 1668 2934 Cyrillum
1723 2863 1909 2927 tantis,

335 2955 542 3016 tamque
573 2949 884 3013 atrocibus,
910 2960 1074 3020 atque
1104 2951 1268 3004 etiam
1297 2951 1526 3021 abjectis
1562 2951 1912 3006 contumeliis

327 3037 537 3104 ofﬁciat,
567 3049 630 3094 ut
661 3041 716 3094 in
773 3043 1096 3111 episcopum
1144 3041 1493 3097 Theodoreto
1536 3043 1771 3097 similem
1823 3058 1912 3097 ca-

321 3131 446 3188 dere
465 3134 560 3188 vix
585 3149 750 3204 posse
775 3135 1086 3190 vidcantur.

383 3225 473 3280 IV.
509 3225 656 3280 Ante
685 3226 982 3280 Baronium
1026 3225 1255 3292 nemini,
1293 3226 1440 3296 quod
1472 3225 1910 3291 sciam,vencrat

315 3317 368 3372 in
393 3327 646 3372 mentem
679 3317 796 3373 hate
817 3317 1218 3388 suppositionis
1255 3317 1446 3387 Opinio
1476 3335 1490 3384 ;
1527 3327 1911 3372 verumtamen

311 3419 612 3480 postquam
663 3408 722 3463 in
773 3409 1068 3464 Annalibus
1120 3409 1454 3463 sententiam
1511 3409 1672 3475 dixit,
1705 3409 1913 3478 placuit

311 3501 578 3572 pluribus
618 3511 832 3556 tantum
874 3501 1094 3568 dUCLm,
1119 3503 1240 3557 sine
1262 3503 1374 3556 ulla
1397 3503 1511 3558 fere
1531 3503 1910 3573 inquisitione,

309 3595 526 3665 sequi;
573 3609 680 3650 nec
734 3595 944 3666 placuit
1001 3603 1235 3659 tantum,
1293 3591 1388 3650 sed
1448 3593 1712 3650 addidere
1745 3609 1914 3650 voces

313 3687 724 3758 indignationis
766 3687 1044 3742 iracundae
1090 3687 1302 3758 plenas.
1353 3686 1511 3750 Nam,
1561 3695 1619 3741 ut
1667 3687 1803 3740 alios
1833 3697 1915 3742 ta-

311 3794 498 3842 ceam,
550 3778 902 3834 Christianus
946 3778 1155 3849 Lupus,
1218 3777 1570 3832 «infernates
1627 3777 1729 3849 (sic
1763 3777 1912 3832 enim

313 3870 594 3940 loquitur)
629 3869 856 3940 soloque
888 3869 1136 3925 daemone
1161 3869 1355 3942 dignas
1382 3869 1593 3922 litteras
1627 3887 1645 3920 ι
1679 3869 1818 3923 dixit
1843 3869 1909 3936 ¹⁹,

323 3980 344 4014 ί
375 3977 494 4018 non
547 3961 886 4016 Theodoreti
945 3975 1085 4031 opus
1133 3975 1278 4026 esse,
1307 3967 1402 4014 aut
1428 3959 1595 4014 ullius
1614 3959 1912 4014 Christiani

313 4053 607 4124 episcopi,
665 4052 758 4108 sed
809 4053 1037 4123 pessimi
1084 4067 1322 4117 scurrae,
1373 4049 1811 4122 prostibulique,
1857 4059 1913 4106 ct

313 4143 640 4198 nebulonis.
669 4163 686 4195 ι

385 4233 456 4288 ν.
509 4233 776 4288 Inventus
831 4239 917 4288 est
961 4231 1126 4287 etiam
1161 4247 1360 4302 nuper,
1393 4231 1488 4301 qui
1516 4232 1572 4285 in
1593 4229 1912 4301 praefatione

315 4323 386 4377 ad
407 4323 726 4378 versionem
745 4321 1012 4378 Gallicam
1051 4323 1298 4378 Hister-iw
1330 4323 1695 4376 ecclesiasticae
1734 4322 1914 4376 Theo-

313 4415 502 4470 doreti
556 4416 624 4479 ³³,
660 4431 784 4469 cum
829 4415 1000 4470 vellet
1047 4415 1249 4472 addere
1279 4413 1486 4484 aliquid
1514 4413 1581 4468 de
1606 4429 1706 4468 suo
1729 4413 1794 4468 ad
1829 4431 1911 4468 ra-

1936 3190 1978 3246 C

2009 572 2066 626 in
2095 573 2149 627 id
2175 575 2218 606 ²¹
2269 576 2418 644 quod
2455 583 2704 645 apertum
2739 587 2844 641 est,
2876 593 3072 647 nempe
3111 577 3402 648 irrepsisse
3435 595 3588 637 men-

2009 664 2140 718 dum
2181 665 2236 719 in
2277 667 2713 736 inscriptionem,
2750 671 3085 740 Joannisque
3113 687 3314 726 nomen
3347 689 3447 743 pro
3481 675 3592 729 Dod

2009 773 2140 811 mno
2172 773 2294 812 esse
2337 761 2576 829 positum
2605 761 2674 815 ab
2719 761 2974 831 imperito
3017 763 3263 818 librario.
3298 767 3470 820 Nemo
3513 775 3595 822 ta-

2009 851 2136 902 men
2161 849 2404 918 prudens
2442 851 2662 914 dixerit,
2690 867 2808 906 cam
2843 853 2913 906 ob
2954 869 3171 908 causam
3203 855 3354 925 rejici
3392 857 3594 912 debere

2009 940 2320 1009 epistolam.
2379 942 2516 1009 Quis
2577 945 2722 997 enim
2785 943 3118 999 Theodoreti
3172 935 3433 1016 epistolas
3489 947 3592 1002 ll'l

2009 1039 2067 1086 et
2097 1031 2199 1088 l'59
2223 1033 2592 1101 repudiandas
2617 1041 2857 1098 censeat,
2911 1035 3012 1088 etsi
3061 1036 3348 1106 utriusque
3399 1037 3598 1094 inscri-

2010 1123 2126 1192 ptio
2155 1123 2497 1178 mentiatur?
2538 1125 2673 1179 Nam
2699 1125 2746 1154 “
2775 1140 2952 1194 neque
2995 1127 3147 1194 prior
3168 1129 3234 1182 ad
3259 1127 3594 1186 Florentium

2010 1215 2335 1284 epise0pum
2384 1217 2512 1270 data
2559 1223 2663 1280 est,
2707 1231 2887 1286 neque
2935 1219 3206 1286 posterior
3229 1221 3292 1274 ad
3323 1222 3590 1291 Asparem

2011 1307 2336 1372 consulem,
2390 1323 2516 1362 cum
2571 1307 2663 1362 illa
2715 1309 2786 1362 sit
2832 1309 2900 1362 ad
2941 1310 3151 1378 plures,
3223 1311 3326 1366 ista
3373 1329 3504 1368 vero
3529 1315 3596 1370 ad

2023 1398 2294 1453 Avienum
2321 1399 2602 1453 consulem
2633 1399 2701 1464 ",
2733 1409 2896 1468 prout
2928 1401 3131 1470 scripta
3155 1405 3483 1472 supponitur
3503 1413 3598 1460 aut

2012 1505 2159 1544 anno
2217 1490 2342 1555 449,
2391 1499 2487 1545 aut
2529 1489 2651 1546 450.
2695 1491 2858 1546 Certe
2901 1491 3078 1562 Aspar
3116 1495 3460 1549 consulatum
3488 1509 3598 1551 non

2011 1580 2202 1649 gessit,
2226 1595 2337 1648 quo
2363 1589 2606 1648 tempore
2631 1579 3016 1636 Theodoretus
3039 1583 3108 1638 de
3157 1584 3360 1654 injuria
3407 1585 3514 1639 sibi
3566 1601 3598 1640 a

2011 1671 2273 1725 Dioscoro
2305 1671 2447 1724 facta
2481 1671 2746 1740 conqueri
2771 1673 2968 1740 potuit.

2082 1759 2218 1814 Vlll.
2265 1760 2573 1814 Fatendum
2621 1777 2839 1830 quoque
2888 1764 3178 1832 epistolam
3231 1766 3374 1821 hanc
3399 1767 3600 1821 Nesto-

2013 1851 2154 1906 riani
2181 1853 2421 1908 hominis
2447 1868 2584 1923 opus
2609 1869 2729 1908 esse
2757 1872 2772 1921 ;
2805 1871 2994 1908 verum
3022 1857 3152 1912 inde
3185 1858 3404 1912 Baronii
3458 1859 3598 1912 ratio

2011 1943 2364 2014 infringitur:
2394 1959 2518 1998 nam
2553 1943 2758 1999 idcirco
2785 1947 2989 2000 inserta
3018 1957 3104 2002 est
3134 1947 3285 2004 Actis
3325 1967 3358 2002 v
3381 1949 3596 2021 synodi,

2011 2041 2074 2088 ut
2125 2035 2254 2090 inde
2298 2035 2681 2092 Theodoretus
2733 2039 3116 2094 consensionis
3159 2055 3284 2094 cum
3341 2039 3596 2096 Nestorio

2012 2129 2440 2184 convinceretur
2467 2147 2478 2182 :
2502 2139 2558 2184 et
2573 2147 2706 2186 vero
2727 2132 2873 2201 quod
2891 2133 3128 2202 scriptor
3149 2147 3244 2189 eos
3268 2143 3475 2205 arguat,
3503 2136 3597 2206 qui

2009 2219 2184 2274 Deum
2211 2237 2431 2290 passum
2458 2237 2580 2278 esse
2636 2233 2910 2289 asserunt,
2950 2233 3142 2278 contra
3180 2225 3476 2281 B’aronium
3517 2228 3600 2282 fa-

2011 2310 2106 2374 cit,
2146 2319 2206 2366 ut
2237 2311 2341 2366 hoc
2375 2313 2672 2368 abhorreat
2699 2329 2726 2368 a
2757 2315 3088 2373 Theodoreti
3107 2317 3273 2386 378
3298 2319 3595 2382 sententia,

2011 2407 2076 2454 ut
2127 2401 2333 2470 ubique
2395 2404 2600 2473 passim
2649 2404 2708 2458 in
2756 2405 2930 2474 ipsius
2979 2407 3198 2477 scriptis
3239 2408 3355 2462 haec
3405 2408 3596 2464 eadem

2010 2491 2369 2559 reprehensio
2390 2501 2664 2549 occurrat.

2082 2581 2173 2636 IX.
2235 2583 2538 2640 Fatendum
2592 2587 2832 2656 denique
2889 2587 3154 2660 Cyrillum
3217 2591 3272 2644 in
3323 2607 3388 2646 ea
3439 2591 3596 2646 illudi

2012 2675 2364 2730 contumeliis
2399 2677 2684 2732 atrOcibus
2734 2687 2790 2734 et
2841 2681 3108 2751 abjectis:
3152 2683 3246 2736 sed
3299 2699 3402 2738 nec
3451 2683 3598 2740 istud

2011 2762 2144 2818 facit
2187 2779 2288 2834 pro
2343 2764 2582 2820 Baronio
2609 2786 2621 2821 :
2661 2783 2790 2822 nam
2815 2769 3195 2826 Theodoretus
3219 2773 3501 2827 collectam
3529 2789 3596 2828 ex

2013 2853 2176 2923 longo
2237 2854 2404 2908 bilem
2453 2857 2518 2920 ⁸⁵,
2573 2871 3054 2927 compressamque
3107 2870 3280 2923 metu,
3316 2861 3596 2915 exundare

2015 2935 2256 3006 tandem,
2307 2961 2430 2998 cum
2465 2945 2640 3000 libere
2687 2947 2946 3016 primum,
2971 2949 3102 3002 licet
3124 2948 3455 3018 impotenter
3475 2965 3601 3019 per-

2017 3037 2226 3089 mittit:
2267 3036 2654 3102 familiaribus,
2699 3047 2760 3092 ut
2795 3039 2876 3104 ﬁt,
2911 3039 3135 3104 litteris,
3168 3040 3312 3109 apud
3355 3041 3598 3108 singula-

2016 3143 2134 3182 rem
2168 3129 2426 3192 amicum,
2463 3129 2532 3184 de
2559 3129 2776 3184 infenso
2805 3131 3220 3200 communique,
3265 3139 3325 3185 ut
3373 3133 3596 3201 quidem

2011 3219 2260 3289 putabat,
2295 3219 2540 3286 inimico,
2565 3219 2632 3276 de
2659 3219 2884 3276 homine
2914 3221 3010 3290 qui
3053 3235 3272 3286 novam,
3327 3221 3600 3292 pejorem—

2011 3325 2120 3382 que
2151 3312 2352 3380 prima,
2379 3312 2714 3368 moliebatur
2739 3312 3214 3382 Constantinopoli
3238 3313 3458 3384 utrique
3504 3329 3598 3369 ac-

2011 3404 2378 3468 cusationem,
2410 3417 2634 3458 sensum
2661 3405 2830 3459 animi
2863 3407 3168 3475 deponens,
3194 3409 3453 3473 exsultat,
3479 3425 3600 3480 gra-

2011 3496 2328 3565 tulaturque
2355 3495 2537 3549 datam
2573 3495 2732 3550 hoste
2761 3503 3036 3566 prostrato
3065 3513 3094 3550 a
3142 3497 3255 3552 Deo
3287 3499 3594 3554 victoriam.

2009 3587 2132 3643 Non
2175 3603 2312 3658 ergo
2356 3587 2579 3650 mirum,
2607 3587 2706 3643 sed
2729 3589 2996 3644 credibile
3021 3590 3226 3658 potius,
3257 3599 3482 3661 propter
3506 3607 3600 3646 ex-

2011 3679 2340 3748 perientiam
2373 3687 2482 3732 tam
2525 3677 2800 3734 infelicem
2829 3695 2992 3750 quam
3021 3681 3419 3749 quotidianam,
3449 3683 3598 3752 quod

2013 3769 2182 3824 homo
2207 3769 2430 3824 aliunde
2457 3771 2656 3836 bonus,
2695 3772 2934 3827 humana
2967 3789 3158 3843 passus
3187 3775 3277 3840 sit,
3301 3775 3601 3846 impotens-

2013 3875 2120 3932 que
2157 3871 2214 3916 et
2257 3861 2354 3918 ira:
2386 3871 2614 3933 propter
2652 3863 2968 3920 frustratam
3022 3866 3212 3936 gloriae
3257 3870 3272 3888 '
3321 3883 3496 3938 spem,
3541 3879 3599 3924 et

2013 3953 2199 4024 gaudii
2231 3963 2458 4024 propter
2484 3955 2860 4010 adversarium
2887 3957 3184 4021 sublatum,
3217 3957 3442 4029 indigna
3476 3961 3600 4030 cpi-

2013 4061 2182 4115 scopo
2207 4047 2310 4100 sibi
2339 4045 2595 4101 excidere
2616 4061 2812 4115 passus
2834 4046 2924 4100 sit.

2083 4138 2150 4192 X.
2197 4137 2306 4192 Sed
2357 4151 2480 4207 qua:
2537 4137 2755 4191 tandem
2807 4137 3052 4192 convicia
3081 4137 3463 4194 Theodoretus
3489 4139 3598 4212 Cy—

2013 4229 2137 4283 rillo
2160 4229 2252 4282 hic
2275 4227 2426 4291 fecit,
2454 4228 2658 4298 quibus
2679 4229 2948 4283 atrociora
2970 4230 3024 4283 in
3045 4229 3322 4295 eumdem,
3350 4231 3600 4302 aliosque

2014 4323 2392 4378 sanctissimos
2445 4319 2614 4385 viros,
2677 4337 2788 4376 non
2848 4320 3109 4376 effuderit
3157 4322 3484 4378 indubitatis
3539 4325 3596 4380 in

2013 4413 2230 4468 libris?
2283 4411 2484 4466 Malum
2539 4411 2630 4465 hic
2686 4413 2948 4465 hominem
3001 4419 3160 4466 vocat
3211 4421 3266 4466 et
3324 4415 3594 4480 miserum,

311 4508 504 4563 tiones
539 4507 776 4572 Baronii,
803 4509 1138 4562 asseveravit
1158 4506 1446 4578 septennio
1471 4507 1736 4562 Joannem
1785 4516 1912 4561 ante
1946 4526 1990 4582 ι)
2025 4525 2043 4556 ‹
2073 4508 2231 4577 cujus
2275 4505 2589 4575 malignitas
2617 4503 2876 4559 Ecclesia:
2901 4503 3054 4558 velut
3089 4505 3260 4574 pestis
3287 4521 3317 4559 a
3347 4505 3458 4560 Deo
3491 4507 3594 4561 im-

308 4597 586 4668 Cyrillum
619 4597 728 4652 fato
759 4611 884 4654 esse
915 4597 1184 4662 functum,
1215 4598 1270 4650 in
1309 4611 1419 4666 quo
1457 4596 1908 4666 parachronismo

309 4705 430 4744 non
487 4689 685 4744 leviter
745 4691 1052 4758 peccavit:
1110 4687 1348 4760 Cyrillus
1397 4689 1544 4742 enim
1604 4687 1908 4742 certissime

309 4795 466 4834 anno
487 4779 592 4832 444
617 4778 916 4832 defunctus
944 4787 1046 4838 est,
1079 4777 1317 4832 Joannes
1336 4775 1459 4840 440,
1487 4783 1582 4830 aut
1605 4775 1729 4830 441.

383 4871 476 4926 Ἦ.
519 4871 720 4925 Verum
754 4870 1120 4934 dimissohoc
1157 4877 1380 4923 auctore
1424 4883 1548 4922 cum
1603 4883 1705 4923 suo
1751 4881 1910 4936 para-

307 4963 665 5026 chronismo,
715 4961 946 5015 dimisso
989 4974 1208 5029 quoque
1247 4959 1401 5029 Lupo
1435 4973 1560 5013 cum
1589 4957 1907 5012 iracundio-

307 5055 478 5110 ribus
525 5055 779 5120 vocibus,
837 5053 1215 5114 examinemus
1265 5067 1386 5123 qua:
1419 5049 1711 5107 Annalium
1769 5049 1907 5104 scri-

305 5155 447 5216 ptor
489 5146 703 5216 objicit.

389 5239 508 5295 VII.
553 5237 862 5293 Fatendum
896 5246 982 5294 est
1021 5237 1075 5291 in
1105 5236 1344 5308 vulgatis
1379 5233 1663 5292 codicibus
1707 5249 1907 5288 nomen

2015 4609 2202 4669 putata
2232 4599 2322 4653 sit.
2364 4617 2381 4648 ι
2417 4599 2496 4652 Eo
2526 4598 2674 4652 enim
2705 4597 2888 4650 omnia
2933 4597 3204 4651 recidunt.

2083 4691 2176 4746 Xl.
2209 4692 2276 4745 At
2301 4692 2358 4744 in
2397 4691 2626 4759 epistola
2654 4689 2720 4742 ad
2764 4689 3029 4744 Joannem
3087 4687 3491 4742 Antiochenum
3549 4689 3597 4721 "

2015 4779 2308 4850 praeposita
2329 4778 2746 4848 reprehensioni
2766 4779 3350 4834 anathematismorum
3370 4781 3601 4835 sanctis-

2017 4873 2216 4927 simum
2244 4870 2552 4926 divinitatis
2579 4869 2784 4924 Christi
2815 4869 3163 4926 defensorem
3206 4881 3366 4927 vocat
3411 4883 3596 4942 pasto-

2016 4981 2154 5026 rem,
2215 4983 2233 5014 ‹
2269 4963 2363 5033 qui
2391 4961 2674 5016 crudelius
2709 4961 2843 5015 feris
2865 4977 2996 5016 oves
3025 4977 3152 5016 suas
3179 4963 3472 5033 discerpat,
3501 4963 3597 5032 qui

2015 5053 2120 5108 sub
2165 5052 2386 5123 pietatis
2423 5049 2646 5106 nomine
2691 5051 2930 5106 haereses
2979 5059 3036 5106 et
3065 5052 3430 5121 blasphemias
3459 5065 3598 5122 prte-

2016 5145 2184 5206 dicet,
2230 5143 2324 5212 qui
2371 5141 2592 5212 impiam
2636 5141 2943 5196 doctrinam
2977 5151 3223 5204 renovet,
3257 5143 3413 5211 cujus
3441 5139 3596 5209 capi-

2017 5235 2134 5289 tula
2157 5234 2472 5288 haereticum
2493 5247 2714 5287 sensum
2739 5231 3078 5294 contineant,
3121 5249 3138 5280 ι
3169 5239 3274 5283 etc.

1667 5383 1988 5440 SL'HULZII
2037 5383 2260 5439 ΝΟΤᾸΕ.

2547 5521 2668 5576 174.

2757 5519 2800 5552 ¹⁸
2831 5515 2953 5574 Vid.
3015 5519 3212 5576 Annal.
3249 5529 3290 5575 t.
3321 5520 3410 5584 Vl,
3443 5533 3498 5588 ιι.
3525 5519 3598 5575 23

2545 5591 2658 5647 Nec
2686 5589 2972 5646 doctorum
3014 5592 3334 5658 applausum
3371 5590 3596 5655 meruit,

389 5537 438 5568 “
469 5534 594 5588 Vid.
629 5531 828 5588 Mansii
862 5529 1080 5586 Collect.
1129 5527 1317 5583 concil.
1361 5536 1402 5582 t.
1429 5525 1522 5594 lX,
1567 5543 1622 5596 p.
1655 5525 1760 5596 293
1809 5541 1925 5596 seq.
2005 5523 2204 5596 "__Vid.
2237 5538 2400 5592 supra

2411 5564 2424 5588 ν
2455 5537 2510 5623 ξολ·

301 5621 439 5677 aeq.
518 5607 562 5636 ¹⁹
589 5603 750 5658 Tom.
775 5603 796 5656 l
819 5601 1018 5664 sehol.,
1043 5617 1163 5670 pag.
1199 5598 1320 5653 720.
1397 5599 1442 5630 ⁸ο
1474 5598 1534 5652 1η
1562 5594 1866 5652 Cousinum
2029 5594 2176 5677 diota
2233 5601 2381 5648 sunt.
2459 5594 2502 5623 “
2545 5594 2658 5672 Nec
2686 5594 2972 5672 doctorum
3014 5594 3182 5672 apolan

301 5692 424 5716 non
459 5675 602 5716 sulm
632 5683 824 5716 anna-la
848 5671 957 5716 dini
984 5679 1168 5716 natast
1197 5669 1298 5716 ista
1341 5667 1680 5716 hvnnthesis-
1709 5682 1832 5716 auat
1879 5683 1969 5716 vix
2009 5667 2248 5716 almuam
2305 5663 2468 5716 habet
2515 5677 2630 5716 verl
2667 5676 2928 5716 suecnem.
3004 5661 3050 5689 "
3083 5661 3182 5716 th

299 5667 426 5732 ιιεὲ
459 5675 602 5732 adeo
631 5683 824 5744 aperta
848 5671 958 5726 dici
984 5667 1168 5740 potest
1195 5669 1300 5726 ista
1341 5667 1680 5742 hypothesis,
1709 5682 1832 5736 quae
1879 5683 1910 5720 v

295 5745 424 5800 543
461 5761 578 5814 seq.
659 5743 708 5775 ”
733 5741 1078 5814 Vid._supra,
1106 5755 1164 5810 p.
1197 5737 1322 5795 352.
1401 5739 1444 5770 "
1477 5737 1632 5794 Justo
1665 5735 1910 5806 iniquius

2012 5667 2078 5721 ali
2125 5680 2248 5718 nam
2305 5667 2468 5716 habet
2515 5667 2630 5716 veri
2667 5667 2928 5730 speciem.
3004 5667 3050 5689 “
3084 5667 3206 5716 Vid.
3245 5677 3431 5731 supra,
3467 5676 3592 5730 pag.

2012 5751 2052 5790 :c
2079 5681 2226 5790 git-ta
2257 5740 2310 5788 et
2339 5731 2408 5786 ab
2439 5729 2660 5802 ingenio
2687 5729 3016 5788 Theodoreti
3041 5731 3206 5787 nimis
3230 5725 3416 5787 alicna'
3443 5741 3596 5788 sunt.

299 5817 356 5850 ’⁸
399 5815 522 5870 Vid.
543 5811 734 5884 supra,
767 5829 822 5883 p.
855 5811 960 5866 363
978 5827 1094 5882 seq.
