4070 6452
533 313 638 378 327

1663 317 2040 379 GARNERII
2084 316 2581 378 DISSERTATIO
2618 315 2702 378 II.

3691 320 3789 388 328

603 425 712 481 XII.
743 423 812 480 Et
835 423 890 478 in
911 422 1142 494 epistola
1165 421 1232 478 ad
1256 422 1456 477 Rufum
1478 423 2026 482 Thessalonicensem
2047 425 2114 487 ",
2147 428 2189 483 A
2221 437 2502 492 nunquam
2525 423 2725 492 potuit,
2745 421 3094 487 sententiam,
3116 420 3251 476 Deus
3273 439 3456 494 passus
3477 433 3573 478 est.
3593 426 3793 492 Quinta

539 535 558 568 ‹
584 513 1006 570 ὶιαξτθείειι-εὶιθιιι
1045 521 1236 577 vocat,
1281 513 1672 584 hominemque
1729 530 2114 584 perversorum

531 606 847 675 dogmatum
890 614 1192 668 auctorem,
1241 606 1337 675 qui
1383 606 1748 661 orthodoxam
1797 606 1958 661 [idem
1990 623 2116 661 cor-

532 707 774 766 rumpat,
797 697 955 765 cujus
981 695 1160 764 capita
1207 695 1262 750 in
1292 697 1596 767 perniciem
1628 698 1888 754 Ecclesia:
1919 714 2119 769 propo-

533 789 635 843 sita
668 788 794 841 sint.
829 805 846 836 ι
900 785 1000 838 Hic
1022 801 1152 856 ergo
1183 787 1420 842 libenter
1468 789 1796 858 interrogem
1822 790 2119 860 rejectorcs

531 878 794 946 epistolw,
841 892 910 929 an
958 892 1068 930 non
1122 876 1263 930 malo
1293 879 1524 940 homine,
1554 880 1845 949 miseroque
1869 881 2020 950 pejor
2045 879 2120 932 sit

533 970 936 1024 haeresiarcha?
973 987 1039 1023 an
1088 987 1197 1025 non
1226 971 1557 1042 malignitate
1588 973 1970 1028 detestabilior
2013 976 2116 1027 im-

530 1064 720 1132 pietas,
752 1065 984 1122 haeresis.
1012 1063 1337 1134 blasphemia
1362 1066 1386 1118 ?

602 1155 741 1210 XIII.
798 1156 904 1211 Sed
951 1157 1156 1226 quibus
1200 1157 1449 1212 dieteriis
1473 1157 1780 1228 insequitur
1811 1157 2119 1227 Ephesinos

532 1246 740 1311 Patres,
796 1247 851 1301 id
907 1257 1012 1310 est,
1065 1248 1327 1303 Ecclesia:
1384 1249 1658 1314 doctores,
1711 1258 1768 1303 et
1814 1247 2118 1303 sanctitatis

532 1339 867 1408 magistros?
923 1359 939 1390 ‹
977 1339 1156 1394 Mente
1209 1350 1396 1410 captos
1453 1340 1722 1404 nominat,
1784 1349 2120 1410 spontaneos

533 1443 708 1482 caecos
762 1437 821 1482 et
872 1429 1094 1484 invidia:
1141 1430 1430 1500 mancipia,
1464 1429 1838 1492 theomachos,
1874 1437 2120 1498 pastores

534 1520 629 1588 qui
665 1536 885 1591 gregem
917 1522 1062 1591 lupis
1092 1523 1328 1586 tradant,
1357 1521 1451 1592 qui
1483 1521 1680 1576 ovibus
1703 1521 1894 1577 noxias
1917 1521 2119 1577 herbas

535 1613 838 1682 porrigant,
868 1632 886 1664 ι
927 1623 1036 1668 etc.
2075 1646 2138 1674 κ

609 1703 746 1758 XIV.
796 1705 867 1758 At
921 1706 1160 1775 excipiet
1201 1705 1341 1760 forte
1390 1705 1664 1776 quispiam
1697 1724 1709 1758 :
1738 1706 1970 1776 Scripsit
2002 1707 2119 1761 haec

535 1793 915 1850 Theodoretus
940 1797 1132 1865 primis
1172 1799 1532 1868 temporibus,
1560 1815 1686 1854 cum
1720 1800 1964 1852 nondum
1989 1815 2117 1868 per-

533 1887 763 1941 vidissct
809 1889 1174 1957 capitulorum
1229 1906 1452 1946 sensum
1492 1891 1863 1946 catholicum:
1901 1890 2121 1960 scripsit

533 1987 659 2032 ante
714 1995 903 2048 pacem
931 1981 1326 2045 Ecclesiarum,
1367 1999 1492 2038 cum
1517 1983 1714 2039 infensi
1739 1990 1923 2038 essent
1948 1981 2120 2036 animi

533 2079 629 2121 aut
656 2077 807 2122 certe
856 2084 982 2124 cum
1037 2072 1283 2126 nondum
1337 2073 1593 2128 rediissct
1644 2089 1768 2128 cum
1808 2073 2010 2144 Cyrillo
2062 2074 2118 2127 in

533 2157 783 2226 gratiam.
811 2158 1008 2214 Fateor
1031 2161 1085 2216 id
1113 2177 1278 2229 sane;
1303 2145 1494 2217 verum
1519 2179 1586 2218 ne
1605 2178 1746 2218 anno
1773 2163 1997 2234 quidem
2017 2163 2120 2218 449

535 2247 870 2318 deposuerat
911 2266 1067 2306 suam
1093 2253 1160 2308 de
1188 2254 1448 2324 capitulis
1472 2255 1812 2325 opinionem,
1837 2271 1963 2309 cum
1987 2255 2122 2311 scri-

534 2337 673 2394 bens
720 2341 931 2396 Domno
973 2347 1162 2398 veneni
1212 2344 1370 2416 plena
1405 2345 1634 2401 diceret.
1681 2347 1971 2418 Nunquam
2009 2346 2120 2402 nisi

534 2432 756 2486 attritus
777 2433 955 2498 malis,
987 2435 1132 2504 quod
1159 2435 1324 2506 379
1350 2437 1580 2508 contigit
1611 2448 1736 2508 post
1769 2454 1972 2493 annum
1993 2439 2119 2504 447,

535 2523 589 2578 in
622 2539 811 2593 pacem
847 2526 1217 2582 Ecclesiarum
1271 2531 1583 2585 consentire
1626 2531 1778 2586 visus
1825 2540 1928 2596 est,
1981 2548 2122 2586 nun—

534 2632 700 2685 quam
748 2617 963 2672 sincere
1002 2619 1207 2685 Cyrillo
1253 2623 1638 2678 reconciliatus
1679 2631 1782 2688 est,
1817 2623 1963 2694 quod
1989 2639 2124 2694 qne-

535 2706 675 2761 ritur
704 2707 938 2779 Cyrillus
960 2710 1157 2764 Joanni
1180 2712 1450 2769 scribens.

606 2797 721 2852 XV.
767 2799 874 2854 Sed
934 2808 992 2854 ut
1043 2802 1388 2858 manilestius
1438 2813 1641 2874 pateat,
1692 2820 1855 2875 quam
1905 2806 2122 2861 levibus

534 2892 868 2961 conjecturis
903 2895 1114 2950 nitatur
1139 2896 1328 2965 opinio
1352 2897 1758 2966 repudiantium
1808 2899 2120 2969 epistolam,

535 2998 716 3052 opera:
747 2985 985 3054 pretium
1013 2994 1097 3041 est
1122 3002 1241 3040 eam
1272 2989 1436 3057 paulo
1459 2990 1722 3044 attentius
1745 2991 2119 3046 considerare.

2218 521 2428 568 tantum
2478 514 2658 580 abest,
2703 524 2760 568 ut
2803 514 3198 585 suppositionis
3219 517 3593 585 conjecturam
3616 517 3790 588 juvet,

2219 612 2278 656 ut
2309 612 2536 674 propter
2568 607 2983 661 consonantiam
3019 622 3144 661 cum
3182 607 3508 664 indubitatis
3549 608 3794 666 historia:

2217 691 2583 756 documentis,
2633 703 2846 748 certum
2897 695 2968 749 sit
2999 695 3333 750 Theodoreti
3378 697 3622 752 auctoris
3644 697 3792 768 judi-

2218 784 2364 837 cium
2390 801 2403 850 ;
2437 783 2581 838 idem
2625 785 2771 838 enim
2803 785 2985 850 docet,
3017 785 3163 856 quod
3193 786 3428 858 Cyrillus
3459 787 3514 840 in
3550 788 3796 858 epistolis

2218 875 2284 929 ad
2319 876 2610 930 Maximum
2655 879 2968 943 diaconum,
2997 878 3062 933 ad
3095 880 3353 933 Acacium
3383 878 3698 934 Melitenum
3729 881 3796 936 de

2217 967 2472 1032 Maximo,
2510 967 2576 1020 ad
2603 968 2831 1022 clericos
2871 978 2926 1022 et
2956 969 3290 1039 Lamponem
3326 969 3705 1042 presbyterum
3729 972 3796 1026 de

2218 1060 2466 1130 ejusdem
2497 1061 2713 1115 Maximi
2753 1063 3014 1131 querelis,
3043 1063 3110 1116 ad
3133 1063 3381 1116 Proclum
3413 1061 3798 1117 Constantino-

2219 1156 2543 1224 politanum,
2585 1155 2842 1226 quodque
2883 1155 3265 1210 Theodoretus
3300 1155 3356 1210 in
3405 1157 3650 1226 epistolis
3706 1157 3796 1224 84,

2219 1247 2306 1307 85,
2343 1253 2450 1300 etc.

2290 1337 2452 1394 XVII.
2488 1338 2566 1392 Ad
2603 1339 2739 1405 haec,
2775 1354 2896 1408 qua:
2923 1354 3024 1409 pro
3048 1338 3410 1395 defendendis
3441 1340 3646 1410 quintae
3668 1357 3800 1412 syn-

2217 1429 2310 1484 odi
2354 1430 2526 1494 Actis,
2557 1430 2760 1500 quibus
2803 1430 3035 1501 cpistola
3062 1431 3344 1495 inseritur,
3369 1432 3634 1487 hactenus
3655 1433 3803 1488 dicta

2220 1529 2370 1586 sunt,
2393 1522 2608 1576 accedit
2635 1521 2894 1592 primum,
2925 1522 3072 1592 quod
3095 1523 3230 1576 nihil
3253 1523 3522 1594 dogmatis
3542 1523 3806 1594 objicitur

2218 1613 2444 1685 Cyrillo,
2472 1622 2667 1685 prmtcr
2693 1615 2743 1668 id
2775 1615 2922 1685 quod
2951 1615 3156 1684 ubique
3183 1616 3321 1670 solet
3357 1632 3388 1669 a
3417 1616 3802 1671 Theodoreto:

2229 1725 2246 1756 ι
2283 1706 2447 1768 Deus,
2482 1722 2700 1776 nempe,
2726 1722 2936 1775 passus,
2971 1716 3146 1761 morte
3176 1707 3525 1763 circumdans
3547 1719 3802 1766 naturam

2222 1797 2604 1852 immortalem.
2655 1817 2673 1848 ι
2728 1797 2958 1861 Deinde,
3014 1798 3184 1868 quod,
3221 1799 3264 1853 si
3297 1816 3406 1870 qua
3452 1800 3647 1857 fuisset
3671 1803 3802 1857 olim

2222 1885 2619 1956 suppositionis
2657 1885 2868 1956 species
2911 1885 2996 1939 vel
3046 1885 3264 1951 umbra,
3295 1885 3626 1940 schismatici
3653 1897 3804 1942 certe

2222 1977 2388 2031 trium
2419 1977 2656 2047 capitum
2690 1975 3030 2039 defensores,
3081 1991 3207 2029 cum
3247 1975 3522 2030 curiosius
3567 1976 3619 2030 in
3669 1976 3803 2031 Acta

2220 2069 2426 2139 quinta:
2453 2067 2646 2138 synodi
2674 2067 3037 2137 inquirerent,
3075 2083 3184 2137 quo
3237 2083 3432 2122 eorum
3486 2068 3802 2124 auctoritati

2222 2161 2578 2215 detraherent
2610 2176 2624 2225 ;
2655 2159 2722 2214 de
2753 2159 2890 2214 falso
2920 2159 3269 2228 excepissent
3305 2159 3573 2214 adversus
3597 2160 3808 2230 episto-

2221 2254 2351 2317 lam,
2384 2252 2531 2324 quod
2566 2261 2744 2306 tamen
2802 2251 3010 2306 nemini
3046 2267 3274 2322 prorsus
3306 2261 3599 2322 antequam
3639 2254 3806 2309 Baro-

2222 2344 2314 2400 nio
2339 2343 2490 2398 venit
2521 2343 2574 2396 in
2607 2351 2868 2397 mentem.

2291 2434 2478 2489 XVIII.
2511 2433 2641 2488 Inde
2663 2449 2796 2488 vero
2829 2441 3044 2488 constat
3064 2432 3260 2488 vitium
3284 2433 3532 2506 inscripti
3564 2436 3809 2494 nominis

2223 2525 2502 2597 prioribus
2527 2525 2690 2596 380
2722 2525 2777 2578 in
2801 2525 3088 2580 codicibus
3124 2526 3333 2580 nullum
3378 2525 3567 2592 fuisse,
3610 2529 3707 2582 sed
3753 2529 3810 2583 in

2225 2617 2630 2672 recentioribus
2669 2626 2879 2671 tantum
2908 2635 2919 2669 :
2948 2617 3227 2686 quomodo
3273 2618 3421 2671 enim
3468 2618 3811 2675 schismatici

2225 2709 2566 2764 tacuissent?
2596 2709 2700 2764 Sed
2732 2709 3005 2778 quomodo
3051 2709 3120 2763 ab
3160 2709 3391 2764 eruditis
3444 2697 3814 2768 conciliorum

2222 2802 2466 2873 antiquis
2503 2801 2808 2857 editoribus
2853 2817 2962 2856 non
3007 2801 3109 2856 fuit
3141 2800 3590 2871 deprehensum?
3617 2803 3814 2858 Potuit

2223 2895 2372 2950 enim
2409 2893 2567 2949 facile
2614 2910 2681 2946 ex
2730 2893 3036 2964 fragmento
3085 2901 3478 2962 consequente,
3527 2893 3632 2948 nisi
3675 2909 3814 2950 con-

2223 2982 2460 3040 suetudo
2479 2981 2696 3053 legendi
2719 2982 3008 3037 avertisset
3041 2983 3286 3036 animum
3315 3000 3328 3034 :
3356 2991 3606 3052 apertum
3626 2982 3810 3054 siqui-

533 3073 758 3130 Constat
803 3076 1048 3147 quinque
1072 3080 1298 3132 omnino
1328 3080 1596 3149 partibus,
1621 3097 1853 3151 quarum
1874 3083 1929 3136 in
1947 3081 2122 3152 prima
2149 3102 2192 3161 ο
2226 3078 2351 3133 dem
2397 3086 2482 3131 est
2513 3084 2570 3131 et
2610 3074 2895 3146 epistolam
2931 3084 2986 3129 et
3024 3074 3310 3130 concionis
3328 3074 3722 3147 fragmentum,
3749 3088 3812 3134 ut

535 3169 752 3223 occulta
803 3168 1148 3238 benignaque
1195 3170 1290 3225 Dei
1322 3171 1666 3240 providentia
1700 3172 1975 3237 laudatur,
1999 3190 2122 3243 qua:

534 3259 832 3328 aliquando
893 3259 1052 3314 bonis
1105 3260 1350 3327 brevem,
1386 3261 1650 3332 improbis
1684 3264 2000 3319 diuturnam
2034 3265 2122 3318 in-

535 3351 724 3422 dulget
763 3353 930 3406 vitam
957 3372 968 3406 :
1003 3354 1112 3409 illis
1141 3363 1200 3408 ut
1247 3355 1554 3411 liberentur
1575 3357 1685 3411 cito
1711 3359 1888 3422 malis,
1921 3358 2041 3413 istis
2063 3366 2124 3412 ut

533 3444 876 3512 poenitentia:
948 3446 1129 3500 locum
1187 3447 1491 3503 obtineant.
1543 3448 1795 3504 Secunda
1846 3458 1902 3505 et
1961 3449 2122 3504 tertia

533 3535 820 3590 continent
867 3537 1233 3592 imitationem
1286 3539 1572 3606 locorum,
1627 3539 1830 3610 quibus
1883 3541 2123 3610 aspergit

531 3640 665 3681 suos
691 3625 967 3681 Lucianus
995 3627 1060 3684 de
1089 3628 1320 3684 mortuis
1343 3628 1612 3700 Dialogos,
1635 3638 1691 3683 et
1712 3645 1839 3684 eum
1862 3630 2118 3694 maxime,

535 3716 630 3786 qui
662 3716 944 3787 Tyrannus
973 3718 1316 3786 inscribitur,
1347 3721 1401 3774 in
1433 3737 1542 3790 quo
1568 3719 1954 3790 Megapenthcs
1978 3721 2123 3776 Rha-

532 3807 790 3863 damanto
816 3810 1046 3876 sistitur,
1073 3819 1145 3875 et,
1174 3811 1406 3883 Cynisco
1450 3811 1776 3881 philosopho
1806 3820 2118 3876 accusante,

533 3914 727 3968 pcenas
775 3900 894 3954 luit.
939 3900 1143 3968 Quarta
1193 3901 1520 3957 Christiana:
1554 3902 1775 3970 pietatis
1801 3903 2120 3958 testimonio

535 3990 696 4060 plena
721 3999 824 4057 est,
857 4007 1170 4062 quanquam
1193 3993 1511 4048 acrimonia:
1537 3993 1832 4049 admistum
1865 3995 2120 4050 nonnihil

535 4080 735 4136 habeat
766 4101 778 4136 :
816 4085 1021 4138 mortui
1044 4084 1192 4139 enim
1222 4083 1606 4140 Theodoretus
1652 4084 1802 4140 dolet
1842 4085 2014 4150 vices,
2064 4092 2121 4140 et

531 4173 718 4245 petita
738 4175 948 4230 Domno
971 4175 1072 4244 ipsi
1099 4189 1292 4243 preces
1321 4175 1586 4246 impendi,
1633 4175 2119 4248 Christianumque

531 4265 893 4336 obsequium,
960 4281 1277 4336 quanquam
1335 4268 1553 4336 utrique
1601 4269 1884 4339 negotium
1954 4268 2117 4324 morti

529 4357 814 4426 proximus
859 4365 1090 4412 crearet.
1143 4355 1343 4421 Quinta
1396 4357 1659 4412 historica
1687 4369 1791 4423 est,
1822 4359 2115 4430 docetque,

2224 3177 2354 3224 sunt
2415 3167 2660 3239 ejusdem
2710 3167 3018 3239 argumenti
3083 3167 3440 3238 ejusdemque
3501 3167 3675 3233 modi,
3737 3170 3813 3225 ita

2224 3264 2389 3318 unius
2415 3261 2529 3316 fere
2550 3276 2670 3316 esse
2695 3262 2960 3331 temporis
2989 3279 3002 3315 :
3035 3259 3187 3331 atqui
3211 3261 3494 3316 concionis
3517 3261 3813 3334 inscriptio

2223 3353 2417 3408 Domni
2447 3367 2645 3407 nomen
2684 3350 2924 3422 prmfert.

2295 3443 2436 3498 XIX.
2484 3444 2778 3514 Postquam
2833 3453 3042 3498 asserta
3085 3453 3170 3499 est
3197 3445 3396 3517 veritas
3421 3443 3690 3516 epistolae,
3727 3459 3815 3498 re-

2223 3545 2330 3590 stat
2376 3534 2584 3604 aliquid
2617 3533 2934 3597 emendare,
2977 3534 3122 3603 quod
3150 3536 3348 3605 partim
3379 3535 3703 3605 interpretis
3731 3535 3815 3590 in-

2224 3627 2398 3690 curia,
2423 3627 2619 3696 partim
2643 3627 2993 3682 librariorum
3033 3627 3168 3681 vitio
3209 3629 3440 3700 legitur,
3468 3627 3524 3682 in
3557 3626 3815 3682 editione

2224 3726 2338 3772 tum
2385 3719 2777 3783 Conciliorum,
2829 3727 2942 3772 tum
2985 3719 3225 3774 Baronii.
3280 3721 3335 3774 Id
3399 3734 3531 3774 vero
3566 3736 3681 3774 non
3728 3729 3818 3775 est

2222 3823 2539 3878 operosum,
2579 3810 2830 3879 quamvis
2861 3809 3085 3865 Graacus
3128 3821 3307 3866 textus
3340 3811 3585 3866 nondum
3617 3811 3816 3866 editus

2221 3903 2313 3964 sit,
2362 3903 2473 3956 imo
2519 3902 2789 3957 incertum
2841 3902 2911 3957 sit
2946 3918 3015 3957 an
3057 3903 3270 3973 uspiam
3314 3904 3498 3958 lateat.
3525 3903 3819 3959 Restituto

2223 3992 2388 4062 igitur
2441 3992 2494 4046 in
2549 3992 2909 4062 inscriptione
2965 3993 3159 4046 Domni
3202 3993 3446 4058 nomine,
3477 3993 3822 4063 corrigenda

2221 4081 2446 4136 fuerunt
2483 4081 2526 4112 "
2566 4097 2634 4135 ex
2673 4083 2988 4154 conjectura
3029 4083 3278 4152 qumdam
3305 4084 3373 4139 ad
3395 4083 3653 4157 syntaxin
3688 4101 3824 4140 ver-

2222 4173 2416 4229 borum
2465 4173 2821 4246 pertinentia,
2875 4175 3114 4244 primum
3144 4185 3200 4229 ut
3231 4179 3466 4247 capiant,
3499 4177 3738 4244 discant,
3769 4190 3822 4234 et

2220 4265 2363 4330 dent,
2413 4282 2513 4336 pro
2564 4275 2834 4337 caperent,
2866 4267 3146 4330 discerent,
3177 4275 3229 4321 et
3259 4268 3466 4321 darent.
3499 4268 3715 4325 Deinde
3745 4272 3823 4325 ad

2220 4357 2517 4429 exemplum
2567 4357 2797 4412 aliorum
2840 4377 2945 4414 non
2987 4359 3205 4424 dimisit,
3241 4374 3364 4430 pro,
3411 4375 3503 4412 nec
3535 4360 3606 4412 ad
3633 4375 3825 4414 exem-

528 4447 677 4518 quod
721 4457 778 4503 et
823 4447 1046 4502 aliunde
1097 4448 1290 4513 scitur,
1318 4447 1582 4518 Cyrillum
1605 4450 1770 4519 paulo
1801 4459 1929 4506 ante
1962 4467 2112 4505 mor-
2147 4439 2191 4494 D
2219 4447 2368 4518 plum
2419 4448 2652 4504 aliorum
2706 4450 2949 4516 dimisit;
3001 4449 3237 4520 denique
3268 4447 3476 4520 Cynisci
3509 4449 3555 4480 ’⁸
3581 4447 3827 4504 Luciani

528 4541 941 4610 tem,querelas
992 4538 1061 4596 de
1114 4539 1356 4596 Orientis
1411 4540 1688 4611 episcopis
1735 4541 2005 4598 detulisse
2044 4542 2112 4598 ad

526 4631 933 4702 imperatorem.

593 4723 735 4778 XVI.
767 4722 908 4789 Quid
943 4722 1110 4778 habet
1139 4723 1338 4794 prima,
1365 4723 1410 4777 si
1447 4721 1611 4777 modo
1639 4722 1987 4792 excipiantur
2030 4722 2114 4777 ha:

525 4831 710 4880 voces,
758 4815 931 4871 malus
989 4817 1165 4880 homo,
1220 4813 1504 4884 indignum
1537 4813 1800 4883 episcopo
1825 4815 1846 4866 ?
1875 4813 2114 4877 llabent,

523 4906 721 4972 fateor,
754 4906 996 4962 secunda
1019 4916 1076 4962 et
1105 4906 1289 4970 tertia,
1325 4905 1569 4975 joculare
1596 4905 1858 4973 quiddam
1908 4914 1964 4959 ct
2010 4905 2115 4960 hu-

522 4999 674 5063 mile,
721 4999 818 5054 sed
864 5000 970 5053 hoc
998 4999 1166 5054 etiam
1191 4996 1468 5051 scribendi
1492 5012 1691 5068 genere
1714 5014 2109 5069 nonnunquam

521 5091 627 5144 viri
681 5106 875 5160 graves
929 5098 1185 5152 utuntur,
1232 5103 1356 5142 cum
1406 5104 1474 5144 ex
1525 5089 1810 5145 comoediis
1859 5099 1956 5144 aut
1986 5092 2110 5147 aliis

519 5181 791 5252 ejusmodi
824 5180 1046 5250 scriptis
1075 5179 1370 5234 desumunt
1407 5178 1617 5249 aliquid
1655 5196 1765 5249 quo
1804 5181 1972 5236 animi
2019 5182 2105 5236 sui

519 5288 679 5328 sensa
706 5271 851 5340 apud
878 5270 1153 5326 familares
1181 5279 1473 5340 exponant.
1515 5269 1716 5337 Quarta
1764 5273 1912 5327 aliud
1966 5274 2104 5327 nihil

517 5363 689 5418 habet
732 5361 1069 5427 acrimonias,
1097 5379 1262 5433 quam
1288 5363 1433 5433 quod
1459 5363 1782 5434 jamdudum
1811 5366 2107 5434 collegerat

517 5453 825 5525 indignatio
849 5452 1113 5510 adversus
1139 5455 1300 5510 hanc.
1324 5470 1489 5525 quam
1525 5454 1907 5511 Theodoretus
1957 5457 2104 5512 ferre

2222 4554 2342 4608 pro,
2383 4539 2554 4612 Cynni
2587 4540 2849 4597 Ciliciam.

2293 4631 2410 4687 XX.
2451 4632 2610 4698 Sunt,
2643 4633 2737 4702 qui
2783 4632 2900 4687 ha:c
2942 4630 3113 4687 verba
3151 4648 3164 4684 :
3213 4649 3230 4682 ‹
3260 4630 3462 4701 Maiora
3513 4639 3570 4685 et
3615 4632 3824 4702 pejora

2223 4730 2560 4794 pertentans,
2603 4721 2896 4777 defunctus
2933 4729 3057 4786 est;
3111 4720 3407 4775 somniavit
3441 4719 3612 4784 enim,
3663 4719 3827 4776 sicut

2221 4819 2434 4882 dicunt,
2485 4825 2542 4872 et
2577 4816 2780 4886 regiam
2806 4815 2998 4870 urbem
3028 4814 3377 4886 perturbare,
3405 4822 3463 4868 et
3492 4820 3640 4867 tuam
3677 4829 3823 4868 san-

2219 4910 2465 4965 ctitatem
2521 4923 2802 4971 accusare,
2835 4926 2852 4958 ι
2918 4914 3050 4972 etc.,
3106 4905 3545 4976 interpretentur
3590 4904 3692 4968 ita,
3754 4916 3826 4961 ut

2219 5001 2346 5056 velit
2367 4998 2631 5071 Cyrillum
2653 4998 2816 5068 paulo
2838 5006 2964 5052 ante
3001 5005 3235 5052 mortem
3269 4996 3828 5067 Constantinopolim

2215 5087 2454 5151 venisse,
2488 5085 2678 5155 ibique
2711 5100 2835 5141 cum
2860 5085 3055 5139 Proclo
3088 5100 3332 5150 causam,
3363 5084 3644 5139 Athanasii
3675 5085 3829 5140 Per-

2214 5179 2515 5234 rhenorum
2539 5176 2784 5246 episcopi
2818 5175 3162 5245 cognovisse,
3190 5183 3355 5245 atque
3385 5175 3510 5230 inde
3533 5173 3600 5230 ad
3632 5175 3825 5230 Dom-

2214 5285 2368 5333 num,
2425 5285 2455 5322 a
2503 5284 2613 5338 quo
2659 5267 2993 5321 Athanasius
3023 5266 3412 5336 appellaverat,
3460 5265 3676 5321 litteras
3709 5266 3829 5322 de—

2213 5362 2382 5416 disse.
2429 5359 2548 5414 lIuc
2596 5359 2745 5413 enim
2799 5359 3028 5412 trahunt
3073 5357 3239 5412 verba
3290 5356 3573 5411 Athanasii
3628 5359 3827 5413 relata

2213 5453 2430 5509 actione
2456 5452 2512 5504 II
2561 5450 2780 5504 concilii
2830 5449 3348 5505 Chalcedonensis:
3399 5467 3417 5500 ι
3449 5446 3601 5503 lianc
3649 5450 3828 5520 (cau-

996 5611 1024 5634 ο
1847 5592 2164 5649 SCHUI.ZII
2234 5589 2457 5645 ΝΟΤΛΕ.

565 5679 633 5756 _"_‘
655 5679 779 5756 Viti.
813 5696 1000 5756 supra,
1029 5683 1319 5756 epistolam
1357 5685 1474 5739 I70.

525 5747 568 5779 "'
596 5751 740 5807 Edit.
785 5747 938 5822 prior
963 5747 1200 5811 habebat
1231 5753 1434 5826 Cynici,
1464 5766 1523 5812 ut
1553 5757 1581 5826 ᾗ
1617 5758 1702 5822 15,
1734 5755 1948 5829 Cynico.

1575 5687 1729 5759 "Ex
1751 5686 1843 5759 his
1873 5688 2140 5758 corrigas,
2167 5687 2213 5742 si
2231 5689 2368 5743 tanti
2399 5689 2490 5756 sit,
2513 5697 2725 5759 partem
2756 5693 2938 5742 textus
2966 5682 3313 5747 Garneriani,
3352 5691 3391 5736 t.
3424 5681 3512 5746 IV,
3546 5697 3601 5751 p.
3635 5680 3820 5738 I362.
