4070 6450
285 370 390 434 329

1457 375 1554 436 DE
1591 375 1844 437 LIBRIS
1887 373 2394 436 THEODORETI.

3443 379 3547 440 330

289 483 426 554 sam)
455 481 758 538 audierunt
789 485 806 502 ⁹
833 482 1008 540 beata:
1039 487 1314 540 memoria}
1355 487 1592 560 Cyrillus
1638 497 1692 544 et
1739 491 1872 543 Pro—
1901 495 1939 548 Δ
1973 505 2160 544 nasum
2205 501 2373 553 tuum,
2424 499 2472 543 ει
2523 491 2728 558 frenum
2764 490 2815 543 in
2849 489 2988 544 labia
3017 499 3128 553 uta,
3153 497 3200 542 et
3235 494 3473 544 avertam
3503 499 3554 544 te

292 575 427 636 elus,
453 579 514 626 et
541 580 724 626 certas
755 571 958 626 formas
978 573 1318 643 scripserunt
1359 577 1588 640 Domno,
1631 577 1724 646 qui
1775 577 1876 630 fuit

293 659 672 714 Antiochenns
690 660 1005 729 episc0pus,
1029 663 1387 732 promisitque
1405 679 1500 718 eas
1516 665 1608 718 ille
1625 665 1874 734 implere:

289 749 382 804 sed
409 764 541 802 cum
564 750 917 816 cognovisset
949 758 1183 804 mortem
1217 751 1366 806 beati
1385 751 1594 822 Cyrilli,
1623 752 1874 816 resilivit,

284 849 336 896 et
361 839 432 896 ad
487 840 764 910 judicium
806 856 894 895 me
936 841 1171 895 vocavit.
1201 861 1219 893 ι
1270 843 1504 898 Nomine
1551 843 1874 907 formarum,

284 932 512 994 τύπων,
577 933 842 1002 intelligit
907 933 1122 987 litteras
1167 933 1456 1004 utriusque
1511 935 1760 1004 praesulis
1809 935 1878 990 ad

285 1024 588 1087 Domuum,
635 1039 758 1093 qua:
784 1024 958 1078 ambae
981 1025 1303 1080 inseruntur
1324 1026 1478 1080 Actis
1501 1026 1694 1097 synodi
1717 1026 1880 1081 Chal-

287 1114 646 1178 cedonensis,
687 1115 906 1169 actione
953 1115 1138 1170 citata.
1197 1117 1396 1170 Verum
1424 1132 1545 1186 qua:
1573 1117 1878 1186 sitspecies

291 1207 550 1261 veritatis
611 1207 668 1260 in
721 1206 823 1260 hac
871 1208 1214 1277 conjectura,
1263 1209 1450 1264 nullus
1499 1209 1682 1264 video.
1741 1210 1878 1264 Nam

293 1299 460 1352 verba
509 1297 798 1351 Athanasii
827 1297 979 1352 aliud
1011 1298 1150 1352 nihil
1172 1299 1502 1364 significant,
1530 1315 1694 1370 quam
1728 1301 1878 1369 quod

297 1389 496 1458 singuli
557 1389 842 1457 praesules,
879 1405 1020 1458 quos
1041 1390 1094 1443 in
1117 1391 1232 1444 suis
1259 1391 1488 1446 urbibus
1517 1391 1880 1446 consistentes

295 1481 488 1542 adivit,
515 1481 730 1534 Domno
760 1481 1104 1550 scripserint.
1129 1482 1360 1546 Deinde,“
1413 1500 1536 1552 qua:
1573 1500 1737 1538 causa
1777 1501 1880 1554 po-

301 1571 430 1630 tuit,
459 1571 562 1624 nisi
589 1569 893 1624 admodum
923 1572 1124 1642 gravis,
1155 1571 1420 1643 Cyrillum
1447 1575 1878 1629 Alexandrinum

311 1663 690 1731 palriarcham,
733 1662 970 1716 fractum
1019 1664 1194 1728 senio,
1243 1673 1435 1734 utpote
1459 1667 1881 1736 septuagenario

309 1755 578 1822 majorem,
607 1768 806 1823 cogere
829 1753 898 1806 ad
933 1761 1142 1808 tantum
1189 1755 1314 1816 iter,
1364 1755 1564 1810 hiemis
1613 1764 1878 1825 tempore,

305 1853 677 1913 tempestuoso
755 1845 892 1898 mari
965 1845 1419 1914 suscipiendum?
1483 1846 1655 1900 Tanta
1727 1853 1880 1902 certe
1913 1841 1952 1894 Β

300 1951 460 1990 causa
521 1951 634 1990 non
671 1936 928 1990 latuisset
962 1936 1264 2004 scriptores
1283 1935 1449 2007 hujus
1479 1937 1763 2006 temporis,
1791 1937 1877 1992 di-

299 2029 532 2098 ligentes
547 2026 886 2094 caeteroquin
905 2041 1090 2080 rerum
1109 2024 1296 2096 Cyrilli
1319 2035 1674 2082 scrutatores.
1703 2026 1880 2092 Quid?

296 2120 440 2191 quod
485 2119 812 2172 incredibile
843 2125 947 2182 est,
994 2119 1316 2174 convenisse
1347 2118 1402 2171 in
1427 2134 1590 2172 unam
1611 2119 1880 2189 synodum

297 2211 645 2282 patriarchas
681 2210 842 2274 duos,
895 2225 1102 2280 eosque
1149 2211 1216 2265 de
1253 2209 1490 2280 primatu
1549 2211 1885 2266 contenden-

301 2315 407 2366 tes,
457 2301 568 2356 nisi
619 2299 948 2370 gravissima
1007 2307 1228 2370 urgeret
1267 2300 1351 2354 vel
1411 2299 1740 2364 auctoritas,
1795 2301 1880 2354 vel

297 2409 480 2454 causa,
507 2408 636 2461 quae
661 2392 812 2445 nulla
853 2399 1036 2461 potest
1075 2391 1434 2460 probabiliter
1470 2392 1628 2460 381
1673 2391 1880 2446 afferri.

297 2485 546 2546 Accedit,
602 2483 755 2554 quod
803 2485 1092 2552 utriusque
1133 2482 1461 2552 patriarchae
1484 2481 1752 2537 distincta:
1773 2483 1885 2538 sint

296 2577 360 2630 ad
387 2576 669 2629 Damnum
696 2574 916 2638 litteras,
951 2588 1133 2643 neque
1165 2573 1332 2628 ullius
1360 2573 1669 2627 communis
1691 2574 1884 2644 synodi

299 2667 638 2721 mentionem
661 2665 900 2719 faciant:
923 2680 1100 2734 eoque
1125 2673 1284 2734 pacto
1305 2681 1418 2720 non
1441 2665 1674 2720 obscure
1703 2671 1887 2718 osten—

300 2760 450 2822 dant,
499 2775 560 2812 se
618 2757 860 2811 diversis
911 2771 942 2810 e
987 2756 1124 2810 locis
1155 2757 1350 2811 missas
1371 2771 1512 2812 esse.
1541 2757 1730 2825 Neque
1756 2771 1886 2810 vero

311 2866 630 2920 quemquam
665 2864 889 2903 movere
917 2848 1100 2912 debet,
1132 2847 1278 2918 quod
1325 2847 1572 2918 ejusdem
1621 2847 1735 2902 fere
1777 2847 1888 2902 sint

313 2942 538 2996 feriare:
587 2941 980 3010 unusquisque
1037 2939 1184 2993 enim
1230 2939 1408 2994 tenuit
1441 2954 1568 2994 eum
1605 2938 1887 2994 scribendi

311 3034 546 3099 modum,
600 3049 770 3104 quem
821 3030 1153 3086 Athanasius
1179 3031 1294 3086 suis
1328 3037 1444 3084 tum
1475 3030 1736 3100 querelis,
1767 3039 1887 3086 tum

303 3124 564 3194 precibus
603 3124 678 3178 ab
736 3131 969 3192 utroque
1001 3121 1252 3176 extorsit.
1279 3121 1530 3191 Denique
1557 3120 1792 3192 Cyrillus
1817 3122 1886 3176 de

297 3213 908 3284 ConstantinOpolitana
954 3211 1161 3284 synodo
1185 3212 1450 3282 loquitur,
1479 3220 1734 3282 tanquam
1765 3229 1886 3268 eam
1915 3209 1957 3230 υ

295 3325 362 3362 ex
390 3309 510 3364 sola
557 3306 846 3362 Athanasii
893 3304 1160 3360 relatione
1217 3313 1442 3368 nosset;
1489 3319 1600 3358 non
1643 3305 1890 3376 loquitur

297 3401 530 3455 Proclns
579 3399 652 3452 de
697 3397 884 3470 Cyrilli
932 3396 1132 3451 litteris
1179 3395 1330 3450 velut
1375 3397 1761 3451 communibus
1787 3397 1882 3464 (di-

296 3509 469 3547 versa:
491 3493 646 3546 enim
666 3489 840 3560 sunt),
863 3489 959 3544 sed
983 3489 1136 3543 velut
1157 3503 1269 3542 una
1297 3487 1611 3546 deferendis
1634 3490 1699 3544 ad
1731 3489 1890 3544 Dom-

297 3601 429 3639 uum
457 3585 532 3638 ab
571 3582 898 3646 Athanasio,
944 3582 1039 3650 qui
1089 3581 1360 3635 immenso
1413 3581 1650 3650 quodam
1690 3581 1888 3638 itinere

292 3691 322 3731 e
363 3691 466 3729 sua
509 3673 796 3744 provincia
824 3671 1354 3740 Constantinopolim
1386 3673 1454 3725 ad
1503 3672 1805 3742 principem
1833 3683 1890 3726 et

295 3763 594 3826 Proclurn,
625 3761 752 3816 inde
775 3759 1160 3815 Alexandriam
1187 3757 1256 3812 ad
1287 3757 1572 3829 Cyrillum,
1598 3773 1791 3811 rursus
1821 3773 1888 3812 es

293 3856 536 3927 Egypto
574 3851 1130 3920 ConstantinOpolim,
1187 3849 1410 3904 tandem
1453 3865 1520 3904 ex
1567 3849 1704 3904 urbe
1740 3850 1888 3918 regia

299 3947 678 4010 Antiochiam,
731 3959 857 3999 cum
911 3942 1182 4013 principis
1203 3950 1258 3996 et
1282 3941 1719 4011 patriarcharum
1748 3941 1886 3996 scri-

297 4039 406 4108 ptis
441 4037 618 4092 venit.

367 4127 516 4182 XXI.
577 4127 736 4194 Quod
783 4135 971 4182 autem
1007 4125 1138 4189 dixi,
1184 4124 1426 4180 secunda
1455 4133 1512 4180 et
1541 4127 1701 4180 tertia
1733 4133 1886 4192 parte

297 4221 580 4274 imitatum
609 4233 732 4274 esse
781 4215 1194 4271 Theodoretum
1243 4214 1474 4270 Luciani
1503 4215 1680 4285 jocos,
1719 4228 1884 4268 nemo

299 4309 791 4373 nonassentietur,
851 4307 948 4378 qui
1001 4307 1278 4377 dialogum
1317 4306 1626 4378 Tyrannum
1671 4305 1884 4375 legerit,

297 4413 356 4456 et
389 4401 694 4456 contulerit
719 4417 848 4456 cum
878 4401 968 4454 his
993 4399 1178 4454 verbis
1208 4417 1221 4452 :
1273 4417 1290 4450 ι
1317 4399 1424 4453 Iste
1455 4412 1592 4452 vero
1633 4404 1690 4451 et
1737 4396 1887 4452 aliud

1976 583 2060 637 eia
2085 599 2192 653 qua
2223 584 2422 636 venisti.
2457 583 2627 636 Porro
2657 591 2836 636 autem
2871 597 2981 636 non
3011 582 3226 637 erudite
3255 582 3550 636 admodum

1977 672 2253 741 interpres
2294 673 2541 741 epistula!
2575 672 2659 726 vel
2693 672 2922 726 retinuit
2947 687 3148 726 nomen
3177 673 3424 728 Gratcutn
3461 691 3552 741 φι-

1981 761 2118 833 μοῦ.
2169 764 2252 816 vel
2303 763 2494 817 Latine
2543 763 2764 832 scripsit
2817 764 3087 832 phimum,
3139 763 3288 833 quod
3343 763 3552 818 librarii

1977 863 2364 922 pervenerunt
2389 854 2444 907 in
2471 853 2678 921 ﬁmum.

2153 946 2398 1016 Epistula
2439 946 2558 1010 181,
2604 948 2675 1001 ad
2716 948 3014 1002 Abundium
3059 951 3375 1019 episcopum.

2051 1037 2092 1090 l.
2123 1037 2427 1102 Abundius,
2462 1047 2524 1092 ut
2549 1040 2706 1092 estin
2725 1039 2844 1108 ejus
2861 1040 2981 1093 Vita
2998 1041 3142 1110 apud
3159 1041 3552 1106 Illombritium,

1981 1125 2371 1181 Thessalonica
2417 1127 2576 1181 duxit
2603 1128 2868 1198 originem
2896 1146 2910 1182 :
2941 1129 3068 1184 inde
3103 1130 3155 1182 in
3191 1131 3396 1185 italiam
3423 1146 3553 1200 pro-

1980 1219 2158 1274 fectus
2205 1219 2434 1274 adhtesit
2485 1221 2741 1275 Amantio
2789 1221 3044 1278 Comensi
3069 1224 3349 1294 episcopo,
3385 1241 3414 1278 a
3445 1241 3554 1294 quo

1979 1319 2206 1380 propter
2231 1310 2460 1366 eximias
2487 1312 2722 1367 virtutes
2751 1313 3039 1368 ordinatus
3067 1324 3170 1372 est.
3199 1317 3554 1385 przepositus-

1980 1419 2086 1472 que
2122 1403 2378 1460 Comensi
2419 1404 2696 1470 Ecclesiae,
2731 1419 2896 1474 quam
2931 1405 3108 1460 noluit
3129 1405 3414 1462 Amantius
3443 1423 3558 1462 mo—

1979 1495 2128 1550 riens
2147 1495 2370 1550 viduam
2395 1497 2726 1565 relinquere.

2051 1585 2118 1640 ll.
2165 1585 2246 1640 Ad
2287 1585 2440 1640 illum
2475 1585 2948 1656 Constantinopoli
2973 1588 3236 1657 positum,
3261 1604 3386 1643 cum
3415 1589 3560 1659 lega-

1982 1679 2130 1732 tione
2153 1677 2328 1731 sancti
2351 1677 2552 1730 Leonis
2571 1676 2915 1747 fungeretur,
2939 1679 3228 1748 epistolam
3251 1679 3392 1734 hanc
3413 1695 3558 1734 anno

1982 1769 2106 1832 450,
2165 1768 2324 1822 initio
2375 1768 2626 1822 autumni
2682 1769 2833 1824 misit
2885 1769 3264 1826 Theodorctus
3306 1786 3336 1825 e
3366 1787 3557 1825 mona-

1981 1861 2152 1934 sterio
2199 1874 2371 1930 prope
2409 1859 2726 1928 Apameam,
2757 1861 2812 1914 in
2847 1860 2993 1930 quod
3023 1869 3324 1916 secesserat
3351 1863 3558 1932 ejectus

1981 1955 2129 2009 Sede.

2051 2047 2140 2102 lll.
2199 2047 2376 2102 Causa
2427 2046 2706 2102 mittendae
2754 2045 3046 2116 legationis
3092 2043 3196 2099 ista
3253 2044 3400 2099 fuit:
3433 2060 3558 2098 cum

1983 2145 2205 2192 sanctus
2245 2138 2356 2192 Leo
2407 2139 2702 2209 impetrare
2747 2153 2860 2191 non
2899 2136 3224 2205 potuisseta
3248 2135 3559 2190 Theodosio

1983 2229 2336 2299 imperatore,
2388 2238 2450 2284 ut
2499 2230 2572 2306 in,
2606 2229 2760 2284 Italia
2803 2237 3092 2300 cogeretur
3139 2227 3398 2298 synodus.
3439 2245 3560 2298 qua:

1983 2319 2320 2374 latrocinalis
2349 2319 2634 2389 Ephesinte
2661 2319 2796 2374 Acta
2825 2319 3165 2383 emendaret,
3195 2321 3250 2374 in
3281 2320 3558 2375 Orientem

1985 2425 2108 2464 cum
2161 2411 2362 2466 litteris
2417 2411 2486 2466 ad
2543 2411 2918 2466 Theodosium
2969 2411 3168 2466 direxit
3225 2413 3372 2468 viros
3399 2413 3561 2483 382

1987 2503 2274 2572 utriusque
2295 2503 2496 2573 linguae
2528 2503 2736 2572 peritos
2769 2513 2934 2572 atque
2967 2503 3268 2558 industrios
3298 2513 3557 2574 quatuor,

1987 2593 2276 2662 episcopos
2315 2609 2515 2662 nempe
2559 2593 2718 2656 duos,
2777 2593 3094 2648 Abundium
3143 2593 3470 2650 Comensem
3507 2606 3564 2648 rt

1988 2683 2266 2738 Asterium
2291 2685 2654 2748 Venusinum,
2695 2685 3052 2756 presbyteros
3073 2685 3238 2739 etiam
3261 2687 3424 2750 duos,
3459 2688 3562 2741 Ba-

1988 2775 2172 2829 silium
2195 2785 2252 2830 et
2276 2776 2618 2832 Senatorem.
2643 2777 2848 2832 Direxit
2867 2793 3022 2842 vero,
3045 2785 3106 2831 ut
3127 2777 3362 2832 Anatolii
3403 2778 3562 2834 fidem

1987 2867 2325 2936 probarent;
2357 2877 2478 2922 erat
2497 2869 2644 2922 enim
2669 2869 2867 2922 merito
2895 2875 3167 2938 suspecta,
3199 2869 3468 2938 siquidem
3498 2887 3561 2924 ex

1987 2955 2348 3026 apocrisiario
2387 2957 2634 3011 Dioscori
2665 2956 3284 3027 Constantinopolitanae
3308 2957 3566 3015 Ecclesia:

1989 3045 2218 3100 antistes
2247 3053 2464 3100 creatus
2502 3045 2696 3100 fuerat.

2062 3137 2150 3193 ιν.
2183 3136 2371 3206 Legati
2407 3137 2580 3192 Roma
2615 3139 2768 3192 missi
2825 3139 2914 3193 die
2959 3139 3026 3194 l6
3063 3138 3194 3194 Julii
3234 3141 3568 3211 appulerunt

1989 3222 2518 3294 Constantinopolim
2537 3225 2780 3280 nondum
2799 3226 3058 3281 defuncto
3077 3227 3387 3285 Theodosio
3403 3251 3415 3284 :
3429 3231 3568 3286 obiit

1989 3315 2138 3368 enim
2168 3314 2255 3369 die
2301 3315 2370 3368 29
2431 3317 2676 3386 ejusdem
2727 3318 2932 3372 mensis
2964 3337 2975 3370 :
3004 3319 3260 3389 nactique
3311 3321 3566 3376 Marciani

1993 3405 2343 3476 imperatoris
2371 3416 2426 3462 et
2453 3408 2758 3464 Pulcherite
2788 3410 3044 3481 Augusta:
3089 3409 3276 3468 faciles
3333 3414 3563 3476 animos,

1990 3515 2098 3554 non
2125 3515 2322 3571 magno
2345 3501 2567 3572 negotio
2598 3501 2963 3557 obtinuerunt
3011 3511 3070 3556 ut
3115 3503 3401 3559 Anatolius
3448 3507 3568 3577 epi-

1990 3591 2186 3646 stolam
2233 3592 2436 3648 Leonis
2490 3592 2559 3648 ad
2599 3593 2917 3648 Flavianum
2967 3595 3259 3664 reciperet,
3296 3605 3350 3650 et
3380 3607 3566 3651 coacta

1991 3683 2198 3754 synodo
2239 3684 2570 3757 ἐνδημούσῃ,
2611 3685 2680 3740 ab
2710 3686 2832 3741 aliis
2879 3695 2992 3740 tum
3043 3687 3315 3756 episcopis
3371 3689 3426 3744 in
3477 3705 3572 3746 co-

1990 3773 2185 3828 mitatu
2232 3773 2646 3839 easistentibus,
2693 3783 2809 3830 tum
2877 3775 3328 3830 archimandritis
3355 3785 3410 3832 et
3447 3793 3570 3847 pre--

1990 3863 2227 3934 sbyteris
2249 3864 2405 3920 urbis
2429 3866 2594 3935 regiae
2618 3865 2992 3936 recipiendam
3020 3875 3258 3920 curaret.

2059 3951 2124 4008 ν.
2163 3951 2306 4018 Quin
2335 3951 2563 4022 epistola
2603 3953 2720 4008 haec
2745 3954 2980 4024 genuina
3009 3955 3100 4016 sit,
3133 3969 3294 4008 nemo
3327 3956 3570 4024 pruden-

1995 4052 2078 4098 ter
2119 4043 2380 4098 dubitet:
2423 4053 2692 4100 consonat
2729 4045 2876 4099 enim
2923 4059 3048 4098 cum
3097 4045 3324 4100 historia
3362 4055 3570 4116 tempu-

1991 4150 2134 4199 rum,
2186 4133 2390 4189 litteris
2440 4134 2616 4188 sancti
2656 4133 2878 4199 Leonis,
2903 4142 2960 4188 et
2985 4134 3216 4202 epistola
3253 4135 3352 4188 107
3383 4136 3566 4192 Theo-

1989 4225 2190 4289 doreti,
2242 4228 2257 4245 ‘
2309 4241 2474 4296 quam
2533 4225 2620 4280 vel
2667 4223 2734 4279 ad
2781 4225 3088 4280 Romanum
3120 4227 3350 4292 clerum,
3380 4229 3466 4282 vel
3497 4229 3562 4284 ad

1989 4315 2396 4372 Occidentalem
2427 4317 2612 4386 potius
2639 4317 2907 4388 synodum
2926 4318 3182 4388 scriptam
3201 4318 3370 4374 fuisse
3386 4330 3570 4376 osten-

1991 4406 2186 4462 demus
2213 4408 2268 4463 in
2299 4409 2440 4463 loco.

299 4493 472 4547 habet
522 4493 856 4548 silentium:
895 4489 1104 4546 nudata
1137 4489 1284 4544 enim
1311 4489 1461 4543 illius
1491 4487 1634 4543 facta
1666 4487 1887 4558 alligant
1920 4507 1962 4562 D
2063 4499 2150 4552 γι,
2205 4499 2586 4554 Theodorems
2633 4500 2738 4556 sibi
2797 4500 2927 4556 fecit
2981 4517 3200 4558 causam
3253 4505 3564 4566 scribendi,

297 4582 572 4652 linguam.
631 4582 936 4636 obstruunt
959 4595 1044 4644 os,
1085 4578 1305 4634 frenant
1330 4594 1573 4644 sensum,
1614 4577 1774 4634 silere
1807 4576 1890 4631 fa-

297 4675 477 4736 ciunt,
515 4674 572 4728 in
602 4681 806 4728 terram
831 4673 1102 4728 inclinare
1126 4679 1347 4743 cogunt.
1377 4690 1394 4722 ι
1423 4670 1698 4724 Alluditur
1717 4670 1888 4734 enim,

300 4773 418 4818 tum
475 4763 544 4818 ad
596 4763 1032 4818 denudationem
1085 4759 1484 4832 Megapenthis,
1536 4775 1645 4830 quo
1672 4768 1892 4837 pateant

301 4854 476 4924 ipsius
527 4853 672 4908 facta
701 4871 716 4920 ;
767 4863 886 4908 tum
927 4853 994 4908 ad
1023 4853 1269 4924 ejusdem
1296 4851 1598 4916 silentium,
1624 4867 1734 4921 prte
1761 4867 1895 4906 con-

299 4947 550 5004 scientia:
572 4945 920 5010 testimonio,
943 4953 1001 4999 et
1031 4944 1275 5014 dejectos
1295 4942 1366 4996 ob
1395 4942 1653 4997 ruborem
1695 4943 1750 4997 in
1786 4951 1892 4997 ter—

299 5055 412 5093 ram
441 5039 654 5103 oculos,
677 5047 786 5092 etc.

369 5134 496 5189 lltec
519 5149 657 5188 vero
693 5133 882 5196 verba,
943 5152 960 5182 ‹
987 5131 1220 5186 Immisit
1253 5131 1442 5184 limum
1481 5129 1534 5183 in
1565 5145 1626 5184 os
1655 5130 1794 5198 ejus,
1829 5139 1886 5184 et

297 5225 517 5280 frenum
549 5226 606 5279 in
627 5225 791 5279 labiis
818 5225 959 5292 ejus,
999 5231 1054 5276 et
1077 5221 1349 5276 convertit
1383 5236 1511 5276 eum
1558 5221 1615 5274 in
1658 5229 1884 5286 terram,

296 5317 364 5371 de
399 5333 510 5386 qua
535 5324 792 5386 sumptus
813 5325 920 5380 est,
949 5335 966 5365 ›
1004 5313 1258 5368 alludunt
1285 5312 1352 5368 ad
1382 5311 1434 5366 id
1461 5312 1608 5382 quod
1631 5321 1716 5366 est
1743 5311 1886 5382 apud

297 5407 494 5462 Isaiam
522 5423 645 5478 cap.
685 5423 886 5466 xxxvii,
916 5405 985 5458 ea
1019 5423 1031 5458 :
1081 5403 1336 5471 Ἐμϐαλῶ
1362 5404 1525 5474 φιμὸν
1545 5405 1624 5465 εἰς
1650 5403 1740 5456 τὶν
1769 5404 1892 5474 ῥῖνά

297 5515 421 5566 σγ),
479 5499 576 5554 καὶ
623 5499 840 5570 χαλινὸν
893 5501 970 5560 εἰς
994 5497 1062 5550 τὰ
1099 5496 1248 5565 χείλη
1284 5511 1400 5558 σου,
1439 5494 1532 5546 καὶ
1560 5495 1889 5565 ἀποστρέψω

296 5607 359 5646 σε
392 5596 462 5664 τῇ
493 5591 620 5664 ὁδῷ,
741 5587 904 5662 ἦλθες
933 5592 990 5642 ἐν
1025 5591 1182 5659 αὐτῇ.
1219 5589 1512 5641 Immittam
1547 5585 1801 5641 circulum
1831 5587 1888 5640 in

1990 4588 2188 4657 partim
2239 4597 2300 4642 ut
2355 4589 2613 4644 Romanae
2661 4588 2808 4644 sedis
2851 4590 3088 4659 legatum
3139 4591 3454 4648 hortaretur
3499 4596 3566 4648 ad

1992 4687 2217 4732 strenue
2267 4693 2382 4731 rem
2433 4678 2758 4734 catholicam
2799 4678 3095 4748 gerendam
3126 4679 3182 4734 in
3229 4680 3366 4734 urbe
3395 4681 3569 4752 regia,

1993 4765 2404 4836 sarciendaque'
2445 4765 2570 4820 fidei
2620 4765 2820 4821 damna
2875 4765 2930 4820 in
2973 4767 3265 4824 latrocinio
3289 4769 3569 4839 Ephesino

1993 4857 2142 4910 illata
2171 4873 2185 4922 ;
2229 4857 2426 4922 partim
2469 4865 2525 4911 ut
2560 4872 2673 4912 sua:
2705 4857 2853 4924 fidei,
2883 4858 3296 4930 amicorumque
3333 4861 3568 4916 duorum

1997 4946 2107 5001 Ibte
2152 4955 2210 5000 et
2261 4947 2521 5018 Aquilini,
2581 4949 2958 5006 testimonium
3001 4951 3376 5008 firmissimum
3441 4969 3570 5010 san-

1997 5038 2416 5109 ctissimumque
2460 5040 2774 5108 apostolicae
2825 5042 3114 5112 legationis
3133 5043 3370 5114 principi
3393 5045 3570 5100 daret.

1994 5128 2122 5184 Suis
2168 5131 2316 5185 enim
2368 5131 2568 5186 litteris
2599 5134 2886 5203 epistolam
2923 5134 3128 5188 Leonis
3154 5135 3222 5190 ad
3253 5135 3568 5190 Flavianum

1993 5236 2090 5276 sua
2107 5221 2516 5292 amicorumque
2533 5223 2936 5294 subscriptione
2963 5223 3246 5293 probatam
3269 5223 3570 5292 subjunxit.

2063 5311 2174 5367 Vll.
2209 5312 2286 5366 De
2315 5312 2450 5367 sede
2491 5312 2689 5366 Asterii
2741 5313 2906 5368 silent
2955 5309 3254 5378 scriptores
3287 5331 3300 5364 :
3332 5325 3433 5380 ego
3467 5309 3570 5364 Ve—

1991 5404 2203 5460 nusina:
2229 5404 2486 5460 Ecclesiae
2509 5403 2786 5474 prasfuissc
2819 5407 2971 5471 puto.
2998 5399 3184 5469 Neque
3212 5401 3358 5456 enim
3385 5417 3417 5456 a
3439 5417 3572 5456 vero

1991 5497 2230 5552 alienum
2271 5505 2374 5558 est,
2426 5496 2701 5551 Asterium
2752 5493 2902 5548 illum
2937 5491 3314 5546 admirabilem
3343 5492 3571 5546 Venusi-

1991 5605 2121 5642 num
2157 5589 2223 5652 ",
2257 5589 2348 5657 qui
2384 5603 2527 5642 anno
2549 5588 2652 5642 495
2683 5585 2931 5641 interfuit
2963 5583 3296 5638 dedicationi
3321 5583 3570 5642 ecclesia

1645 5718 1966 5776 SCHL‘LZI!
2005 5721 2228 5776 NOTAE.

355 5811 403 5841 ³³
435 5814 564 5873 th.
607 5817 728 5872 Act.
761 5815 820 5870 S.
849 5815 1060 5870 Sabini.

590 5914 865 5972 ΡΑτιιοι..
901 5911 1022 5972 Gn.
1065 5907 1406 5970 LXXXIV.

3035 5917 3098 5978 ll
