4070 6452
564 354 721 425 331’

1664 353 2039 414 GARNERII
2082 353 2579 415 DISSERTATIO
2635 356 2716 414 ΙΙ.

3718 367 3810 432 33?.

566 465 740 523 sancti
769 464 1051 520 Michaelis
1085 464 1141 517 in
1174 469 1359 516 monte
1382 459 1653 531 Gargano,
1699 459 1950 515 functum
1989 459 2159 514 fuisse
2188 467 2230 519 Α
2263 459 2500 514 Verbum
2557 460 2630 515 sit
2684 459 3091 526 immutabilis;
3142 459 3316 524 alter,
3370 463 3509 531 quod
3556 465 3809 528 iuconfusa

566 558 839 629 legatione
869 556 1046 613 sancti
1077 554 1281 610 Leonis
1323 567 1470 607 anno
1502 552 1629 617 450,
1680 567 1805 606 cum
1849 561 1996 607 esset
2033 551 2153 621 cpi-

568 662 769 717 scopus
790 648 902 717 jam
933 644 1061 699 inde
1082 659 1115 697 a
1140 651 1380 713 quatuor
1409 649 1506 696 aut
1530 641 1775 711 quinque
1800 642 1979 696 annis.
2020 640 2154 696 lude

567 737 714 790 enim
746 736 799 791 id
829 751 999 790 unum
1032 749 1381 804 consequens
1410 732 1539 799 erit,
1573 742 1635 787 ut
1680 733 1886 789 obiisse
1937 733 2156 789 dicatur

567 826 974 898 octogenarius,
1010 835 1105 882 aut
1136 826 1300 896 paulo
1324 825 1518 896 major,
1554 824 1952 895 praefuisseque
1981 840 2158 879 annos

568 919 637 974 45
682 919 940 973 circiter:
988 918 1137 987 quod
1189 933 1370 988 neque
1415 916 1681 983 insolens,
1709 932 1890 987 neque
1919 918 2157 972 incredi—

568 1010 698 1065 bile.

639 1102 773 1157 Vlll.
807 1101 996 1173 Neque
1021 1118 1154 1158 vero
1174 1102 1377 1168 obstat,
1412 1102 1562 1173 quod
1593 1103 1853 1166 Joannes,
1892 1102 1950 1157 in
1997 1103 2158 1173 cujus

568 1194 753 1249 sedem
794 1194 1044 1248 Asterius
1089 1194 1423 1248 successisse
1473 1194 1671 1259 fertur,
1704 1193 1906 1248 vixisse
1943 1193 2159 1248 dicatur

567 1285 670 1339 sub
719 1284 902 1340 Leone
949 1285 992 1350 l,
1043 1300 1191 1339 anno
1238 1285 1367 1350 445,
1410 1286 1693 1355 multaque
1718 1301 1817 1355 per
1855 1284 1911 1339 id
1941 1292 2160 1354 tempus

567 1376 826 1446 praeclare
877 1378 1075 1447 egisse,
1118 1384 1182 1431 ut
1225 1375 1373 1446 quod
1420 1376 1604 1431 Attila:
1656 1375 1957 1431 Venusiam
1985 1389 2160 1444 oppu-

567 1469 755 1540 gnanti
786 1469 1093 1523 occurrerit
1126 1483 1251 1523 cum
1288 1468 1437 1523 clero
1465 1476 1520 1523 et
1558 1483 1747 1532 cruce,
1780 1467 2159 1538 impetumque

569 1560 790 1615 barbari
844 1560 1205 1630 represserit,
1255 1560 1330 1614 ita
1385 1567 1447 1614 ut
1496 1560 1819 1614 barbaricus
1861 1559 2158 1621 exercitus,

568 1651 684 1706 visa
711 1651 779 1705 de
805 1652 944 1706 cmlo
967 1651 1216 1721 Dciparae
1240 1650 1500 1723 imagine,
1527 1668 1588 1705 re
1617 1651 1820 1706 infecta
1845 1650 2157 1706 recesserit.

2259 551 2423 617 unio;
2455 551 2670 614 tertius,
2696 550 2845 621 quod
2872 551 3019 606 Deus
3055 550 3398 620 impatibilis.
3423 554 3639 613 Accedit
3660 575 3808 630 quai-

2260 652 2368 708 tus,
2412 642 2469 697 in
2507 658 2619 713 quo
2644 642 2974 714 syllogismis
2997 643 3114 697 hzcc
3146 643 3335 697 eadem
3361 656 3632 715 urgentur.
3664 670 3681 702 ι

2334 734 2424 789 Ill.
2464 735 2715 789 Meminit
2753 736 2919 789 etiam
2947 734 3294 803 Nieephorus
3320 735 3417 789 lib.
3450 753 3565 803 xw,
3593 756 3705 811 cap.
3730 744 3810 809 54,

2260 824 2358 879 ubi
2409 833 2704 896 postquam
2756 824 3038 879 recensuit
3086 824 3241 895 plura
3284 824 3608 884 Theodoreti
3645 847 3810 902 Opera,

2259 917 2628 973 enumerandi
2655 917 2818 972 finem
2849 916 2979 972 facit
3015 916 3103 971 bis
3133 916 3320 972 verbis
3346 934 3359 971 :
3402 936 3420 968 ι
3455 918 3596 974 Libri
3626 929 3727 977 tres
3753 925 3811 980 de

2259 1009 2469 1064 divinis
2495 1008 2845 1080 dogmatibus
2871 1009 2927 1062 in
2951 1008 3166 1079 dialogo
3200 1010 3518 1080 conscripti.
3549 1011 3670 1083 Legi
3693 1030 3814 1085 prte-

2260 1109 2411 1156 terea
2435 1116 2602 1172 supra
2652 1101 2983 1172 quingentas
3022 1102 3145 1171 ejus
3181 1102 3465 1171 epistolas,
3494 1104 3674 1160 Graeco
3709 1122 3812 1161 scr-

2258 1206 2422 1244 mone
2445 1189 2650 1259 optime
2675 1189 3009 1259 compositas
3028 1190 3093 1243 ³¹.
3132 1208 3151 1242 ι

2333 1281 2423 1336 1V.
2451 1281 2700 1337 Meminit
2726 1280 3109 1338 Theodoretus
3138 1281 3356 1339 duobus
3382 1283 3436 1337 in
3462 1284 3614 1349 locis,
3642 1302 3815 1357 nempe

2259 1374 2494 1444 epistola
2540 1373 2605 1428 16
2648 1372 2716 1428 ad
2751 1373 3018 1429 Irenaeum
3043 1413 3059 1438 ,
3097 1374 3193 1427 ubi
3236 1375 3505 1430 rationem
3543 1378 3712 1441 affert,
3733 1391 3821 1434 cur

2261 1465 2408 1520 inter
2449 1464 2837 1535 subjungenda
2880 1464 3115 1535 singulis
3162 1465 3396 1536 dialogis
3436 1466 3651 1522 Patrum
3682 1472 3818 1525 testi-

2260 1555 2469 1620 monia,
2516 1571 2696 1625 neque
2734 1555 2960 1633 Diodori
3002 1556 3313 1623 Tarsensis,
3349 1574 3529 1630 neque
3570 1561 3820 1617 Theodori

2261 1647 2633 1717 Mopsuesteni
2674 1647 3014 1703 mentionem
3066 1648 3330 1716 fecisset;
3390 1661 3447 1705 et
3496 1653 3717 1722 epistola
3761 1654 3820 1708 85

568 1742 704 1796 Nam
740 1752 1106 1814 prteterquam
1148 1743 1297 1813 quod
1330 1743 1498 1799 Attila
1536 1743 1837 1799 Venusium
1877 1758 2159 1813 nunquam
2194 1804 2229 1814 _
2263 1738 2332 1792 ad
2358 1737 2683 1793 Dioscorum
2734 1739 3080 1795 Alexandria
3132 1742 3458 1807 antistitem,
3510 1759 3632 1799 cum
3684 1761 3817 1800 suam

570 1804 881 1896 recesserit,
905 1804 1137 1903 qumque
1163 1804 1459 1888 narrantur
1493 1833 1561 1889 de
1585 1834 1796 1889 Joanne
1826 1834 1933 1904 ipsi
1956 1804 2167 1907 occur-_
2192 1804 2233 1860 Β
2259 1830 2430 1885 vellet
2477 1830 2889 1886 observantiam
2949 1848 3079 1903 erga
3139 1804 3512 1903 Theophilum
3573 1845 3629 1890 et
3664 1836 3816 1909 Cyril-

570 1934 745 1983 rente.
798 1940 909 1979 nou
964 1924 1262 1979 admodum
1288 1932 1581 1980 constant:
1611 1925 1791 1995 potuit
1821 1932 1970 1980 certe
1997 1925 2156 1981 Aste-

571 2014 686 2068 rius
732 2014 959 2068 Joannis
1007 2014 1061 2068 in
1108 2014 1293 2070 locum
1318 2013 1643 2078 succedere,
1675 2029 1744 2069 eo
1775 2015 2038 2085 temporis
2066 2014 2156 2069 in-

570 2104 819 2183 tervallo,
865 2105 1013 2174 quod
1060 2106 1130 2160 ab
1179 2120 1327 2159 anno
1370 2104 1477 2160 445
1503 2104 1570 2159 ad
1603 2103 1708 2158 450
1728 2104 1957 2167 etlluxit,
1995 2112 2056 2158 ut
2088 2119 2157 2159 ex

569 2194 733 2251 dictis
760 2206 1010 2267 apertum
1052 2204 1156 2251 est.

638 2286 730 2341 IX.
767 2288 940 2359 Digna
964 2295 1093 2342 sunt
1115 2304 1237 2357 quae
1260 2287 1623 2342 observentur
1644 2286 1769 2342 ista.
1788 2287 1809 2339 l
1825 2327 1839 2338 .
1856 2286 2019 2342 Nova:
2041 2286 2153 2340 hae-

568 2379 708 2433 resis
742 2378 967 2434 nomine
1013 2378 1177 2449 383
1230 2394 1261 2432 a
1315 2377 1667 2433 Theodorcto
1723 2394 1845 2434 eam
1899 2377 2151 2447 intelligi,

566 2488 731 2541 quam
782 2471 988 2543 Cyrillo
1038 2472 1263 2541 quidem
1287 2469 1579 2541 allingebat
1604 2511 1619 2535 ,
1668 2471 1846 2540 reipsa
1881 2487 2011 2525 vero
2039 2471 2153 2525 Eu-

567 2564 760 2635 tyches
792 2563 1070 2619 tuebatur.
1101 2562 1156 2617 2.
1180 2562 1457 2627 Quantum
1487 2562 1759 2617 tribueret
1783 2562 1982 2617 litteris
2005 2578 2154 2617 sum-

565 2669 781 2710 morum
833 2654 1156 2723 pontificum
1192 2652 1247 2707 in
1285 2668 1450 2708 causa
1494 2652 1620 2707 fidei
1656 2671 1668 2706 :
1721 2654 1955 2721 loquens
2001 2654 2151 2708 enim

564 2746 634 2800 de
663 2745 897 2815 epistola
932 2745 1106 2799 sancti
1141 2743 1343 2799 Leonis
1372 2743 1439 2797 ad
1473 2744 1791 2798 Flavianum
1818 2744 1935 2800 haec
1962 2745 2147 2800 habet:

571 2834 718 2889 «Cui
752 2833 917 2888 etiam
974 2833 1297 2903 subscripsi,
1344 2842 1400 2887 et
1448 2849 1512 2887 ex
1552 2834 1660 2889 hoc
1704 2834 1954 2903 probavi,
2001 2836 2149 2905 quod

564 2926 782 2997 regulas
800 2925 1145 2995 apostolicas,
1171 2924 1277 2979 hoc
1298 2933 1384 2979 est
1413 2940 1542 2979 vera
1571 2924 1847 2995 dogmata,
1873 2941 2098 2995 sequor.
2122 2944 2142 2977 ι

559 3015 615 3069 5.
648 3014 820 3081 Quam
846 3014 1061 3068 sincere
1085 3012 1354 3068 fateretur
1381 3012 1509 3068 fidei
1549 3014 1861 3068 columnam
1905 3015 1981 3069 ita
2026 3029 2148 3071 esse

559 3107 705 3177 apud
746 3105 1144 3169 Occidentales,
1207 3123 1226 3155 ι
1253 3111 1316 3160 ιιι
1360 3121 1430 3159 ex
1480 3104 1555 3159 iis
1614 3104 1781 3159 etiam
1838 3105 2214 3196 OrientalesC

560 3206 921 3254 sacrosanctae
941 3196 1201 3252 Ecclesia:
1222 3210 1412 3251 veram
1435 3195 1749 3253 custodiant
1764 3197 2138 3269 religionem.»

1162 3326 1389 3384 CAPUT
1435 3327 1525 3384 VI.

627 3438 878 3493 Recensio
901 3436 1131 3509 Operam
1153 3478 1167 3504 ,
1194 3454 1316 3519 quae.
1342 3447 1482 3519 torno
1534 3439 1611 3495 IV
1642 3440 1769 3496 edit.
1806 3440 2076 3497 Sirmondi

1176 3517 1531 3564 continentur.

630 3629 839 3683 Tomus
876 3636 1109 3698 quartus
1147 3628 1533 3698 complectitur
1560 3628 1833 3683 Eranistw
1857 3643 1953 3683 seu
1979 3627 2145 3700 Poly-

564 3722 768 3792 morplu'
805 3720 979 3774 libros
1020 3728 1276 3788 quatuor,
1305 3718 1691 3775 Haereticarum
1735 3718 2041 3789 fabularum
2078 3721 2145 3775 li-

563 3813 690 3867 bros
713 3811 956 3882 quinque
982 3852 996 3874 ,
1026 3809 1101 3864 De
1129 3810 1467 3866 Providentia
1496 3826 1786 3866 sermones
1816 3811 2007 3867 decem
2031 3853 2045 3877 ,
2070 3813 2145 3867 De

562 3906 879 3961 Grrrcanicis
926 3906 1280 3976 affectionibus
1331 3904 1581 3959 curandis
1618 3903 1788 3959 libros
1828 3904 2142 3971 duodecim,

561 4006 619 4052 et
645 3996 1041 4067 Appendicem.

869 4105 899 4176 δ
924 4106 964 4161 1.
999 4106 1275 4160 Eranisles
1299 4120 1392 4159 seu
1423 4105 1830 4179 Polymorplius.

628 4220 670 4273 Ι.
700 4219 971 4274 Eranistes
1003 4236 1101 4277 seu
1130 4220 1512 4291 Polymorphus
1550 4218 1707 4274 libris
1737 4228 1975 4289 quatuor
2008 4234 2145 4276 con-

559 4308 788 4373 tinetur,
819 4325 1059 4379 quorum
1103 4320 1216 4366 tres
1264 4310 1482 4379 priores
1519 4308 1723 4380 dialogi
1764 4309 1997 4365 formam
2041 4310 2144 4366 ha-

556 4401 710 4455 bent.
735 4399 975 4467 Quartus
1005 4402 1332 4457 inscribitur
1359 4400 1770 4456 Demonstratio
1818 4417 1921 4471 per
1973 4403 2142 4474 syllo-

2257 1921 2409 1985 lum,
2456 1920 2704 1978 Dioscori
2760 1938 3143 1993 prazcessores,
3201 1926 3419 1991 testari,
3469 1926 3586 1983 haec
3633 1928 3814 1983 habet:

2259 2014 2384 2066 ὀτι
2413 2012 2471 2066 δὲ
2501 2014 2595 2068 καὶ
2625 2016 2739 2079 τοῖς
2784 2015 2893 2069 τῶν
2945 2016 3234 2088 μακαρίων
3289 2018 3553 2088 Θεοφίλου
3605 2021 3693 2073 καὶ
3721 2022 3816 2072 Κυ-

2259 2104 2440 2175 ρίλλου
2493 2106 2894 2176 συγγράμμασι
2949 2109 3303 2178 κεχρημένοι,
3356 2110 3485 2173 τοὺς
3544 2109 3818 2178 ἀντιλέγειν

2253 2193 2569 2264 τολμῶντας
2590 2194 3013 2266 ὲπιστομίζομεν
3032 2196 3097 2262 η,
3115 2197 3252 2251 αὒτά
3276 2200 3548 2270 μαρτυρεῖ
3572 2200 3636 2253 τὰ
3659 2198 3816 2270 γράμα

2258 2297 2405 2350 ματα
2425 2295 2438 2309 °
2468 2282 2596 2345 τοὺς
2612 2281 2721 2350 γάρ
2750 2286 2850 2354 τῆς
2869 2285 3205 2356 Δεσποτικῆς
3238 2288 3446 2359 σαρκὸς
3474 2289 3569 2342 καὶ
3596 2290 3688 2358 τῆς
3716 2289 3815 2341 θεό-

2251 2387 2415 2442 τητος
2453 2372 2549 2440 τὴν
2576 2372 2841 2445 διαφορὰν
2871 2376 3265 2447 ἀρνουμένους,
3314 2379 3409 2433 καὶ
3454 2382 3584 2434 ποτε
3615 2383 3705 2451 μὶν
3734 2382 3817 2451 τὴν

2253 2462 2404 2517 θείαν
2434 2464 2596 2533 φύσιν
2623 2467 2701 2529 εἰς
2734 2465 2915 2538 σάρκα
2953 2468 3254 2539 τετράφθαι
3305 2470 3584 2537 λέγοντας,
3632 2473 3817 2527 ποτὲδὲ

2251 2556 2354 2626 τὴν
2387 2558 2568 2628 σάρκα
2596 2559 2679 2621 εἰς
2716 2556 2973 2629 θεότητος
3020 2561 3467 2635 μεταϐεϐλῆσθαι
3510 2564 3686 2634 φύσιν,
3723 2567 3818 2627 τοῖς

2252 2647 2359 2701 τῶν
2415 2647 2734 2718 θαυμασίων
2799 2649 3004 2703 τούτων
3050 2652 3259 2723 ἀνδρῶν
3320 2656 3636 2727 φαρμάκοις
3680 2655 3820 2726 θερα-

2252 2736 2438 2789 πεύειν
2468 2735 2881 2808 σπουδάζομεν·
2945 2739 3131 2809 σαφῶς
3176 2741 3289 2813 γὰρ
3345 2745 3443 2797 καὶ
3487 2746 3594 2797 τῶν
3625 2746 3711 2799 δύο
3737 2746 3822 2813 φύ-

2252 2841 2392 2879 σεων
2455 2827 2604 2896 ἡμᾶς
2662 2828 2762 2898 τὴν
2821 2827 3087 2899 διαφορὰν
3155 2831 3579 2898 ἐκπαιδεύουσι,
3636 2835 3723 2887 καὶ
3769 2834 3825 2886 τὸ

2248 2916 2519 2989 ἄτρεπτον
2565 2918 2665 2988 τῆς
2718 2918 2868 2982 θείας
2919 2918 3252 2991 κηρύττουσι
3303 2922 3560 2992 φύσεως,
3605 2927 3692 2979 καὶ
3734 2926 3821 2996 τὴν

2247 3012 2586 3083 Δεσποτικὴν
2611 3014 2791 3085 σάρκα
2812 3014 2964 3068 θείαν
2988 3017 3085 3087 μὲν
3107 3018 3483 3074 ἀποκαλοῦσιν
3504 3023 3579 3085 ὡς
3598 3021 3684 3074 τοῦ
3703 3020 3818 3074 Θεοῦ

2251 3103 2427 3171 Λόγου
2460 3102 2642 3172 σάρκα
2669 3106 3065 3176 γεγενημένην,
3097 3107 3160 3161 τὸ
3188 3108 3245 3161 δὲ
3276 3111 3361 3173 εἰς
3393 3111 3647 3183 θεότητος
3673 3112 3821 3179 tab-rip

2253 3194 2693 3265 μεταϐεϐλῆσθαι
2726 3196 2909 3265 φύσιν,
2935 3199 3013 3261 ὡς
3040 3199 3236 3264 ἀσεϐὲς
3268 3204 3740 3274 ἀποκηρύττουσιν
3762 3204 3818 3255 ³³.

2247 3285 2402 3351 Quod
2422 3302 2544 3340 vero
2572 3287 2844 3343 beatorum
2871 3306 3075 3361 quoque
3101 3291 3374 3362 Theophili
3412 3305 3465 3347 et
3501 3294 3683 3367 Cyrilli
3704 3296 3823 3349 scri-

2246 3379 2352 3448 ptis
2393 3388 2631 3444 utamur,
2672 3380 2742 3435 ad
2792 3383 3147 3437 retundendos
3193 3386 3439 3441 homines
3490 3388 3823 3442 contradicere

2247 3484 2441 3535 ausos,
2475 3468 2597 3523 libri
2633 3471 2735 3541 ipsi
2780 3478 3065 3526 testantur.
3097 3472 3203 3527 Eos
3246 3477 3395 3529 enim
3438 3479 3532 3548 qui
3560 3476 3824 3531 Dominica:

2245 3563 2424 3616 carnis
2467 3580 2530 3615 ae
2567 3562 2779 3617 deitutis
2816 3565 3174 3633 diﬂ'erentiam
3210 3582 3437 3636 negant,
3471 3578 3523 3623 et
3555 3585 3690 3623 nunc
3725 3570 3826 3638 qui-

2244 3653 2363 3706 dem
2396 3654 2629 3708 divinam
2664 3664 2919 3708 naturam
2952 3657 3006 3709 in
3046 3672 3261 3710 carnem
3297 3659 3459 3714 aiunt
3489 3677 3601 3715 esse
3628 3676 3826 3716 conver-

2243 3760 2380 3809 sam,
2413 3762 2552 3799 nunc
2571 3762 2691 3800 vero
2721 3763 2937 3801 carnem
2967 3748 3023 3799 in
3051 3747 3349 3803 divinitatis
3386 3762 3647 3807 naturam
3662 3763 3825 3806 trans-

2242 3838 2365 3891 iisse
2384 3879 2397 3902 ,
2460 3839 2899 3892 admirandorum
2928 3839 3151 3893 Patrum
3180 3840 3414 3896 istorum
3454 3844 3830 3899 medicamentis

2243 3945 2434 3982 curare
2471 3932 2712 3983 nitimur.
2742 3930 2937 4002 Aperte
2963 3933 3220 4004 siquidem
3258 3946 3312 3989 et
3347 3937 3587 3993 duarum
3618 3946 3830 3992 natura-

2244 4038 2363 4074 rum
2392 4022 2673 4076 discrimen
2703 4040 2796 4078 nos
2825 4025 3029 4089 docent.
3061 4037 3109 4080 et
3132 4031 3633 4087 inmutabilitatem
3656 4031 3832 4085 dicitur

2244 4123 2454 4169 natura:
2490 4117 2814 4186 prazdicaut,
2859 4126 2911 4172 et
2952 4119 3284 4177 Dominicam
3332 4142 3559 4180 carnem
3614 4125 3830 4178 divinam

2244 4209 2453 4279 quidem
2483 4219 2694 4275 vocant,
2727 4219 2988 4283 tanquam
3024 4215 3121 4270 Dei
3153 4217 3310 4272 Verbi
3350 4236 3577 4273 carnem
3608 4219 3832 4291 factum:

2243 4300 2394 4356 illam
2421 4312 2601 4357 autem
2630 4304 2686 4357 in
2715 4305 3006 4362 divinitatis
3024 4325 3335 4364 conversam
3360 4311 3531 4381 fuisse
3569 4319 3831 4369 naturam,

2244 4390 2385 4445 velut
2413 4394 2635 4462 impium
2656 4395 2925 4465 rejiciuut.

554 4487 797 4593 ξξεωοες
851 4505 974 4560 qua?
1009 4490 1174 4593 θῐξῖιη.
1210 4489 1265 4544 ίη
1291 4489 1525 4593 dial-“gis
1574 4488 1847 4593 ἷυεξξηξε
1888 4490 2139 4593 ,οτθιονίθ
2173 4480 2217 4534 D
2314 4502 2480 4575 384
2520 4505 2583 4561 V.
2624 4505 2706 4560 Ad
2748 4507 2890 4563 hanc
2930 4517 3222 4593 utramque
3253 4512 3606 4571 Theodoreti
3643 4514 3832 4585 cpisto.

555 4579 833 4650 disputata
872 4590 1002 4636 sunt
1049 4582 1119 4636 de
1160 4582 1610 4637 immutabilitate
1654 4582 1856 4648 Verbi,
1886 4583 2140 4641 inconfu-

555 4670 710 4727 sioue
737 4680 1082 4736 naturarum,
1109 4682 1166 4728 et
1200 4673 1636 4745 impossibilitate
1668 4673 1867 4729 divina:
1900 4683 2134 4741 naturae,

553 4776 618 4816 ea
644 4762 1051 4818 contrahuntur
1073 4764 1129 4819 in
1152 4765 1515 4836 syllogismos,
1536 4774 1598 4819 ut
1616 4766 1700 4819 vis
1722 4775 1778 4820 et
1800 4768 2042 4837 apertior
2066 4771 2138 4825 sit

551 4860 608 4906 et
630 4851 921 4908 efficacior.

623 4942 687 4998 ll.
720 4942 967 4998 Meminit
998 4944 1228 5016 hujusce
1251 4947 1434 5016 operis
1454 4947 1684 5005 Photius
1706 4951 1898 5007 codice
1920 4951 2009 5018 46,
2035 4953 2129 5011 ubi

552 5049 676 5087 cum
708 5034 776 5089 de
801 5035 990 5105 viginti
1016 5044 1074 5091 et
1095 5045 1303 5107 septem
1334 5038 1491 5093 libris
1513 5080 1528 5104 ,
1565 5056 1705 5110 quos
1734 5058 1922 5099 omnes
1944 5045 2126 5101 Theo-

551 5124 747 5179 doreto
774 5124 988 5189 tribuit,
1025 5126 1302 5197 sigillatim
1331 5128 1559 5185 dixisset
1574 5131 1641 5196 ³⁸,
1677 5134 1830 5188 addit
1851 5135 2034 5192 adhuc
2069 5137 2125 5193 in

551 5215 744 5271 eodem
769 5215 1045 5271 volumine
1073 5218 1193 5287 ipso
1221 5219 1325 5290 legi
1355 5228 1466 5276 tres
1486 5224 1734 5293 ejusdem
1763 5226 1934 5283 libros
1963 5244 2129 5300 supe-

551 5306 791 5362 rioribus
826 5306 1085 5376 majores.
1127 5328 1145 5361 ι
1184 5309 1428 5366 Titulum
1472 5314 1771 5383 praeferunt
1825 5318 2125 5387 Eranistes,

549 5411 648 5452 seu
676 5396 1063 5467 Polymorplms
1092 5416 1109 5453 :
1140 5400 1339 5456 horum
1371 5405 1581 5473 primus
1613 5408 1772 5463 docet
1799 5410 1946 5479 quod
1982 5412 2129 5468 Deus

2242 4591 2351 4646 lam
2380 4608 2561 4663 operm
2591 4597 2831 4665 pretium
2867 4607 2953 4655 est
2987 4591 3281 4658 observare
3306 4621 3321 4657 :
3356 4605 3413 4659 l°
3435 4607 3601 4669 Eam.
3629 4620 3747 4678 qua:
3772 4601 3833 4656 ad

2242 4684 2510 4740 Irenaeum
2560 4686 2907 4757 inscribitur,
2952 4694 3213 4764 scriptam
3261 4711 3391 4752 esse
3428 4699 3478 4732 ³⁵
3530 4713 3678 4754 anno
3715 4695 3830 4759 449,

2244 4776 2348 4831 sub
2378 4776 2543 4832 ﬁnem
2572 4779 2796 4849 Aprilis,
2826 4796 2935 4851 quo
2963 4791 3211 4853 tempore
3244 4785 3616 4842 Antiochiam
3655 4798 3834 4856 perre-

2237 4877 2393 4922 nerat
2421 4865 2589 4922 Sacra
2618 4868 2913 4925 Theodosii
2945 4871 3010 4926 ad
3049 4873 3276 4929 alteram
3300 4878 3587 4948 synodum
3618 4873 3836 4946 Ephesi-

2235 4971 2364 5011 nam
2409 4960 2790 5029 metropolitas
2843 4963 3164 5029 evocantis,
3222 4966 3513 5036 siquidem
3576 4969 3837 5026 Constan-

2234 5051 2466 5121 tinopoli
2528 5052 2656 5108 data
2716 5053 2918 5125 legitur
2980 5072 3036 5111 tu
3090 5055 3325 5114 Calend.
3387 5063 3407 5081 ‘

2237 5143 2582 5199 consulatum
2610 5143 2846 5200 Zenonis
2874 5155 2930 5201 et
2968 5146 3379 5204 Posthumiani.
3407 5150 3469 5205 2°
3500 5152 3587 5207 Ad
3620 5151 3837 5207 Diosco-

3481 5063 3664 5132 April.
3720 5068 3837 5129 post

2243 5250 2364 5287 rum
2388 5250 2418 5288 a
2447 5233 2801 5291 Theodorcto
2831 5237 3053 5292 missam
3096 5254 3216 5295 esse
3261 5242 3569 5310 epistolam
3594 5243 3661 5305 ³³,
3700 5255 3836 5297 anno

2237 5325 2343 5379 448
2396 5341 2507 5380 non
2562 5326 2856 5382 admodum
2916 5328 3146 5395 allecto,
3189 5337 3503 5402 antequam
3547 5333 3763 5389 scilicet
3807 5344 3836 5385 a

2234 5415 2498 5473 Dioscoro
2523 5419 2577 5472 in
2596 5419 2840 5475 Ecclesia
2854 5421 3221 5478 Alexandrina
3236 5424 3473 5494 publico
3488 5428 3837 5483 anathemate

1893 5565 2214 5623 SCHULZII
2245 5569 2479 5626 NOTAE.

621 5708 666 5740 ιο
689 5706 814 5763 Vid.
840 5722 1024 5782 supra,
1055 5726 1110 5782 ι).
1144 5711 1271 5769 258.
1346 5714 1389 5746 ιι
1415 5714 1540 5770 Vid.
1575 5716 1710 5773 ibid.

621 5720 666 5740 "
697 5720 814 5763 Via.
840 5722 1024 5791 supra,
1055 5726 1110 5782 p.
1144 5720 1271 5796 2§8.
1346 5720 1389 5746 "
1416 5720 1540 5802 Yid.
1575 5720 1710 5773 ibid.
1809 5720 2141 5802 ³ξὲπιστομ.

545 5776 791 5835 fuerunt.
867 5778 1071 5838 "Edit.
1106 5798 1262 5855 prior
1288 5784 1658 5857 ἀπεκηρυξαν.
1739 5788 1783 5822 ³⁵
1808 5788 1931 5846 Vld.
1961 5806 2147 5863 supra,

2249 5724 2322 5778 lit.
2355 5726 2509 5795 prior
2531 5728 2904 5853 praeminebat
2931 5732 3024 5785 καὶ
3046 5731 3134 5785 διὰ
3168 5731 3369 5804 τούτῳ,
3410 5753 3544 5809 qua:
3601 5735 3834 5796 delenda

2254 5795 2378 5852 514.
2456 5798 2499 5829 ⁸⁸
2579 5798 2654 5853 ιὰ.
2683 5814 2870 5864 supra,
2894 5816 2951 5864 p.
2976 5802 3100 5864 550,
3141 5803 3321 5859 schol.
3361 5808 3416 5861 l.

2579 5798 2654 5853 id.
2683 5814 2870 5871 supra,
2894 5816 2951 5872 p.
2976 5802 3100 5867 550,
3141 5798 3326 5859 schol:
3361 5808 3416 5861 l.
