4070 6482
363 405 474 469 333
1537 399 1634 466 DE
1669 401 1924 464 LIBRIS
1955 401 2463 466 THEODOBETI.
3526 417 3628 479 33.1

359 521 796 591 percelleretur;
831 519 1118 590 perculsus
1143 537 1275 577 vero
1295 530 1378 576 est
1409 537 1556 582 anno
1573 521 1950 590 priore,quam
1983 521 2026 576 Α
2123 521 2174 573 1.
2208 521 2428 579 Sanctio
2471 527 2622 595 prior
2659 527 2803 584 edita
2834 537 2916 584 est
2943 545 3088 584 anno
3119 531 3242 596 447,
3287 547 3410 588 nam
3444 533 3626 590 edicto

365 613 714 681 Ephesinum
760 613 1112 670 latrocinium
1155 615 1347 676 coiret,
1393 625 1453 670 ut
1477 631 1542 670 ex
1580 615 1812 683 epistola
1849 614 1950 668 H5
2050 619 2344 678 praetorum
2386 617 2667 685 pro-posito
2707 637 2724 666 ι
2774 619 2914 673 lecta
2954 621 3122 698 estin
3169 623 3400 678 ecclesia
3431 639 3624 680 mona-

358 703 664 773 colligitur.
695 703 750 756 5°
777 703 1114 759 Mentionem
1143 704 1262 760 ﬁeri
1295 705 1564 761 Eranistaa
1589 707 1742 760 velut
1764 707 1950 776 operis
2049 701 2278 756 chorum
2309 703 2366 758 in
2393 705 2626 762 desertis
2651 707 2966 780 degentium
2995 712 3086 767 die
3121 713 3191 766 25
3219 716 3426 770 mensis
3450 717 3622 771 Phar-

357 793 697 864 pervulgati,
732 802 788 848 et
823 795 936 865 jam
975 796 1092 850 noti
1133 795 1189 849 in
1216 795 1479 868 Egypto;
1513 797 1782 868 divulgari
1815 813 1950 854 vero
2048 793 2245 857 muthi,
2275 795 2575 853 indictione
2602 800 2652 863 l,
2686 814 2828 856 anno
2857 803 3179 870 Diocletiani
3205 805 3342 873 l64;
3375 825 3393 859 ι
3425 807 3479 862 id
3517 819 3619 872 est,

355 885 452 954 qui
481 886 688 956 potuit,
708 895 764 940 et
787 886 844 940 in
869 886 1147 957 regionem
1172 887 1308 943 adeo
1337 897 1600 942 remotam
1633 889 1944 958 pervenire,

353 977 464 1030 nisi
501 983 634 1031 ante
660 977 872 1047 aliquot
912 993 1107 1044 annos,
1133 979 1272 1034 duos
1298 987 1393 1034 aut
1423 988 1554 1044 tres,
1581 981 1946 1050 compositum

353 1073 526 1134 atque
559 1064 770 1120 editum
793 1065 988 1121 fuisset
1011 1067 1034 1120 ?
1061 1067 1192 1122 Inde
1211 1083 1344 1122 vero
1369 1067 1662 1133 concludo,
1694 1083 1804 1122 non
1841 1069 1944 1121 im-

355 1159 559 1212 merito
582 1158 764 1213 videri
793 1171 956 1228 posse
989 1160 1232 1229 cuipiam
1265 1161 1466 1214 mirum
1497 1161 1612 1216 sive
1653 1159 1942 1226 Ccnnadii,

354 1251 468 1305 sive
497 1251 740 1304 aliorum
779 1251 1072 1321 judicium,
1113 1253 1208 1322 qui
1232 1267 1372 1322 opus
1397 1268 1426 1306 a
1455 1253 1804 1308 Theodoreto
1827 1254 1947 1308 lau-

355 1345 568 1408 datum,
609 1359 738 1398 cum
785 1345 1049 1402 Dioscoro
1095 1347 1309 1401 litteras
1339 1345 1714 1401 excusatorias
1763 1345 1942 1408 daret,

356 1435 724 1490 crediderunt
773 1437 1042 1496 adversus
1093 1438 1390 1508 ipsummet
1439 1437 1762 1492 Dioscorum
1811 1437 1945 1492 seri-

359 1537 512 1596 ptum
545 1541 690 1582 esse.
719 1527 815 1582 Na:
837 1529 1220 1585 Theodoretus
1243 1529 1438 1585 fuisset
1457 1539 1552 1586 aut
1577 1531 1945 1602 impudentis-

367 1619 532 1672 simus
549 1618 856 1683 hominum,
891 1621 984 1689 qui
1011 1621 1313 1676 secundum
1345 1638 1374 1676 a
1405 1621 1652 1676 Romano
1686 1619 1943 1678 Ecclesiae

367 1707 657 1763 antistitem
697 1721 1054 1780 provocasset
1081 1713 1148 1766 ad
1187 1713 1475 1784 legendum
1505 1729 1662 1784 Opus,
1703 1731 1812 1784 quo
1835 1723 1942 1767 tra-

359 1797 652 1854 duceretur
695 1800 932 1856 ridicula
957 1801 1121 1874 385
1155 1803 1258 1857 sub
1293 1819 1556 1874 persona;
1607 1813 1704 1859 aut
1749 1805 1940 1859 incon-

2047 883 2138 938 die
2167 884 2382 942 decima
2425 899 2616 944 octava
2662 890 2865 961 Aprilis
2913 895 3041 948 anni
3082 895 3220 960 448,
3272 913 3398 952 cum
3448 902 3620 954 eremi

2046 974 2287 1030 cultores
2343 979 2730 1034 convenissent
2793 981 2859 1035 ad
2927 983 3318 1040 celebrandum
3377 988 3618 1052 Pascha,

2045 1079 2282 1136 moxque
2324 1066 2592 1124 absolutis
2625 1069 2779 1126 festis
2811 1081 2937 1142 post
2973 1075 3098 1130 νέαν
3129 1079 3399 1150 κυριακὴν
3427 1081 3494 1135 ad
3523 1097 3618 1136 sua

2045 1169 2104 1208 se
2135 1156 2254 1210 loca
2287 1157 2486 1228 singuli
2521 1161 2796 1229 recepturi
2835 1161 3038 1218 forent.
3073 1165 3192 1222 Non
3223 1170 3404 1236 potuit
3435 1179 3618 1226 autem

2047 1245 2102 1299 in
2153 1246 2496 1302 Palaestinam
2553 1249 3062 1324 ConstantinOpoli,
3121 1265 3286 1328 atque
3345 1261 3511 1316 etiam
3559 1263 3614 1317 in

2043 1335 2259 1408 Egypti
2299 1339 2516 1396 deserta
2557 1342 2760 1398 deferri
2801 1347 3042 1412 sanctio,
3078 1348 3210 1417 quin
3245 1351 3454 1420 aliquot
3493 1367 3620 1407 ante

2045 1443 2262 1484 menses
2289 1429 2416 1485 data
2449 1432 2540 1496 sit,
2589 1443 2755 1503 atque
2801 1435 2940 1491 adeo
2987 1437 3088 1492 sub
3127 1438 3289 1495 ﬁnem
3322 1442 3449 1496 anni
3489 1443 3614 1507 447,

2043 1521 2326 1576 Decembri
2356 1537 2566 1588 mense,
2587 1533 2652 1580 ut
2675 1527 2895 1595 opinor,
2923 1539 3018 1583 aut
3035 1531 3198 1585 etiam
3216 1533 3509 1588 Novembri
3532 1553 3544 1588 :
3571 1535 3616 1590 si

2042 1614 2190 1667 enim
2234 1615 2398 1670 citius
2427 1616 2624 1672 fuisset
2663 1618 2811 1682 data,
2854 1621 3125 1689 potuisset
3149 1623 3258 1694 legi
3299 1623 3354 1678 in
3383 1626 3616 1681 ecclesia

2043 1704 2437 1760 monachorum
2471 1708 2920 1764 convenientium
2959 1710 3026 1764 ad
3057 1712 3386 1769 celebranda
3411 1714 3616 1770 Christi

2043 1792 2178 1850 festa
2217 1795 2384 1866 386
2411 1799 2676 1852 natalitia.
2705 1799 2870 1855 Lecta
2903 1816 3069 1870 porro
3092 1811 3179 1858 est
3207 1804 3301 1874 νέᾳ
3327 1811 3564 1878 κυριακῇ
3601 1827 3612 1861 :

353 1891 712 1958 sanissimus,
763 1893 858 1963 qui
901 1870 1138 1965 ριίι-έωῖθ
1177 1909 1235 1951 se
1289 1870 1549 1953 §oluisset
1594 1898 1738 1968 apud
1766 1914 1934 1960 leum,
1969 1870 2012 1926 Β
2041 1900 2164 1938 nam
2196 1901 2342 1940 anno
2365 1887 2489 1952 448,
2518 1889 2724 1944 Pascha
2753 1890 2948 1946 incidit
2970 1892 3024 1946 in
3051 1892 3196 1948 diem
3223 1870 3288 1948 ii
3313 1870 3618 1966 Aprilis,"et

351 1997 514 2052 quem
539 1982 657 2053 ipse
679 1995 998 2052 accusaret;
1026 1995 1120 2040 aut
1147 1989 1578 2054 amentissimus,
1611 1989 1704 2059 qui
1747 1990 1938 2044 amici-

351 2074 478 2128 tiam
501 2076 828 2144 expetiisset
851 2075 1114 2142 hominis,
1147 2094 1308 2148 quem
1337 2079 1669 2136 ludiﬁcatur.

413 2166 504 2220 Vl.
551 2167 598 2221 Α
639 2167 864 2222 nemine
905 2177 1154 2224 veterum
1193 2184 1333 2240 opus
1377 2171 1482 2224 hoc
1519 2171 1626 2225 ulla
1670 2172 1936 2242 peculiari

345 2255 508 2311 laude
538 2256 798 2320 afﬁcitur,
833 2257 1088 2326 quamvis
1126 2274 1156 2312 a
1200 2261 1529 2328 quihusdam
1575 2269 1932 2327 memoratur,

342 2348 494 2403 velut
553 2366 585 2402 a
627 2349 827 2403 Photio
869 2357 924 2404 et
967 2351 1314 2420 Nicephoro:
1352 2353 1498 2421 quod
1531 2354 1650 2408 sine
1686 2353 1936 2408 animad-

342 2439 603 2495 versione
635 2441 928 2510 prasteriri'
951 2456 1060 2496 non
1099 2442 1284 2506 debet,
1312 2444 1620 2512 praesertim
1645 2459 1770 2498 cum
1799 2460 1934 2515 pro-

341 2532 461 2586 fusa
514 2533 588 2587 sit
633 2533 881 2602 alioquin
931 2535 1222 2604 utriusque
1269 2537 1513 2590 auctoris
1554 2536 1607 2589 in
1657 2536 1934 2592 laudando

341 2623 702 2678 Theodoreto
745 2623 1142 2680 incontinentia
1175 2643 1188 2677 :
1225 2625 1427 2680 librum
1463 2629 1698 2697 appellat
1721 2635 1932 2682 tantum

341 2715 696 2784 Nicephorus
717 2756 730 2780 ,
766 2715 1000 2769 Photius
1029 2715 1178 2771 aliud
1215 2717 1350 2770 nihil
1377 2719 1586 2783 laudat,
1617 2735 1780 2788 quam
1812 2735 1934 2788 quae

345 2807 570 2876 reliquis
597 2805 864 2861 omnibus
890 2808 1153 2877 operibus
1189 2809 1468 2873 convenit,
1509 2811 1780 2865 sermonis
1802 2827 1931 2879 per—

351 2897 696 2966 spicuitatem
722 2907 780 2954 et
801 2897 1122 2968 puritatem.

419 2987 522 3042 VH.
553 2989 682 3043 Non
711 2989 876 3044 modo
897 3006 1010 3044 non
1039 2991 1338 3046 laudarunt
1359 3001 1594 3056 veteres,
1627 2992 1723 3047 sed
1763 2993 1932 3048 etiam

345 3081 566 3135 nomine
605 3079 842 3136 haeresis
892 3090 1207 3152 suspectum
1249 3083 1565 3138 habuerunt
1599 3101 1610 3136 :
1653 3099 1816 3154 quam
1857 3083 1932 3139 ob

339 3187 563 3228 causam
587 3172 634 3203 “
665 3170 903 3228 ﬂammis
933 3173 1212 3229 addictum
1261 3184 1347 3230 est
1373 3175 1590 3261 gemina
1631 3175 1926 3230 Theodosii
1955 3199 2002 3261 ο

335 3263 628 3318 sanctione
657 3284 669 3317 :
703 3264 950 3335 priorem
982 3263 1472 3336 edixitimperator
1502 3259 1647 3320 anno
1675 3266 1799 3326 447,
1823 3267 1928 3322 sub

335 3355 528 3420 ﬁnem,
565 3357 808 3412 habetur
833 3355 886 3412 in
923 3374 979 3412 In
1022 3367 1178 3427 parte
1223 3359 1442 3414 concilii
1491 3359 1776 3430 Ephesini,
1803 3374 1924 3428 cap.

333 3449 440 3514 47;
500 3449 806 3503 secundam
851 3449 1006 3504 dedit
1055 3465 1198 3504 anno
1249 3450 1374 3514 449,
1420 3465 1544 3504 cum
1589 3451 1926 3520 Ephesinum

333 3541 642 3596 concilium
675 3558 710 3596 ιι
743 3543 1096 3612 approbaret.

406 3633 552 3687 V'lll.
595 3633 738 3688 Sunt
779 3633 898 3689 haec
931 3634 1134 3705 prioris
1161 3635 1330 3691 verba
1361 3653 1374 3689 :
1412 3655 1428 3687 ι
1477 3636 1748 3703 Quoniam
1795 3653 1928 3692 vero

333 3725 406 3778 ad
433 3727 558 3795 pias
578 3735 636 3781 et
660 3741 845 3782 sacras
873 3743 1038 3783 aures
1063 3737 1282 3784 nostras
1316 3729 1588 3798 pervenit,
1622 3745 1652 3784 a
1691 3729 1930 3783 nonnul-

333 3819 406 3872 lis
429 3818 718 3876 doetrinas
744 3822 1008 3891 quasdam
1047 3822 1394 3892 conscriptas
1433 3831 1489 3876 et
1527 3823 1705 3878 editas
1733 3823 1926 3888 fuisse,

335 3911 652 3983 ambiguas,
702 3921 759 3967 et
808 3929 922 3968 non
972 3913 1132 3984 plane
1177 3927 1242 3968 ac
1283 3919 1473 3983 aperte
1517 3915 1928 3970 consentientes

335 4019 466 4058 cum
507 4003 814 4060 orthodoxa
849 4003 958 4058 ﬁde
1002 4004 1248 4073 exposita
1292 4019 1322 4057 a
1365 4003 1572 4074 synodo
1613 4013 1926 4060 sanctorum

339 4095 566 4149 Patrum
595 4095 788 4150 Nicaeae
827 4103 884 4150 et
916 4093 1116 4165 Ephesi
1153 4102 1628 4164 congregatorum,
1662 4103 1718 4149 et
1754 4111 1784 4150 a
1824 4096 1928 4164 piat

334 4188 626 4243 memoriae
691 4187 899 4259 Cyrillo
958 4201 1155 4257 magno
1207 4185 1702 4240 Alexandrinorum
1775 4187 1930 4240 urbis

331 4281 618 4350 quondam
664 4281 928 4350 episeopo
967 4267 993 4332 ἐ
1037 4279 1394 4344 mandamus,
1440 4287 1502 4334 ut
1548 4279 1926 4350 hujuscemodi

334 4371 578 4440 scripta,
623 4371 737 4425 sive
773 4370 1042 4432 antehac,
1089 4369 1203 4424 sive
1257 4369 1363 4424 hoc
1409 4385 1628 4440 quoque
1675 4377 1925 4438 tempore

334 4461 648 4531 composita
678 4461 810 4525 sint,
847 4461 1264 4526 comburantur,
1292 4475 1355 4514 ac
1391 4475 1622 4530 prorsus
1663 4460 1923 4515 abolean-

333 4565 450 4618 tur,
475 4563 540 4608 ut
567 4553 718 4608 nullo
741 4553 910 4607 modo
935 4553 1188 4622 cuiquam
1216 4553 1282 4607 ad
1317 4551 1607 4622 legendum
1632 4561 1925 4622 suppetere

331 4645 593 4712 possint:
624 4643 733 4698 illis
767 4643 864 4713 qui
905 4643 1175 4714 ejusmodi
1215 4643 1418 4712 scripta
1449 4651 1544 4697 aut
1577 4643 1746 4698 libros
1780 4644 1926 4713 apud

330 4752 393 4790 se
419 4735 628 4790 habere
651 4751 715 4790 ac
748 4736 934 4805 legere
961 4733 1080 4788 ausi
1113 4733 1338 4801 fuerint,
1367 4743 1676 4791 extremum
1714 4735 1926 4806 suppli-

330 4826 484 4880 cium
525 4825 972 4880 formidantibus.
1011 4843 1028 4875 ι

405 4917 498 4972 IK.
538 4917 679 4972 Sunt
713 4917 816 4971 ista
849 4917 1174 4986 posterioris
1200 4916 1388 4981 edicti,
1423 4932 1536 4986 quo
1571 4917 1922 4974 latrocinium

327 5013 678 5082 Ephesinum
707 5010 1046 5080 approbatur
1079 5025 1092 5062 :
1137 5027 1154 5060 ‹
1179 5008 1442 5079 Quisquis
1472 5010 1692 5065 codices
1718 5011 1924 5067 habue-

325 5103 408 5156 rit
439 5100 794 5156 interdictam
822 5099 986 5154 ﬁdem
1020 5099 1260 5154 Nestorii
1297 5115 1362 5154 ac
1385 5101 1718 5158 Theodoreti
1744 5104 1922 5158 conti-

324 5202 552 5258 nentes,
573 5203 670 5248 aut
689 5192 1174 5262 interpretationes
1192 5207 1406 5256 eorum,
1431 5194 1518 5248 vel
1543 5194 1638 5264 qui
1658 5205 1927 5252 vocantur

323 5285 618 5340 Sermones
638 5283 942 5339 altocutorii
964 5285 1070 5338 sive
1099 5284 1444 5350 traditiones;
1465 5285 1658 5341 iisdem
1687 5297 1926 5343 tomen—

325 5375 406 5428 tis
435 5375 722 5445 subjaceat
747 5391 761 5428 :
793 5373 1008 5428 etiamsi
1035 5389 1120 5438 ea,
1147 5389 1271 5443 quae
1303 5383 1432 5428 sunt
1459 5374 1528 5429 ab
1559 5374 1668 5429 illis
1700 5389 1926 5446 compo—

323 5468 460 5532 sita,
495 5467 726 5522 alterius
749 5467 975 5522 nomine
1001 5466 1210 5522 fuerint
1235 5475 1558 5536 praenotata.
1596 5487 1616 5521 ›

405 5558 474 5614 Χ.
517 5558 676 5615 Circa
715 5567 1008 5628 utramque
1046 5559 1384 5614 sanctionem
1431 5561 1772 5617 observanda
1798 5576 1928 5616 sunt

325 5665 428 5706 sev
465 5655 563 5705 ista
591 5671 604 5706 :

2037 1976 2270 2044 proinde
2294 1977 2388 2030 νέα
2415 1980 2654 2051 κυριακὴ
2687 1982 2744 2036 in
2775 1983 2920 2038 diem
2951 1985 3018 2040 18
3039 1985 3258 2056 Aprilis.
3292 1988 3457 2043 Lecta
3483 2005 3617 2044 vero

2037 2075 2122 2120 est
2161 2070 2446 2124 monachis
2473 2081 2700 2142 propter
2733 2077 3150 2142 tumultuantes,
3184 2079 3238 2134 in
3271 2079 3406 2149 ipsis
3448 2082 3614 2136 etiam

2035 2157 2278 2214 Orientis
2327 2161 2548 2228 eremis,
2603 2163 2890 2230 factiones,
2937 2175 2996 2220 ut
3039 2167 3303 2225 discimus
3340 2186 3408 2224 ex
3447 2171 3616 2226 Sacra

2039 2250 2333 2306 Theodosii
2365 2257 2719 2312 convocantis
2747 2259 2815 2312 ad
2848 2261 3118 2331 synodum
3157 2263 3490 2332 Ephesinam
3526 2280 3615 2320 se-

2037 2340 2276 2395 cundam
2325 2347 2722 2402 monachorum
2765 2348 3009 2405 Orientis
3055 2352 3379 2423 signiferum
3411 2353 3614 2411 Borsu-

2036 2449 2202 2498 mam,
2227 2436 2319 2504 qui
2339 2453 2443 2506 pro
2463 2441 2724 2496 omnibus
2749 2443 2895 2498 inter
2915 2444 3106 2500 Patres
3127 2447 3459 2502 consideret.

2105 2525 2159 2578 2.
2203 2525 2386 2581 Altera
2433 2530 2667 2590 sanctio.
2711 2532 2816 2587 etsi
2850 2535 3058 2590 nullam
3107 2535 3310 2592 habeat
3351 2541 3617 2610 temporis

2034 2625 2242 2682 notam,
2284 2633 2352 2672 ex
2387 2619 2456 2674 iis
2495 2628 2696 2686 tamen,
2735 2639 2858 2693 quae
2897 2625 3170 2693 continet,
3215 2629 3352 2682 satis
3383 2630 3615 2686 demon-

2033 2715 2172 2762 strat
2210 2725 2414 2764 annum
2455 2711 2560 2766 449
2602 2714 2706 2768 sub
2751 2716 2937 2781 ﬁnem,
2969 2725 3066 2772 aut
3099 2718 3254 2773 initia
3287 2723 3610 2790 sequentis:

2033 2797 2324 2854 conﬁrmat
2363 2801 2512 2856 enim
2557 2803 2856 2860 concilium
2897 2807 3234 2877 Ephesinum
3279 2826 3316 2864 ιι
3363 2811 3612 2868 habitum

2033 2889 2124 2944 die
2160 2891 2226 2944 l0
2255 2891 2485 2962 Augusti
2509 2895 2640 2950 anni
2668 2897 2792 2950 449.

2101 2982 2154 3036 5.
2187 2984 2313 3040 Haec
2353 2986 2556 3055 prioris
2587 2990 2756 3044 verba
2801 3009 2814 3044 :
2865 3011 2882 3042 ι
2918 2995 2964 3046 A
3009 2995 3290 3049 nonnullis
3333 2995 3614 3052 doctrinas

2033 3075 2294 3144 quasdam
2329 3078 2668 3148 conscriptas
2699 3087 2756 3135 et
2787 3081 2966 3138 editas
2995 3083 3187 3150 fuisse,
3219 3086 3528 3158 ambiguas,
3555 3097 3614 3144 et

2032 3181 2142 3220 non
2177 3168 2336 3236 plene
2363 3183 2426 3224 ac
2467 3179 2654 3239 aperte
2699 3174 3108 3231 consentientes
3139 3191 3264 3232 cum
3305 3179 3612 3236 orthodoxa

2029 3255 2140 3312 ﬁde
2181 3260 2448 3328 exposita,
2499 3279 2519 3312 ι
2563 3269 2670 3316 etc.
2723 3263 3010 3320 manifeste
3041 3265 3328 3337 designant
3367 3267 3612 3341 dialogos

2031 3365 2156 3404 cum
2187 3350 2443 3406 Eram'sta
2481 3369 2499 3406 :
2537 3354 2591 3408 in
2621 3354 2730 3410 illis
2759 3358 2908 3411 enim
2937 3358 3204 3414 catholica
3235 3360 3370 3416 ﬁdes
3397 3363 3452 3416 in
3489 3379 3612 3433 spe-

2031 3441 2194 3508 ciem,
2239 3459 2432 3500 revera
2477 3446 2940 3504 Nestorianismus
2985 3451 3252 3518 traditur;
3299 3455 3396 3508 sed
3443 3455 3614 3510 artiﬁ-

2031 3533 2180 3590 ciose
2226 3534 2632 3605 dissimulatus,
2689 3548 2752 3595 ut
2798 3549 2986 3610 postea
3037 3542 3274 3600 dicetur.
3340 3547 3502 3604 Certe
3553 3550 3612 3604 in

2031 3637 2319 3699 utramque
2346 3640 2556 3701 partem
2587 3648 2688 3702 pro
2712 3635 2880 3688 animi
2923 3635 3216 3694 affectione
3259 3639 3608 3710 interpretari

2029 3719 2158 3776 licet
2189 3723 2395 3787 omnia,
2430 3733 2494 3778 ut
2537 3739 2718 3794 neque
2745 3727 3082 3793 Catholicus,
3109 3745 3290 3800 neque
3329 3731 3608 3788 Nestoria-

2029 3827 2134 3867 nus
2161 3815 2176 3832 ‘
2205 3829 2238 3868 a
2272 3813 2610 3885 dialogorum
2645 3817 2830 3872 verbis
2859 3819 3014 3874 valde
3049 3821 3394 3877 abhorreret.

2099 3905 2152 3958 4.
2203 3905 2330 3961 llaec
2374 3907 2582 3976 pariter
2631 3909 2834 3978 prioris
2883 3910 3072 3976 verba,
3113 3930 3132 3962 ‹
3194 3913 3308 3967 sive
3350 3915 3606 3974 antehac.

2029 3997 2144 4051 sive
2203 3998 2308 4052 hoc
2361 4015 2582 4068 quoque
2635 4009 2880 4070 tempore
2939 4003 3242 4072 composita
3288 4003 3530 4070 fuerint,
3583 4025 3601 4056 ι

2029 4087 2382 4158 intelligenda
2429 4088 2621 4158 procul
2675 4089 2848 4144 dubio
2909 4099 3038 4145 sunt
3089 4091 3158 4145 de
3203 4091 3363 4148 libris
3415 4109 3610 4150 recens

2029 4178 2378 4246 compositis,
2451 4179 2546 4248 qui
2611 4179 2798 4234 turbas
2856 4180 3276 4236 excitarenttin
3345 4181 3604 4248 Oriente,

2028 4268 2124 4337 qui
2183 4269 2675 4324 Nestorianismum
2737 4269 3022 4330 foverent,
3073 4271 3168 4341 qui
3217 4273 3400 4343 magni
3462 4274 3608 4329 inter

2029 4361 2328 4415 monachos
2379 4361 2612 4432 alicujus
2670 4362 2772 4416 viri
2832 4379 3034 4419 nomen
3084 4364 3428 4434 praeferrent.
3481 4367 3608 4424 Hinc

2028 4469 2160 4508 vero
2206 4453 2538 4508 Theodoreti
2610 4453 2841 4527 dialogis
2905 4457 3150 4527 apprime
3198 4460 3536 4515 conveniunt
3589 4477 3602 4512 :

1957 4537 2002 4590 D
2031 4561 2156 4598 nam
2197 4553 2254 4599 et
2285 4555 2410 4599 ante
2453 4545 2642 4600 irentei
2671 4545 3068 4616 depositionem
3113 4550 3408 4619 conscripti
3455 4561 3602 4614 sunt,

2029 4647 2089 4692 ut
2111 4653 2177 4692 ex
2203 4639 2431 4707 epistola
2463 4637 2530 4692 16
2563 4647 2796 4702 constat,
2825 4647 2880 4693 et
2908 4638 3130 4694 Oriente
3157 4650 3273 4695 toto
3304 4643 3604 4713 vulgaban-

2028 4739 2149 4796 tur;
2183 4739 2241 4786 et
2271 4731 2492 4785 nomine
2525 4730 2858 4786 Theodoreti
2891 4733 3175 4802 inscripto,
3215 4743 3368 4790 tanto
3403 4751 3608 4792 nocen-

2029 4823 2137 4878 tius
2162 4822 2504 4894 legebantur,
2533 4832 2741 4892 quanto
2767 4825 2944 4894 major
2969 4835 3092 4879 erat
3117 4825 3252 4880 tanti
3278 4827 3382 4882 viri
3417 4837 3608 4883 aucto-

2027 4916 2182 4980 ritas,
2219 4923 2537 4985 quantoque
2565 4917 2807 4986 plurium
2846 4917 3108 4974 Ecclesiae
3135 4917 3422 4974 doctorum
3456 4921 3608 4975 testi-

2029 5006 2216 5060 monio
2247 5005 2454 5060 ﬁrmari
2489 5005 2830 5062 viderentur.

2101 5099 2154 5153 5.
2192 5099 2472 5153 Posterior
2501 5099 2714 5154 sanetio
2745 5099 2949 5170 prioris
2989 5097 3331 5156 conﬁrmatio
3377 5109 3471 5154 aut
3513 5115 3608 5154 ex-

2031 5192 2232 5263 positio
2263 5191 2448 5262 potius
2487 5192 2736 5261 quaadam
2778 5201 2890 5255 est;
2925 5205 3052 5244 nam
3093 5192 3208 5260 qui,
3245 5190 3410 5243 tacito
3453 5190 3608 5257 prius

2031 5284 2276 5339 auctoris
2307 5291 2364 5337 et
2396 5297 2497 5338 suo
2529 5282 2772 5346 nomine,
2821 5281 3223 5334 damnabantur
3259 5278 3410 5338 libri,
3459 5291 3608 5332 nunc

2035 5374 2338 5431 Theodoreti
2382 5373 2674 5436 dicuntur,
2723 5381 2779 5426 et
2813 5385 3078 5422 sermones
3125 5367 3459 5432 allacutorii,
3502 5370 3608 5422 sive

2029 5467 2340 5520 traditiones
2370 5470 2666 5526 vocantur;
2695 5459 2748 5514 id
2787 5467 2892 5522 est,
2929 5458 3150 5528 dialogi,
3195 5473 3430 5529 quorum
3475 5459 3607 5512 doc-

2029 5557 2174 5612 trina
2195 5557 2418 5611 Patrum
2441 5568 2508 5606 ex
2534 5549 2792 5606 omnibus
2823 5548 3014 5602 mundi
3055 5549 3300 5617 partibus
3335 5549 3604 5602 sententia

2029 5657 2084 5703 et
2117 5645 2427 5702 testimonio
2463 5641 2730 5696 ﬁrmetur.

1697 5789 2008 5847 SCIIUIle
2037 5787 2265 5848 NOTIE.

405 5857 453 5890 ³⁸
483 5855 606 5910 Yid.
639 5873 693 5926 p.
735 5855 854 5922 164,
885 5857 1058 5910 schol.
1097 5858 1172 5910 lii.
