4070 6462
475 355 579 420 335

1581 349 1958 412 GARNERII
1997 348 2503 416 DISSERTATIO.
2533 354 2593 414 Il

3640 365 3750 432 336

544 466 598 519 6.
628 457 956 517 Posterioris
981 456 1097 519 haec
1125 465 1208 512 est
1232 456 1517 528 inscriptio
1542 458 1609 513 ad
1633 460 1920 515 historiam
1945 476 2054 514 non
2087 468 2126 522 Α
2158 464 2341 521 anima
2368 482 2468 536 per
2504 467 2765 521 unionem
2807 482 2930 522 cum
2963 483 3195 539 corpore
3229 468 3288 527 ﬁt
3327 472 3511 531 homo.
3552 474 3610 528 εὶ*
3641 477 3747 534 Per

476 548 832 607 mediocriter
880 546 1288 603 conducibilis:
1324 566 1344 599 ι
1395 547 1781 618 interpretatio
1842 551 1979 621 legis
2029 568 2060 606 a

475 641 790 699 Theodosio
812 638 1062 704 Juniore,
1094 652 1221 694 cum
1253 638 1517 695 seductus
1544 638 1740 695 fuisset
1767 658 1799 695 a
1827 640 2062 713 Chrysa-

475 735 627 806 pbio,
674 733 941 788 adversus
980 730 1303 786 Flavianum
1348 740 1406 787 et
1436 732 1637 797 socios,
1664 748 1771 803 pro
1809 733 2059 804 Eutyche

473 826 851 896 promulgatas,
881 838 1046 893 quam
1076 824 1477 896 religiosissimi
1511 826 1769 882 Marciani
1795 828 2061 897 principis

474 918 561 972 lex
585 917 882 973 subsecuta
917 915 1210 971 destruxit.
1242 935 1261 967 ι
1291 915 1424 983 Quae
1461 918 1749 988 inscriptio
1778 919 1997 974 videtur
2029 936 2062 975 a

407 1068 433 1082 ,-
474 1010 701 1065 Rustico
729 1008 985 1074 diacono,
1016 1018 1112 1065 aut
1136 1008 1205 1063 ab
1241 1008 1351 1065 alio
1378 1009 1720 1080 descriptore
1746 1010 1953 1066 addita.

542 1102 633 1158 XI.
683 1100 883 1157 Audivi
938 1100 1070 1171 qui,
1108 1115 1221 1170 pra:
1267 1100 1486 1166 studio,
1530 1116 1641 1171 quo
1678 1100 1961 1157 ferebatur
2004 1102 2060 1156 in

476 1194 913 1259 Theodoretum,
966 1192 1070 1247 tria
1110 1192 1468 1248 vehementer
1514 1192 1876 1247 contenderet
1906 1209 1919 1245 :
1949 1192 2064 1262 pri-

472 1301 646 1350 mum,
670 1280 897 1341 dubiam
924 1298 1046 1339 esse
1066 1283 1427 1354 posteriorem
1455 1282 1819 1348 sanctionem,
1850 1291 1912 1337 ut
1940 1297 2063 1353 qum

470 1377 659 1433 Graece
704 1391 817 1431 non
851 1375 1100 1446 legatur,
1134 1389 1242 1443 qua
1282 1373 1496 1428 ratione
1539 1373 1694 1444 rejici
1744 1374 1885 1429 solet
1915 1374 2062 1430 actio

471 1468 693 1524 concilii
737 1464 1206 1523 Chalcedonensis
1248 1463 1317 1519 de
1361 1464 1607 1530 Doumo;
1649 1464 1916 1528 alterum,
1949 1480 2062 1518 non

470 1559 676 1616 debere
700 1560 757 1614 in
780 1572 845 1614 ea
871 1558 980 1628 legi
1010 1556 1342 1612 Theodoreti
1373 1570 1597 1621 nomen,
1629 1556 1726 1612 sed
1757 1556 2061 1621 Theodori,

470 1667 583 1722 quo
599 1651 856 1722 magistro
869 1647 1157 1703 Nestorius
1170 1646 1365 1702 didicit
1378 1646 1636 1713 haeresin,
1648 1648 1914 1719 cujusque
1930 1647 2065 1702 scri-

471 1746 584 1808 pta,
604 1747 659 1792 et
683 1754 711 1792 a
731 1736 936 1792 sanctis
950 1735 1110 1807 387
1128 1734 1332 1807 Cyrillo
1356 1744 1412 1789 et
1428 1735 1623 1791 Proclo
1651 1736 1887 1792 refutatu
1907 1746 2058 1802 sunt,

470 1800 528 1884 et
548 1845 578 1884 a
602 1827 912 1884 Theodosio
928 1800 1190 1883 damnata
1214 1842 1340 1883 cum
1367 1827 1629 1897 operibus
1643 1827 1904 1892 Nestorii,
1931 1800 2058 1883 sam
2095 1800 2138 1858 Β

475 1920 659 1975 ctione
683 1919 889 1975 inserta
917 1917 1068 1973 Actis
1096 1933 1131 1972 v
1151 1916 1367 1990 synodi,
1400 1918 1585 1975 collat.
1605 1918 1638 1973 ὅ
1656 1936 1671 1984 ;
1690 1928 2052 1989 postremum,

470 2008 765 2066 Theodosii
808 2009 1170 2075 sanctionem,
1198 2016 1262 2064 ut
1302 2024 1435 2064 vera
1478 2009 1570 2074 sit,
1619 2010 1827 2066 nullius
1870 2022 2056 2066 tamen

469 2116 591 2158 esse
622 2100 906 2167 momenti,
953 2108 1249 2172 propterea
1287 2100 1436 2171 quod
1470 2100 1799 2174 Chrysaphii
1843 2103 2059 2158 artibus

468 2193 731 2263 subrepta
767 2192 841 2248 sit
868 2190 1188 2262 imperatori
1230 2191 1590 2261 imprudenti,
1616 2201 1673 2247 et
1702 2209 1733 2247 a
1782 2193 2056 2249 Marciano

469 2294 593 2355 post
624 2300 738 2340 rem
767 2284 1077 2340 accuratius
1105 2283 1467 2353 disceptatam
1498 2286 1752 2340 rescissa.

537 2397 650 2453 XII.
676 2397 843 2452 Levia
862 2404 993 2453 sunt
1018 2398 1246 2453 omnino
1269 2397 1385 2452 haec
1408 2398 1540 2465 tria;
1564 2406 1622 2453 et
1638 2398 1804 2469 primi
1827 2398 2052 2469 quidem

468 2491 679 2546 vanitas
704 2494 771 2545 ex‘
807 2504 874 2545 eo
900 2498 1068 2560 patet,
1091 2490 1238 2560 quod
1262 2490 1433 2545 multa
1463 2489 1593 2544 olim
1619 2491 1805 2546 Graece
1826 2492 2050 2562 scripta,

470 2597 619 2637 nunc
658 2581 853 2636 Latine
898 2589 1131 2643 tantum,
1183 2580 1270 2636 vel
1335 2581 1391 2635 in
1444 2580 1563 2652 ipsa
1613 2581 2053 2640 Chalcedonensi

465 2672 678 2744 synodo
708 2674 987 2743 leguntur.
1017 2670 1179 2727 Certe
1209 2671 1400 2742 quinta
1426 2670 1670 2743 synodus
1701 2689 1811 2728 non
1845 2674 2054 2730 idcirco

467 2762 822 2833 despicienda
857 2771 960 2828 est,
988 2762 1120 2834 quia
1152 2763 1287 2819 Acta
1314 2762 1501 2819 Graeca
1539 2764 1849 2834 perierunt.
1893 2767 2052 2834 Quod

466 2865 683 2927 spectat
709 2854 1033 2918 secundum,
1061 2854 1275 2910 sanctio
1313 2855 1575 2909 Marciani
1603 2857 2051 2914 emendationem

468 2944 538 2998 ab
585 2953 830 2999 amatore
888 2943 987 2998 illo
1034 2942 1370 2999 Theodoreti
1411 2952 1674 2999 tentatam
1722 2947 2054 3004 temeritatis

466 3036 648 3106 arguit
678 3051 691 3088 :
731 3033 1170 3090 Theodosianam
1204 3034 1356 3090 enim
1389 3050 1514 3090 cum
1551 3037 1836 3105 rescindit,
1873 3040 2051 3095 mani-

465 3125 659 3181 festam
683 3125 815 3182 facit
845 3125 915 3181 de
941 3126 1293 3182 Theodoreto
1315 3126 1673 3183 mentionem.
1703 3129 2047 3188 Postremum
2083 3161 2126 3219 ο

464 3215 726 3286 denique,
766 3216 913 3287 quod
945 3216 1161 3272 sanctio
1186 3216 1516 3289 Chrysapbii
1546 3221 1761 3277 artibus
1788 3223 2050 3294 subrepta

467 3306 563 3372 sit,
592 3314 654 3361 ut
680 3308 899 3378 probet,
934 3306 1086 3362 illam
1121 3308 1260 3363 vitio
1292 3324 1404 3364 non
1447 3325 1661 3377 carere,
1702 3328 1816 3368 non
1853 3315 2054 3385 probat

467 3397 638 3454 fuisse
671 3399 918 3466 nullam;
966 3398 1015 3455 si
1043 3408 1227 3456 autem
1264 3400 1369 3455 fuit
1393 3402 1599 3473 aliqua,
1640 3414 1876 3471 constat,
1902 3408 2051 3477 quod

467 3489 963 3546 demonstrandum
1008 3499 1152 3555 erat,
1189 3491 1434 3563 dialogos
1477 3509 1677 3564 nempe
1712 3495 2052 3553 Theodoreti

469 3578 705 3636 flammis
725 3580 978 3636 addictos
1002 3581 1191 3638 fuisse.
1216 3582 1374 3650 Quod
1396 3600 1564 3655 porro
1579 3585 1722 3640 dixit
1749 3586 2055 3657 imperator

470 3671 525 3724 in
554 3670 809 3741 dialogis,
856 3672 1160 3743 ambiguas,
1194 3682 1326 3739 etc.,
1378 3674 1660 3730 doctrinas
1691 3691 1811 3731 esse
1840 3676 2051 3746 editas;

467 3757 728 3829 quodque
777 3759 985 3827 addidi,
1041 3762 1213 3819 verbo
1274 3772 1437 3819 tenus
1480 3765 1804 3820 catholicam
1864 3768 2051 3834 ﬁdem,

467 3848 654 3920 reipsa
694 3850 1189 3911 Nestorianismum
1231 3856 1403 3922 tradi,
1448 3856 1610 3913 facile
1652 3857 2050 3929 deprehendet.

467 3943 563 4013 qui
605 3943 837 4000 eruditis
873 3946 1037 4001 simul
1082 3956 1139 4003 et
1193 3948 1430 4003 curiosis
1462 3948 1641 4004 oculis
1692 3966 1832 4020 opus
1877 3961 2053 4009 totum

468 4035 766 4107 perlegerit
817 4055 832 4094 :
872 4053 998 4092 nam
1043 4038 1111 4095 de
1170 4040 1562 4111 conjunctione
1619 4050 1940 4099 naturarum
1995 4046 2054 4101 in

467 4126 690 4182 Christo
707 4142 819 4182 non
839 4128 1103 4186 abhorret
1129 4131 1186 4186 in
1201 4131 1440 4201 speciem
1462 4148 1493 4188 a
1516 4135 1790 4191 sententia
1804 4136 2050 4205 Patrum,

469 4231 610 4287 quos
627 4217 816 4274 laudat
842 4220 1130 4290 plurimos,
1163 4222 1258 4277 sed
1281 4223 1349 4279 iis
1374 4232 1556 4280 tamen
1574 4226 1762 4282 verbis
1786 4227 2052 4298 loquitur,

471 4306 677 4376 quibus
698 4308 989 4367 Nestorius
1019 4326 1155 4367 usus
1199 4320 1305 4379 est,
1347 4331 1580 4386 quaeque
1620 4325 1755 4373 tunc
1789 4323 2056 4392 temporis

470 4397 674 4453 merito
722 4409 978 4471 suspecta
1030 4410 1192 4458 erant
1242 4422 1255 4458 :
1304 4420 1434 4460 nam
1487 4407 1663 4465 solius
1701 4410 2052 4483 ἐνοικήσεως,

469 4486 811 4560 ἀναλήψεως,
829 4493 1188 4565 προσλήψεως
1211 4504 1269 4550 et
1292 4496 1508 4567 λήψεως
1542 4499 1815 4554 meminit.

542 4574 684 4636 Xlll.
731 4581 876 4649 Quin
900 4584 1069 4640 etiam
1097 4585 1396 4642 artiﬁciose
1431 4587 1930 4646 Nestorianismum
1965 4592 2056 4648 in-

471 4671 675 4741 sinuat,
707 4682 803 4730 aut
823 4676 992 4733 etiam
1021 4677 1218 4749 probat
1260 4678 1304 4711 ’τ
1346 4696 1360 4732 :
1395 4694 1523 4734 nam
1549 4692 1675 4735 cum
1713 4682 1771 4736 in
1800 4682 2055 4740 confesso

472 4762 566 4831 sit,
587 4764 941 4826 admirabilis”
951 4768 1102 4827 illius
1127 4770 1436 4835 sententia,
1463 4770 1683 4828 Verbum
1705 4791 1831 4829 caro
1855 4776 2056 4847 factum

469 4864 547 4908 est
568 4868 618 4922 κ,
645 4856 1011 4931 intelligentia
1028 4861 1303 4917 contineri
1334 4862 1667 4919 catholicum
1687 4864 1884 4937 dogma
1909 4885 1923 4934 ;
1950 4882 2056 4923 nec

474 4946 646 5015 possit
668 4948 899 5008 Joannis
946 4951 1245 5017 sententia,
1275 4952 1322 5006 si
1358 4953 1522 5010 modo
1545 4956 1794 5026 rejicitur
1821 4958 2056 5015 Doceta-

474 5051 598 5092 rum
644 5054 824 5107 error,
872 5041 983 5098 nisi
1026 5043 1273 5112 quinque
1319 5045 1501 5102 modis
1547 5047 1799 5122 intelligi,
1852 5051 2056 5121 quibus

472 5143 668 5201 nempe
694 5134 1014 5207 contingere
1037 5142 1239 5205 potest,
1258 5145 1320 5191 ut
1341 5137 1648 5196 substantia
1670 5158 1777 5197 una
1811 5144 1931 5199 ﬁeri
1967 5144 2058 5199 di-

473 5231 629 5278 catur
655 5224 851 5281 altera.
878 5226 934 5280 l°
965 5226 1072 5281 Per
1096 5227 1565 5299 informationem,
1587 5236 2055 5305 quemadmodum

484 5448 487 5449 ν
790 5394 830 5444 ι,
862 5362 945 5436 ll.

2165 558 2701 620 transmutationem,
2726 574 2833 629 qua
2857 558 3071 614 ratione
3100 561 3247 617 dicta
3278 572 3364 619 est
3385 580 3523 635 aqua
3554 566 3610 621 in
3643 584 3746 623 nu-

2161 648 2313 717 ptiis,
2347 658 2611 718 operante
2638 649 2880 715 Christo,
2903 651 3047 707 facta
3074 653 3281 709 vinum.
3322 655 3379 710 3°
3411 657 3515 711 Per
3552 660 3746 714 confu-

2162 739 2374 794 sionem
2411 750 2468 794 ct
2512 741 2846 806 mistionem,
2897 744 3175 813 quomodo
3213 745 3484 803 elementa
3517 750 3746 806 mistum

2162 829 2321 886 ﬁunt.
2357 832 2412 885 4ο
2429 832 2532 885 Pcr
2559 820 2956 903 hypostaticam
2981 833 3216 889 duarum
3240 844 3562 893 naturarum
3586 843 3748 896 unio-

2161 937 2311 986 nem,
2349 937 2460 992 quo
2496 933 2656 992 pacto
2682 923 3029 980 individuum
3070 937 3285 982 naturae
3310 930 3475 985 unius
3514 932 3746 1004 cogitari

2054 1050 2075 1065 ρ
2163 1021 2347 1083 potest
2385 1013 2501 1069 ﬁeri
2532 1015 2786 1070 alterum.
2819 1016 2874 1069 5°
2907 1017 3152 1088 Denique
3187 1034 3287 1088 per
3317 1035 3523 1075 meram
3560 1026 3748 1092 σχέσιν

2163 1121 2268 1175 qua
2312 1106 2396 1160 vir
2434 1114 2489 1160 et
2524 1121 2662 1160 uxor
2695 1107 2834 1162 ﬁunt
2864 1124 2973 1162 una
3013 1125 3162 1174 caro,
3204 1127 3423 1181 unaque
3460 1115 3749 1169 moraliter

2161 1214 2417 1269 persona.
2450 1200 2692 1255 Primum
2723 1208 2780 1255 et
2809 1202 3113 1256 secundum
3140 1205 3402 1274 reprobat
3422 1205 3745 1262 Theodore-

2166 1297 2274 1353 tus,
2307 1289 2526 1362 dialogo
2556 1292 2772 1361 primo,
2812 1292 2908 1362 qui
2946 1291 3303 1348 Immutabilis
3344 1295 3587 1362 dicitur;
3628 1306 3743 1351 ιρι-υ

2162 1380 2301 1435 tium
2329 1381 2595 1447 secundo,
2623 1382 2718 1452 qui
2748 1382 3063 1453 Iuconfusus
3087 1401 3105 1449 ;
3134 1394 3390 1455 quartum
3423 1386 3608 1453 tertio,
3646 1389 3746 1459 qui

2162 1471 2533 1545 Impassibilis.
2586 1472 2812 1530 Certum
2864 1477 3013 1530 enim
3064 1485 3149 1531 cst
3193 1478 3394 1548 primo,
3449 1481 3746 1535 mutationi

2163 1581 2284 1622 esse
2312 1567 2632 1633 obnoxium,
2669 1568 2935 1639 quidquid
2968 1569 3054 1624 vel
3096 1569 3380 1625 informari
3428 1570 3623 1641 incipit
3656 1572 3747 1626 vel

2164 1658 2386 1713 misceri
2425 1676 2437 1713 :
2469 1658 2670 1713 deinde
2710 1659 2987 1729 propriam
3035 1659 3411 1728 operationem
3458 1675 3570 1715 non
3604 1661 3747 1714 reti-

2165 1749 2287 1804 neri
2339 1749 2410 1804 ab
2451 1765 2518 1805 eo
2567 1748 2714 1819 quod
2762 1748 3154 1816 confunditur;
3200 1749 3364 1804 tertio
3410 1748 3579 1820 388
3618 1765 3747 1805 esse

2165 1856 2509 1911 consequens
2562 1856 2631 1895 e1
2681 1855 2748 1895 co
2792 1840 2941 1910 quod
2982 1839 3225 1896 Verbum
3263 1841 3508 1910 φυσικῶς
3540 1849 3596 1897 et
3620 1841 3749 1894 καθ’

2167 1933 2460 1985 sumam
2478 1932 2731 1986 humanae
2742 1939 2954 1986 natura:
2973 1932 3417 2003 conjungitur,ut
3437 1946 3566 1986 vere
3587 1932 3746 1988 dica-

2164 2032 2254 2078 tur
2286 2024 2450 2088 Deus,
2485 2039 2679 2094 passus
2702 2065 2716 2090 ,
2756 2032 3025 2087 mortuus,
3062 2024 3329 2093 sepultus,
3355 2032 3411 2078 et
3443 2038 3474 2078 a
3509 2026 3748 2079 mortuis

2162 2115 2503 2181 suscitatus;
2546 2130 2687 2185 quas
2724 2115 3050 2177 locutiones,
3092 2114 3245 2168 velut
3279 2129 3310 2168 a
3348 2123 3498 2168 rccta
3526 2115 3745 2169 ratione

2163 2207 2547 2270 abhorrentes,
2584 2207 2785 2277 rejicit.
2825 2206 3015 2261 Restat
3042 2206 3213 2276 igitur
3249 2215 3311 2260 ut
3332 2206 3447 2259 sola
3482 2206 3747 2275 σχέσειίιι

2162 2315 2333 2355 unum
2356 2298 2690 2354 conveniant
2718 2298 2892 2353 amba:
2918 2296 3126 2352 Christi
3151 2299 3165 2315 °
3190 2306 3421 2362 naturae,
3446 2297 3540 2366 qui
3567 2312 3745 2367 purus

2160 2389 2650 2445 Nestorianismus.

2233 2482 2372 2537 XIV.
2400 2483 2697 2553 Postquam
2720 2496 2855 2537 vero
2879 2482 2998 2537 haec
3028 2489 3085 2535 et
3116 2479 3310 2535 fusiori
3340 2479 3589 2535 oratione
3614 2493 3743 2549 pro-

2161 2584 2385 2632 secutus
2406 2584 2511 2640 est,
2544 2585 2601 2630 et
2622 2576 2775 2630 visus
2798 2575 2904 2630 sibi
2938 2574 3171 2645 dialogis
3201 2573 3378 2629 tribus
3397 2572 3701 2627 confecisse
3720 2610 3746 2639 τ

2159 2667 2373 2733 eadem,
2399 2668 2497 2722 lib.
2529 2683 2600 2732 tv,
2627 2667 2871 2737 pressius
2924 2666 3337 2722 dialecticorum
3370 2679 3524 2720 more
3569 2663 3748 2734 syllo-

2164 2758 2358 2829 gismis
2391 2757 2755 2828 quadraginta
2782 2757 3025 2824 conﬁcit,
3043 2759 3152 2821 vel,
3179 2766 3241 2812 ut
3261 2758 3377 2827 ipse
3402 2754 3751 2810 conﬁdenter

2158 2849 2257 2913 ait,
2300 2847 2665 2903 demonstrat.
2721 2847 2789 2901 Et
2843 2855 2995 2901 certe
3044 2849 3137 2902 vix
3183 2846 3355 2901 ullum
3397 2860 3456 2899 se
3501 2844 3749 2900 credidit

2158 2954 2299 3010 opus
2326 2937 2663 2995 elaboratius
2700 2937 2980 3004 edidisse;
3027 2936 3407 3008 quamobrem,
3453 2951 3579 2989 cum
3605 2934 3747 2989 Era-

2158 3033 2333 3088 nistes
2368 3033 2548 3102 ipsum
2581 3029 2877 3101 aliquando
2920 3029 3224 3085 monuisset
3257 3036 3318 3083 ut
3357 3043 3495 3099 quas
3523 3027 3743 3097 pollici—

2160 3128 2250 3182 tus
2274 3135 2397 3181 erat
2416 3123 2914 3181 demonstrationes
2939 3122 3235 3193 proferret,
3262 3121 3505 3176 monitus
3523 3120 3745 3175 inducit

2159 3218 2447 3274 Eranisten
2478 3232 2703 3273 suarum
2737 3214 3265 3270 demonstrationum
3293 3214 3438 3268 vires
3461 3212 3743 3268 admiran-

2155 3320 2266 3367 tem
2297 3328 2310 3365 :
2345 3309 2493 3364 unde
2521 3292 2780 3378 colligere
2814 3314 2897 3361 cst
2934 3321 3100 3375 quam
3134 3304 3364 3359 ﬁrmiter
3405 3310 3462 3359 et
3493 3302 3744 3375 quandiu

2155 3418 2270 3459 suas
2296 3402 2366 3458 de
2396 3402 2599 3457 unione
2640 3400 2863 3471 σχετικῇ
2900 3407 3224 3475 naturarum
3265 3396 3511 3468 opinioni
3552 3395 3745 3452 adhae~

2155 3496 2311 3551 serit.

2226 3587 2343 3643 XV.
2371 3587 2507 3643 Eam
2532 3601 2698 3657 porro
2722 3585 2895 3640 fuisse
2914 3592 3158 3639 mentem
3191 3581 3546 3646 Theodoreti,
3575 3597 3743 3653 quam

2155 3680 2417 3745 diximus,
2464 3678 2670 3734 Marius
2709 3676 3014 3738 Mercator,
3058 3691 3170 3730 non
3222 3673 3467 3746 ejusdem
3524 3682 3741 3729 tantum

2154 3768 2354 3835 aetatis,
2377 3767 2469 3823 sed
2505 3766 2754 3837 ejusdem
2789 3767 2955 3822 etiam
2989 3781 3205 3836 pugnae,
3241 3764 3373 3819 licet
3394 3779 3461 3819 ex
3482 3764 3740 3829 adverso,

2155 3852 2360 3923 socius,
2385 3858 2674 3913 evidenter
2697 3857 2893 3927 probat
2912 3857 3079 3911 allato
3094 3854 3407 3910 testimonio
3433 3869 3501 3908 ex
3522 3854 3669 3909 libro
3690 3872 3742 3908 γι

2153 3950 2459 4022 Pentalogii
2491 3951 2556 4005 ³³.
2590 3969 2609 4002 ι
2641 3949 2798 4016 Quod
2833 3949 3099 4004 Dominus
3120 3947 3189 4002 de
3215 3948 3339 4002 viro
3367 3955 3423 4002 et
3445 3961 3616 4002 uxore
3640 3947 3740 4008 ait,

2156 4051 2219 4098 ut
2239 4045 2350 4115 jam
2384 4058 2493 4098 non
2520 4052 2653 4098 sunt
2683 4041 2816 4107 duo,
2860 4041 2955 4097 sed
2988 4056 3098 4095 una
3125 4055 3276 4106 caro,
3313 4038 3527 4094 naturis
3544 4039 3745 4108 procul

2156 4135 2327 4191 dubio
2355 4134 2761 4199 constantibus,
2792 4132 2889 4188 sed
2924 4132 3311 4186 discretionem
3356 4129 3693 4185 habentibus
3727 4146 3744 4183 :

2156 4237 2212 4284 et
2235 4227 2378 4283 sicut
2399 4226 2473 4282 ibi
2509 4226 2647 4280 nihil
2671 4224 2831 4280 obest
2854 4224 3091 4279 duorum
3119 4237 3406 4286 numerus,
3440 4220 3749 4289 quominus

2158 4334 2266 4375 una
2303 4333 2432 4375 caro
2470 4317 2723 4382 dicatur;
2769 4316 2850 4371 ita
2876 4324 2934 4369 et
2966 4316 3058 4370 hic
3093 4327 3339 4385 personae
3376 4312 3560 4366 unitas
3596 4312 3745 4365 nihil

2157 4412 2319 4467 obest
2349 4408 2675 4465 diﬁ'erentia:
2699 4415 3044 4461 naturarum.
3068 4404 3315 4473 Denique
3348 4417 3473 4459 cum
3512 4411 3747 4455 naturas

2085 4496 2132 4551 Β
2158 4501 2543 4565 discernimus,
2580 4500 2679 4556 Dei
2712 4498 2878 4555 Verbi
2919 4505 3171 4552 naturam
3202 4495 3468 4564 integram
3500 4491 3748 4547 dicimus

2161 4600 2217 4646 et
2249 4605 2538 4660 personam
2566 4588 2684 4645 sine
2712 4588 3058 4644 dubitatione
3080 4585 3380 4656 perfectam
3412 4601 3427 4638 :
3454 4598 3558 4637 nec
3587 4584 3747 4637 enim

2162 4685 2282 4739 sine
2306 4697 2542 4754 persona
2570 4682 2654 4737 fas
2679 4689 2765 4738 est
2783 4692 3099 4736 asseverare
3123 4676 3521 4741 substantiam;
3553 4673 3745 4742 perfe-

2161 4786 2308 4833 ctam
2336 4791 2556 4846 quoque
2591 4783 2846 4830 naturam
2868 4773 3171 4838 humanam
3208 4783 3334 4825 cum
3371 4781 3470 4822 sua
3502 4780 3747 4835 persona

2161 4868 2418 4924 similiter
2443 4865 2810 4930 conﬁtemur;
2865 4879 2992 4919 cum
3023 4874 3157 4916 vero
3183 4858 3249 4913 ad
3292 4857 3745 4929 conjunctionem

2159 4960 2509 5030 respicimus,
2547 4967 2682 5013 tunc
2711 4958 2885 5012 Deum
2922 4970 3086 5009 uuam
3115 4966 3407 5024 personam
3448 4964 3745 5018 nuncupa-

2159 5066 2284 5106 mus
2300 5051 2365 5104 ".
2407 5070 2427 5103 ι
2459 5050 2756 5120 nptiame
2800 5048 2957 5114 dicit,
3005 5061 3126 5117 quae
3166 5060 3272 5099 vox
3318 5040 3582 5107 moralis;
3628 5056 3745 5095 non

2162 5143 2482 5208 ὑπόστασιν,
2508 5157 2630 5212 qua
2654 5140 2902 5213 physica.

2232 5234 2373 5291 XVI.
2400 5233 2572 5290 Mario
2594 5232 2885 5289 Mercatori
2908 5232 2984 5287 ita
3019 5231 3088 5287 de
3111 5229 3459 5285 Theodorcto
3477 5224 3745 5283 sentienti

1819 5510 2139 5570 SCHULZII
2168 5512 2415 5570 NOTE.

545 5657 717 5741 "llis
740 5662 955 5741 gemina
979 5664 1127 5732 vide,
1158 5680 1213 5736 p.
1251 5666 1376 5723 176.
1455 5669 1500 5701 ³³
1536 5667 1659 5741 Vid.
1694 5667 1851 5724 Marii
1881 5670 2106 5726 Mercat.
2145 5669 2308 5741 Opp,
2346 5675 2386 5722 t.
2422 5667 2490 5733 Π,

2547 5683 2602 5737 p.
2653 5661 3263 5737 27l_edit.AG_arner_i_i.
3324 5730 3338 5737 _
3372 5656 3615 5737 :Loco
3643 5648 3751 5737 cit.-

469 5725 573 5813 ἔξει
600 5737 720 5784 tum:
745 5725 963 5790 'demum
995 5725 1175 5791 unant'
1208 5753 1487 5807 personam
1518 5739 1705 5793 merita
1739 5725 2125 5813 nuncupantis.
2162 5725 2248 5795 1ἱᾶ
2262 5725 2487 5811 quoque
2507 5725 2673 5793 habet
2696 5734 2930 5807 epistola
2956 5733 3159 5804 Pelagii
3186 5732 3253 5797 ll,
3273 5730 3339 5787 ad
3372 5729 3548 5784 Eliam
3571 5726 3747 5800 Aqui-

474 5795 755 5855 leiensetu.
