4070 6494
383 424 496 486 337

1567 435 1661 494 DE
1703 435 1957 496 LIBRIS
1994 435 2502 499 THEODORETI.

3559 441 3665 505 338

389 537 564 590 ﬁdem
597 534 733 590 facit
769 533 1068 606 Gregorius
1105 536 1346 608 Magnus,
1397 553 1521 592 cum
1569 539 1792 594 nomine
1836 539 1991 593 Pela-
2017 543 2062 599 Α
2091 556 2212 595 esse
2243 550 2527 610 cuperent,
2558 557 2625 596 ex
2653 545 2838 598 multis
2861 544 3026 598 sectis
3051 543 3386 614 impietatem
3417 546 3666 600 emendi-

387 627 466 697 gii
507 625 554 680 ll
587 626 844 681 scribens
881 627 952 681 ad
994 629 1286 698 episcopos
1331 630 1520 694 lstrize,
1557 632 1750 686 eadem
1788 631 1984 687 tribuit

389 718 774 782 'l'heodoreto,
808 735 930 788 quae
953 721 1252 786 Mercator;
1277 737 1379 776 nec
1405 722 1598 776 eadem
1625 731 1859 788 tantum,
1887 724 1983 778 sed

379 809 596 864 'iisdem
623 809 791 864 etiam
825 809 1044 875 verbis,
1085 827 1206 881 quae
1231 827 1296 866 ex
1325 813 1644 869 Mercatoris
1677 829 1843 884 opere
1887 829 1984 869 ex-

389 903 644 971 scripsit.

465 994 638 1050 XVII.
689 995 815 1050 Scio
865 997 1154 1052 Leontium
1200 1007 1255 1053 et
1300 1008 1680 1069 excerptorcm
1717 1017 1750 1055 v
1792 1001 1984 1072 synodi

393 1084 567 1138 verba
595 1085 714 1139 haec
753 1085 1047 1140 Theodoro
1073 1087 1457 1156 Mopsuesteno
1483 1088 1802 1159 adjudicare
1841 1107 1854 1143 :
1886 1105 1983 1146 ve-

393 1189 520 1225 rum
549 1173 692 1227 nihil
727 1175 1024 1229 admodum
1058 1185 1162 1238 est,
1189 1177 1336 1245 quod
1366 1177 1489 1246 quis
1512 1179 1766 1244 miretur,
1797 1179 1984 1234 Theo-

391 1264 656 1320 doretum
686 1281 753 1318 ex
773 1265 1068 1322 Theodoro
1103 1268 1310 1338 aliquid
1352 1270 1650 1340 accepisse,
1693 1279 1824 1326 tunc
1857 1287 1984 1327 cum

392 1354 710 1422 discipulus
768 1355 1092 1425 magistrum
1135 1356 1477 1420 defenderet,
1521 1359 1984 1428 quemadmodum

395 1447 450 1499 in
467 1443 903 1500 Commentariis
919 1447 1260 1501 Psalmorum
1279 1447 1654 1520 Chrysostomi
1675 1452 1844 1506 verba
1863 1467 1987 1506 sen-

399 1538 713 1606 tentiasque
740 1547 1046 1592 mutuatur.
1068 1539 1225 1604 Vide,
1251 1555 1374 1609 quae
1395 1541 1637 1597 diximus
1661 1542 1728 1598 ad
1752 1543 1983 1597 citatum

407 1638 722 1699 excerptum
767 1629 823 1684 in
857 1632 1166 1701 posteriore
1195 1642 1348 1704 parte
1381 1633 1622 1704 Operum
1653 1635 1806 1689 Marii
1839 1635 1982 1690 Mer-

403 1722 624 1786 catoris,
655 1737 892 1792 quaeque
925 1725 981 1776 in
1015 1725 1336 1780 recensione
1357 1724 1894 1780 Commentariorum
1927 1725 1984 1780 in

401 1811 520 1864 l‘sal
529 1827 670 1866 mos.

2088 642 2303 698 carunt,
2341 643 2396 688 et
2425 635 2564 690 hanc
2591 637 2956 706 perniciosam
2989 637 3224 692 baresin
3267 636 3598 692 conﬁaruut.
3639 655 3658 689 ι

2157 723 2294 794 Ipsis
2317 724 2516 780 deinde
2544 725 2856 795 exprobrat,
2882 727 3026 796 quod
3048 726 3424 782 Orientalibus
3453 727 3666 780 calum-

2088 815 2233 869 niam
2265 824 2580 880 struerent;
2611 833 2734 870 nam
2765 827 2886 886 post
2903 817 3064 871 allata
3088 817 3402 872 testimonia
3426 815 3668 871 Athana—

2087 907 2176 971 sii,
2200 907 2293 976 qui
2326 905 2729 962 Alexandrinus
2755 909 2888 972 fuit;
2915 907 3162 978 Gregorii
3185 908 3534 972 Nazianzeni,
3569 909 3664 977 qui

2089 997 2400 1064 Asiaticus;
2447 999 2744 1062 Ambrosii,
2773 1001 2864 1069 qui
2911 1001 3074 1054 italus
3117 1018 3128 1052 :
3169 1007 3229 1052 ut
3274 999 3470 1068 reliqui
3515 998 3668 1052 orbis

2090 1089 2374 1158 episcopos
2393 1089 2663 1154 laudaret,
2680 1089 3040 1144 Orientalium
3059 1091 3174 1144 sive
3196 1090 3666 1145 Antiocltenorum

2091 1180 2344 1234 meminit
2379 1181 2433 1235 in
2465 1181 2582 1236 hac
2612 1181 2782 1235 verba
2811 1181 2852 1212 “
2887 1199 2900 1234 :
2936 1201 2952 1232 ι
2993 1181 3124 1236 Post
3155 1182 3256 1236 hos
3284 1180 3540 1236 convenit
3569 1181 3666 1235 do—

2091 1281 2273 1324 ctores
2297 1269 2606 1326 Orientales
2627 1271 2842 1327 audire.
2873 1269 3000 1325 Haec
3027 1273 3174 1325 enim
3205 1271 3364 1325 nobis
3399 1272 3512 1326 sola
3541 1285 3667 1339 pars

2091 1370 2263 1416 restat
2303 1377 2370 1416 ex
2413 1363 2548 1416 orbe
2593 1370 2888 1427 terrarum,
2929 1371 2984 1416 et
3015 1362 3246 1416 decebat
3278 1363 3383 1416 hos
3409 1361 3620 1430 primos
3651 1365 3668 1380 '

2089 1448 2468 1504 testimonium
2493 1449 2788 1518 perhibere
2813 1447 3056 1513 veritati,
3084 1449 3178 1518 qui
3207 1447 3512 1502 doctrinam
3539 1461 3670 1516 apo-

2089 1539 2338 1594 stolicam
2373 1539 2538 1610 primi
2579 1548 2710 1594 sunt
2737 1539 2975 1609 amplexi
3005 1555 3020 1592 :
3049 1538 3146 1593 sed
3177 1538 3437 1608 quoniam
3469 1537 3666 1592 adver-

2089 1643 2183 1684 sus
2211 1629 2609 1701 primogenitos
2631 1629 2853 1700 pietatis
2883 1629 3026 1684 ﬁlios
3053 1630 3266 1700 linguas
3285 1637 3500 1682 vestras
3519 1627 3671 1682 acui-

2087 1721 2210 1782 stis,
2237 1721 2510 1776 mendacii
2533 1729 2712 1776 cotem
2737 1720 2900 1790 390
2929 1721 3278 1784 adhibentes,
3303 1719 3558 1774 ultimum
3589 1718 3671 1774 eis

2091 1813 2270 1867 locum
2321 1813 2594 1876 dedimus.
2644 1821 2722 1876 ut,
2771 1827 2897 1866 cum
2931 1813 3069 1867 alios
3118 1812 3272 1881 prius
3323 1811 3666 1875 audiveritis,

465 1901 657 1957 XVllI.
705 1903 786 1958 Ex
826 1904 932 1968 his,
981 1921 1102 1975 quae.
1137 1906 1406 1961 hactenus
1447 1907 1616 1978 389
1641 1907 1788 1962 dicta
1831 1917 1981 1973 sunt,
2016 1877 2060 1936 Β
2089 1904 2286 1958 horum
2311 1904 2514 1959 dehinc
2541 1903 2686 1957 dicta
2723 1917 2848 1955 cum
2883 1877 3304 1956 illorum-dictis
3339 1915 3667 1970 comparari-

389 2003 612 2046 constat
665 1995 958 2050 Eranisteu
1014 1998 1388 2066 conscriptum
1430 2013 1552 2052 esse
1585 2007 1732 2078 ’ante
1778 2013 1984 2053 annum

387 2083 498 2138 4.18
533 2085 598 2148 ³ο,
653 2101 765 2154 quo
802 2103 948 2141 anno
998 2089 1218 2157 scripsit
1261 2089 1644 2147 Theodoretus
1673 2093 1936 2148 Dioscoro
1968 2112 1981 2147 :

385 2176 678 2242 quomodo
701 2177 852 2231 enim
886 2179 954 2231 ad
989 2193 1128 2248 opus
1149 2179 1282 2234 illud
1307 2195 1662 2250 provocasset
1684 2199 1829 2238 anno
1855 2183 1980 2246 448,

384 2267 500 2321 nisi
549 2269 934 2339 pervulgatum
980 2279 1110 2325 tunc
1147 2280 1293 2327 esset
1319 2273 1482 2326 etiam
1529 2275 1584 2327 in
1617 2273 1888 2345 Egypto?
1917 2273 1984 2328 Et

382 2359 676 2428 quomodo
715 2363 1058 2429 pervenisset
1098 2363 1150 2417 in
1170 2363 1485 2435 Egyptum,
1512 2367 1565 2420 in
1596 2382 1772 2436 eaque
1811 2367 1982 2421 veluti

379 2449 776 2520 pervulgatum
808 2453 1068 2521 quiddam
1123 2466 1425 2526 notumque
1456 2458 1772 2523 haberetur,
1803 2459 1849 2514 si
1872 2474 1982 2513 non

383 2553 555 2598 antea
600 2544 658 2597 in
687 2545 972 2614 publicum
1024 2549 1610 2617 prodiisset?Constat
1645 2551 1812 2605 etiam
1847 2567 1982 2606 con-

382 2635 664 2704 scriptum
695 2653 816 2692 esse
843 2647 967 2707 post
997 2639 1208 2693 obitum
1233 2641 1444 2712 Cyrilli,
1473 2645 1631 2713 cujus
1661 2643 1850 2713 utique
1883 2644 1980 2698 de-

385 2727 566 2780 functi
611 2729 988 2784 testimonium
1026 2731 1258 2785 aﬁ'ertur
1316 2731 1532 2804 dialogo
1569 2734 1833 2788 secundo.
1881 2735 1984 2789 De-

389 2817 592 2882 iuncti,
645 2819 904 2888 inquam,
958 2821 1086 2891 quia
1149 2823 1386 2878 viventis
1425 2824 1633 2880 nullius
1685 2826 1983 2881 auctoritas

401 2907 714 2964 adhibetur.
746 2911 1130 2981 Conscriptum
1159 2913 1326 2983 igitur
1357 2929 1477 2970 esse
1512 2923 1731 2983 oportet
1757 2931 1825 2968 eo
1849 2923 1984 2970 tem—

399 3000 548 3067 poris
577 3000 896 3066 intervallo,
939 3001 1084 3071 quod
1113 3002 1180 3056 ab
1214 3018 1360 3057 anno
1399 3004 1504 3059 444
1532 3005 1600 3058 ad
1640 3019 1844 3060 annum
1879 3005 1983 3060 448

393 3091 728 3146 interﬂuxit.

2089 2005 2192 2061 tes,
2221 1995 2576 2050 concordiam
2602 1993 2850 2048 omnium
2883 1993 3254 2057 admiremini,
3291 1999 3398 2047 etc.
3622 2061 3632 2074 l

2159 2087 2348 2142 Refert
2370 2099 2468 2141 eos
2491 2095 2679 2155 postea
2699 2084 2974 2138 Theodori
2999 2091 3054 2137 et
3073 2083 3296 2137 Diodori
3319 2089 3670 2136 accusatores

2085 2179 2279 2234 fuisse.
2331 2197 2349 2229 ι
2381 2177 2692 2232 Proferrem
2725 2175 2890 2230 etiam
2927 2175 3026 2230 tibi
3065 2173 3492 2229 fortissimorum
3521 2173 3668 2227 veri-

2085 2271 2215 2325 tatis
2237 2277 2704 2340 propugnatorum
2733 2267 2958 2322 Diodori
2983 2264 3332 2321 etTheodori
3361 2263 3670 2319 enarratio-

2087 2380 2207 2428 ncs,
2241 2363 2346 2417 nisi
2391 2362 2637 2416 viderem
2677 2376 2777 2415 vos
2805 2359 3019 2414 infenso
3073 2359 3128 2412 in
3167 2357 3269 2412 hos
3311 2355 3497 2409 animo
3521 2367 3668 2416 eSSe.

2085 2453 2530 2525 Apollinarisque
2569 2453 2626 2506 in
2658 2468 2754 2508 eos
2777 2451 2904 2506 odio
2939 2460 2994 2504 et
3020 2447 3419 2504 malevolentiae
3445 2461 3667 2502 succes-

2086 2549 2258 2614 sisse;
2291 2547 2526 2601 vidisses
2547 2546 2714 2599 etiam
2742 2545 2844 2599 hos
2883 2543 3100 2598 caeteris
3129 2539 3492 2596 consonantia
3521 2539 3660 2593 scri-

2085 2642 2281 2712 psisse,
2313 2647 2371 2695 et
2412 2655 2480 2693 ex
2523 2637 2714 2693 divino
2747 2635 2897 2691 fonte
2927 2635 3132 2690 ﬂuenta
3179 2632 3452 2694 hausisse,
3489 2630 3662 2684 rivos—

2085 2747 2192 2802 que
2225 2740 2280 2785 et
2321 2731 2470 2800 ipsos
2518 2743 2737 2799 quoque
2779 2726 3017 2797 Spiritus
3067 2723 3386 2780 exstitisse:
3419 2719 3515 2776 sed
3562 2720 3666 2774 hos

2085 2823 2309 2892 quidem
2330 2821 2765 2892 praetermittam,
2791 2819 2918 2888 quia
2955 2813 3302 2887 implacabile
3327 2811 3532 2868 bellum
3567 2809 3666 2866 ad-

2085 2929 2279 2969 versus
2309 2929 2406 2969 eos
2429 2912 2752 2980 suscepistis
2785 2911 2850 2964 ".
2893 2930 2910 2961 ι

2156 3004 2308 3059 Facit
2328 3003 2492 3056 etiam
2521 3009 2688 3056 testes
2712 2999 3047 3070 Apollinaris
3067 3004 3389 3050 sectatores.
3419 3013 3437 3044 ι
3477 2993 3582 3048 Sed
3611 3002 3670 3047 et

2084 3112 2185 3168 ego
2226 3095 2324 3148 tibi
2367 3109 2562 3147 rursus
2604 3091 2949 3160 inopinatum
2990 3087 3276 3158 applicabo
3326 3083 3666 3148 remedium;

463 3181 612 3237 XIX.
641 3183 750 3238 Sed
794 3201 903 3253 quo
949 3185 1171 3239 deﬁnite
1218 3187 1510 3256 tempore?
1553 3187 1633 3242 An
1671 3189 1854 3243 statim
1909 3189 1980 3244 ab
2009 3209 2051 3267 ρ
2085 3203 2256 3243 ιιηιιιη
2283 3187 2430 3241 enim
2461 3183 2806 3239 admirabilis
2835 3189 3036 3236 vestrae
3079 3179 3354 3233 haereseos
3384 3176 3670 3231 doctorem

387 3275 552 3329 obitu
578 3275 808 3346 Cyrilti?
851 3275 1094 3345 Epistola
1123 3285 1270 3332 certe
1308 3285 1440 3332 tunc
1469 3280 1672 3348 scripta
1718 3280 1786 3334 ad
1819 3281 1982 3334 Dom-

387 3384 550 3429 num,
585 3368 906 3436 concioque.
932 3369 1235 3424 Antiochia:
1278 3385 1462 3425 coram
1507 3371 1703 3426 eodem
1747 3374 1980 3442 praesule

387 3460 608 3524 habita,
643 3462 696 3514 in
719 3475 839 3514 eam
865 3462 1240 3530 conjecturam
1272 3461 1516 3516 animum
1539 3477 1649 3516 non
1673 3463 1868 3518 leviter
1895 3463 1980 3517 in-

387 3552 604 3604 etinant
650 3560 874 3620 propter
919 3553 1225 3622 argumenti
1273 3553 1688 3608 similitudinem
1733 3571 1745 3608 :
1786 3569 1981 3610 verum

391 3641 748 3711 imperatoris
791 3641 985 3707 verba,
1046 3645 1555 3715 monachorumque
1607 3646 1876 3712 historia,
1925 3657 1980 3704 et

389 3749 518 3801 qua:
542 3731 688 3786 dicta
713 3743 860 3796 sunt,
891 3747 1006 3787 rem
1039 3733 1309 3789 conﬁcere
1332 3735 1610 3802 videntur,
1643 3747 1809 3809 atque
1842 3739 1981 3794 adeo

391 3823 652 3888 suadere,
705 3823 760 3878 id
799 3825 985 3894 cperis
1015 3840 1045 3879 a
1067 3823 1415 3882 Theodoreto
1447 3825 1707 3883 e'tl‘ectum
1759 3829 1982 3884 circiter

392 3931 604 3970 annum
655 3917 781 3982 446,
821 3927 1111 3988 postquam
1165 3920 1235 3973 ab
1283 3919 1617 3990 imperatore
1654 3923 1843 3992 jussus
1895 3931 1981 3979 est

389 4007 524 4078 Cyri
561 4007 764 4063 ﬁnibus
805 4023 865 4064 se
902 4009 1204 4065 continere.
1247 4011 1444 4066 Iussus
1485 4019 1571 4067 est
1623 4023 1806 4069 autem
1837 4029 1982 4069 anno

393 4101 522 4164 ωδ,
553 4112 614 4156 ιιι
639 4099 952 4156 confectum
974 4110 1150 4157 estex
1186 4104 1347 4173 epist.
1373 4103 1435 4158 8!
1469 4103 1536 4159 ad
1571 4105 1807 4160 Nonium
1846 4121 1981 4162 con-

395 4189 602 4248 sulem.

461 4303 586 4369 XX,
614 4305 817 4360 Verum
841 4315 903 4359 ut
923 4305 1104 4360 adhuc
1127 4305 1345 4375 planius
1369 4307 1721 4377 intelligatur,
1747 4307 1892 4377 quod
1915 4305 1982 4361 de

395 4410 648 4466 tempore
671 4395 1102 4465 conscriptionis
1134 4395 1342 4451 dictum
1373 4407 1476 4462 est,
1507 4398 1786 4467 inquirere
1817 4399 1981 4468 paulo

393 4485 717 4558 diligentius
774 4493 1014 4556 oportet,
1079 4502 1184 4555 qua
1250 4487 1538 4542 occasione
1597 4487 1982 4543 Theodoretus

395 4579 648 4651 Dialogus
668 4579 927 4634 ediderit.
961 4577 1016 4633 id
1038 4595 1188 4644 vero,
1219 4591 1278 4632 ut
1303 4577 1414 4642 ﬁat,
1445 4580 1850 4635 observandum
1873 4591 1977 4644 est,

393 4689 536 4741 quos
567 4671 670 4727 sibi
698 4672 1046 4727 adversarios
1073 4671 1474 4742 impugnandos
1512 4681 1784 4743 proponat
1813 4692 1825 4728 :
1863 4675 1981 4730 suis

392 4768 542 4820 enim
565 4767 713 4836 ipsos
740 4781 854 4820 non
881 4781 990 4819 uno
1021 4766 1141 4820 loco
1168 4765 1582 4821 characteribus
1605 4765 1873 4837 depingit.

459 4857 530 4912 Et
552 4855 732 4926 primo
767 4857 990 4926 quidem
1017 4857 1073 4911 in
1105 4857 1432 4914 Pnefatione
1463 4861 1559 4924 ait,
1593 4859 1765 4914 fuisse
1797 4861 1978 4915 homi-

393 4965 494 5004 nes
525 4948 738 5004 nullius
775 4947 1036 5014 nominis,
1067 4949 1385 5020 similesque
1415 4959 1470 5005 et
1503 4951 1814 5006 Alexandro
1841 4969 1979 5008 aera—

393 5045 500 5106 rio,
538 5043 634 5110 qui
671 5041 921 5112 apostolo
963 5041 1162 5106 Paulo;
1200 5051 1256 5095 et
1291 5041 1492 5106 Semei,
1544 5043 1639 5112 qui
1669 5043 1896 5110 Davidi;
1929 5053 1984 5099 et

391 5135 619 5199 Maneti,
655 5135 748 5204 qui
785 5133 1063 5196 Ecclesiae,
1105 5141 1334 5203 propter
1367 5149 1522 5188 vana:
1552 5133 1738 5204 gloriae
1762 5135 1980 5204 cupidi-

395 5231 586 5286 tatem,
641 5223 924 5292 negotium
969 5221 1265 5277 lacessivit.
1322 5240 1340 5272 ί
1377 5221 1491 5276 Hoc
1533 5222 1733 5292 ipsum,
1778 5224 1980 5294 inquit,

393 5314 649 5369 nonnulli
673 5328 823 5367 nunc
847 5329 1066 5383 quoque
1099 5313 1330 5377 faciunt,
1366 5315 1460 5384 qui
1481 5315 1844 5384 expetendam
1870 5317 1985 5371 vir-

393 5405 532 5458 tutis
565 5404 796 5476 gloriam
826 5413 1052 5474 propter
1077 5405 1314 5468 labores,
1335 5405 1430 5475 qui
1457 5405 1602 5460 illam
1639 5409 1983 5478 praecedunt,

395 5495 693 5566 fugientes,
735 5495 1106 5565 turpissimam
1151 5504 1208 5550 et
1237 5495 1605 5550 miserrimam
1646 5497 1751 5552 sibi
1787 5497 1986 5553 famam

394 5602 666 5658 peperere
707 5605 719 5640 :
769 5601 894 5642 cum
926 5587 1073 5642 enim
1113 5603 1384 5642 novorum
1413 5587 1728 5658 dogmatnm
1767 5591 1986 5660 patroni

2085 3278 2488 3350 Apollinarium
2513 3277 2569 3330 in
2603 3275 2846 3330 medium
2883 3272 3172 3334 adducam,
3203 3279 3258 3324 et
3277 3285 3388 3324 non
3415 3269 3574 3323 aliter
3607 3283 3669 3322 ac

2085 3371 2257 3426 sancti
2299 3371 2509 3432 Patres,
2555 3367 2778 3421 Verbum
2809 3382 2934 3418 caro
2969 3363 3166 3433 factum
3201 3370 3296 3426 est,
3336 3359 3669 3414 intellexisse

2085 3464 2371 3519 ostendam
2409 3461 2475 3515 ⁸³.
2509 3480 2525 3512 ι

2153 3555 2262 3610 Eos
2297 3553 2518 3612 tandem
2541 3551 2711 3606 veluti
2751 3549 2888 3613 Arii,
2913 3563 3020 3619 qua
3053 3553 3206 3618 parte
3233 3559 3358 3600 cum
3391 3542 3670 3614 Apollina-

2086 3649 2168 3703 rio
2201 3646 2498 3710 consentit,
2537 3643 2841 3714 discipulos
2879 3639 3202 3711 alloquitur.
3263 3637 3398 3692 Nam
3431 3641 3554 3705 post
3587 3633 3668 3687 ci-

2086 3747 2257 3795 tatum
2305 3739 2531 3795 Eusebii
2587 3734 2832 3792 Emiseni
2897 3749 2996 3804 pro
3047 3728 3454 3801 impatibilitate
3503 3724 3670 3782 Verbi

2087 3832 2460 3888 testimonium
2495 3849 2507 3884 :
2549 3848 2566 3880 ι
2605 3827 2804 3884 Vidisti
2829 3827 3018 3886 etiam,
3048 3822 3229 3892 inquit
3255 3821 3324 3885 ³⁸,
3353 3819 3518 3873 aliam
3549 3831 3667 3870 ma—

2085 3927 2382 3997 gistrorum
2423 3929 2734 3977 vestrorum
2775 3919 3029 3980 classem,
3073 3929 3104 3968 a
3139 3927 3247 3983 qua
3297 3919 3672 3980 passamesse

2083 4013 2364 4088 Unigeniti
2395 4013 2744 4068 divinitatem
2783 4007 3043 4064 didicisse
3089 4021 3190 4059 nos
3225 4001 3490 4072 putastis,
3529 3999 3670 4054 hanc

2083 4107 2484 4176 blasphemiam
2521 4101 2824 4164 exsecrari,
2847 4107 2904 4154 et
2931 4096 3276 4152 divinitatem
3307 4091 3666 4162 impatibilem

2085 4198 2406 4268 praedicare,
2452 4202 2510 4250 et
2558 4207 2774 4254 eorum,
2813 4189 2907 4260 qui
2947 4187 3259 4258 passionem
3303 4181 3669 4237 illi-tribuere

2087 4287 2315 4350 audent,
2350 4293 2626 4340 catervam
2653 4281 2944 4350 dissipare.
2977 4297 2994 4328 ι

2154 4397 2568 4456 Observandum
2595 4395 2822 4466 pariter,
2849 4409 2988 4464 quos
3010 4409 3205 4462 passus
3231 4389 3304 4445 sit
3328 4389 3443 4460 ipse
3468 4387 3666 4442 adver—

2087 4494 2289 4556 sarios,
2327 4489 2552 4548 eosdem
2587 4503 2783 4556 nempe
2831 4501 2971 4558 quos
3019 4483 3289 4540 Diodorus
3321 4489 3388 4536 et
3411 4477 3668 4534 Theodo-

2090 4601 2202 4639 rus.
2253 4583 2312 4638 Id
2355 4588 2574 4640 constat
2601 4594 2669 4633 ex
2702 4579 2963 4648 pericope
2999 4572 3247 4645 epistolae
3286 4569 3351 4624 ad
3381 4571 3665 4629 l‘rcnteum,

2089 4679 2246 4747 cujus
2272 4683 2431 4730 antea
2457 4671 2663 4726 mentio
2684 4669 2824 4724 facta
2853 4675 2957 4724 est.

2161 4767 2303 4824 XXI.
2338 4767 2420 4821 Ex
2450 4765 2538 4819 his
2567 4763 2823 4832 colligere
2859 4757 2992 4813 mihi
3035 4771 3194 4829 posse
3233 4755 3443 4818 videor,
3470 4751 3666 4808 adver-

2089 4861 2266 4917 sarios
2288 4873 2425 4928 quos
2454 4852 2851 4926 oppugnandos
2873 4851 2978 4906 sibi
2998 4849 3247 4920 opponit,
3269 4845 3437 4902 fuistis
3467 4845 3523 4899 in
3541 4857 3668 4914 spe-

2088 4955 2230 5008 ciem
2265 4949 2583 5012 monachos,
2607 4946 2722 5001 sive
2749 4959 2888 5016 quos
2920 4941 3190 4998 Armenos
3221 4936 3472 4994 meminit
3499 4934 3664 4989 Libe-

2087 5055 2260 5108 ratus,
2310 5041 2425 5097 sive
2464 5039 2559 5110 qui
2595 5037 2934 5094 thniciam
2979 5031 3435 5100 Palaestinamque
3469 5023 3667 5098 postea

2088 5137 2508 5191 commoverunt
2558 5147 2570 5182 :
2609 5143 2737 5182 nam
2781 5135 2838 5182 et
2873 5123 3099 5180 obscuri
3130 5119 3372 5175 nominis
3404 5117 3664 5177 fuerunt;

2087 5236 2143 5282 et
2182 5221 2556 5280 Orientalibus
2591 5215 2868 5290 episcopis
2906 5213 3237 5270 calumniam
3281 5210 3566 5270 fecerunt;
3611 5211 3669 5258 et

2089 5316 2318 5375 Diodori
2359 5312 2747 5381 Theodorique
2791 5307 2992 5376 scripta
3051 5303 3203 5359 velut
3243 5299 3501 5355 haeretica
3549 5305 3665 5352 trao

2090 5409 2390 5470 duxerunt,
2416 5411 2472 5459 et
2487 5397 2814 5474 Apollinarii
2835 5395 3064 5464 Ariiqne
3093 5402 3278 5464 partes
3304 5385 3479 5446 secuti
3501 5393 3665 5448 sunt;

2089 5504 2146 5552 et
2173 5495 2228 5550 in
2267 5493 2406 5547 urbe
2433 5491 2582 5560 regia
2627 5484 2912 5556 Eutychen
2962 5495 3088 5536 cum
3135 5481 3253 5536 suis
3295 5477 3580 5533 monachis
3607 5477 3666 5531 in

2089 5601 2338 5646 errorem
2379 5581 2753 5652 impulerunt;
2800 5583 2854 5631 et
2904 5575 3254 5630 Theodoreto
3297 5573 3512 5640 [haeque
3565 5585 3666 5640 per

1747 5747 2066 5804 SGHULZII
2105 5741 2335 5802 ΝΟΤιΕ.

467 5843 674 5914 "Ante
698 5841 1043 5914 annumiﬂﬁ
1075 5843 1312 5912 scriptus
1335 5843 1539 5914 dicitur
1558 5859 1744 5913 supra.
1776 5861 1828 5914 p.
1853 5844 1978 5902 206.
2000 5845 2124 5901 Vid.
2157 5849 2334 5896 tamen
2353 5853 2408 5908 p.
2429 5834 2552 5891 529.

395 5921 438 5970 ι.
467 5913 554 5980 1v,
580 5929 634 5986 ρ.
669 5913 757 5968 is.
837 5911 882 5944 ιε
908 5912 1070 5978 Ιὺίἀ,,
1099 5929 1152 5984 p.
1189 5911 1281 5968 70.
1361 5913 1404 5946 ιε
1428 5913 1590 5980 lbid.,
1628 5911 1684 5986 ‘p.
1715 5911 1838 5970 262.

2663 5831 2700 5863 δ’
2735 5829 2854 5886 Vid.
2893 5838 2926 5882 ε.
2958 5828 3044 5893 lV',
3078 5845 3130 5897 ν.
3163 5827 3228 5881 45
3261 5843 3388 5895 seq.
3473 5827 3486 5857 ³
