4070 6466
496 356 599 420 339

1597 354 1978 417 ῦΑΒΝΕΒΙΙ
2019 353 2524 416 DISSERTA’I‘IO
2562 356 2624 415 II

3668 355 3765 422 340

500 465 791 539 Eutychen
813 463 1141 538 Chrysapbii
1168 463 1411 535 suscepti
1440 463 1526 518 sui
1563 464 1813 534 potentia
1846 463 2084 519 abuten-
2115 465 2158 520 A
2189 461 2580 518 ecclesiasticae
2611 460 2860 517 historiae
2878 460 3218 533 colliguntur
3238 462 3395 517 utilia
3424 461 3529 518 ista
3553 462 3594 496 δ’
3616 464 3766 534 quin.

502 568 635 623 tem,
662 557 1003 627 clericosque
1035 554 1307 611 Osroenes
1339 554 1656 625 provinciae,
1690 555 1973 627 negotium
2002 553 2086 610 fe-

500 660 717 709 cerunt.
748 652 860 707 llos
888 663 1022 719 ergo
1043 648 1099 701 iu
1120 662 1364 710 secessu,
1390 662 1516 701 cum
1535 661 1680 716 ager
1705 646 1929 703 animus
1954 661 2088 701 con-

501 755 740 812 coquere
793 753 906 794 non
958 748 1148 808 posset
1195 737 1453 808 injuriam
1515 750 1682 806 quam
1731 734 2086 791 continenter

498 833 751 888 versabat
786 830 984 886 avidus
1005 829 1275 895 ultionis;
1303 829 1424 893 hos,
1471 829 1719 898 inquam,
1761 826 1915 882 velut
1956 824 2089 881 ﬁdei

498 928 704 991 hostes,
736 924 961 980 fallente
996 924 1137 989 zelo,
1172 920 1543 993 protligandos
1572 920 1836 991 suscepit.

566 1016 733 1072 XXII.
750 1015 1044 1071 Erauisten
1068 1014 1238 1084 igitur
1257 1011 1562 1068 elaboravit
1585 1019 1836 1081 tempore
1852 1007 2083 1064 manda-

499 1117 614 1162 tum
661 1105 1017 1176 imperatoris
1050 1119 1178 1158 mox
1207 1110 1494 1172 sequente,
1533 1100 1588 1155 id
1625 1108 1729 1164 est,
1773 1115 1920 1156 anno
1955 1097 2080 1154 446.

496 1196 835 1261 Elaboravit,
885 1196 1145 1265 inquam;
1174 1208 1301 1248 nam
1338 1199 1453 1247 tota
1490 1206 1625 1248 usus
1669 1199 1755 1245 est
1793 1189 1847 1244 vi
1883 1187 2083 1244 mentis

497 1305 631 1353 suae,
672 1296 919 1358 totaque,
946 1301 1056 1357 qua
1077 1286 1297 1341 valebat
1320 1284 1643 1354 plurimum,
1674 1291 1795 1337 arte
1819 1281 1887 1357 ad
1913 1281 2083 1335 lecto-

498 1397 621 1436 rum
662 1381 878 1436 animos
915 1377 1071 1434 suavi
1126 1377 1363 1448 quadam
1397 1374 1657 1446 facilique
1711 1373 2085 1428 collocutione

496 1470 677 1540 primo
724 1467 883 1539 quasi
929 1465 1300 1529 fascinandos,
1348 1463 1547 1518 deinde
1595 1462 1712 1518 suis
1751 1460 2083 1534 syllogismis

498 1560 899 1632 illaqueandos,
937 1568 1001 1614 ut
1037 1558 1141 1613 sibi
1178 1557 1524 1621 viderentur,
1569 1555 1626 1609 in
1679 1563 1863 1626 partes
1907 1553 2080 1609 collo~

497 1662 732 1726 quentes
767 1668 877 1709 non
910 1652 1089 1707 aliena
1140 1650 1354 1706 ratione
1404 1648 1555 1713 duci,
1604 1647 1703 1704 sed
1743 1655 1940 1719 sponte
1980 1661 2083 1701 sua

497 1747 704 1802 venire.

564 1836 724 1907 391
766 1834 955 1891 XXIII.
994 1833 1192 1904 Operis
1229 1847 1397 1903 porro
1429 1832 1618 1897 totius,
1655 1830 1805 1902 quod
1848 1830 2080 1902 dialogis
2114 1812 2156 1868 Β

497 1927 675 1981 tribus
706 1933 763 1981 et
792 1940 904 1980 uno
931 1922 1378 1996 syllogismorum
1414 1921 1560 1977 libro
1589 1920 1926 1985 absolvitur,
1962 1919 2081 1975 haec

494 2027 602 2082 est,
643 2026 705 2072 ut
728 2019 840 2087 jam
885 2033 952 2072 ex
984 2025 1139 2086 parte
1186 2014 1397 2070 dictum
1436 2021 1543 2077 est,
1575 2012 1894 2068 methodus.
1941 2010 2079 2067 Cum

498 2109 604 2162 tria
623 2107 729 2163 sibi
750 2107 1004 2178 dogmata
1024 2103 1426 2175 proposuisset,
1446 2118 1557 2157 non
1580 2098 1864 2172 probanda
1895 2098 2079 2163 modo,

496 2196 593 2253 sed
621 2196 812 2260 etiam,
848 2203 911 2249 ut
938 2195 1056 2265 ipse
1085 2194 1309 2263 quidem
1340 2193 1608 2264 loquitur,
1626 2191 2079 2256 demonstranda,

497 2288 568 2343 de
606 2285 772 2341 Verbi
818 2282 1287 2347 immutabilitate,
1329 2282 1398 2336 de
1432 2281 1723 2336 iucoufusa
1759 2289 2081 2335 naturarum

497 2375 724 2440 unione,
745 2382 803 2429 et
821 2372 1261 2445 impassibilitate
1290 2371 1619 2436 divinitatis,
1653 2370 1868 2442 singula
1890 2371 2081 2441 singu-

495 2468 567 2523 lis
590 2465 824 2538 dialogis
850 2464 1065 2519 ratione
1094 2463 1362 2533 primum,
1402 2460 1606 2518 deinde
1629 2461 1858 2517 Patrum
1888 2469 2081 2516 aucto—

496 2559 660 2614 ritate
700 2556 1025 2622 conﬁrmat,
1066 2565 1129 2610 ut
1169 2570 1282 2610 non
1324 2562 1436 2610 tam
1478 2570 1655 2618 suam,
1700 2569 1866 2624 quam
1914 2552 2084 2608 totius

492 2651 648 2708 orbis
698 2650 1000 2708 Christiani
1068 2648 1380 2705 doctrinam
1432 2646 1653 2702 tradere
1717 2645 1974 2700 videatur
2010 2644 2077 2698 ".

492 2743 684 2800 Patres
714 2743 865 2798 enim
898 2741 1177 2813 producit,
1214 2740 1310 2810 qui
1342 2755 1538 2796 omnes
1568 2736 1757 2792 mundi
1791 2745 1976 2807 partes
2011 2735 2079 2789 il-

492 2837 822 2899 lustrarunt,
843 2834 1045 2905 quibus
1062 2834 1244 2904 ipsum
1269 2831 1438 2888 etiam
1458 2828 1860 2901 Apollinarium
1886 2825 2081 2882 adver-

491 2928 761 2984 sariorum
802 2926 1129 2998 magistrum
1171 2924 1326 2980 addit
1373 2941 1386 2978 :
1418 2922 1661 2993 denique
1696 2920 1844 2991 quod
1884 2919 2077 2975 fusiori

489 3019 740 3075 oratione
783 3017 843 3073 in
886 3016 1121 3087 dialogis
1168 3014 1543 3079 disseruerat,
1605 3011 1883 3070 contrahit
1933 3010 2078 3067 libro

2231 566 2351 605 ue:

2231 567 2298 605 ue
2338 568 2351 604 :

2189 567 2227 621 ᾳ
2258 641 2313 695 1.
2360 641 2483 696 Non
2536 655 2697 711 posse
2740 639 2971 697 defendi
3014 641 3337 711 opinionem
3388 642 3630 708 Baronii,
3677 643 3770 714 qui

2186 734 2409 789 videtur
2432 733 2667 799 sentire,
2689 733 2747 789 id
2771 733 2959 804 operis
2990 732 3209 788 editum
3234 733 3408 789 fuisse
3436 745 3563 804 post
3590 733 3765 789 conci-

2186 823 2320 879 lium
2349 821 2822 887 Chalcedoneuse,
2860 836 3008 877 anno
3038 821 3139 876 451
3173 823 3535 877 celebratum.

2256 914 2311 970 2.
2358 914 2480 969 Non
2528 913 2855 980 audiendos,
2903 914 3002 985 qui
3042 923 3271 984 putant,
3309 928 3503 970 veram
3545 928 3613 969 ex
3653 912 3767 970 istis

2185 1008 2345 1064 libris
2366 1008 2630 1079 Eutycbis
2660 1008 2996 1064 sententiam
3030 1007 3264 1079 intelligi
3294 1007 3525 1073 debere,
3565 1022 3686 1062 cum
3714 1008 3765 1062 in

2184 1100 2324 1171 ipsis
2348 1100 2500 1156 aliud
2533 1100 2648 1156 fere
2686 1101 2827 1156 nihil
2855 1100 3246 1157 Theodoretus
3273 1099 3592 1155 adversario
3629 1100 3765 1170 obji-

2186 1194 2317 1259 ciat,
2349 1208 2514 1263 quam
2539 1191 2689 1263 quod
2722 1191 2855 1251 olim
2875 1191 3103 1264 Cyrillo,
3120 1191 3236 1247 sive
3259 1192 3316 1247 in
3339 1191 3764 1261 reprehensione

2186 1283 2429 1354 capitum
2464 1283 2581 1340 sive
2615 1282 2673 1339 iu
2706 1283 2831 1338 aliis
2863 1282 3091 1353 scriptis
3125 1282 3261 1337 vitio
3293 1282 3546 1337 verterit.

2256 1374 2291 1429 3
2321 1375 2388 1429 ⁸⁸.
2434 1376 2556 1431 Non
2613 1374 2955 1431 audiendum
3009 1374 3218 1445 pariter
3276 1373 3625 1430 Gennadium
3675 1374 3770 1443 qui

2183 1468 2393 1538 scripta
2442 1468 2556 1535 illa,
2606 1484 2729 1539 quae
2770 1477 2933 1523 vocat
2967 1467 3153 1532 fortia,
3186 1466 3460 1523 adversus
3490 1467 3769 1538 Eutychen

2181 1558 2355 1616 fuisse
2386 1560 2554 1616 tradit
2580 1580 2591 1614 :
2622 1576 2748 1617 cum
2787 1561 2936 1616 enim
2966 1560 3287 1626 ederentur,
3320 1561 3570 1617 nondum
3612 1560 3773 1617 deliri

2181 1653 2336 1709 senis
2361 1653 2638 1724 impietas,
2664 1669 2733 1708 ue
2765 1652 2929 1724 392
2955 1651 3013 1706 in
3042 1650 3160 1722 ipsa
3182 1650 3410 1722 quidem
3440 1651 3575 1707 urbe
3600 1652 3764 1721 regia,

2183 1744 2455 1816 patefacta
2492 1752 2642 1808 erat;
2694 1754 2847 1800 certe
2898 1744 2956 1798 in
2995 1743 3282 1814 publicum
3322 1759 3435 1798 non
3490 1743 3767 1812 prodierat

2183 1846 2315 1894 ante
2340 1846 2573 1893 mortem
2598 1836 2811 1901 Procli,
2835 1843 2892 1891 et
2919 1834 3327 1893 ordinationem
3363 1834 3629 1900 Flaviani,
3650 1852 3773 1907 qua

2183 1928 2414 2000 contigit
2436 1927 2540 1982 sub
2566 1926 2729 1982 ﬁnem
2760 1926 2890 1981 anni
2914 1924 3039 1981 446.

2251 2022 2304 2076 4.
2327 2020 2526 2075 Mirum
2550 2017 2606 2074 in
2627 2017 2853 2073 modum
2870 2017 2985 2071 falli
3018 2017 3279 2088 opinione
3299 2032 3401 2075 sua
3421 2016 3771 2072 Albertiuum

2182 2110 2642 2180 Blondellumque
2669 2108 3053 2174 Calviniauos,
3091 2108 3186 2178 qui
3226 2124 3350 2178 quae
3385 2107 3772 2165 Theodoretus

2181 2200 2345 2255 aﬁ‘ert
2379 2198 2695 2254 testimonia
2730 2199 2983 2263 Patrum,
3021 2196 3217 2252 eadem
3253 2212 3378 2253 cum
3421 2198 3509 2262 iis,
3550 2213 3677 2269 qua
3713 2197 3769 2255 iu

2182 2291 2406 2347 concilii
2427 2289 3059 2348 ChalcedonensisActis
3081 2290 3360 2361 leguntur,
3384 2290 3629 2362 subjecta
3654 2290 3763 2362 epi-

2181 2386 2337 2440 stola
2368 2384 2542 2439 sancti
2570 2382 2773 2439 Leonis
2803 2382 2870 2437 ad
2907 2381 3250 2448 Flavianum,
3293 2396 3406 2436 non
3433 2381 3766 2437 erubescunt

2183 2474 2368 2530 dicere
2404 2492 2434 2529 a
2470 2472 2822 2529 Theodoreto
2854 2487 2923 2527 ex
2951 2470 3184 2542 epistola
3210 2470 3387 2526 sancti
3416 2469 3617 2525 Leonis
3647 2484 3769 2524 esse

2182 2577 2423 2637 sumpta.
2447 2566 2601 2622 Nihil
2626 2565 2774 2622 enim
2794 2563 2906 2620 dici
2926 2563 3112 2635 potuit
3145 2571 3242 2618 aut
3264 2561 3627 2634 ignorantius,
3669 2569 3763 2616 aut

2185 2658 2585 2730 impudentius.
2612 2659 2751 2713 Nam
2785 2656 3074 2713 Erauistes
3098 2663 3432 2727 pervagatus
3458 2662 3561 2718 est,
3595 2653 3771 2711 etiam

2182 2753 2240 2808 in
2262 2751 2577 2824 Egyptum,
2603 2759 2731 2807 ante
2759 2757 3086 2821 conceptam
3117 2747 3453 2817 missamque
3481 2745 3769 2817 epistolam

2181 2846 2355 2902 sancti
2379 2845 2603 2911 Leonis,
2629 2844 2837 2916 quippe
2856 2857 2984 2898 cum
3007 2842 3135 2897 data
3160 2841 3232 2897 sit
3260 2854 3411 2895 anno
3430 2839 3554 2902 449.
3577 2838 3771 2895 Idibus

2178 2938 2333 3003 Julii,
2355 2937 2579 2993 Asterio
2606 2946 2664 2992 et
2684 2937 2996 3006 Protogene
3024 2948 3166 2990 coss.
3201 2931 3442 3002 scriptus
3466 2930 3756 2997 Eranism,

2180 3045 2344 3100 quam
2375 3030 2710 3094 tardissime,
2748 3043 2896 3084 anno
2916 3029 3042 3085 446.

488 3118 687 3180 quarto
723 3109 779 3164 iu
815 3107 1187 3181 syllogismos,
1205 3105 1411 3177 quibus
1437 3119 1555 3160 rem
1585 3103 1834 3170 omnino,
1871 3111 1932 3159 ut
1955 3103 2077 3174 qui—

2254 3121 2308 3177 5.
2335 3121 2625 3192 Nuperum
2654 3119 2930 3175 editorem
2948 3118 3191 3191 Operum
3220 3116 3397 3173 sancti
3428 3116 3630 3172 Leonis
3657 3116 3761 3170 ima

489 3201 614 3256 dem
649 3200 752 3255 sibi
785 3199 1010 3255 videtur
1035 3213 1220 3269 posse,
1252 3195 1527 3251 conﬁciat.

562 3291 752 3346 XXIV.
803 3291 955 3346 Inter
988 3287 1398 3345 ecclesiasticos
1440 3294 1791 3353 tractatores,
1831 3301 2070 3357 quorum

489 3385 816 3439 auctoritate
841 3383 1042 3449 utitur,
1078 3381 1386 3437 Diodorum
1415 3380 1740 3436 Tarsensem
1764 3420 1777 3444 ,
1812 3378 2072 3434 Theodo-

490 3489 724 3544 rumque
764 3473 1213 3545 Mopsuestenum
1250 3487 1363 3527 non
1403 3475 1689 3536 recenset,
1720 3468 1972 3542 quamvis
2017 3479 2074 3525 et

489 3566 741 3622 celebres
783 3550 974 3622 essent
1015 3580 1083 3620 ea
1129 3572 1478 3634 tempestate,
1519 3570 1575 3617 et
1599 3578 1696 3618 eos
1733 3560 1851 3633 ipse
1893 3561 2070 3632 magi-

486 3676 728 3724 strorum
759 3668 882 3723 loco
912 3666 1163 3723 haberet.
1198 3665 1347 3720 Facti
1381 3680 1574 3720 causas
1612 3663 1794 3729 aﬁert,
1830 3675 1894 3720 ut
1922 3664 2068 3720 dixi-

487 3775 632 3825 mus,
664 3759 721 3814 in
747 3758 968 3829 dialogo
994 3758 1047 3824 I,
1078 3766 1136 3814 et
1157 3757 1323 3829 epist.
1352 3757 1420 3813 16
1441 3757 1507 3813 ad
1538 3756 1804 3812 Irenamm
1827 3757 2068 3829 idipsum

486 3851 782 3907 mirantem
810 3850 878 3904 ⁸⁸.

553 3943 720 4002 XXV.
751 3944 833 3999 Ex
856 3943 1059 4014 quibus
1086 3943 1289 3998 litteris
1323 3943 1548 4016 atl‘ulget
1572 3945 1688 4011 lux,
1719 3944 1773 4000 in
1810 3961 1917 4017 qua
1955 3960 2067 3999 non

481 4051 545 4090 ea
569 4044 803 4100 tantum,
818 4050 940 4106 quae
960 4034 1219 4102 diximus,
1238 4034 1471 4091 clariora
1493 4035 1642 4104 ﬁant,
1666 4037 1761 4094 sed
1783 4037 1888 4092 alia
1912 4050 2067 4108 quae-

480 4127 606 4183 dam
630 4128 942 4192 videantur,
969 4135 1026 4182 et
1044 4122 1266 4198 quidem
1285 4127 1448 4201 digna
1481 4128 1645 4185 scitu.
1673 4130 1726 4185 l°
1746 4129 2065 4202 Apologiam

483 4234 577 4287 pro
618 4218 852 4273 Diodoro
899 4226 957 4273 et
989 4217 1257 4274 Theodoro
1306 4220 1569 4292 scriptam
1615 4236 1738 4278 esse
1771 4232 1900 4280 ante
1934 4221 2071 4279 Era-

482 4309 688 4365 nisten.
745 4309 803 4362 2°
845 4308 1040 4364 Editos
1080 4324 1201 4365 esse
1234 4311 1484 4385 Dialogos
1529 4322 1657 4369 ante
1704 4315 1982 4387 dejectum
2036 4328 2068 4369 e

480 4399 611 4456 sede
632 4401 927 4463 Irenaeum,
948 4400 1043 4469 qui
1066 4399 1312 4471 dejectus
1325 4414 1410 4460 est
1421 4420 1565 4461 anno
1587 4405 1710 4460 448.
1738 4406 2067 4463 5°Occasio-

2180 3214 2487 3286 prudenter
2507 3214 2805 3270 adhaesisse
2824 3212 3142 3270 Calvinistis
3173 3212 3294 3269 istis
3320 3210 3561 3277 duobus,
3592 3217 3650 3266 et
3673 3226 3765 3265 ξοδ-ι

2180 3306 2424 3362 eundqu
2446 3320 2544 3363 eos
2565 3304 2898 3361 sententiam
2927 3303 3156 3370 dixisse,
3192 3310 3253 3357 ut
3276 3316 3363 3356 me
3394 3300 3681 3356 damnaret
3705 3301 3764 3356 in

2178 3398 2327 3454 notis
2359 3396 2428 3452 ad
2457 3413 2495 3452 ιι
2518 3405 2732 3468 partem
2754 3394 2999 3467 Operum
3031 3394 3187 3451 Marii
3224 3391 3545 3448 Mercatoris
3580 3391 3764 3448 obiter

2178 3490 2267 3546 his
2299 3490 2370 3546 de
2388 3487 2724 3544 testimoniis
2743 3487 3012 3543 locutum.
3041 3485 3216 3554 Quam
3241 3482 3523 3538 immerito
3552 3481 3608 3538 id
3635 3497 3765 3554 ege-

2177 3584 2273 3648 rit,
2299 3582 2552 3638 dicemus
2580 3580 2686 3637 sub
2715 3579 2880 3637 ﬁnem
2911 3580 2982 3634 δ’.

2249 3674 2464 3731 XXVII.
2498 3675 2798 3743 Postquam
2843 3670 3056 3727 dictum
3100 3669 3169 3726 de
3209 3677 3455 3738 tempore
3492 3676 3551 3723 et
3578 3666 3763 3723 causis

2177 3764 2522 3838 Polymorphi
2541 3779 2639 3818 seu
2660 3764 2950 3826 Eram’stw,
2985 3762 3236 3834 sequitur
3264 3759 3546 3828 deinceps,
3579 3770 3640 3814 ut
3673 3758 3760 3812 in-

2177 3855 2458 3920 dicentur,
2485 3869 2612 3924 qua:
2631 3852 2979 3910 observanda
2998 3854 3055 3908 in
3080 3853 3170 3908 bis
3191 3848 3420 3921 dialogis
3443 3848 3757 3904 videantur.

2179 3947 2321 4004 Sunt
2349 3956 2532 4002 autem
2560 3947 2665 4001 ista
2692 3947 2970 4017 praecipue
2998 3956 3211 4017 septem

2243 4041 2286 4096 I.
2320 4038 2707 4095 Theodoretus
2751 4054 2863 4095 non
2905 4040 3172 4110 postulat,
3216 4038 3332 4094 sive
3388 4051 3514 4093 cum
3562 4035 3762 4090 scribit

2177 4131 2348 4188 Leoni
2382 4130 2651 4203 pontiﬁci,
2669 4131 2785 4187 sive
2815 4147 2939 4187 cum
2963 4132 3174 4196 Renato
3199 4129 3539 4201 presbytero,
3563 4142 3633 4182 ex
3653 4126 3761 4181 hoc

2179 4224 2619 4299 librojudicium
2640 4223 2709 4280 de
2746 4240 2845 4281 sua
2883 4223 2991 4280 ﬁde
3028 4224 3275 4280 exerceri
3310 4240 3323 4276 :
3358 4228 3571 4293 poterat
3609 4219 3770 4275 enim

2181 4318 2309 4375 inde
2333 4317 2606 4384 damnari,
2645 4333 2773 4373 cum
2795 4317 3201 4390 propositiones
3232 4322 3467 4387 quatuor
3494 4329 3524 4368 a
3554 4312 3768 4386 Cyrillo

2179 4424 2440 4477 assertas,
2471 4420 2530 4467 et
2566 4411 2635 4467 ab
2669 4410 2917 4467 Ecclesia
2947 4420 3217 4479 receptas,
3263 4409 3400 4463 Deus
3443 4423 3628 4479 passus
3659 4411 3759 4468 est,

480 4506 606 4547 nem
633 4489 919 4546 scribendi
956 4506 1024 4546 ex
1053 4495 1404 4552 accusatione
1438 4505 1638 4552 ortam.
1663 4499 1726 4553 4°
1742 4498 2068 4556 Theodore-
2100 4515 2147 4571 ι)
2177 4521 2362 4576 passus
2381 4513 2457 4558 est
2489 4520 2670 4569 carne,
2697 4512 2885 4576 passus
2916 4513 2993 4559 est
3016 4503 3216 4569 volens,
3240 4517 3424 4574 passus
3455 4508 3528 4553 est
3559 4500 3761 4569 ἱηιραε-

482 4592 599 4638 tum
634 4598 958 4639 communes
980 4599 1199 4655 passum
1233 4603 1354 4644 esse
1382 4604 1507 4646 cum
1528 4588 1773 4646 Diodoro
1795 4598 1851 4646 et
1881 4591 2070 4646 Theo-

478 4675 617 4732 doro
683 4676 1047 4733 adversarios.
1124 4679 1180 4734 5°
1234 4681 1429 4738 Natam
1498 4682 1627 4738 inde
1695 4682 2071 4740 accusationis

479 4784 737 4846 causam,
780 4769 927 4838 quod
980 4779 1280 4844 utrumque
1323 4776 1648 4847 magistrum
1701 4776 2066 4842 defendisset,

477 4861 634 4929 quasi
656 4859 850 4915 eadem
877 4861 1013 4931 ipse,
1043 4879 1165 4933 quae
1188 4867 1289 4933 illi,
1318 4869 1571 4935 sentiret,
1598 4869 1704 4925 hoc
1724 4878 1828 4937 est,
1859 4869 2064 4926 Filium

479 4950 532 5005 in
562 4955 704 5007 duos
740 4950 883 5008 ﬁlios
910 4953 1204 5013 divideret.
1246 4962 1303 5016 6°
1334 4960 1604 5018 Ilabuissc
1639 4961 1695 5016 in
1730 4963 1921 5019 animo
1964 4962 2069 5016 im-

476 5052 791 5113 peratorem
813 5046 926 5116 jam
957 5046 1086 5105 inde
1117 5051 1189 5108 ab
1211 5068 1357 5110 anno
1386 5055 1491 5110 447
1518 5054 1813 5111 consilium
1855 5068 2067 5111 convo-

475 5135 665 5205 canda:
686 5137 881 5211 synodi
914 5142 1209 5211 generalis,
1243 5147 1336 5203 sed
1376 5147 1512 5202 illud
1535 5147 1859 5219 deposuisse
1888 5148 2069 5204 donec

474 5242 622 5283 anno
659 5229 786 5297 449,
826 5241 953 5303 post
992 5242 1170 5292 motas
1207 5240 1276 5294 ab
1298 5239 1548 5311 Eutyche
1594 5240 1805 5307 turbas,
1850 5255 2068 5296 resum-

473 5319 583 5387 psit
612 5339 624 5375 :
652 5338 759 5393 qua
792 5325 860 5380 de
894 5342 955 5382 re
990 5327 1223 5397 legenda
1261 5342 1347 5388 est
1389 5331 1623 5401 epistola
1662 5331 1735 5389 ad
1762 5333 2064 5389 Domuum.

548 5420 563 5437 '
592 5413 780 5475 XXVI.
814 5418 898 5475 Ex
933 5419 1003 5475 iis
1033 5436 1153 5491 quae
1194 5425 1260 5482 de
1302 5434 1554 5494 tempore
1582 5423 1883 5480 constituta
1915 5433 2066 5489 sunt,

2174 4595 2418 4663 sibiliter,
2454 4597 2568 4651 imo
2584 4604 2641 4652 et
2664 4597 2798 4652 alias
2821 4598 3027 4666 passim
3075 4594 3287 4658 obvias,
3318 4592 3669 4647 vehementer
3702 4598 3763 4644 et

2176 4704 2318 4760 pene
2352 4688 2619 4745 iracunde
2639 4689 2944 4761 impugnet.
2975 4687 3118 4756 Quid
3144 4702 3277 4759 ergo
3302 4700 3478 4741 causae
3509 4683 3633 4748 fuit,
3656 4697 3758 4737 cur

2176 4783 2306 4838 olim
2343 4783 2667 4839 Gennadius
2704 4786 2902 4856 scripta
2947 4784 3150 4856 fortia?
3194 4798 3292 4837 cur
3335 4780 3555 4837 Patrum
3597 4786 3756 4834 aetate

2175 4874 2480 4931 G‘eutianus
2506 4873 2797 4939 Hervetus,
2820 4892 2949 4946 opus
2971 4875 3110 4930 nulli
3128 4873 3285 4928 alteri
3308 4869 3715 4944 postponendum
3730 4869 3766 4922 ἒ

2169 4980 2272 5021 cur
2297 4966 2391 5020 alii
2411 4981 2564 5020 nunc
2589 4965 2743 5020 velut
2767 4966 3043 5022 catholicae
3073 4964 3200 5035 ﬁdei
3220 4963 3472 5018 eximium
3492 4963 3753 5033 specimen

2169 5062 2438 5117 extollant
2458 5060 2482 5114 ?

2241 5153 2295 5207 2.
2345 5150 2722 5224 Temporibus
2756 5150 2943 5206 Photii
2988 5168 3101 5207 uno
3133 5149 3438 5219 eodemque
3477 5147 3761 5211 volumine

2175 5260 2342 5314 opera
2379 5243 2485 5298 tria
2515 5240 3032 5313 compingebautur,
3067 5241 3197 5297 libri
3224 5239 3482 5296 nimirum
3512 5239 3760 5309 quinque

2176 5332 2514 5388 Theodoreti
2553 5330 2821 5387 adversus
2850 5342 3096 5388 sanctam
3120 5331 3450 5403 Ephesiuam
3488 5328 3758 5401 synodum.
3855 5356 3859 5359 λ

2175 5435 2230 5480 et
2264 5433 2522 5481 sanetum
2550 5422 2842 5497 Cyrillum,
2886 5439 3174 5480 sermones
3213 5421 3487 5487 Eutherii,
3529 5430 3585 5477 et
3623 5420 3752 5474 Era-

1814 5580 2140 5640 SCllULZIl
2174 5583 2405 5641 NOTAE.

533 5668 582 5754 f‘
602 5669 728 5754 Haec
773 5686 1081 5745 repugnant
1134 5678 1333 5745 hvpmh

463 5744 618 5807 Prior
642 5744 769 5801 hab.
816 5744 1049 5814 qualum-
1152 5752 1153 5755 ‘

460 5828 758 5887 suppressa
791 5825 867 5869 est
886 5860 891 5865 .

1414 5683 1420 5689 ’
1474 5680 1542 5733 de
1588 5681 1788 5736 callido
1825 5679 2243 5736 Nestorianismi
2284 5682 2603 5739 insinuandi
2631 5681 2884 5736 consilio.

1550 5792 1558 5805 ς
1596 5768 1649 5820 p.
1690 5751 1815 5806 257.
1895 5749 1942 5782 ’δ’
1967 5748 2075 5805 Sed
2104 5749 2385 5809 intercidit
2419 5752 2522 5809 ista
2544 5752 2868 5822 disputatio,
2897 5750 2981 5807 vel
3000 5752 3068 5807 ab
3098 5746 3399 5815 Ilarduino,
3433 5756 3494 5802 ut
3521 5746 3752 5810 videtur,

2988 5680 3036 5713 “
3060 5681 3182 5736 Vid.
3216 5694 3271 5748 p.
3296 5678 3419 5735 515.
3521 5676 3567 5748 ⁸7
3594 5674 3746 5748 _Edit.
