4070 6478
255 429 354 494 341

1439 413 1536 472 DE
1569 409 1824 471 LIBRIS
1861 402 2374 466 THEODORETI.

3441 387 3544 450 342

251 541 452 598 nistes.
501 535 590 590 An
629 548 744 587 non
789 529 924 584 licet
961 525 1108 590 inde,
1153 523 1272 576 sine
1319 519 1650 574 temeritatis
1693 515 1853 577 vitio,
1887 517 1928 571 A
1961 514 2137 566 tinum
2164 506 2542 568 Calvinistam,
2573 504 2666 572 qui
2697 509 2750 556 et
2778 501 2893 570 ipse
2923 475 3544 554 inconsulto'abductus

254 631 556 700 conjicere,
597 633 723 696 post
758 623 1080 676 combustos
1116 613 1361 670 Nestorii
1395 613 1587 674 libros,
1621 606 1862 678 proscri-

257 697 464 794 ptaque
484 715 768 773 Theodori
793 719 850 768 et
869 707 1093 766 Diodori
1122 713 1404 774 excerpta,
1430 703 1692 757 volumen
1713 697 1862 753 istud

255 792 570 874 exstitisse,
610 807 768 879 quasi
813 801 1124 875 symbolum
1155 797 1414 852 factionis
1451 792 1864 864 Acephalorum

257 908 489 961 illorum
521 903 592 968 '°,
618 913 860 971 quorum
889 893 1142 949 meminit
1167 891 1480 952 Liberatus,
1513 896 1865 954 quorumque

257 999 338 1052 ait
363 993 792 1050 Theodoretum
825 992 993 1056 caput
1022 979 1334 1038 exstitisse?

331 1089 386 1141 5.
417 1085 686 1145 Causam,
727 1096 828 1134 cur
849 1079 918 1132 de
945 1075 1187 1132 Diodoro
1223 1083 1280 1128 et
1301 1071 1598 1126 Theodoro
1627 1065 1866 1128 siluerit,

259 1181 427 1234 aﬁ‘crt
467 1177 689 1245 dialogo
719 1171 905 1242 primo
939 1169 1044 1225 sub
1069 1167 1258 1230 ﬁnem,
1295 1163 1390 1218 ubi
1417 1171 1543 1233 post
1581 1161 1744 1215 allata
1768 1157 1870 1212 Pa-

263 1285 414 1328 trum
446 1265 766 1323 testimonia
799 1262 1096 1318 Eranisten
1120 1259 1395 1312 allocutus
1424 1273 1438 1308 :
1483 1273 1500 1304 ι
1535 1250 1868 1312 Proferrem,

267 1360 452 1429 inquit
494 1357 567 1421 ",
605 1353 707 1408 tibi
738 1350 1174 1406 fortissimorum
1217 1342 1470 1400 veritatis
1499 1344 1871 1411 propugnato-

269 1467 394 1506 rum
422 1447 652 1503 Diodori
676 1453 732 1500 et
757 1441 1036 1498 Theodori
1059 1437 1464 1498 enarrationcs,
1488 1433 1594 1488 nisi
1625 1429 1874 1484 viderem

271 1561 378 1598 ως
403 1541 624 1596 infenso
671 1539 729 1591 in
757 1537 865 1590 hos
907 1533 1092 1588 animo
1137 1545 1280 1594 esse,
1326 1523 1774 1597 Apollinarisque
1817 1520 1876 1573 in

287 1633 448 1704 393
486 1645 580 1686 eos
608 1628 740 1684 odio
773 1634 830 1681 et
861 1620 1262 1678 malevolentiae
1290 1615 1624 1672 successisse
1665 1629 1678 1666 :
1703 1610 1878 1666 vidis—

288 1739 374 1777 ses
398 1721 543 1775 enim
569 1720 675 1774 hos
702 1718 872 1772 etiam
910 1713 1128 1770 caeteris
1175 1707 1536 1765 consonantia
1565 1702 1876 1772 scripsisse,

285 1825 420 1869 etex
439 1813 632 1866 divino
660 1809 813 1864 fonte
840 1809 1046 1862 ﬂuenta
1065 1805 1342 1867 hausisse,
1363 1801 1625 1867 rivosque
1643 1804 1700 1849 et
1730 1795 1880 1864 ipsos

1965 603 2071 657 fuit
2099 602 2156 655 in
2186 613 2435 655 errorem
2464 613 2532 652 ex
2560 595 2627 650 iis
2665 609 2785 663 qua:
2817 590 3088 646 Baronius
3141 590 3198 641 in
3251 583 3544 642 Annalibus

1965 692 2246 748 mandavit
2283 691 2512 759 scripto.

2045 805 2062 836 ι
2103 782 2406 847 lntercidit,
2443 781 2718 835 incertum
2773 791 2882 847 quo
2923 789 3076 840 casu,
3129 769 3398 842 particula
3433 767 3550 822 lucc

1968 879 2134 950 hujus
2161 873 2588 932 concertationis
2613 873 2679 924 ⁸³.
2711 890 2728 922 ι

2111 1009 2138 1080 §
2165 1008 2230 1064 ll.
2261 1007 2647 1062 Hiereticarum
2679 1002 2985 1074 fabularum
3023 999 3140 1054 libri
3171 979 3417 1069 quinque.

2041 1142 2086 1196 Ι.
2115 1141 2292 1212 llujus
2317 1139 2506 1210 aperis
2549 1145 2740 1207 aperta
2767 1147 3042 1203 nusquam
3089 1129 3319 1194 mentio,
3352 1135 3554 1198 praeter

1973 1247 2136 1304 quam
2198 1232 2256 1286 in
2305 1230 2610 1301 qumstione
2658 1227 2834 1297 prima
2883 1225 2940 1280 in
2989 1223 3291 1278 Leviticum
3346 1221 3414 1284 ",
3461 1217 3554 1273 ubi

1975 1325 2361 1381 Theodoretus
2416 1322 2727 1392 inquirens,
2783 1334 2884 1372 cur
2937 1318 3086 1372 Deus
3133 1314 3239 1368 sibi
3290 1310 3558 1368 sacriﬁcia

1975 1418 2166 1473 oll‘erri
2197 1416 2482 1471 voluerit:
2533 1432 2552 1466 ι
2597 1413 2672 1468 De
2722 1412 2831 1476 his,
2879 1410 2977 1474 ait,
3023 1407 3263 1463 diximus
3291 1404 3479 1458 multis
3503 1402 3560 1456 in

1977 1509 2134 1574 locis,
2169 1516 2284 1562 tum
2345 1507 2401 1560 in
2436 1505 2524 1560 his
2569 1519 2694 1574 quae
2737 1511 2929 1556 contra
2968 1499 3188 1555 Graecos
3216 1496 3558 1566 scripsimus,

1977 1612 2094 1657 tum
2141 1602 2196 1654 in
2221 1600 2289 1654 iis
2317 1615 2440 1668 quae
2469 1597 2734 1651 adversus
2757 1595 3014 1656 haereses,
3037 1610 3056 1642 ι
3093 1599 3198 1646 etc.
3222 1587 3386 1660 394
3415 1587 3562 1642 Tan-

1981 1703 2096 1750 tum
2111 1693 2392 1748 silentium
2409 1690 2476 1744 de
2497 1695 2730 1743 tractatu
2745 1695 2854 1740 tam
2874 1685 3158 1740 elaborato
3173 1681 3376 1734 mirum
3387 1678 3562 1733 videri

1980 1801 2093 1840 non
2131 1783 2316 1843 debet,
2353 1782 2398 1834 si
2445 1779 2611 1834 modo
2669 1775 2954 1846 scripserit
2999 1772 3385 1828 Theodoretus
3443 1777 3566 1838 post

283 1917 504 1974 quoque
525 1901 774 1972 Spiritus
805 1897 1082 1952 exstitisse
1109 1913 1123 1948 :
1152 1893 1248 1948 sed
1283 1892 1394 1945 hos
1411 1851 1634 1959 quidem
1657 1851 1884 1955 prmter-
1913 1851 1954 1911 Β
1981 1876 2280 1934 concilium
2300 1871 2790 1935 Chalcedonense;
2827 1868 2883 1922 id
2932 1881 3063 1920 vero
3105 1877 3254 1918 nunc
3301 1860 3568 1930 indagan-

283 1997 524 2059 mittam,
558 1993 694 2063 quia
726 1987 1076 2060 implacabile
1103 1985 1312 2040 bellum
1341 1981 1608 2036 adversus
1638 1991 1734 2032 eos
1756 1989 1881 2030 sus-

283 2085 538 2156 cepistis.
577 2104 600 2135 ι

349 2180 406 2232 4.
435 2176 824 2231 Theodoretus
855 2172 944 2226 vel
985 2185 1098 2224 non
1148 2173 1234 2222 est
1265 2173 1458 2220 auctor
1509 2156 1884 2230 Expositionis

287 2274 340 2326 in
375 2269 676 2325 Canticum
713 2263 1082 2325 canticorum,
1141 2273 1264 2328 qua:
1310 2270 1460 2310 nunc
1510 2253 1765 2314 habetur,
1797 2248 1885 2302 vel

287 2361 630 2418 sententiam
661 2358 730 2412 de
784 2353 1082 2410 Theodoro
1143 2348 1452 2405 enormiter.
1506 2339 1883 2404 commutavit,

287 2458 370 2510 vel
405 2450 883 2509 mendacissimus
921 2445 1028 2499 fuit
1055 2440 1522 2512 planissimusque
1570 2432 1792 2496 histrio,
1825 2437 1888 2484 ut

287 2550 383 2620 qui
415 2545 686 2603 eumdem
717 2541 1026 2603 hominem,
1070 2549 1223 2602 nunc
1255 2551 1274 2584 ‹
1309 2527 1673 2586 fortissimum
1719 2523 1889 2578 fuisse

289 2639 546 2694 veritatis
610 2639 1102 2704 propugnatorem,
1153 2619 1518 2680 consonantia
1565 2629 1692 2672 cum
1758 2611 1890 2666 ﬁdei

293 2727 582 2800 magistris
603 2727 880 2786 locutum,
901 2735 972 2775 ex
994 2717 1184 2772 divino
1208 2714 1358 2768 fonte
1387 2710 1592 2766 ﬂuenta
1617 2705 1888 2766 hausisse,

299 2823 476 2876 rivum
539 2818 792 2888 Spiritus
841 2811 1016 2868 sancti
1072 2807 1350 2864 exstitisse
1403 2821 1422 2854 ι
1467 2801 1646 2864 dicat;
1677 2810 1826 2851 nunc
1847 2794 1912 2850 “.

317 2932 336 2962 ι
369 2917 746 2966 contextorem
787 2904 1120 2964 fabularum,
1165 2913 1235 2953 ne
1261 2892 1500 2952 aniculis
1541 2889 1766 2960 quidem
1807 2886 1894 2941 di-

307 3017 552 3074 gnarum,
583 2999 850 3054 falsarum
881 3001 940 3049 et
969 2989 1410 3064 perniciosarum
1446 2981 1768 3051 opinionum
1801 2992 1898 3030 au-

303 3103 532 3155 ctorem,
563 3088 850 3144 hominem
879 3081 1196 3152 insipientis
1219 3075 1421 3138 cordis,
1451 3072 1545 3142 qui
1567 3067 1898 3126 calumniam

301 3183 538 3256 Spiritui
595 3188 792 3237 sancto
837 3177 1025 3239 faciat,
1063 3173 1158 3244 qui
1205 3171 1324 3226 suis
1371 3168 1428 3222 in
1475 3161 1901 3234 cogitationibus
1928 3199 1972 3258 ε

1983 1972 2136 2027 dum.

2053 2063 2122 2117 ll.
2151 2059 2386 2130 Scripsit
2419 2072 2552 2114 sane
2581 2062 2707 2125 post
2733 2053 2938 2108 editam
2969 2047 3213 2105 Danielis
3239 2054 3296 2100 et
3320 2043 3564 2115 Apostoli

1983 2155 2421 2226 expositionem:
2457 2165 2583 2204 nam
2605 2148 2750 2203 libro
2779 2163 2833 2210 v,
2864 2158 2984 2212 cap.
3007 2143 3078 2196 25
3106 2159 3119 2194 :
3153 2159 3170 2190 ί
3205 2139 3352 2202 Haec,
3379 2136 3475 2200 ait,
3501 2136 3569 2189 de

1986 2245 2329 2302 Antichristo
2357 2257 2387 2298 e
2426 2240 2612 2296 divina
2644 2235 2929 2305 Scriptura
2970 2231 3297 2296 didicimus;
3329 2243 3569 2282 summa—

1989 2340 2086 2394 tim
2123 2346 2331 2398 autem,
2387 2349 2510 2403 quae
2564 2332 2633 2386 ad
2667 2330 2824 2384 illum
2883 2333 3153 2398 spectant,
3207 2321 3570 2392 scripsimus,

1989 2428 2254 2499 quoniam
2307 2433 2364 2480 et
2408 2423 2689 2480 Danielem
2740 2419 3090 2490 prophetam,
3149 2422 3205 2468 et
3253 2409 3574 2480 Apostolum

1991 2523 2455 2590 interpretantes,
2509 2512 2784 2584 prolixius.
2833 2508 2902 2563 de
2941 2508 3063 2578 ejus
3111 2504 3354 2560 adventu
3401 2499 3572 2554 locuti

1993 2627 2202 2676 sumus,
2256 2617 2313 2665 et
2363 2607 2522 2663 facile
2555 2613 2640 2660 est
2690 2597 3122 2657 commentarios
3150 2595 3276 2649 illos
3308 2590 3481 2654 adire,
3529 2586 3574 2641 si

1993 2705 2118 2776 quis
2135 2703 2304 2766 volet,
2339 2699 2398 2754 in
2417 2699 2598 2766 iisque
2630 2693 2897 2763 reperire,
2931 2689 2977 2744 si
3007 2685 3140 2758 quid
3165 2686 3270 2738 hoc
3295 2683 3418 2737 loco
3444 2693 3582 2750 prat—

1997 2769 2353 2852 termisimus.
2387 2809 2406 2842 ι
2455 2787 2706 2842 Alterum
2737 2797 2877 2852 Opus
2917 2779 2985 2834 ad
3031 2789 3238 2831 annum
3290 2769 3416 2832 429,
3448 2769 3582 2823 alte-

1997 2899 2120 2938 rum
2155 2882 2220 2936 ad
2247 2893 2452 2934 annum
2497 2875 2602 2931 455
2647 2871 2909 2943 pertinet.
2941 2866 3178 2937 Scripsit
3227 2861 3398 2933 igitur
3451 2868 3576 2929 post

1997 2995 2064 3034 an
2074 2993 2202 3032 num
2231 2973 2359 3030 455.

2069 3069 2160 3124 Ill.
2209 3066 2332 3122 Non
2389 3061 2612 3131 scripsit
2659 3065 2787 3112 ante
2837 3053 2966 3108 anni
2997 3051 3104 3106 449
3147 3043 3584 3102 ﬁnemznullam

2003 3162 2148 3217 enim
2187 3159 2244 3212 in
2268 3155 2474 3211 litteris
2502 3151 2570 3207 ad
2595 3157 2846 3206 sanctum
2874 3147 3116 3199 Leonem
3152 3140 3220 3194 de
3249 3135 3408 3191 libris
3436 3133 3586 3187 hisce

301 3223 538 3256 κνημι..
595 3223 790 3237 ......-...
837 3223 1025 3239 -..--_-,
1065 3223 1158 3244 γ-
1207 3223 1317 3226 Ἠη
1544 3223 1573 3234 ν

297 3281 626 3338 evanescat,
671 3272 876 3328 divinae
924 3267 1228 3337 Scriptura:
1265 3254 1726 3318 consuetudinem
1747 3253 1903 3324 igno—
1928 3223 1972 3258 υ
2011 3250 2348 3308 mentionem
2386 3243 2536 3308 facit,
2560 3241 2808 3295 facturus
2829 3238 3040 3304 utique,
3067 3230 3114 3286 si
3135 3223 3426 3296 compositi
3461 3230 3592 3276 tunc

2441 3334 2488 3338 “
2623 3331 2634 3338 ·
2809 3328 2820 3338 ·
2872 3335 2882 3338 -
3108 3321 3142 3338 Α·
3184 3319 3314 3338 -2..-
3361 3311 3584 3338 ..-ιι-ηιξ-

301 3381 404 3435 ret,
419 3388 438 3420 ι
470 3377 588 3424 etc.

375 3463 428 3520 5.
483 3461 548 3516 in
582 3459 800 3528 dialogo
841 3453 1026 3525 primo
1071 3451 1226 3506 locus
1272 3455 1358 3504 est
1411 3445 1482 3501 de
1529 3438 1900 3502 Eucharistia,

303 3568 474 3622 quem
497 3545 930 3606 Saeramentarii
954 3540 1198 3598 haeretici
1213 3553 1314 3609 pro
1337 3553 1396 3592 se
1419 3530 1906 3592 solentadducere,

305 3621 588 3699 Catholici
639 3654 840 3710 purum
887 3637 1164 3690 haereseos
1190 3629 1484 3686 ostendere
1527 3624 1799 3680 nituntur.
1831 3621 1908 3675 De

309 3738 434 3808 ipso
472 3735 786 3790 disseretur
811 3727 1078 3801 prolixius
1125 3720 1516 3780 dissertatione
1563 3722 1830 3786 sequente
1861 3711 1908 3743 ⁸³

313 3845 440 3898 cap.
465 3827 520 3880 3.

385 3897 440 3973 ti.
467 3919 566 3971 Est
592 3915 762 3970 etiam
825 3911 882 3965 in
915 3908 1132 3978 dialogo
1187 3904 1354 3960 tertio
1403 3901 1562 3956 locus
1609 3897 1677 3952 de
1725 3909 1911 3958 causa,

318 4025 424 4064 cur
457 4007 774 4062 moriantur
802 4009 862 4056 et
903 3998 1038 4070 justi
1089 4005 1146 4052 et
1192 3999 1536 4064 peccatores,
1562 3987 1656 4056 qui
1691 3985 1913 4040 videtur

324 4100 624 4170 Pelagiana
654 4095 836 4150 errori
881 4091 952 4146 de
991 4097 1218 4160 peccato
1251 4082 1506 4154 originali
1541 4079 1746 4134 favere.
1808 4075 1916 4130 Sed

325 4192 416 4246 hic
443 4169 654 4261 pariter
691 4188 747 4240 in
795 4181 1183 4239 dissertatione
1237 4182 1500 4246 sequente
1555 4185 1676 4240 cap.
1715 4169 1752 4224 4
1805 4177 1918 4222 tra-

325 4283 594 4338 ctabitur.

402 4379 454 4430 7.
489 4375 668 4428 Tanta
723 4379 811 4426 est
853 4369 1197 4437 dialogorum
1250 4357 1590 4416 Theodoreti
1625 4370 1752 4413 cum
1805 4367 1922 4407 ser-

331 4465 598 4521 monibus
623 4459 878 4517 Eutherii
907 4451 1287 4516 consonantia,
1315 4458 1378 4504 ut
1401 4447 1566 4502 ambo
1606 4443 1924 4506 videantur,

2011 3344 2282 3404 fuissent;
2311 3334 2584 3406 siquidem
2622 3331 2678 3384 in
2727 3328 2924 3398 quinto
2970 3319 3318 3394 apertissime
3358 3311 3584 3368 catholi-

2014 3449 2133 3490 cam
2153 3432 2221 3486 de
2245 3424 2622 3484 incarnatione
2645 3419 2806 3476 ﬁdem
2833 3414 3144 3487 proﬁtetur,
3175 3416 3235 3464 ut
3253 3421 3378 3461 mox
3404 3415 3599 3458 sumus

2015 3519 2318 3581 ostensuri.

2089 3613 2322 3684 Scripsit
2340 3615 2466 3681 post
2477 3603 2836 3675 compositam
2849 3594 3258 3652 ecclesiasticam
3279 3584 3596 3644 Historiam,

2016 3723 2142 3763 nam
2183 3677 2282 3760 lib.
2314 3677 2388 3766 xv,
2420 3713 2542 3769 cap.
2573 3697 2626 3760 l,
2647 3707 2775 3749 cum
2803 3691 2870 3746 de
2897 3687 3028 3744 Ario
3053 3681 3346 3743 scriberet,
3373 3677 3601 3747 ejusque

2021 3807 2254 3854 mortem
2287 3791 2531 3847 breviter
2555 3792 2816 3842 narraret
2841 3799 2855 3848 ;
2892 3800 2910 3832 ι
2949 3778 3056 3834 Sed
3085 3790 3210 3830 cum
3235 3772 3371 3834 hate,
3401 3764 3600 3837 inquit,

2025 3894 2084 3948 in
2108 3887 2460 3946 ecclesiastica
2484 3879 2724 3936 Historia
2751 3873 2972 3944 copiose
3025 3860 3468 3932 conscripserim,
3508 3870 3604 3910 su»

2023 3991 2428 4053 pervacaneum
2457 3977 2592 4042 puto
2625 3970 2718 4022 hic
2751 3967 2956 4020 dicere.
2998 3977 3016 4010 ι
3061 3958 3125 4012 lit
3164 3970 3284 4023 cap.
3308 3953 3364 4016 2,
3397 3949 3492 4004 ubi
3537 3945 3616 4000 de

2025 4035 2275 4130 .Eudoxio
2297 4080 2478 4122 sermo
2516 4069 2637 4115 est:
2679 4056 2922 4110 «Horum
2959 4047 3208 4104 omnium
3233 4045 3289 4098 in
3325 4052 3494 4110 opere
3513 4035 3608 4090 illo

2027 4160 2274 4220 utemini.
2313 4175 2332 4208 ι
2363 4151 2748 4222 Scripsitergo
2773 4151 2894 4215 post
2917 4154 3122 4196 annum
3155 4134 3286 4189 450.

2098 4255 2186 4310 1V.
2211 4251 2331 4306 Non
2373 4243 2598 4315 scripsit
2647 4246 2774 4294 ante
2813 4233 3108 4290 concilium
3136 4223 3608 4282 Cbalcedonense,

2032 4349 2078 4402 si
2101 4343 2285 4416 quarti
2329 4338 2460 4395 libri
2489 4312 2674 4404 caput
2707 4329 2983 4388 ultimum,
3009 4321 3156 4394 quod
3210 4317 3276 4373 ad
3325 4312 3612 4385 Eutychen

2033 4405 2296 4511 pertinet,
2333 4425 2748 4502 supposititium
2779 4436 2888 4476 non
2913 4425 3032 4473 est:
3071 4414 3136 4468 lis
3167 4409 3314 4466 enim
3347 4405 3474 4460 inde
3501 4409 3614 4456 tota

335 4493 598 4521 IllUﬂUJua
623 4493 878 4517 Ωυιιιῦιιι
908 4493 1287 4516 uvuwnu-u-u,
1319 4493 1376 4504 -ι-
1401 4493 1561 4502 -η--νν
1619 4493 1627 4498 -
1645 4493 1890 4500 -ν-νκ-πηκκ
1909 4493 1924 4506 ν
2037 4493 2061 4511 r
2079 4493 2095 4495 _
2285 4493 2294 4499 ,
2403 4493 2420 4502 _
2441 4493 2457 4501 _

335 4559 480 4614 facta
503 4553 942 4625 conspiratione,
999 4549 1346 4617 impugnasse
1379 4539 1670 4596 nonnullas
1707 4543 1928 4592 senten-
1961 4559 2004 4612 ο
2035 4529 2196 4584 facile
2231 4522 2532 4582 deciditur.
2595 4515 2732 4571 Nam
2769 4507 3152 4565 Theodoretus
3193 4502 3248 4554 in
3293 4493 3616 4554 Prmfatione

2124 4622 2134 4625 -
2372 4615 2384 4625 .
2605 4607 2678 4625 ι-.
2733 4620 2784 4625 _-
2835 4621 2847 4625 _
2903 4599 2956 4625 ε..
3007 4601 3204 4625 nonne-In
3257 4589 3402 4625 liln-n
3428 4600 3616 4625 πψρρη-

339 4651 466 4716 tias,
495 4648 704 4718 quibus
751 4641 1045 4705 Catholici,
1097 4649 1152 4693 et
1213 4633 1522 4706 praesertim
1574 4627 1831 4700 Cyrillus,
1871 4626 1928 4680 in

341 4741 564 4811 negotio
597 4733 998 4792 incarnationis
1027 4731 1094 4785 ad
1123 4736 1364 4784 mentem
1398 4739 1552 4780 suam
1577 4718 1928 4790 aperiendum

345 4833 426 4886 usi
455 4839 666 4886 essent.

2037 4622 2208 4678 totius
2233 4615 2424 4688 operis
2446 4607 2700 4683 spondet,
2731 4620 2788 4659 se
2831 4621 2848 4652 ε
2903 4599 2958 4652 in
3005 4601 3204 4666 quarto
3257 4589 3404 4644 libro
3428 4600 3620 4640 recen-

2039 4717 2210 4770 tiores
2230 4711 2470 4764 hazreses
2497 4703 3000 4757 demonslraturum
3028 4685 3144 4742 Arii
3181 4691 3236 4738 et
3261 4675 3540 4740 Eunomii,
3565 4681 3623 4730 et

2042 4809 2316 4876 quotquot
2351 4806 2474 4870 post
2499 4795 2620 4849 illas
2654 4788 3026 4846 emerserunt,
3057 4791 3232 4848 usque
3263 4772 3333 4828 ad
3373 4769 3620 4826 ultimam

2235 4858 2402 4962 qua-in
2426 4884 2698 4942 Dominus
2745 4877 3045 4943 derepente
3073 4865 3326 4923 funditus
3353 4858 3626 4929 exstirpa-

2045 4989 2144 5041 vit.
2179 5003 2198 5036 ι
2226 4948 2442 5050 ἀυίὴιιε
2462 4974 2652 5031 verbis
2672 4968 2852 5025 videri
2885 4972 3070 5036 potest
3098 4957 3368 5014 indicasse
3395 4948 3628 5006 haeresin

2047 5073 2468 5146 Eutychianam,
2491 5079 2654 5136 quam
2679 5059 2930 5116 ultimam
2963 5051 3212 5108 omnium
3237 5043 3397 5102 initio
3435 5040 3632 5110 capitis

2049 5165 2250 5224 decimi
2275 5161 2422 5219 tertii
2457 5157 2708 5214 nominat
2732 5153 2800 5216 ⁵⁸,
2837 5159 3111 5218 quamque
3148 5138 3354 5211 passim
3399 5132 3460 5186 in
3507 5129 3632 5224 epi-

2051 5258 2208 5314 stolis
2225 5267 2420 5310 novam
2439 5246 2676 5306 haeresin
2690 5245 2988 5301 vocat,nec
3003 5233 3110 5286 alio
3131 5224 3352 5282 nomine
3373 5215 3629 5287 appellat.

414 4923 750 4990 Priusquam
775 4915 1082 4986 imponitur
1119 4911 1246 4964 ﬁnis
1292 4909 1380 4962 his
1429 4900 1938 4962 observationibus,

345 5012 642 5070 tractanda
663 5019 748 5064 est
773 5023 940 5064 causa
987 5005 1188 5076 nuperi
1227 5002 1459 5058 editoris
1489 4998 1732 5068 Operum
1759 4991 1936 5047 sancti

347 5105 574 5169 Leonis,
603 5101 701 5171 qui
746 5101 1004 5170 opinatus
1049 5105 1134 5153 est
1163 5095 1458 5150 Eranisten
1505 5106 1536 5144 a
1587 5085 1937 5142 Theodoreto

347 5197 624 5266 scriptum
657 5201 784 5264 post
837 5190 1136 5246 concilium
1171 5183 1644 5243 Chalcedonense,
1693 5177 1800 5230 hoc
1834 5182 1940 5235 est,

351 5265 481 5356 post
500 5299 710 5340 annum
751 5283 888 5348 451;
911 5297 1022 5350 qua
1043 5279 1098 5333 in
1121 5277 1384 5348 opinione
1407 5279 1634 5328 secutus
1649 5274 1736 5322 est
1755 5265 1946 5319 Alber—

1713 5437 2036 5498 SCllULle
2074 5432 2308 5490 NOTIE.

430 5605 476 5633 "°
501 5601 628 5659 Vid.
653 5615 840 5668 supra,
861 5567 1067 5668 p.l6il._
1097 5589 1280 5668 “_V'id.
1302 5599 1341 5643 t.
1363 5567 1446 5668 LV,
1473 5603 1528 5668 ρ..
1553 5585 1639 5638 48.
1683 5579 1897 5668 ξξνίᾱς

2008 5573 2218 5630 odoreti
2247 5567 2462 5624 Prtel'at.
2481 5561 2546 5616 ad
2568 5559 2726 5612 Cant.
2755 5547 2980 5610 cantic.,
3005 5551 3062 5598 et
3081 5553 3266 5608 supra,
3285 5551 3342 5614 pf
3358 5531 3462 5584 ’266
3481 5545 3636 5608 seqq.

2008 5647 2109 5668 μμ
2144 5645 2195 5668 ε--
2225 5640 2332 5668 Δ,ιιι
2387 5631 2558 5668 mimi
2595 5625 2680 5668 hic
2704 5621 2920 5668 nnsitus
2949 5622 3032 5668 est
3056 5611 3250 5665 titulus
3275 5607 3406 5659 dlSS.
3443 5607 3636 5653 terum.

430 5607 476 5633 "°
502 5607 628 5659 Vid.
653 5614 914 5668 supra.p.
937 5607 1052 5648 tu".
1097 5607 1135 5623 υ·
1166 5607 1280 5646 vro.
1302 5607 1341 5643 ι.
1363 5607 1446 5652 ιν,
1477 5607 1528 5656 ν-
1553 5607 1639 5638 ·ιο·
1683 5607 1728 5614 "
1765 5607 2218 5636 "u-“IWW'W
2247 5607 2266 5624 ι
2293 5607 2678 5640 -ήν-ιη
2811 5621 2820 5632 ο
2971 5607 2977 5610 τ
3080 5613 3090 5623 -
3152 5607 3160 5608 ί
3315 5607 3325 5614 ·
3557 5607 3563 5608 ί
3598 5607 3601 5608 ν

359 5673 405 5744 f’
437 5673 578 5744 Diss.
611 5679 877 5744 sequente.
913 5663 1254 5744 Ambiguilas
1279 5669 1362 5714 cst
1390 5660 1452 5738 i_n_
1473 5658 1559 5710 his
1587 5653 1794 5733 verbis,
1837 5647 2116 5730 siquidem
2144 5640 2357 5725 incdit.
2387 5634 2560 5714 priori
2595 5629 2680 5706 bis
2704 5622 3032 5718 posstusﬂgst
3056 5611 3250 5689 titulus
3275 5607 3406 5659 dlSS.
3443 5607 3638 5692 terum.

1181 5733 1193 5744 .
1374 5727 1386 5744 ι
1418 5737 1431 5744 -
1544 5741 1559 5744 μ
1592 5737 1811 5744 _________
1843 5719 2246 5744 .I.-...,........,m.a
2282 5715 2457 5744 torum,
2491 5695 2836 5744 ιηςητιῦιιιιῐ.
2989 5679 3302 5738 “arduums
3343 5671 3448 5725 hoc
3479 5668 3638 5744 scho-

359 5673 405 5706 "
437 5673 578 5727 Dies.
611 5679 877 5740 sequente.
913 5668 1254 5744 Ambiguilas
1279 5669 1362 5714 cst
1390 5668 1442 5711 in
1473 5668 1559 5710 ms
1587 5668 1794 5716 verbis,
1837 5668 2113 5718 siquiuem
2145 5668 2196 5698 ιιι
2224 5668 2357 5695 cui...
2390 5668 2438 5714 γι
2595 5668 2680 5706 ιιι-,υ
2705 5668 2970 5718 pum—5‘.
3179 5679 3190 5689 _
3343 5671 3358 5725 Ι
3493 5685 3500 5692 Ι
3540 5668 3556 5721 l

359 5743 498 5798 Vide
527 5751 710 5796 autem
757 5739 907 5792 illam
937 5750 1057 5804 qum
1089 5733 1284 5804 m.hac
1322 5727 1566 5782 editione
1592 5724 1812 5804 agmine
1840 5695 2836 5804 (ξίεξθιὲξιῐὶςξιίἓΑξξτιξξῖξὶῐιξδξξιιξξξξξ·
2869 5679 3643 5804 ήηοὲἷῗξδῑῗπὲξνδξὲηξρὶξξ

361 5745 498 5798 Vide
527 5751 710 5796 autem
757 5745 907 5792 illam
937 5750 1057 5804 qum
1089 5749 1160 5786 ιη.
1183 5745 1284 5786 nac
1322 5745 1566 5782 cultione
1592 5745 1812 5777 mnnme
1840 5745 2247 5774 υιδδυῐιὶιιιυιηδ
2283 5745 2765 5782 ιιιι--ιυιι-ην-νη-
3075 5753 3084 5764 ,
3149 5749 3159 5761 ,
3538 5745 3551 5751 ,

361 5813 480 5870 lion
529 5809 785 5880 subjecit.
865 5809 912 5840 ⁵⁵
943 5805 1066 5862 Viti.
1105 5803 1268 5858 etiam
1309 5814 1496 5869 supra,
1531 5813 1586 5864 ιι.
1641 5793 1767 5858 256,
1795 5789 1970 5848 schol.
2005 5788 2056 5844 5.
2134 5786 2177 5817 δ”
2215 5778 2359 5836 Edit.
2397 5785 2548 5844 prior
2581 5763 2822 5820 habebat
2869 5753 3179 5812 duodecmn.
3231 5745 3488 5800 Errorem
3532 5750 3642 5810 jam

365 5883 508 5939 vidit
537 5881 808 5940 Oudinus.
