4070 6458
505 351 571 419 3i
583 355 617 417 3

516 468 640 522 Haec
691 463 822 522 vero
852 475 972 536 post
1021 465 1311 521 concilium
1341 465 1788 521 Chalcedonense
1822 464 2086 519 radicitus

511 557 700 612 evulsa
725 555 873 612 credi
898 556 1074 624 potuit
1103 571 1132 608 a
1167 555 1535 610 Tbeodorcto.

590 647 648 702 V.
700 647 863 716 Atqui
917 647 1171 700 ultimum
1225 647 1329 701 hoc
1376 647 1505 700 libri
1544 648 1724 716 quarti
1758 655 1940 715 caput,
1975 661 2086 699 non

516 737 742 806 perinde
775 753 837 790 ac
867 736 1255 791 duodecimum
1281 740 1347 801 ⁸⁷,
1381 737 1532 807 quod
1575 739 1642 792 de
1675 737 1930 792 Nestorio
1977 746 2082 800 est,

512 827 920 897 supposilitium
945 845 1085 892 esse,
1118 829 1315 884 exinde
1346 830 1619 899 quispiam
1647 827 1974 884 concludat:

581 917 629 970 i.
662 917 818 983 Quod
872 919 1061 983 verba,
1117 935 1227 972 non
1284 928 1491 972 tantum
1519 919 1721 989 quibus
1774 918 2082 982 inchoatur,

509 1008 604 1062 sed
643 1009 809 1063 etiam
843 1011 1044 1080 quibus
1090 1010 1298 1076 ﬁnitur,
1353 1011 1654 1082 praefationi
1689 1012 1857 1066 totius
1901 1010 2086 1080 operis

508 1101 754 1170 apprime
790 1104 1178 1173 respondeant.
1235 1123 1252 1155 ε
1285 1103 1390 1158 Sed
1445 1119 1571 1159 eum
1603 1104 1705 1157 hac
1736 1102 1801 1156 de
1827 1117 1884 1156 re
1912 1101 2082 1154 multa

508 1208 650 1262 saepe
703 1193 1037 1263 scripserim,
1078 1209 1545 1264 supervacaneum
1576 1194 1632 1247 in
1681 1207 1924 1262 praesens
1953 1191 2085 1247 duxi

509 1301 822 1341 sermonem
872 1287 1176 1356 producere
1221 1304 1232 1338 :
1274 1287 1577 1354 prarsertim
1629 1301 1753 1339 cum
1803 1285 1858 1338 in
1889 1284 2085 1353 quinto

509 1378 650 1432 libro
700 1377 768 1432 de
823 1377 910 1432 his
956 1379 1145 1441 etiam,
1205 1379 1248 1432 si
1286 1379 1430 1433 Deus
1480 1377 1647 1440 volet,
1681 1377 1930 1430 dicturus
1955 1376 2080 1430 sim.

509 1467 648 1522 Huic
671 1483 804 1538 ergo
832 1469 976 1522 libro
998 1476 1195 1538 quarto
1228 1466 1391 1521 finem
1428 1469 1734 1537 imponens,
1760 1467 2086 1537 evangelica:

508 1557 773 1615 doctrinm
803 1559 1171 1629 praestantiam
1227 1575 1327 1628 pro
1349 1557 1562 1612 viribus
1589 1557 1880 1612 ostendere
1921 1571 2086 1610 cona-

511 1651 632 1703 bor.
663 1668 680 1699 ι
729 1650 989 1718 Spectant
1033 1651 1181 1705 enim
1235 1659 1424 1720 aperte
1451 1649 1623 1704 multa
1664 1651 1780 1703 hazc
1800 1648 1867 1702 ad
1895 1648 2085 1702 Erani-

509 1751 650 1800 sten.
675 1741 888 1810 aliaque
909 1750 1097 1797 contra
1126 1741 1543 1810 Apollinaristas
1576 1741 1801 1810 scripta.

576 1833 738 1903 395
777 1836 828 1888 2.
845 1835 1000 1900 Quod
1023 1836 1137 1890 haec
1154 1837 1270 1906 ipsa
1287 1835 1454 1891 verba
1471 1835 1719 1889 maxima:
1741 1833 1866 1888 libri
1897 1835 2075 1904 quinti

507 1927 647 1992 parti
671 1937 995 1981 consonent.

577 2015 630 2069 5.
669 2016 825 2083 Quod
874 2018 941 2072 ad
975 2019 1207 2073 hzeresin
1257 2018 1730 2083 Messalianorum,
1772 2018 1841 2074 de
1879 2020 2082 2088 quibus

507 2108 687 2176 agitur
728 2109 906 2178 capite
949 2111 1241 2166 undecimo
1275 2113 1342 2176 "',
1395 2110 1800 2164 accommodari
1854 2110 2079 2165 minime

506 2197 760 2251 valeant:
804 2213 906 2252 nec
935 2199 1082 2252 enim
1132 2199 1199 2252 de
1235 2199 1337 2254 ista
1384 2199 1514 2253 fecit
1547 2187 1682 2252 alia‘s
1723 2199 2076 2265 mentionem,

507 2298 657 2342 certe
681 2306 782 2342 non
802 2289 967 2342 multa
991 2305 1128 2359 swpe
1151 2291 1379 2361 scripsit.

579 2379 667 2434 Vl.
718 2380 826 2435 Has
867 2397 967 2451 ego
1021 2391 1133 2438 tres
1180 2383 1422 2437 rationes
1455 2383 1652 2452 probo,
1713 2383 1945 2453 ideoque
2003 2383 2078 2438 ita

507 2470 920 2527 subducendam
953 2473 1222 2527 rationem
1267 2484 1419 2544 puto.
1445 2476 1596 2544 Opus
1619 2474 1766 2528 istud
1811 2475 2076 2544 scriptum

505 2569 588 2616 est
627 2572 749 2631 post
769 2565 1144 2634 cxstirpatam,
1178 2571 1238 2619 ut
1276 2565 1499 2634 quidem
1542 2565 1891 2620 Theodoreto
1919 2566 2077 2622 vide-

508 2650 691 2716 batur,
714 2652 950 2709 haeresin
975 2655 1404 2726 Eutychianam;
1441 2656 1608 2726 igitur
1635 2665 1758 2726 post
1781 2657 2076 2711 concilium

505 2747 972 2816 Chalcedonense,
1023 2752 1171 2822 quod
1232 2771 1376 2808 anno
1402 2753 1527 2818 451,
1553 2754 1694 2808 diei
1750 2755 2078 2811 Novembris

505 2839 818 2894 absolutum
843 2853 944 2896 est.

577 2930 686 2984 Vll.
719 2931 1044 3002 lnscriptum
1087 2945 1170 2990 est
1203 2935 1483 3006 Sporacio,
1529 2939 1624 3006 qui
1657 2947 1836 2993 tamen
1883 2940 2076 2994 consul

505 3038 613 3077 non
631 3023 852 3078 dicitur.
883 3025 1004 3080 Non
1041 3026 1206 3096 igitur
1231 3027 1444 3083 editum
1493 3039 1577 3084 est
1617 3046 1762 3085 anno
1793 3031 1918 3097 452,
1965 3048 2075 3102 quo

504 3129 648 3169 anno
692 3115 988 3184 Sporacius
1035 3117 1380 3172 consulatum
1405 3117 1593 3186 gessit,
1632 3119 1727 3173 sed
1779 3136 1922 3173 anno
1945 3135 2076 3174 con-

504 3215 786 3275 sequente,
822 3217 884 3263 ut
915 3224 1080 3278 quam
1109 3208 1394 3271 citissime,
1426 3209 1480 3263 id
1503 3218 1606 3275 est,
1630 3226 1772 3266 anno
1795 3211 1900 3266 455
1941 3211 2004 3263 ⁸³.

575 3299 708 3352 VIII.
737 3297 890 3365 Quod
920 3301 964 3354 si
999 3317 1065 3356 ea
1089 3302 1348 3371 temporis
1392 3310 1520 3355 nota
1562 3311 1796 3366 constat,
1845 3312 2078 3358 utcerte

503 3388 686 3451 debet,
725 3404 1070 3458 consequens
1110 3398 1212 3452 est,
1244 3400 1304 3445 ut
1338 3391 1705 3460 expositiones
1747 3392 2077 3448 Theodoreti

507 3480 559 3532 in
583 3480 978 3535 Octateuchum
1007 3481 1074 3538 ad
1103 3483 1402 3551 posteriora
1429 3483 1609 3538 adhuc
1631 3495 1878 3554 tempora
1908 3485 2078 3554 perti-

506 3581 691 3638 neant,
727 3588 852 3627 cum
879 3573 936 3626 in
959 3573 1037 3628 iis.
1053 3589 1191 3644 opus
1215 3573 1359 3629 istud
1388 3576 1608 3630 citetur.

575 3662 701 3717 'lX.
735 3662 1060 3733 Sporacius,
1090 3667 1177 3720 cui
1229 3682 1370 3736 opus
1422 3666 1765 3732 inscribitur,
1814 3667 1919 3722 fuit
1975 3668 2076 3723 do-

505 3756 859 3810 mesticorum
881 3772 1084 3822 eomes,
1112 3760 1228 3828 qui,
1262 3768 1321 3812 ut
1349 3759 1734 3815 Theodoretus
1791 3762 1984 3816 scribit
2007 3763 2074 3825 °°,

513 3865 529 3895 ι
558 3860 682 3899 cum
715 3860 844 3916 sago
891 3855 946 3901 et
973 3847 1192 3920 cingulo
1247 3857 1516 3914 uteretur,
1582 3849 1941 3922 militiamque
1972 3853 2076 3908 sibi

504 3936 845 3992 commissam
864 3947 1097 4009 gereret,
1147 3950 1202 3994 et
1244 3939 1445 4010 palatio
1471 3941 1592 4009 ejus
1636 3956 1801 3996 causa
1832 3943 2076 3998 assidere

503 4035 825 4097 cogeretur;
857 4044 1042 4084 rerum
1093 4039 1275 4085 tamen
1322 4031 1637 4086 divinarum
1681 4034 2074 4104 cognitionem,

504 4119 859 4190 veritatisque
887 4120 1192 4176 doctrinam
1215 4121 1602 4192 anteponebat.
1641 4142 1658 4174 ›
1691 4123 1822 4179 Eam
1849 4125 1922 4180 ob
1957 4141 2074 4182 rem

501 4227 646 4266 anno
686 4211 785 4266 451
831 4227 860 4266 a
921 4213 1198 4268 Marciano
1254 4213 1585 4282 imperatore
1639 4215 1708 4269 ad
1777 4217 2075 4273 concilium

499 4305 945 4362 Chalcedonense
973 4308 1164 4380 judex,
1218 4321 1344 4362 cum
1393 4309 1517 4362 aliis
1551 4309 1960 4377 illustrissimis,
1993 4313 2074 4369 le-

499 4408 783 4467 gatusest;
812 4415 956 4455 anno
977 4401 1102 4464 452,
1130 4399 1223 4469 qui
1244 4399 1524 4468 proximus
1547 4415 1578 4454 a
1605 4401 1840 4457 concilio
1860 4403 2072 4469 habito,

499 4491 667 4560 gessit
687 4493 1024 4548 ordinarium
1045 4507 1170 4548 cum
1196 4490 1504 4545 Herculano
1537 4493 1904 4548 consulatum.
1940 4495 2072 4566 Ejus

499 4582 706 4637 mentio
727 4583 786 4638 fit
806 4584 860 4638 in
890 4584 1040 4640 Actis
1082 4583 1341 4637 Matronae
1391 4580 1681 4650 Pergensis
1717 4584 1862 4651 apud
1905 4584 2071 4639 Meta-

500 4675 760 4742 phrasten
793 4677 881 4731 die
907 4679 940 4731 8
958 4675 1306 4732 Novembris.

569 4765 634 4818 Χ.
659 4766 823 4837 Cupit
850 4769 960 4834 ille,
991 4767 1136 4838 quod
1179 4767 1232 4819 in
1253 4764 1494 4819 Historia
1518 4764 1642 4818 vita:
1671 4763 1879 4818 dictum
1905 4775 2008 4830 est,
2041 4783 2070 4819 a

500 4857 848 4916 Theodoreto
875 4862 939 4927 “’,
998 4880 1014 4911 ι
1057 4860 1223 4920 scire,
1261 4871 1383 4926 quae
1419 4857 1680 4925 utrinque
1727 4866 1880 4911 extra
1927 4859 2069 4912 viam

501 4958 701 5004 rectam
731 4963 942 5007 novata:
987 4968 1018 5005 a
1047 4947 1374 5020 quibusdam
1425 4947 1535 5001 sint
1577 4948 1803 5013 semitae,
1837 4965 2068 5018 quarum

499 5041 622 5096 finis
651 5052 736 5098 est
765 5043 1086 5098 barathrum
1112 5037 1464 5110 perditionis.
1495 5038 1840 5093 Desiderium
1881 5050 2068 5096 autem

495 5134 601 5188 hoc
625 5144 864 5205 ceperat.
896 5149 1007 5188 non
1060 5141 1121 5186 ut
1171 5131 1408 5201 pessime
1449 5132 1730 5196 confictas,
1777 5141 1833 5187 et
1865 5143 2068 5188 tetrum

497 5221 765 5289 spirantes
787 5224 1016 5277 odorem
1053 5220 1267 5274 fabulas
1294 5219 1539 5286 audiret;
1565 5221 1659 5276 sed
1689 5229 1748 5275 ut
1798 5239 1914 5290 eos,
1971 5225 2066 5293 qui

497 5313 771 5378 nesciunt,
803 5313 1050 5374 doceret,
1078 5321 1194 5364 tum
1216 5326 1466 5380 quzenam
1510 5313 1580 5366 sit
1606 5313 1691 5367 via
1723 5314 1888 5385 regia,
1930 5332 2067 5385 apo-

495 5404 702 5460 stolicis
740 5402 1190 5473 propheticisque
1252 5411 1444 5457 ornata
1501 5405 1766 5476 vestigiis,
1806 5415 1861 5461 et
1904 5407 2066 5463 finem

1625 353 2000 412 GARNERII
2045 349 2542 410 DlSSEIiTATlO
2583 349 2640 406 II

3663 353 3757 416 344

2116 474 2158 525 Α
2191 462 2399 516 habens
2430 478 2657 532 regnum
2688 463 2988 530 caelorum;
3020 475 3134 518 tum
3168 462 3555 520 haereticorum
3585 483 3761 525 rursus

2188 553 2282 622 qui
2307 553 2575 619 tramites,
2610 555 2697 621 iis,
2727 555 2822 626 qui
2883 570 2982 624 per
3038 555 3162 609 illos
3207 555 3494 621 incedunt,
3542 558 3761 614 exitium

2188 641 2508 697 aﬂ'erentes.
2536 663 2554 695 ι

2260 733 2338 786 lta
2381 733 2603 802 quidem
2651 735 3066 801 Theodoretus;
3110 736 3208 791 sed
3258 737 3364 791 fuit
3400 737 3547 792 aliud
3584 755 3765 797 revera

2189 824 2474 893 utriusque
2508 826 2873 895 propositum.
2913 826 3145 883 Volebat
3195 844 3395 898 nempe
3453 829 3764 899 Sporacius,

2188 913 2614 982 Theodoretum,
2643 916 2773 970 dum
2799 917 3066 973 adversus
3100 934 3295 974 omnes
3339 921 3580 976 haereses
3632 923 3764 977 scri-

2187 1003 2363 1070 beret,
2417 1022 2584 1076 opere
2643 1007 2764 1078 ipso
2791 1009 3124 1064 calumniam
3168 1011 3460 1081 repellere,
3511 1030 3677 1083 quam
3737 1033 3766 1071 ει

2186 1098 2375 1152 multis
2414 1099 2758 1168 patiebatur,
2810 1102 2968 1170 quasi
3021 1103 3383 1158 orthodoxam
3432 1105 3595 1160 ﬁdem
3662 1123 3766 1162 non

2187 1189 2403 1243 sincere
2432 1199 2796 1259 sequeretur;
2826 1191 3211 1248 Theodoretus
3259 1212 3391 1251 vero
3422 1197 3488 1261 δ’,
3532 1206 3590 1250 ut
3650 1209 3768 1253 erat

2183 1295 2330 1350 aegro
2355 1281 2541 1336 animo
2589 1282 2854 1338 adversus
2887 1284 3185 1356 Cyrilliana
3238 1288 3440 1356 capita,
3467 1289 3670 1343 callide
3718 1298 3770 1344 et

2182 1372 2402 1425 occulte
2425 1371 2740 1437 lxzerescwn,
2764 1389 2902 1444 quas
2926 1385 3275 1440 memoraret,
3309 1377 3653 1446 expositione
3681 1393 3769 1432 os-

2187 1460 2412 1516 tendere
2442 1462 2793 1528 moliebatur,
2837 1464 3042 1533 quibus
3083 1480 3150 1518 ex
3184 1465 3434 1520 fontibus
3467 1478 3588 1520 orta
3621 1467 3772 1522 vide-

2187 1560 2342 1606 retur
2397 1554 2624 1608 haaresis
2672 1555 2735 1608 de
2758 1572 2865 1609 una
2918 1564 3138 1623 natura,
3181 1573 3347 1626 quam
3399 1557 3454 1610 in
3489 1558 3768 1627 capitulis,

2187 1653 2412 1713 propter
2471 1645 2756 1715 ambiguas
2804 1647 3070 1716 quasdam
3127 1657 3182 1702 et
3213 1648 3537 1719 ﬂexiloquas
3582 1667 3766 1714 voces,

2120 1805 2156 1859 Β
2187 1733 2351 1786 etiam
2383 1741 2507 1802 post
2544 1731 2734 1803 Cyrilli
2783 1735 3182 1804 expositionem
3233 1735 3422 1790 videre
3472 1736 3581 1790 sibi
3619 1735 3768 1790 vide-

2187 1821 2349 1859 Imm.-

2185 1821 2368 1876 batur.

2256 1935 2422 2006 396
2479 1936 2567 1991 XI.
2600 1937 2737 1992 Cum
2773 1948 3024 1994 recenset
3071 1941 3127 1993 in
3174 1939 3499 1995 Przefatione
3540 1939 3766 1994 nomina

2186 2039 2473 2082 auctorum
2503 2031 2568 2096 "’,
2595 2045 2661 2083 ex
2685 2032 2888 2100 quibus
2921 2032 3176 2101 profecit,
3222 2033 3401 2086 Latini
3426 2033 3632 2087 nullius
3653 2049 3768 2087 me-

2186 2119 2366 2184 minit,
2399 2121 2492 2174 sed
2526 2137 2702 2190 neque
2729 2122 2902 2176 Gneci
2928 2124 3256 2193 Epiphanii;
3309 2140 3432 2178 cum
3480 2135 3666 2178 tamen
3717 2135 3769 2178 et

2187 2211 2264 2264 illi
2296 2228 2402 2266 non
2431 2214 2729 2277 incuriose,
2755 2224 2809 2269 et
2840 2215 2943 2269 iste
2975 2215 3395 2286 diligentissime
3429 2216 3497 2270 de
3536 2217 3767 2272 haeresi-

2186 2303 2290 2359 bus
2310 2307 2612 2376 scripserit.
2662 2309 2736 2362 De
2782 2309 2991 2362 Latinis
3039 2309 3176 2362 nihil
3227 2309 3523 2363 admodum
3554 2309 3764 2364 miror:

2185 2405 2485 2464 potuerunt
2531 2400 2679 2453 enim
2733 2400 2977 2470 ipsorum
3010 2401 3136 2455 libri
3165 2417 3274 2455 non
3303 2417 3425 2456 esse
3453 2401 3507 2454 in
3539 2400 3768 2456 Oriente

2185 2487 2430 2556 vulgati:
2465 2489 2532 2544 de
2558 2491 2886 2560 Epiphanio,
2919 2494 3077 2564 cujus
3119 2501 3242 2548 erat
3274 2501 3331 2547 et
3363 2509 3565 2548 nomen
3624 2494 3772 2549 cele-

2185 2577 2359 2642 brius,
2392 2589 2608 2650 etopus
2637 2584 2942 2653 vulgatum,
2974 2586 3146 2656 major
3163 2601 3248 2640 me
3274 2583 3566 2639 admiratio
3594 2585 3768 2654 capit.

2183 2669 2264 2725 An
2290 2687 2416 2724 eum
2447 2673 2670 2728 laudare
2698 2675 2896 2740 noluit,
2928 2677 3017 2730 cui
3072 2691 3196 2732 cum
3241 2675 3637 2747 Chrysostomo
3665 2691 3772 2730 ne-

2183 2764 2394 2833 gotium
2421 2765 2602 2820 fuerat
2627 2767 2784 2820 valde
2813 2769 3010 2837 grave?
3058 2769 3440 2823 Theodoretus
3479 2769 3626 2823 enim
3661 2769 3774 2822 mi-

2185 2869 2308 2908 rum
2329 2865 2596 2925 quantum
2624 2857 3075 2929 Chrysostomum
3102 2859 3296 2915 coluit.

2253 2949 2371 3004 XII.
2409 2949 2590 3016 Quaeri
2616 2959 2817 3020 potest,
2853 2967 2953 3006 cur
2996 2951 3382 3006 Theodoretus
3431 2966 3503 3006 ne
3533 2950 3769 3006 verbum

2182 3041 2408 3110 quidem
2439 3058 2612 3097 unum
2659 3042 2852 3096 fecerit
2879 3043 2949 3099 de
2996 3043 3389 3114 Pelagianis“,
3443 3041 3771 3113 Pelagiano—

2105 3165 2148 3222 ε
2185 3149 2419 3202 rumque
2448 3134 2755 3200 erroribus,
2787 3135 2903 3189 sive
2937 3136 3031 3204 qui
3087 3136 3319 3205 gratiam
3351 3134 3471 3199 Dei,
3525 3133 3648 3188 sive
3673 3133 3770 3203 qui

2181 3233 2464 3294 peccatum
2519 3226 2749 3296 originis
2803 3235 3140 3297 Oppugnant.
3186 3227 3375 3296 Neque
3417 3221 3569 3280 enim
3619 3224 3768 3289 illos,

2179 3320 2330 3390 quod
2363 3336 2473 3374 non
2503 3321 2709 3374 nemini
2734 3321 2885 3375 venit
2911 3320 2966 3374 in
2988 3329 3248 3386 mentem,
3268 3329 3361 3374 aut
3379 3319 3769 3382 Euchitarum,

2178 3419 2273 3466 aut
2342 3411 2788 3466 Messalianorum
2848 3412 3074 3466 nomine
3142 3421 3427 3467 memorat.
3486 3410 3571 3465 An
3637 3410 3771 3479 quia

2179 3503 2362 3573 ignota
2407 3503 2512 3572 ipsi
2543 3501 2650 3557 fuit
2687 3503 3000 3558 istiusmodi
3045 3503 3311 3558 haeresis?
3363 3517 3464 3556 cur
3514 3517 3656 3571 ergo
3715 3502 3771 3556 in

2177 3593 2415 3646 concilio
2447 3593 2747 3662 Ephesino,
2780 3594 2870 3647 cui
2897 3593 3169 3658 interfuit,
3226 3593 3398 3648 altera
3435 3609 3564 3665 pars
3598 3592 3773 3646 alteri

2178 3683 2571 3740 leestianam
2603 3685 2839 3740 haeresin
2881 3685 3226 3756 objecit?An
3274 3684 3402 3755 quia
3445 3684 3582 3738 nihil
3635 3683 3773 3738 inde

2179 3781 2464 3830 turbarum
2507 3776 2562 3830 in
2595 3775 2821 3832 Oriente
2850 3779 3186 3832 concitatum
3215 3777 3371 3832 erat?
3401 3775 3548 3830 unde
3592 3775 3774 3846 igitur

2176 3867 2510 3922 invidiosum
2549 3868 2654 3922 fuit
2677 3871 2732 3922 in
2763 3868 2987 3924 Oriente
3030 3868 3487 3924 leestianorum
3517 3883 3731 3922 nomen
3751 3870 3777 3922 ?

2177 3958 2386 4013 Deinde
2417 3959 2597 4014 nullos
2628 3960 2682 4014 in
2711 3960 2936 4016 Oriente
2966 3971 3148 4015 motus
3176 3961 3525 4015 conciverant
3580 3959 3776 4014 Dona-

2183 4049 2361 4113 tistze;
2391 4048 2590 4102 horum
2620 4059 2802 4103 tamen
2831 4050 3040 4103 mentio
3070 4048 3129 4102 ﬁt
3158 4050 3211 4103 in
3237 4049 3380 4104 libro
3408 4057 3628 4118 quarto.
3663 4049 3778 4104 De-

2176 4140 2347 4208 nique
2379 4154 2490 4193 non
2533 4139 2844 4195 mediocres
2894 4139 3304 4212 Hierosolymis,
3354 4141 3582 4210 Ephesi,
3613 4140 3778 4197 Con-

2175 4231 2554 4300 stantinopoli,
2584 4231 2911 4297 Antiochiae,
2944 4234 3000 4286 in
3027 4232 3220 4288 Cilicia
3248 4234 3518 4289 tumultus
3543 4249 3575 4287 a
3609 4233 3778 4288 Pela-

2174 4321 2354 4393 gianis
2397 4321 2851 4392 leestianisque
2901 4322 3027 4377 facti
3060 4334 3209 4389 sunt,
3270 4340 3370 4380 nec
3413 4324 3492 4377 illi
3530 4334 3776 4393 propter

2175 4415 2422 4469 locorum
2457 4414 2816 4480 vicinitatem,
2871 4415 3078 4470 homini
3109 4431 3294 4470 rerum
3324 4416 3546 4471 curioso
3590 4417 3777 4471 latere

2106 4513 2146 4566 ι)
2175 4505 2600 4575 potuerunt.An
2623 4506 2772 4575 quod
2826 4507 2975 4560 nulla
2999 4506 3101 4560 fuit
3133 4507 3188 4560 in
3219 4506 3443 4562 Oriente
3492 4507 3773 4577 synodus.

2178 4596 2234 4648 in
2263 4609 2370 4664 qua
2402 4610 2576 4664 genus
2620 4594 2769 4650 istud
2824 4594 3218 4650 haereticorum
3251 4595 3604 4649 anathemate
3628 4610 3774 4664 per-

2177 4686 2390 4740 culsum
2418 4686 2528 4740 sit?
2575 4686 2741 4756 Atqui
2775 4686 3095 4740 danmatum
3141 4695 3227 4741 est
3265 4686 3502 4755 Diospoli
3555 4685 3612 4740 in
3665 4687 3776 4740 Pa-

2177 4777 2410 4839 lrcstina,
2444 4777 2752 4831 Antiochia:
2803 4778 2858 4831 in
2913 4776 3091 4848 Syria,
3147 4777 3416 4832 Anazarbi
3465 4777 3521 4830 in
3564 4776 3772 4831 Cilicia

2178 4867 2442 4931 secunda,
2480 4867 2962 4938 Constantinopoli
3001 4868 3057 4922 in
3096 4869 3236 4923 urbe
3264 4869 3434 4939 regia,
3464 4869 3669 4938 Ephesi
3707 4871 3772 4924 in

2175 4959 2417 5027 generali
2451 4959 2681 5029 synodo.
2716 4960 2796 5012 An
2843 4960 2991 5030 quod
3017 4959 3332 5016 leestiani
3383 4976 3413 5014 a
3461 4960 3773 5016 Theodoro

2175 5048 2563 5117 Mopsuesteno
2598 5051 2870 5120 originem
2929 5051 3218 5118 ducerent,
3269 5051 3624 5121 Nestoriique
3657 5069 3771 5122 pa-

2175 5140 2410 5193 trocinio
2443 5140 2523 5194 usi
2555 5150 2763 5206 essent,
2805 5151 2862 5197 et
2901 5159 2967 5198 ea
3015 5143 3300 5206 docerent,
3341 5143 3648 5213 praesertim
3689 5143 3770 5197 de

2175 5238 2402 5296 peccato
2423 5231 2672 5299 originis,
2723 5231 2984 5301 aquibus
3037 5231 3421 5286 Theodoretus
3486 5229 3604 5299 ipse
3644 5247 3769 5285 non

2174 5320 2532 5376 abhorreret?
2555 5323 2862 5378 Probabilis
2882 5338 3067 5389 causa,
3094 5339 3202 5394 qua
3228 5332 3381 5393 parte
3398 5321 3765 5377 Theodorum

2172 5420 2230 5466 et
2260 5412 2575 5468 Nestorium
2618 5423 2864 5484 spectat;
2906 5415 3000 5470 sed
3037 5431 3145 5485 qua
3179 5415 3585 5470 Theodoretum
3621 5414 3766 5468 atti-

1830 5559 2148 5616 SCHULZII
2187 5561 2416 5621 ΝΟΤᾹΞ.

567 5648 610 5680 ⁸⁷
644 5648 789 5701 Edil.
824 5647 978 5714 prior
1022 5645 1261 5702 habebat
1305 5649 1655 5705 undecimum.
1734 5651 1777 5684 '°
1807 5651 1956 5707 Edit.

2003 5652 2153 5719 prior
2200 5655 2326 5710 hab.
2375 5659 2591 5714 decimo.

2703 5662 2890 5734 "Yid.
2925 5679 3114 5734 supra,
3165 5681 3218 5734 p.
3269 5666 3393 5719 ΞΜ.
3438 5663 3573 5717 Vide
3627 5679 3755 5731 pag.

492 5717 615 5806 ego.
675 5717 740 5806 τεο
769 5715 900 5770 Vide
919 5724 965 5801 ε.
993 5715 1168 5806 ιδῃΣ
1194 5717 1324 5806 ess.
1399 5719 1450 5806 ’ζ
1479 5720 1588 5800 ιιι),
1626 5737 1678 5806 ιλ
1719 5719 1840 5806 28o.
1895 5724 1964 5806 ,θ’
1992 5715 2078 5806 γίε

2175 5741 2325 5795 upra,
2358 5745 2409 5798 ν.
2443 5729 2564 5785 200.
2646 5733 2688 5765 υ
2722 5715 2909 5788 Vidit.
2938 5715 3118 5806 Ν,ᾖῖ
3153 5715 3392 5790 ἱεὶεῗέί
3423 5715 3557 5790 \‘id.
3585 5715 3756 5800 ninia,

495 5785 624 5841 diss.
675 5785 727 5852 3,
761 5802 861 5856 cap
919 5785 967 5851 5,
998 5795 1053 5841 et
1084 5786 1230 5842 Frid.
1279 5788 1591 5855 δικαιώσωῖί
1629 5785 1772 5861 Ὀριι
1815 5799 1852 5846 t.
1895 5791 1938 5859 I,
1969 5809 2020 5863 p.
2055 5793 2179 5851 982.
