4070 6464
551 426 654 490 347

1641 420 2017 483 GARNERII
2058 419 2146 479 Ι)Ιῖ

2243 414 2553 476 ERTATIO
2594 414 2653 473 ΙΙ
3684 409 3774 473 348

553 539 792 592 Leonem
819 545 873 590 et
898 537 1163 589 Renatum
1190 534 1256 597 ⁸⁵,
1298 541 1415 587 tmn
1456 532 1759 602 quaestione
1812 530 1868 584 in
1920 526 2128 584 Leviti-
2157 529 2201 584 Α
2230 523 2510 588 habuisse,
2536 536 2698 592 quem
2716 525 2979 583 verteret,
3005 525 3099 571 aut
3125 512 3455 569 Theodoreti
3476 529 3673 570 sensum
3692 534 3766 572 as-

554 642 705 690 cum,
732 628 749 644 '
771 641 875 695 qua
906 624 1150 677 de-causa
1183 622 1322 676 Deus
1348 622 1445 676 sibi
1476 622 1744 690 sacriﬁcia
1773 621 1951 691 offerri
1991 634 2126 690 pra:-

556 716 768 785 ceperit,
810 712 905 768 ubi
940 723 1177 783 quatuor
1227 713 1463 768 aliorum
1502 728 1733 782 operum
1790 710 2126 765 mentionem

555 806 704 859 facit.
738 825 756 855 ι
788 805 865 859 De
903 803 1011 869 bis,
1042 803 1241 875 inquit,
1268 804 1508 859 diximus
1538 803 1728 859 multis
1749 803 1804 857 in
1825 803 1982 867 locis,
2013 809 2128 855 tum

556 893 610 947 in
629 894 736 957 his,
763 909 885 964 quae
916 902 1108 949 contra
1138 894 1356 950 Graecos
1381 895 1725 965 scripsimus,
1771 904 1825 947 et
1868 893 2130 947 adversus

556 984 813 1050 haereses,
843 993 959 1040 tum
983 985 1040 1039 in
1060 985 1149 1049 iis,
1184 1000 1307 1055 qua:
1338 986 1609 1042 adversus
1631 998 1837 1055 magos,
1865 990 2130 1052 praeterea

557 1076 611 1130 in
646 1076 1093 1131 enarrationibus
1154 1077 1519 1141 Psalmorum,
1572 1082 1627 1130 et
1660 1075 1717 1129 in
1763 1072 2131 1143 Epistolarum

557 1166 983 1236 apostolicarum
1019 1167 1446 1222 commentariis.
1481 1186 1500 1218 ι

627 1256 694 1310 ll.
725 1255 922 1310 Mirum
952 1272 1087 1311 vero
1115 1256 1335 1322 accidit,
1364 1272 1543 1326 neque
1566 1272 1597 1310 a
1621 1254 1816 1310 Photio
1837 1254 1903 1319 ",
1952 1267 2132 1322 neque

557 1358 590 1397 a
612 1342 927 1413 Nicephoro
951 1346 1225 1400 recenseri
1265 1362 1403 1416 opus
1438 1356 1545 1400 tam
1577 1345 2133 1415 exquisitum,totquc

560 1431 721 1487 libris
745 1435 1205 1502 comprehensum
1235 1452 1249 1487 :
1291 1435 1387 1490 sed
1424 1434 1543 1490 ﬁeri
1564 1436 1763 1505 potuit,
1791 1442 1854 1488 ut
1878 1434 1934 1489 in
1961 1434 2135 1488 mani-

560 1521 666 1577 bus
690 1523 937 1577 omnium
964 1539 1073 1578 non
1096 1533 1258 1589 esset,
1284 1533 1510 1594 propter
1540 1523 1883 1579 reconditam
1923 1523 2133 1579 doctri-

560 1628 688 1666 nam
722 1613 889 1684 399
907 1616 1631 1686 externam;etscriptores
1659 1616 1739 1671 illi
1789 1616 1900 1671 duo
1944 1616 2137 1671 memi-

562 1704 746 1758 nerint
775 1706 1041 1761 duntaxat
1068 1722 1319 1776 operum,
1357 1723 1479 1777 quae
1504 1707 1667 1777 vulgo
1696 1716 1825 1763 nota
1852 1716 2062 1762 essent.

638 1800 725 1855 Ill.
746 1802 965 1856 Editum
989 1812 1073 1857 est
1098 1812 1222 1858 ante
1253 1821 1458 1859 annum
1486 1804 1609 1869 458,
1642 1804 1915 1874 siquidem
1940 1819 2135 1858 recen-

561 1900 712 1944 setur
729 1906 759 1945 a
789 1891 1138 1947 Theodoreto
1161 1891 1304 1948 inter
1328 1909 1494 1963 opera
1525 1893 1818 1949 duodecim
1838 1903 1962 1948 ante
1978 1893 2141 1948 annis

560 1980 860 2049 composita
882 2022 897 2046 ,
929 1997 1093 2051 quam
1127 1982 1299 2039 Leoni
1340 1983 1533 2056 Magno
1574 1984 1845 2039 scriberet
1872 2002 1886 2037 :
1917 1984 2140 2055 scripsit

559 2085 691 2124 vero
720 2087 863 2126 anno
887 2073 1010 2127 449.

630 2160 717 2215 IV.
741 2160 898 2217 Stare
933 2162 1103 2232 igitur
1121 2178 1230 2217 non
1266 2170 1447 2232 potest
1464 2163 1820 2219 illustrissimi
1850 2164 2138 2219 Annalium

561 2249 847 2319 scriptoris
894 2252 1203 2316 sententia,
1251 2253 1549 2322 cpinantis,
1607 2253 1970 2323 compositum
2020 2268 2141 2308 esse

560 2348 685 2407 post
706 2339 879 2410 legem
913 2341 1210 2397 Theodosii
1243 2341 1512 2397 adversus
1543 2344 1775 2413 gentiles
1794 2344 1973 2398 datam
1994 2359 2141 2398 anno

559 2426 685 2493 459,
728 2430 906 2500 pridie
945 2431 1063 2486 Kal.
1111 2431 1274 2487 Febr.
1320 2431 1739 2503 Constantinop.
1794 2432 1862 2488 ad
1911 2432 2140 2487 Floren-

560 2515 720 2571 tium.
914 2521 923 2528 ’

628 2607 694 2664 ν.
759 2607 927 2663 Suam
987 2609 1316 2665 sententiam
1358 2612 1625 2667 Baronius
1680 2627 1747 2665 ex
1796 2627 1864 2666 eo
1924 2613 2143 2667 videtur

562 2698 889 2764 confecisse,
921 2701 1067 2769 quod
1087 2702 1164 2756 ait
1189 2702 1571 2758 Theodoretus
1609 2703 1711 2758 sub
1735 2703 1897 2758 linem
1933 2718 2141 2758 sermo-

562 2788 651 2843 nis
688 2789 950 2858 septimi,
983 2805 1107 2845 cum
1153 2791 1473 2847 hortaretur
1513 2794 1765 2863 gentiles,
1815 2800 1877 2847 ut
1923 2794 2142 2863 rejectis

561 2877 681 2931 suis
712 2877 1017 2945 sacriﬁciis,
1060 2880 1393 2936 sacriﬁcium
1440 2882 1625 2937 laudis
1654 2882 1922 2939 oﬂ’errent
1979 2882 2093 2938 De’o
2125 2902 2138 2938 :

570 2985 590 3018 ε
625 2968 791 3023 Vobis
819 2977 881 3024 ut
917 2970 991 3025 ita
1015 2970 1251 3037 faciatis,
1280 2973 1650 3043 persuadeant
1688 2989 1798 3029 non
1829 2975 2143 3046 principum

562 3057 730 3130 leges,
758 3075 937 3130 neque
974 3064 1376 3133 suppliciorum
1409 3072 1619 3130 metus,
1648 3065 1743 3120 sed
1768 3067 2016 3122 veritatis
2038 3083 2139 3139 po-

565 3151 756 3208 tentia.
774 3168 895 3221 qua:
914 3155 1082 3209 maris
1095 3170 1161 3209 ac
1182 3164 1342 3211 terra:
1360 3155 1555 3210 incolis
1565 3165 1650 3210 est
1658 3157 1769 3226 jam
1789 3157 2093 3213 notissima.
2117 3178 2134 3210 ι

566 3241 674 3298 Sed
700 3259 822 3312 qua:
862 3244 1010 3315 leges
1037 3245 1350 3315 principum
1392 3245 1796 3316 intelligantur,
1833 3263 1961 3303 mox
1995 3249 2146 3304 dice-

567 3349 693 3388 mus
725 3352 739 3388 :
775 3335 935 3406 longe
958 3337 1106 3389 enim
1136 3344 1266 3391 sunt
1293 3337 1441 3403 aliae,
1466 3352 1631 3408 quam
1655 3354 1776 3409 quae
1797 3338 2149 3399 adducuntur

569 3440 601 3478 a
634 3423 954 3479 doctissimo
976 3425 1274 3480 cardinale.

630 3514 720 3569 Vl.
753 3514 874 3581 Quo
898 3515 1067 3586 igitur
1103 3516 1328 3573 deﬁnite
1354 3526 1598 3588 tempore
1637 3520 1862 3591 scripsit
1892 3519 2148 3575 Theodo-

569 3605 767 3661 retus?
791 3604 989 3661 Audivi
1010 3607 1107 3676 qui
1135 3608 1433 3678 conjiceret
1456 3609 1561 3665 hoc
1601 3625 1740 3681 opus
1768 3612 2149 3666 elucubratum

569 3711 694 3750 esse
715 3696 938 3752 circiter
958 3712 1162 3752 annum
1185 3699 1289 3753 455
1312 3740 1326 3765 ,
1351 3709 1448 3755 aut
1469 3700 1601 3766 434;
1623 3702 1782 3772 quasi
1811 3710 1943 3757 tunc
1966 3701 2149 3757 Theo-

573 3786 821 3853 doretus,
852 3798 1139 3860 postquam
1166 3789 1299 3862 legit
1329 3792 1640 3848 elaboratos
1668 3810 1699 3847 a
1721 3792 1925 3863 Cyrillo
1954 3792 2151 3848 adver-

575 3892 673 3931 sus
699 3877 977 3933 lulianum
1008 3880 1200 3945 libros,
1226 3883 1464 3938 voluerit
1490 3894 1550 3939 et
1575 3885 1691 3955 ipse
1718 3884 1999 3955 specimen
2019 3883 2151 3939 dare

574 3968 840 4024 doctrina:
861 4009 876 4034 ,
910 3970 966 4024 in
1012 3971 1328 4031 refellendis
1369 3974 1706 4040 Graecorum,
1732 3974 1789 4028 id
1828 3982 1942 4041 est,
1977 3974 2154 4044 genti-

572 4058 730 4126 lium,
760 4061 1088 4131 quiJuliano
1121 4062 1424 4135 imperante
1441 4073 1852 4136 resumpserant
1882 4066 2149 4132 animum,

571 4152 839 4211 adversus
876 4152 1040 4209 fidem
1077 4154 1446 4212 Christianam
1474 4158 1786 4213 calumniis.

636 4244 748 4299 Vll.
797 4243 951 4300 Hanc
993 4247 1369 4317 conjecturam
1396 4248 1623 4318 juvabat
1667 4251 1929 4305 extremis
1967 4247 2154 4304 verbis

573 4333 972 4390 Praefationis"
1008 4354 1022 4390 :
1060 4357 1077 4390 ι
1108 4338 1306 4393 Oratos
1331 4347 1515 4393 autem
1545 4339 1731 4405 velim,
1756 4340 2072 4409 quicunque
2098 4340 2155 4395 in

569 4422 809 4478 aliorum
838 4425 1251 4483 lucubrationes
1271 4428 1587 4494 inciderint,
1607 4439 1689 4494 ut,
1716 4430 1989 4500 siquidem
2012 4431 2154 4486 bene

2228 625 2468 671 secutus.
2494 612 2649 683 Legit
2684 611 2832 665 enim
2863 628 2876 662 :
2910 608 3047 671 Τοὺς
3068 608 3123 660 δὲ
3158 609 3268 668 τοῖς
3298 604 3580 676 ἀλλοτρίοις
3605 609 3769 678 tvmv-

2231 706 2489 775 χάνοντας
2536 702 2719 764 πόνοις
2780 698 3106 770 παρακαλῶ,
3138 705 3269 762 etc.,
3295 712 3419 751 cum
3465 697 3772 754 emendatior

2231 796 2406 852 Fulvii
2459 793 2643 849 Ursini
2703 791 2869 846 lectio
2917 790 3117 844 habeat
3154 789 3200 821 “
3237 789 3348 850 τοῖς
3382 786 3437 839 δὲ
3485 789 3591 850 τοῖς
3638 789 3774 841 ἁλλο-

2230 883 2421 954 τρίοις,
2445 888 2555 935 etc.
2578 878 2756 936 Vertit
2780 879 2944 933 etiam
2978 892 3167 932 vocem
3203 877 3343 931 hanc
3365 875 3646 944 ἀλλοτρίοις
3662 877 3777 930 alio-

2232 990 2372 1037 rum,
2409 986 2535 1027 cum
2563 970 2844 1024 debuisset
2876 968 3079 1023 alienas
3105 986 3137 1022 a
3163 970 3284 1022 vim
3307 968 3563 1037 proposito
3592 982 3777 1022 :excu-

2233 1063 2444 1120 satione
2482 1061 2631 1116 enim
2654 1059 3036 1117 Theodoretus
3066 1058 3263 1121 utitur,
3306 1056 3453 1126 quod
3482 1057 3536 1110 in
3561 1056 3780 1111 externis

2234 1154 2436 1209 litteris
2465 1150 2817 1223 profanisque
2839 1149 2980 1204 adeo
3006 1149 3079 1204 sit
3105 1157 3356 1204 versatus
3378 1147 3462 1201 vir
3498 1147 3778 1217 theologus,

2235 1245 2555 1313 innutritus,
2581 1252 2641 1299 ut
2664 1244 2780 1313 ipse
2803 1243 2941 1297 alias
2964 1240 3119 1304 dicit,
3144 1257 3173 1294 a
3192 1240 3428 1310 pueritia
3453 1238 3615 1293 sacris
3636 1238 3784 1293 Litte-

2235 1338 2332 1393 ris.
2355 1338 2423 1391 Et
2446 1351 2579 1391 vero
2607 1333 2941 1405 Acciajolum
2969 1347 2999 1386 a
3028 1346 3126 1386 sua
3156 1329 3320 1402 400
3339 1328 3603 1384 sententia
3625 1327 3783 1383 dimo-

2236 1445 2365 1484 vere
2388 1427 2691 1481 debuerant
2716 1440 2838 1496 qua:
2866 1430 3193 1493 sequuntur.
3222 1420 3361 1475 Sunt
3379 1419 3523 1473 enim
3547 1417 3787 1472 solemnia

2236 1520 2406 1575 verba
2450 1517 2688 1571 hominis
2728 1515 2794 1570 de
2822 1528 2990 1585 opere
3036 1529 3136 1568 suo
3166 1553 3182 1577 ,
3236 1526 3349 1566 non
3402 1510 3470 1564 de
3516 1509 3685 1564 alieno
3715 1508 3787 1562 lo-

2237 1612 2476 1683 quentis.

2308 1724 2399 1779 IX.
2451 1722 2794 1794 Conjccturre
2835 1718 3209 1774 infirmitatem
3251 1715 3394 1769 alius
3440 1712 3621 1767 forsan
3652 1727 3713 1765 cx
3734 1724 3792 1764 eo

2239 1813 2532 1885 probaret,
2564 1810 2711 1881 quod
2749 1810 2976 1864 alteram
3010 1805 3393 1861 Theodoretus
3438 1802 3553 1873 ipse
3579 1799 3793 1855 occasio-

2241 1920 2367 1959 nem
2411 1902 2687 1958 scribendi
2734 1905 3129 1955 commemoret
3153 1897 3207 1949 in
3255 1892 3579 1951 Praefatione
3610 1892 3788 1961 operis.

2250 2017 2268 2049 ι
2303 1995 2711 2065 Saepenumero,
2755 1989 2955 2060 inquit,
2988 1986 3207 2051 accidit,
3240 1992 3301 2039 ut
3348 1982 3596 2038 nonnulli
3625 1996 3795 2034 eorum

2242 2086 2335 2157 qui
2364 2084 2615 2155 suspensi
2647 2081 2960 2137 Grmcorum
2988 2077 3274 2150 gentilium
3307 2074 3524 2129 fabulas
3544 2071 3794 2126 admiran-

2242 2188 2352 2241 tur,
2383 2190 2598 2230 mecum
2625 2172 2953 2227 familiarius
2981 2166 3284 2239 congressi,
3315 2174 3433 2220 tum
3456 2163 3795 2219 Christianam

2241 2270 2403 2325 ﬁdem
2425 2278 2664 2324 nostram
2684 2265 3019 2327 deriderent,
3038 2267 3347 2316 asserentes
3366 2256 3505 2311 nihil
3528 2269 3627 2308 nos
3652 2252 3794 2315 aliud,

2239 2376 2404 2430 quam
2430 2373 2636 2412 meram
2666 2353 3068 2415 credulitatem,
3099 2349 3385 2403 insinuare
3412 2345 3542 2407 illis,
3571 2356 3700 2413 quos
3724 2340 3796 2394 di-

2241 2450 2385 2504 vinis
2401 2449 2566 2504 rebus
2588 2443 2913 2501 imbuendos
2936 2441 3235 2512 accipimus
3256 2456 3271 2504 ;
3307 2446 3429 2492 tum
3458 2449 3587 2490 vero
3611 2441 3663 2488 et
3689 2444 3800 2502 apo-

2240 2543 2409 2597 stolos
2430 2539 2661 2594 inscitiae
2681 2543 3026 2597 accusarent,
3061 2532 3334 2588 barbaros
3368 2533 3658 2599 propterea
3676 2537 3801 2576 nun-

2241 2641 2525 2702 cupantes,
2555 2628 2704 2699 quod
2740 2626 2888 2682 omni
2937 2632 3164 2679 careant
3208 2619 3550 2676 elocutionis
3592 2622 3803 2677 ornatu;

2242 2727 2376 2796 quin
2401 2734 2456 2778 et
2482 2722 2775 2777 ridiculum
2812 2733 2934 2773 esse
2965 2715 3245 2778 dicebant,
3272 2712 3426 2782 quod
3448 2712 3655 2765 honore
3684 2720 3812 2761 mar-

2244 2826 2392 2888 tyres
2424 2827 2853 2885 prosequamur;
2895 2818 2952 2865 et
2981 2806 3212 2877 insignis
3246 2803 3523 2866 stultitiae,
3563 2801 3610 2855 si
3640 2799 3812 2853 viven-

2240 2886 2324 2961 tes
2346 2905 2413 2960 ab
2437 2904 2503 2958 iis
2526 2903 2621 2972 qui
2639 2902 2751 2955 vita
2776 2899 2949 2954 functi
2968 2906 3114 2960 sunt,
3140 2896 3313 2949 ullum
3343 2892 3452 2948 sibi
3486 2886 3812 2946 commodum

2243 3011 2561 3067 comparare
2589 2991 2946 3049 contendant.
2973 2989 3310 3060 Adjecerunt
3351 2993 3408 3041 et
3452 2984 3561 3039 alia
3584 2979 3807 3052 quaedam

2249 3087 2467 3159 generis
2494 3084 2762 3157 ejusdem,
2792 3096 2914 3152 qum
2954 3079 3072 3134 suis
3099 3077 3235 3131 locis
3266 3075 3415 3130 liber
3441 3074 3537 3129 hic
3562 3068 3808 3127 edocchit.

2171 3194 2215 3252 ο
2247 3179 2359 3249 Ego
2390 3191 2522 3231 vero
2555 3184 2612 3229 et
2635 3172 2871 3243 explicui
2909 3179 3043 3225 tunc
3072 3167 3201 3232 illis,
3231 3182 3362 3235 qua:
3390 3164 3585 3220 afferri
3613 3166 3813 3232 oporte-

2248 3270 2342 3325 bat
2382 3267 2449 3322 ad
2494 3266 2781 3321 maledicta
2806 3260 3087 3318 solvenda.
3115 3258 3403 3314 Nefarium
3429 3264 3616 3312 autem
3642 3263 3696 3308 et
3718 3252 3813 3306 im-

2248 3360 2399 3430 pium
2447 3372 2567 3412 esse
2612 3355 2765 3420 duxi,
2794 3353 2839 3409 si
2887 3352 3238 3424 simplicioris
3265 3358 3421 3407 nota:
3467 3349 3714 3404 homines
3758 3342 3823 3397 ab

2250 3450 2471 3506 illorum
2488 3448 2601 3503 falli
2631 3445 2891 3503 versutiis
2916 3451 3158 3515 paterer.
3195 3462 3215 3495 ι
3711 3445 3722 3456 ·

2320 3585 2389 3641 X.
2419 3584 2678 3655 Speciosa
2719 3581 2943 3655 quidem
2986 3581 3103 3635 haec
3145 3577 3459 3641 excusatio,
3509 3591 3621 3630 non
3661 3581 3824 3627 tamen

2251 3678 2627 3748 conjecturam
2668 3672 2935 3743 infringit,
2961 3685 3089 3726 cum
3129 3668 3272 3723 alius
3301 3668 3381 3722 sit
3405 3681 3554 3736 saepe
3580 3663 3673 3735 qui
3705 3675 3830 3732 prte-

2253 3770 2515 3833 tenditur,
2539 3768 2681 3822 alius
2712 3765 2811 3836 qui
2846 3762 3096 3834 impellit,
3127 3759 3299 3814 animi
3335 3759 3598 3814 affectus.
3643 3755 3829 3809 Verum

2240 3862 2370 3917 haec
2393 3860 2533 3915 nihil
2569 3858 2638 3912 ad
2670 3865 2907 3926 tempus,
2950 3852 3099 3925 quod
3127 3850 3367 3907 certiore
3408 3849 3601 3921 aliqua
3634 3843 3833 3899 ratione

2254 3948 2625 4020 indagandum
2648 3955 2752 4001 est.

2318 4062 2410 4119 XI.
2444 4060 2610 4115 Praeit
2634 4073 2765 4114 vero
2785 4056 3081 4113 cardiualis
3108 4053 3406 4119 Batonius,
3435 4068 3567 4109 eum
3601 4045 3842 4105 Theodo-

2255 4161 2432 4209 retum
2457 4150 2741 4220 scripsisse
2778 4147 2855 4202 ait
2875 4146 3167 4203 occasione
3188 4145 3327 4215 legis
3349 4160 3385 4199 a
3413 4140 3731 4199 Theodosio
3752 4135 3837 4192 ad-

2254 4259 2448 4303 versus
2465 4254 2702 4313 paganos
2720 4240 2844 4295 latas
2876 4256 2890 4292 :
2918 4253 3046 4294 nam
3078 4252 3204 4293 cum
3231 4236 3476 4307 intelligi
3500 4241 3741 4305 nequeat
3764 4230 3842 4285 lex

2256 4336 2368 4399 illa,
2396 4349 2520 4403 qua).
2562 4331 2631 4386 ad
2666 4344 2870 4386 annum
2901 4328 3009 4385 459
3040 4328 3302 4391 refertur,
3333 4326 3500 4397 prior
3543 4326 3726 4394 aliqua
3765 4321 3840 4374 in-

2255 4425 2526 4497 quirenda
2546 4433 2650 4489 est,
2677 4437 2805 4478 cum
2822 4436 2930 4491 qua
2955 4420 3289 4476 Theodoreti
3317 4419 3477 4475 dicta
3498 4414 3846 4474 conveniant,

574 4512 779 4568 habent
800 4517 985 4570 omnia
1003 4532 1126 4587 qua
1149 4519 1352 4588 scripta
1394 4526 1542 4582 sunt,
1584 4519 1756 4572 Deum
1785 4518 2030 4582 laudent,
2057 4519 2153 4588 qui
2186 4531 2230 4585 ι)
2257 4528 2314 4575 et
2341 4532 2449 4587 qua
2472 4516 2774 4585 imperator
2802 4527 3023 4584 pmnam
3052 4512 3251 4581 capitis
3277 4509 3737 4567 sacrificantibus
3756 4520 3844 4576 pa-

574 4601 716 4658 bene
737 4604 1017 4662 scribendi
1044 4606 1357 4691 facultatem
1383 4606 1554 4669 dedit,
1592 4607 1832 4677 ipsisque
1857 4607 1995 4667 adeo
2018 4607 2153 4661 scri-

574 4693 827 4762 ptoribus
850 4697 992 4751 bene
1012 4708 1341 4767 precentur;
1369 4700 1455 4752 sin
1480 4713 1614 4753 vero
1637 4699 1821 4768 aliqua
1844 4697 2151 4753 desiderari

574 4783 889 4852 videantur,
918 4803 987 4842 ne
1013 4788 1210 4843 horum
1232 4804 1397 4844 causa
1422 4798 1620 4844 cuncta
1641 4788 2029 4854 condemnent,
2055 4789 2154 4845 sed

572 4887 645 4926 ex
677 4874 745 4928 iis
762 4875 966 4944 potius,
987 4892 1110 4945 qua:
1132 4887 1279 4933 recte
1300 4876 1505 4947 scripta
1530 4878 1786 4946 viderint,
1809 4880 2152 4936 emolumen-

577 4977 695 5018 tum
732 4965 839 5020 sibi
866 4976 1206 5036 comparent.
1247 4986 1265 5019 ι

645 5050 782 5107 VIII.
816 5053 1020 5108 Verum
1063 5054 1279 5110 infirma
1314 5065 1401 5112 est
1437 5059 1758 5130 conjectura
1788 5076 1952 5116 :nam
1978 5071 2153 5119 totum

576 5139 753 5210 ipsius
798 5153 1141 5198 momentum
1163 5161 1231 5199 ex
1257 5162 1321 5202 ea
1348 5148 1464 5203 sola
1496 5165 1630 5205 voce
1663 5152 1890 5220 pendet,
1922 5153 2156 5209 aliorum

575 5232 1005 5300 lucubrationes;
1033 5236 1182 5293 unde
1211 5239 1359 5294 enim
1383 5250 1648 5312 praeterea
1668 5243 1775 5298 ‘lAt
1798 5260 1909 5300 non
1937 5246 2158 5301 videtur

580 5323 888 5398 Acciajolus
921 5327 1215 5398 interpres,
1269 5342 1366 5389 aut
1406 5346 1690 5405 expertem
1726 5337 1846 5393 vitii
1908 5337 2156 5394 codicem

2249 4609 2405 4679 ganis
2439 4615 2663 4662 statuat.
2693 4605 2834 4661 Sunt
2858 4612 3046 4659 autem
3079 4602 3353 4674 ejusmodi
3380 4602 3537 4666 duae,
3556 4613 3700 4671 quas
3746 4592 3853 4651 suis

2248 4698 2544 4755 Annalibus
2569 4697 2839 4752 Baronius
2878 4694 3114 4750 inseruit
3155 4711 3168 4747 :
3208 4693 3388 4748 altera
3414 4707 3573 4748 anno
3594 4690 3720 4753 425,
3742 4686 3807 4741 ad
3835 4685 3849 4701 '

2249 4789 2698 4860 Asclepiodotum
2752 4784 3073 4857 praefectum
3115 4783 3377 4854 praetorio
3427 4800 3443 4837 :
3490 4783 3673 4839 altera
3718 4788 3853 4833 anno

2251 4885 2375 4950 428,
2397 4883 2466 4938 ad
2494 4882 2769 4937 lsidorum
2788 4880 2980 4935 itidem
3000 4878 3323 4950 praefectum
3350 4875 3655 4947 praetorio.
3676 4873 3857 4928 Poste—

2250 4975 2449 5039 rioris,
2496 4989 2605 5044 qua
2656 4987 2769 5026 non
2822 4978 3039 5026 tantum
3085 4966 3363 5023 sacriﬁcia
3450 4963 3856 5036 prohibentur,

2254 5065 2354 5121 sed
2371 5065 2639 5135 jubentur
2667 5061 2837 5116 etiam
2876 5059 3024 5122 fana,
3058 5057 3261 5128 templa
3298 5065 3358 5112 et
3393 5056 3650 5112 delubra
3693 5049 3856 5111 dirui,

2255 5156 2509 5213 meminit
2537 5153 2921 5208 Theodoretus
2960 5152 3060 5206 lib.
3089 5167 3121 5204 v
3159 5149 3363 5204 Hister.
3398 5148 3596 5203 coclea.
3628 5160 3752 5216 cap.
3777 5139 3860 5205 '56,

2259 5248 2346 5303 his
2385 5247 2574 5302 verbis
2592 5246 2636 5277 °’
2664 5263 2678 5298 :
2725 5264 2743 5296 ‹
2775 5245 2895 5315 lpsa
2936 5244 3206 5298 idolorum
3237 5240 3508 5303 delubra,
3552 5242 3682 5309 quae
3703 5242 3866 5291 resta—

2261 5338 2415 5402 bant,
2450 5335 2701 5391 funditus
2731 5334 2879 5389 dirui
2917 5333 3106 5405 jussit,
3153 5341 3216 5386 ut
3248 5347 3317 5387 ne
3358 5331 3522 5401 quod
3553 5321 3866 5402 posteritati

1921 5490 2237 5548 SCIlULZIl
2266 5488 2477 5546 ΝΟΤᾹΣ

656 5604 701 5675 ⁶ῗ⁵
724 5602 851 5675 Vid.
884 5606 1049 5675 epist.
1091 5607 1193 5662 115
1216 5616 1274 5661 et
1297 5605 1418 5662 “6.

681 5602 851 5686 fVid.
884 5606 1193 5688 epist.nll_'5
1216 5616 1274 5661 et
1297 5605 1455 5688 116...
1496 5605 1708 5688 βεγίόλ
1744 5621 1946 5688 διι-ιρινιι,Δ
1966 5622 2021 5688 p:
2057 5605 2163 5688 258
2194 5621 2318 5688 seq.
2370 5605 2620 5688 _".§dit.
2662 5604 2814 5688 pii-or
2854 5603 3093 5688 habebat
3132 5602 3386 5688 cauernis
3430 5601 3709 5688 sermonis
3749 5598 3875 5688 duo:

581 5672 769 5728 decimi
809 5672 996 5731 verbis.
1046 5675 1152 5736 Sed
1194 5685 1412 5732 exstant
1443 5676 1546 5731 ista
1579 5674 1634 5730 in
1673 5675 1779 5731 fine
1802 5672 2162 5733 Praefa'tionis.
2194 5677 2258 5732 Vi

2305 5716 2317 5730 .
2366 5684 2405 5730 t.
2450 5675 2540 5741 lV,
2568 5691 2622 5745 p.
2663 5671 2795 5730 B95.
2900 5675 2944 5706 εδ
2971 5673 3282 5745 Scdaltera
3311 5671 3444 5745 ista
3477 5672 3677 5735 lectio,
3713 5679 3872 5739 quam

580 5752 706 5820 post
733 5742 1161 5820 Sirmondum'in
1184 5753 1372 5820 nostra
1401 5761 1618 5820 quoque
1643 5745 1882 5804 editione
1918 5748 2305 5820 expressimus,
2344 5742 2595 5802 ﬁrmatur
2638 5745 2964 5803 auctoritate
2998 5743 3276 5809 codicum,
3318 5742 3545 5811 quibus
3611 5756 3751 5797 usus
3793 5747 3878 5793 est

580 5812 919 5889 Sylburgius.
1000 5817 1041 5851 σε
1065 5816 1184 5873 Vid.
1221 5825 1257 5873 t.
1290 5812 1460 5887 111,13.
1490 5812 1641 5871 1079.
