4070 6448
257 399 368 466 319

1377 479 1386 488 _
1446 413 1544 472 ne
1579 415 1838 476 LIBRIS
1871 416 2386 478 TI-IEODORE'I‘I.

3452 422 3557 484 350

259 513 492 584 pristini
509 515 722 570 erroris
745 517 1044 588 vestigium
1072 527 1313 576 exstaret
1342 542 1356 578 :
1397 524 1540 582 hanc
1561 525 1710 582 enim
1739 542 1864 582 sen-
1895 538 1936 592 Α
1968 524 2096 582 inde
2169 526 2462 583 duodecim
2529 527 2779 596 partibus
2845 528 3199 586 ctllorcscens
3275 529 3553 590 contlciat.

267 598 516 661 tentiam'
531 606 641 678 legi
671 607 776 662 hac
790 609 858 664 de
883 625 942 664 re
971 613 1190 682 scripta:
1214 614 1436 670 indidit.
1477 635 1494 666 ι

327 695 448 752 XII.
476 696 856 756 Gothofredus
883 703 940 756 in
983 704 1132 758 notis
1171 705 1241 760 ad
1273 707 1312 760 l.
1357 724 1467 761 xm
1489 707 1567 761 De
1607 712 1858 780 paganis,

260 787 604 844 Theodoreti
631 791 800 846 verba
836 793 1234 864 interpretatur
1258 798 1326 852 de
1351 800 1524 868 priori
1571 801 1710 872 lege.
1753 801 1861 858 Sed

253 881 342 935 vel
372 879 485 934 hoc
527 896 640 936 uno
667 882 958 950 refellitur,
993 887 1138 955 quod
1187 889 1275 942 lex
1313 890 1574 946 vicesima
1619 893 1862 948 secunda

251 968 334 1022 De
379 969 718 1040 templorum
760 975 1026 1028 eversione
1055 991 1124 1030 ne
1153 978 1386 1033 verbum
1429 980 1654 1050 quidem
1679 983 1860 1038 conti-

251 1067 404 1122 neat,
432 1061 504 1115 de
535 1078 646 1130 qua
669 1063 756 1117 lex
787 1066 1066 1134 posterior
1093 1077 1204 1123 tota
1239 1068 1408 1146 ferme
1441 1079 1550 1126 est.

331 1147 478 1205 XIII.
517 1152 620 1207 llis
649 1169 752 1224 ego
781 1154 1018 1210 inducor
1058 1157 1126 1212 ad
1160 1159 1523 1229 opinandum,
1571 1162 1860 1232 scripsisse

257 1241 682 1298 Theodoretum
723 1243 803 1298 De
853 1247 1108 1302 curandis
1145 1247 1450 1306 Graecorum
1501 1253 1864 1324 affectionibus

255 1353 402 1390 anno
422 1337 554 1400 427,
577 1345 660 1400 ut,
687 1353 830 1406 quos
860 1339 984 1393 suis.
1002 1340 1220 1412 legibus
1241 1351 1518 1400 terruerat
1535 1345 1858 1417 imperator,

251 1443 352 1482 eos
413 1428 634 1482 ratione
686 1428 756 1482 ad
808 1429 1176 1488 Christianam
1235 1433 1407 1490 ﬁdem
1449 1439 1862 1510 superstitionis

253 1521 482 1591 gentilis
502 1520 796 1578 victricem
817 1523 1142 1580 adduceret.

333 1611 494 1683 401
522 1613 660 1668 XIV.
686 1613 894 1680 Quodsi
911 1616 1029 1672 haec
1049 1618 1238 1689 Opinio
1252 1636 1381 1676 vera
1399 1622 1492 1688 sit,
1515 1638 1860 1695 consequens

263 1713 370 1768 est,
401 1713 460 1758 ut
487 1720 654 1774 opus,
685 1705 758 1762 de
795 1723 908 1778 quo
929 1711 1134 1781 agitur,
1159 1711 1304 1768 inter
1334 1729 1398 1768 ea
1423 1723 1719 1771 censeatur
1735 1733 1859 1787 quae

261 1794 647 1852 Theodoretus
695 1807 894 1853 sancto
940 1800 1112 1856 Leoni
1163 1820 1310 1859 anno
1371 1805 1478 1860 449
1537 1806 1760 1872 scribit,
1797 1824 1858 1864 se

253 1896 380 1942 ante
409 1903 594 1944 annos
621 1889 818 1960 viginti
848 1895 1252 1964 composuisse,
1269 1913 1380 1968 quo
1406 1906 1653 1970 tempore
1679 1903 1862 1958 adhuc

257 1979 636 2036 saecularibus
661 1981 866 2038 litteris
891 1985 1112 2055 plenus,
1141 1988 1196 2042 in
1231 2005 1298 2044 eo
1327 1989 1504 2046 voluit
1533 2002 1861 2062 argumento

247 2069 490 2134 versari,
511 2069 572 2124 in
603 2087 716 2142 quo
731 2085 920 2142 posset
945 2085 1003 2130 et
1027 2093 1182 2132 suam
1210 2079 1468 2148 gentibus
1489 2083 1862 2139 eruditionem

253 2169 550 2216 ostentare
565 2203 582 2229 ,
614 2176 672 2219 et
696 2180 824 2220 cum
852 2167 1091 2224 eruditis
1116 2171 1240 2226 aliis
1261 2188 1372 2228 suae
1395 2182 1494 2228 aeta
1505 2175 1592 2240 tis,
1609 2176 1862 2232 eamdem

247 2255 548 2310 materiam
586 2267 828 2314 tractare
861 2263 1202 2330 amantibus,
1226 2265 1294 2320 de
1313 2266 1474 2323 laude
1507 2270 1862 2326 contendere.

245 2345 360 2402 Sed
405 2347 480 2402 de
527 2357 782 2420 tempore
831 2352 1120 2423 hactenus,
1155 2373 1308 2412 nunc
1336 2358 1404 2414 de
1448 2369 1780 2432 argumento
1805 2371 1862 2418 et

243 2439 546 2494 methodo.

317 2530 438 2584 XV.
493 2531 758 2592 Julianus
787 2536 1119 2608 imperator,
1172 2555 1300 2596 cum
1339 2543 1633 2601 defecisset
1673 2561 1708 2600 a
1751 2545 1860 2602 ﬁde

237 2622 596 2690 Christiana,
629 2627 777 2682 unde
803 2629 1080 2699 Apostatte
1113 2648 1318 2690 nomen
1349 2635 1456 2706 ipsi
1483 2638 1735 2702 adhaesit,
1765 2640 1862 2694 de-

237 2715 509 2772 fectionis
554 2735 757 2776 causas
801 2723 1010 2793 scripto
1055 2724 1198 2780 libro
1232 2727 1500 2793 reddidit,
1541 2746 1858 2802 novumque

243 2809 634 2878 gentilismum
679 2812 1020 2880 informavit,
1051 2825 1203 2872 tanto
1231 2821 1612 2876 nocentiorem
1639 2831 1852 2890 vetere,

253 2909 464 2968 quanto
489 2903 852 2960 artificiosius
873 2905 1116 2976 plurium
1147 2909 1380 2966 deorum
1405 2913 1858 2968 secundariorum

251 2991 576 3061 religionem
631 2997 802 3054 unius
839 3000 1086 3068 supremi
1138 3001 1292 3056 cultu
1338 3005 1858 3073 temperabat:im-

243 3082 522 3151 probabat
545 3086 706 3140 enim
733 3085 1050 3144 Graecorum
1079 3090 1564 3164 barbarorumque
1602 3103 1858 3152 veterum

237 3173 492 3230 nefarias
547 3177 949 3246 absurditates,
994 3181 1472 3255 Christianosque,
1525 3187 1636 3242 imo
1671 3197 1727 3243 et
1757 3188 1857 3245 Ju-

2035 617 2222 674 XVIII.
2249 618 2484 674 Tantum
2517 634 2681 688 porro
2713 611 3000 684 doctrinae,
3029 622 3332 690 pneSertim
3379 635 3560 678 exter-

1964 727 2069 776 nae,
2113 711 2381 768 adversus
2433 712 2734 778 hominem,
2785 714 2880 782 qui
2933 713 3164 768 inscitiae
3215 715 3560 773 Christianos

1965 803 2278 867 accusabat,
2309 820 2340 859 a
2379 804 2731 860 Theodoreto
2759 805 3091 870 adducitur,
3129 816 3192 861 ut
3230 807 3558 878 Sylburgius

1967 894 2258 950 recensitis
2276 896 2493 950 curiose
2517 896 2858 960 auctoribus,
2886 897 2981 965 qui
3014 897 3337 952 nominatim
3363 901 3557 968 appel-

1963 986 2170 1052 lantur,
2195 995 2416 1042 centum
2451 998 2506 1042 et
2531 981 2751 1053 novem,
2789 999 2991 1058 praeter
3024 1003 3232 1053 sacros,
3263 1003 3560 1044 enumera-

1961 1079 2126 1134 verit.

2037 1171 2176 1226 XIX.
2204 1172 2567 1228 Partitioncm
2615 1173 2784 1227 totius
2836 1171 3273 1238 lucubrationis,
3309 1172 3554 1243 singula—

1963 1279 2197 1335 rumque
2229 1265 2523 1320 duodecim
2561 1265 2802 1336 partium
2841 1271 3228 1334 argumentum
3271 1264 3325 1318 in
3355 1265 3558 1320 Przefa-

1965 1357 2114 1412 tione
2133 1357 2340 1428 prolixe
2359 1360 2606 1428 exponit,
2623 1358 2770 1428 quod
2795 1357 3246 1428 compendiosius
3261 1356 3364 1410 sub
3389 1355 3554 1410 linem

1961 1449 2220 1514 exhibet,
2276 1449 2371 1504 ubi
2415 1450 2584 1504 etiam
2631 1448 2877 1504 ostendit
2926 1447 3196 1502 rationem
3236 1446 3555 1512 scribendi,

1960 1557 2124 1612 quam
2161 1543 2356 1598 tenuit.
2388 1561 2405 1592 ι
2437 1541 2548 1596 Has
2578 1552 2680 1612 ego
2701 1540 2896 1606 vobis,
2915 1555 2948 1594 o
2975 1540 3100 1606 viri,
3125 1539 3418 1594 duodecim
3447 1539 3560 1592 dis-

1960 1635 2273 1702 putationes
2301 1635 2636 1703 conscripsi,
2672 1641 2726 1688 et
2763 1631 3004 1698 ostendi,
3047 1647 3298 1702 quaenam
3329 1631 3398 1686 de
3441 1631 3560 1686 Deo

1960 1733 2016 1778 et
2039 1725 2288 1788 materia,
2323 1724 2624 1794 mundique
2651 1725 2960 1790 fabrica,et
2989 1723 3058 1779 de
3099 1725 3306 1778 virtute
3331 1739 3395 1780 ac
3425 1723 3559 1778 vitio

1962 1817 2242 1870 senserint
2267 1815 2444 1870 Graeci
2487 1815 2833 1886 philosophi,
2884 1825 2940 1871 et
2967 1831 3218 1886 quaenam
3249 1816 3444 1870 iisdem
3489 1813 3559 1869 de

1895 1889 1935 1943 Β
1963 1905 2124 1978 m2
2172 1905 2340 1960 rebus
2371 1920 2542 1960 sacrae
2599 1920 2701 1960 nos
2731 1903 2954 1960 Litterae
2999 1904 3310 1967 docuerint,
3347 1911 3404 1956 et
3447 1917 3561 1971 quo

1965 2005 2124 2067 pado
2157 1997 2378 2050 illorum
2409 1996 2636 2066 quidem
2673 1997 2787 2066 jam
2809 1997 3082 2050 exstincta
3121 1995 3232 2050 sint
3253 1995 3470 2058 omnia,
3502 2001 3560 2049 et

1965 2087 2260 2142 oblivionis
2285 2088 2518 2159 caligine
2539 2087 2807 2152 involuta,
2831 2095 3022 2142 nostra
3038 2102 3168 2141 vero
3187 2087 3304 2142 haec
3325 2084 3561 2140 ﬂoreant

1965 2195 2030 2234 ac
2051 2179 2302 2250 vigeant,
2333 2179 2752 2248 innumerisque
2795 2194 2896 2248 per
2946 2179 3192 2249 singulas
3219 2178 3476 2232 civitates
3503 2186 3561 2231 et

1963 2273 2280 2344 provincias
2302 2273 2652 2328 auditoribus
2677 2272 3121 2342 frequententur,
3157 2292 3176 2322 ι
3216 2281 3324 2328 etc.

2024 2365 2142 2420 XX.
2173 2367 2402 2421 Ineunte
2443 2366 2732 2435 superiore
2772 2365 2974 2420 saeculo
3017 2379 3048 2418 e
3085 2363 3276 2420 Graeco
3299 2363 3557 2418 Latinum

1960 2457 2092 2514 fecit
2115 2458 2393 2514 Zenobius
2421 2457 2734 2528 Acciajolus
2753 2499 2766 2523 ,
2806 2457 3070 2527 deditque
3105 2456 3251 2538 typis
3273 2454 3554 2510 edendum

1962 2550 2200 2607 Henrico
2232 2551 2534 2620 Stephano,
2555 2551 2715 2621 cujus
2745 2565 2914 2620 opera
2941 2549 3185 2619 primum
3217 2547 3428 2619 prodiit
3452 2548 3558 2604 Pa-

1961 2641 2110 2697 risiis
2136 2656 2281 2696 anno
2313 2641 2473 2704 1519,
2517 2639 2612 2694 sed
2659 2639 2917 2694 Latinum
2957 2638 3242 2694 duntaxat.
3267 2636 3556 2708 Octoginta

1961 2736 2133 2792 ferme
2165 2743 2289 2806 post
2321 2749 2496 2789 annos
2533 2733 2852 2788 Fridericus
2897 2731 3226 2805 Sylburgius
3250 2731 3423 2786 textui
3457 2731 3560 2784 La-

1963 2828 2078 2882 tino
2107 2827 2411 2898 recognito,
2439 2835 2516 2885 et.
2551 2833 2611 2880 ut
2638 2827 2886 2895 loquitur
2905 2867 2920 2889 ,
2947 2823 3270 2887 emendato,
3303 2823 3558 2879 Graecum

1959 2919 2172 2976 addidit
2199 2921 2268 2975 ad
2289 2928 2528 2990 quatuor
2558 2921 2778 2976 codices
2807 2919 3028 2976 Graecos
3043 2925 3316 2973 exactum.
3337 2915 3565 2972 Utrum-

1960 3025 2066 3082 que
2114 3021 2240 3081 post
2276 3011 2673 3082 quinquaginta
2703 3025 2926 3065 rursum
2969 3025 3144 3064 annos
3183 3009 3237 3062 in
3275 3007 3559 3062 collectio-

1959 3118 2086 3158 nem
2158 3103 2400 3173 Operum
2462 3101 2798 3157 Theodoreti
2877 3099 3210 3156 Sirmondus
3284 3097 3558 3168 coniecit,

1959 3191 2248 3248 emendata
2275 3191 2535 3263 Acciajoli
2555 3199 2612 3246 et
2635 3190 2914 3263 Sylburgii
2941 3189 3224 3252 versione,
3248 3189 3555 3258 recisisque

237 3263 414 3330 dzeos,
445 3282 520 3321 ex
555 3270 678 3325 suis
704 3271 952 3340 ipsorum
990 3273 1148 3328 libris
1180 3275 1558 3347 impugnabat,
1593 3287 1650 3332 ut
1673 3279 1856 3349 phllo-
1885 3263 1928 3320 (ἶ
1963 3283 2242 3355 Sylburgii
2269 3284 2419 3339 notis
2453 3299 2522 3339 ac
2556 3281 3042 3339 dissertationibus
3071 3299 3086 3335 :
3113 3282 3212 3337 has
3247 3282 3340 3336 ille
3359 3297 3558 3351 quam-

233 3363 494 3432 sophicae
521 3380 642 3420 suae
679 3366 934 3438 religioni
963 3369 1142 3425 locum
1175 3371 1395 3428 faceret.

319 3455 468 3510 XVI.
498 3455 664 3512 Hunc
691 3458 1038 3529 imperatoris
1059 3472 1322 3533 apostata:
1349 3465 1576 3532 librum,
1607 3467 1704 3538 qui
1729 3483 1858 3538 pro-

233 3561 364 3622 pter
427 3549 818 3620 impietatem,
849 3567 960 3622 qua
1010 3561 1205 3619 scatet,
1254 3571 1286 3610 a
1334 3555 1564 3611 Pctavio
1611 3573 1722 3613 non
1774 3565 1860 3614 est

233 3643 434 3698 editus
473 3643 624 3696 inter
653 3658 822 3714 Opera
854 3644 1060 3700 Iuliani
1080 3687 1096 3710 ,
1128 3647 1225 3701 sed
1265 3649 1410 3718 apud
1441 3647 1706 3718 Cyrillum
1740 3650 1858 3706 fere

237 3737 468 3806 integer
513 3736 800 3806 reperitur
833 3753 846 3789 :
881 3737 1052 3804 hunc,
1097 3737 1353 3808 inquam,
1383 3740 1590 3794 librum
1627 3741 1860 3812 gentiles

239 3831 420 3886 veluti
449 3831 710 3901 clypeum
741 3831 1460 3902 opponebantChristianis,
1485 3843 1542 3889 et
1560 3835 1859 3891 Christiani

245 3923 380 3976 totis
407 3924 632 3976 viribus
665 3924 1044 3992 impetendum
1091 3933 1395 3996 putarunt,
1456 3927 1634 3984 donec
1677 3931 1859 4000 genti-

247 4011 318 4066 lis
375 4012 802 4082 superstitionis
843 4013 1054 4083 aliquid
1098 4015 1457 4069 metuendum
1511 4029 1856 4086 superesset;

249 4101 535 4171 superfuit
603 4117 738 4157 vero
791 4117 968 4172 usque
1039 4103 1108 4157 ad
1174 4104 1458 4160 Novellam
1519 4106 1856 4172 Theodosii,

251 4197 464 4251 editam
513 4211 665 4251 anno
723 4195 867 4262 459,
933 4207 990 4254 et
1035 4198 1394 4266 exsecutioni‘
1444 4215 1474 4254 a
1539 4201 1856 4270 provincia-

251 4303 376 4340 rum
447 4286 786 4358 praesidibus
845 4287 1182 4344 mandatam.
1264 4289 1446 4358 Quare
1508 4293 1857 4362 septuaginta

253 4389 468 4448 septem
517 4395 796 4433 annorum
847 4381 1029 4450 spatio
1063 4381 1118 4435 in
1169 4381 1274 4436 hoc
1303 4393 1628 4454 argumento
1655 4385 1856 4440 versati

254 4481 406 4536 sunt,
444 4471 804 4527 sermonibus
825 4473 1049 4543 quidem
1072 4474 1138 4527 ad
1156 4475 1419 4544 populum
1443 4477 1622 4542 multi,
1660 4485 1858 4533 tracta-

253 4561 405 4615 tibus
445 4575 580 4616 vero
613 4561 726 4616 duo
761 4571 994 4627 tantum,
1045 4563 1192 4634 quod
1220 4566 1444 4635 quidem
1485 4569 1854 4635 meminerim,

253 4651 651 4708 Theodoretus
674 4663 730 4708 et
762 4653 1002 4726 Cyrillus
1089 4673 1214 4712 nam
1253 4657 1655 4726 Nazianzenus,
1698 4663 1857 4717 inve-

253 4745 417 4799 etivis
444 4747 663 4800 duabus
699 4747 753 4801 in
789 4747 1068 4804 lulianum
1092 4791 1106 4816 ,
1151 4766 1444 4821 personam
1481 4753 1653 4825 magis
1693 4771 1858 4825 quam

253 4835 464 4894 librum
497 4837 784 4893 insecutus
811 4850 917 4895 est.

325 4927 496 4982 XVII.
533 4927 672 4993 Quis
698 4927 856 4983 alteri
885 4939 1110 5000 prznstet
1135 4949 1165 4988 e
1191 4933 1410 4988 duobus
1443 4937 1854 5004 tractatoribus,

255 5005 534 5072 lectorum
553 5019 980 5089 estojudicium.
1001 5021 1149 5077 Artis
1179 5033 1329 5078 certe
1357 5025 1538 5081 minus
1561 5025 1729 5080 habet
1749 5027 1860 5100 Cy-

257 5111 437 5176 rillus,
475 5112 606 5182 plus
626 5111 1011 5169 Theodoretus
1046 5133 1058 5168 :
1098 5115 1188 5171 ille
1213 5115 1362 5171 enim
1385 5117 1454 5173 ad
1488 5119 1736 5192 singulas
1759 5121 1858 5178 Ju-

253 5199 423 5268 lianei
491 5201 621 5256 libri
673 5203 978 5268 περικοπὰς
1020 5206 1438 5274 responsionem
1479 5209 1818 5281 subjungens
1843 5252 1858 5274 ,

255 5289 546 5344 hominem
589 5295 796 5362 pressis
840 5293 1086 5364 vestigiis
1114 5293 1282 5348 etiam
1323 5305 1644 5368 evagantem
1677 5301 1860 5369 sequi-

191 5443 198 5447 _
253 5391 381 5448 tur;
437 5384 544 5438 iste
573 5385 821 5440 collectis
861 5387 918 5440 in
956 5388 1290 5441 concinnum
1350 5388 1600 5444 ordinem
1653 5391 1857 5448 Juliani

253 5475 714 5549 objectionibus,
771 5479 1018 5550 singulas
1083 5480 1158 5534 ita
1209 5481 1456 5551 repellit,
1526 5491 1590 5536 ut
1659 5499 1860 5556 corpus

1961 3376 2048 3431 vis
2082 3377 2266 3446 plures
2291 3376 2604 3446 probasque
2645 3375 2992 3444 adjunxerat,
3029 3373 3256 3443 optabat
3301 3381 3482 3428 tamen
3528 3390 3561 3430 a

1963 3469 2160 3524 Fulvio
2187 3467 2392 3523 Ursino
2431 3483 2560 3522 suas
2589 3466 2860 3537 publicari
2897 3466 3204 3536 :plurimas
3229 3467 3378 3520 enim
3415 3465 3566 3522 fece-

1963 3568 2048 3616 rat
2071 3569 2128 3616 et
2155 3561 2434 3615 variantes
2454 3561 2741 3624 lectiones,
2773 3568 2832 3613 et
2854 3559 3224 3628 conjecturas,
3249 3565 3306 3613 et
3333 3565 3562 3612 annota-

1959 3653 2160 3717 tiones,
2186 3666 2312 3706 cum
2329 3650 2708 3720 reponendum
2739 3650 2795 3705 in
2814 3649 3150 3710 bibliotheca
3173 3647 3436 3704 Vaticana
3458 3647 3560 3702 hcc

1960 3759 2100 3812 opus
2113 3743 2350 3798 exscribi
2366 3757 2432 3797 cu
2443 3751 2608 3809 raret;
2636 3743 2784 3812 ipsas
2799 3759 2828 3796 e
2847 3742 3184 3796 bibliotheca
3195 3740 3456 3797 Vaticana
3473 3757 3563 3798 ac-

1959 3844 2148 3905 ceptas
2177 3851 2330 3891 nunc
2367 3835 2422 3888 in
2449 3835 2732 3905 publicum
2757 3835 3118 3903 proferimus.

2487 3945 2498 3956 '
2576 3925 2803 3981 CAPUT
2843 3925 2956 3980 VII.

1999 4015 2174 4086 Opera
2209 4031 2328 4087 qua
2355 4016 2656 4086 Appendice
2689 4015 2813 4068 edit.
2839 4012 3111 4070 Sirmondi
3139 4015 3502 4068 continentur.

2027 4108 2069 4163 I.
2104 4107 2366 4179 Conjecta
2399 4115 2530 4160 sunt
2571 4105 2630 4159 in
2671 4105 3039 4174 appendicem
3069 4119 3238 4174 Opera
3287 4103 3556 4174 quinque,

1959 4199 2144 4256 Oratio
2198 4201 2263 4254 de
2298 4201 2592 4264 charitate;
2625 4198 2780 4252 Liber
2830 4199 2900 4252 ad
2946 4198 3264 4270 Sporacium
3301 4197 3557 4251 adversus

1957 4291 2292 4356 Nestorium;
2319 4288 2568 4357 Epistola
2595 4289 2666 4343 ad
2691 4287 2956 4343 Joannem
2983 4288 3331 4345 Germanicia:
3365 4287 3560 4357 episco-

1959 4399 2082 4452 pum
2098 4400 2116 4447 ;
2135 4381 2460 4453 Argumenta
2474 4380 2923 4450 librorumviginti
2943 4388 3142 4451 septem
3163 4378 3417 4432 adversus
3448 4377 3524 4432 Eu
3539 4407 3558 4418 -

1959 4475 2252 4546 tychianos,
2287 4481 2344 4542 et
2369 4473 2720 4544 Iieprehensio
2747 4472 3316 4528 anathematismorum
3349 4465 3556 4539 Cyrilli.

2033 4564 2098 4622 II.
2123 4567 2200 4622 Ex
2223 4566 2310 4622 his
2329 4565 2642 4621 Orationem
2666 4566 2728 4619 de
2753 4566 3036 4628 charitate,
3065 4573 3122 4618 et
3157 4560 3460 4632 Epistolam
3489 4560 3560 4614 ad

1967 4661 2268 4732 episcopum
2320 4659 2732 4716 Germanicite"
2755 4699 2770 4722 ,
2807 4659 2864 4712 in
2898 4658 3046 4712 hunc
3085 4657 3270 4710 locum
3313 4653 3561 4724 reposuit

1967 4751 2332 4815 Sirmondus,
2365 4751 2494 4820 quia
2536 4765 2636 4819 per
2687 4751 2961 4805 incuriam
2990 4761 3286 4818 operarum
3329 4755 3559 4816 praeter—

1965 4842 2147 4896 missae
2179 4841 2416 4896 fuerant.
2463 4839 2974 4910 Reprehensionem
3010 4835 3199 4908 Cyrilli
3248 4835 3422 4888 latere
3463 4849 3558 4888 vo-

1963 4934 2089 4999 luit,
2119 4935 2270 4989 velut
2291 4933 2346 4988 in
2373 4941 2622 4988 extremo
2644 4931 2868 5003 angulo,
2895 4937 3192 5000 propterea
3217 4925 3365 4997 quod
3382 4925 3562 4980 Theo-

1963 5022 2142 5079 doreti
2187 5023 2398 5078 nomini
2425 5021 2718 5078 ofﬁciebat.
2764 5021 2996 5091 Reliqua
3031 5020 3142 5074 duo
3169 5027 3429 5088 tauquam
3461 5030 3558 5069 su-

1964 5127 2152 5192 specta
2175 5119 2374 5173 merito
2407 5125 2563 5172 extra
2591 5115 2882 5170 meliorum
2906 5111 3158 5167 ordinem
3189 5107 3400 5178 rejecit.

2035 5211 2124 5266 Ill.
2160 5209 2468 5266 Orationem
2500 5210 2561 5262 de
2597 5209 2858 5262 charitate
2891 5201 3272 5258 recensuimus
3299 5213 3400 5252 suo
3433 5195 3558 5249 loco

1965 5313 2090 5374 post
2123 5303 2417 5358 Historiam
2458 5299 2798 5372 religiosam;
2824 5293 3122 5366 Epistolam
3165 5291 3234 5344 ad
3259 5291 3559 5360 episcopum

1968 5395 2376 5450 Germanicae“
2421 5391 2755 5448 inseruimus
2793 5387 2936 5442 inter
2974 5383 3269 5455 Epistolas,
3319 5396 3385 5437 ex
3413 5395 3556 5450 prte-

1967 5489 2177 5558 scripto
2201 5486 2503 5543 Sirmondi.

1635 5618 1949 5678 SCIIULZII
1995 5623 2225 5679 ἈΟΤᾹ).

333 5735 381 5766 ’³
412 5734 566 5810 Edit.
599 5733 754 5810 prior
772 5735 1008 5810 habebat
1047 5736 1296 5810 epistolas
1319 5737 1473 5810 duas,
1501 5737 1851 5810 deicharitute
1870 5739 2086 5803 scilicet,
2120 5748 2169 5793 et
2207 5741 2276 5794 ad
2310 5739 2628 5810 episcopum,
2656 5741 2776 5789 can.
2816 5731 2862 5810 _'“
2899 5731 3018 5787 Non
3059 5725 3492 5810 interspistplas
3522 5741 3556 5780 a

257 5805 565 5879 Sirmondo
595 5805 778 5879 editas
813 5805 1016 5879 inserta
1041 5805 1124 5879 est
1157 5805 1466 5879 {debuisset
1493 5809 1640 5863 enim
1683 5821 1804 5877 post
1827 5811 2119 5879 epistolam
2155 5811 2256 5864 I24

2299 5797 2492 5882 poni);'
2533 5797 2628 5865 sed
2676 5803 2986 5876 proximum
3035 5807 3156 5872 post
3202 5797 3323 5854 illas
3372 5797 3555 5853 locum

257 5876 502 5934 obtinuit
551 5877 610 5932 in
657 5876 812 5934 Notis
859 5875 1128 5934 Gamerii.
1154 5877 1272 5934 Vid.
1303 5893 1488 5949 supra,
1527 5895 1580 5950 p.
1608 5875 1732 5950 556,
1758 5889 1812 5936 et
1845 5875 1883 5934 ιζ
1921 5881 2008 5948 IV,
2045 5899 2098 5952 p.
2137 5882 2287 5936 I275.
