2035 3220
111 172 161 204 353

710 168 758 199 DE
777 169 905 200 LIBRIS
923 167 1178 201 THEODORETI.

1683 171 1736 203 354

112 228 206 260 idest,
221 227 296 255 ultra
319 233 423 254 annum
447 225 549 253 Christi
571 225 621 252 427
641 224 788 252 llistoriam
805 230 901 260 protu—
918 228 937 255 Α
953 225 1019 256 cari,
1043 225 1164 260 quinque
1192 226 1242 253 hos
1266 226 1351 254 libros
1371 234 1425 254 non
1445 234 1506 254 esse
1519 227 1641 255 diversos
1655 228 1738 264 406

114 273 195 304 liuet,
212 269 297 307 ωδ
319 269 384 297 inde
401 269 499 304 procul
511 269 595 296 dubio
610 269 704 303 quinta
719 268 839 304 synodus
855 268 900 295 de-

113 316 293 353 nupsisset,
312 322 376 351 que
396 315 521 342 facerent
545 314 693 349 plurimum
715 315 749 341 ad
769 321 878 341 causam
892 334 899 346 ,

113 362 309 399 (tangebat.
323 361 353 389 Si
365 361 443 389 enim
456 361 529 388 Ibam
546 365 574 387 et
585 360 760 387 Theodorum
772 360 900 387 damnas-

111 413 160 441 set,
177 407 376 444 Mudicium
395 406 545 435 damnandi
562 406 686 433 attulisse
706 406 864 437 diceretur;
877 405 900 432 si

111 453 291 485 defendisset,
315 459 382 480 reus
407 452 472 479 inde
492 457 620 486 ageretur
640 459 691 478 suo
713 451 798 486 ipsius
822 451 900 478 testi-

111 499 212 528 monia.

142 542 291 574 VIII-Bac
305 551 368 571 cum
389 543 544 571 indubitata
563 543 628 574 sint,
648 543 837 570 contentiosus
860 548 900 570 ta-

111 596 170 618 neu
181 589 288 624 aliquis
305 588 425 624 obiicere
439 592 532 623 posset
546 587 618 615 duo:
635 588 751 615 alterum
766 596 798 615 ex
810 588 900 616 Τῇ(ξο⁴

112 635 320 667 hohectore,
345 642 380 662 ex
403 634 570 661 Damasceno
589 633 716 661 alterum.
740 633 900 661 Theodorus

112 678 279 708 «inlita:
294 677 404 706 Called.
415 697 423 710 ,
441 687 450 702 ι
470 677 579 708 Petrus,
589 677 689 711 inquit,
709 677 819 713 Moggus
832 679 899 705 reli-

111 724 350 761 tpiutﬁmothei
365 723 549 758 Salophacioli
560 723 688 750 eﬂ‘odisse
704 723 815 755 dicitur,
826 723 898 750 idem

114 769 334 811 (“nihil
348 769 549 797 Theodoretus.
566 778 575 794 ι
594 768 627 795 Et
641 769 720 803 paulo
733 772 805 803 post,
828 778 837 794 ‹
849 768 900 796 Ca-

117 814 350 850 mndicit
362 813 521 842 ordinatum
544 814 628 841 fuisse
650 813 896 849 Constantinopoli,

116 859 359 894 nmmo
373 859 576 887 consentiens»
594 859 778 886 Damascenus
794 867 859 886 vero
869 859 897 886 in

111 905 159 938 ib.
173 913 207 935 nl
221 904 264 934 Dc
281 904 444 940 imaginibus
465 904 543 939 plura
562 904 689 939 producit
701 924 707 935 ,
727 906 759 930 ὲκ
775 905 825 940 τῆς
847 905 898 931 ἐκ·
914 899 933 925 Β

110 951 333 986 ﬂammig-
344 951 488 984 Ἱστορίας
510 950 675 986 Θεοδωρίτου
690 950 760 978 libro
776 951 856 978 tertio
869 955 898 978 et

109 1001 218 1034 quarto.
423 1037 428 1039 _

138 1041 307 1072 murum
330 1041 493 1078 jamdudum
515 1042 568 1069 viri
591 1042 665 1069 docti
693 1042 783 1069 locum
803 1041 900 1068 Dama-

107 1087 393 1121 sceuiomendarunt,
411 1092 439 1115 et
456 1095 507 1123 pro
523 1088 691 1115 Theodorito
711 1087 898 1120 Theodorum,

106 1134 252 1171 hectorem
266 1134 406 1167 videlicet,
420 1138 604 1170 reposuerunt
619 1143 625 1160 :
649 1141 681 1162 ea
705 1134 778 1161 enim
801 1134 899 1160 Dama-

104 1187 207 1209 scenis.
227 1183 379 1211 memorat,
402 1187 474 1214 qua,
500 1187 535 1207 ne
561 1179 584 1206 si
601 1180 775 1206 centenarius
789 1180 899 1214 quidem

104 1223 212 1258 fuisset,
223 1222 426 1258 (Theodoretus
442 1223 515 1250 scire
525 1223 669 1258 potuisset,
680 1228 710 1250 ut
722 1224 794 1258 quod
810 1223 900 1259 Olym—

279 1269 395 1305 contigit
409 1276 483 1296 anno
501 1268 562 1296 498.
582 1269 684 1296 Eadem
707 1270 777 1296 ratio
799 1270 900 1297 refellit

103 1314 222 1354 pariter,
234 1305 315 1351 quod
338 1321 373 1342 ex
395 1314 534 1342 Theodori
553 1314 735 1342 Collectaneis
751 1314 899 1342 adductum

102 1365 170 1401 est;
185 1360 356 1389 Timotheus
370 1360 672 1395 enim,Salophaciolus
685 1362 801 1388 excessit
812 1369 827 1388 e
844 1362 900 1388 vita

231 1413 341 1434 unum
352 1405 416 1437 481,
432 1413 487 1440 quo
500 1410 623 1441 tempore
637 1405 788 1433 Calendion
803 1407 899 1433 Antio-

183 1456 186 1457 '
282 1451 350 1479 θείω
372 1451 519 1486 pmfectus
536 1456 587 1479 est.
610 1451 674 1484 Quae
697 1452 719 1478 si
745 1452 901 1486 scripsisset

108 1450 313 1530 milia,
327 1497 514 1530 nouagenario
529 1497 616 1530 major
635 1497 801 1530 scripsisset.

180 1497 313 1530 “tua,
327 1497 514 1532 nouagenario
529 1497 616 1532 major
635 1497 801 1531 scripsisset.

137 1542 310 1586 Χιῖοιῇωιι.
319 1547 351 1570 ιιι
366 1551 401 1570 ne
414 1543 560 1578 scrupulus
571 1543 645 1570 ullus
655 1543 764 1575 luerent,
775 1543 900 1578 aperien-
913 1566 934 1594 ϐ

101 1584 273 1625 ἁωέᾼιιὴε
291 1589 340 1616 ille
360 1589 398 1616 sit
412 1588 603 1616 Theodoretns
626 1589 754 1616 Historia:
770 1590 898 1623 scriptor,

100 1635 182 1672 cuqu
203 1634 342 1663 meminit
365 1633 527 1662 Theodorus
541 1634 649 1662 Lector.
673 1635 746 1662 Nihil
762 1643 827 1662 vero
844 1636 898 1662 dici

101 1683 199 1715 potest
213 1683 266 1708 aut
281 1680 387 1712 verius.
403 1684 452 1707 aut
462 1685 536 1707 certe
550 1680 814 1715 probabilius,quam
826 1680 898 1715 quod

98 1725 318 1761 illustrissimus
339 1724 486 1752 Annalium
514 1725 632 1760 scriptor
652 1725 736 1752 tradit
749 1725 794 1751 1°:
817 1726 900 1752 exsti-

99 1770 304 1810 tisaoseilioet
323 1770 514 1798 Thcodoretos
537 1771 607 1798 duos
623 1779 629 1797 :
647 1771 783 1798 seniorem
802 1779 898 1803 unum,

97 1811 318 1852 qtiCytensis;
329 1817 470 1852 juniorem
485 1818 614 1849 alterum,
623 1818 669 1852 qui
685 1817 899 1845 ecclesiasticam

95 1861 239 1898 Cyl-ensis
249 1861 401 1890 Historiam
419 1864 599 1891 continuavit.
621 1863 734 1890 Addidit
752 1864 846 1898 junior
865 1863 898 1891 ad

97 1904 228 1936 senioris
251 1903 402 1936 Historiam
428 1907 514 1936 libros
536 1909 669 1943 quinque,
699 1909 800 1943 quibus
823 1917 900 1937 com-

97 1953 204 1988 plcans
233 1958 279 1982 est
306 1953 444 1989 quidquid
477 1961 569 1981 rerum
592 1954 839 1982 ecclesiasticarum
864 1955 898 1982 ab

98 2003 178 2024 anno
191 1994 249 2025 427
264 1995 300 2024 ad
313 1995 415 2025 Justini
434 1998 611 2032 imperatoris
631 1999 708 2026 initia
726 2003 831 2034 gestum
845 2005 897 2033 est;

97 2045 128 2068 et
143 2041 386 2078 quemadmodum
409 2042 456 2070 ille
478 2043 513 2070 ab
531 2043 590 2070 Arii
610 2043 732 2075 vesania,
755 2043 794 2070 sic
811 2044 862 2071 iste
883 2052 899 2071 a

96 2085 229 2119 Ναξιοτῆ
241 2085 343 2115 haeresi
357 2086 468 2125 initium
482 2087 570 2114 duxit.

132 2131 186 2161 XL
199 2132 311 2167 Quodsi
325 2133 391 2162 licet
403 2134 560 2170 conjectura
574 2134 614 2162 uti
631 2134 659 2161 in
683 2143 712 2162 rc
734 2143 749 2162 a
767 2135 899 2170 tempori-

95 2177 157 2207 bus
172 2179 283 2218 nostris
298 2178 449 2206 admodum
463 2185 579 2211 remota,
598 2187 631 2207 ac
651 2185 763 2215 propter
773 2185 897 2207 veterum

951 270 986 296 ab
1000 270 1033 296 iis
1050 277 1119 304 quos
1138 270 1310 298 Theodoreto
1326 272 1428 306 juniori
1455 272 1610 299 tribuimus.
1635 273 1735 300 Verum

951 315 1052 348 obstat,
1068 316 1141 350 quod
1153 316 1342 344 Theodoretus
1356 318 1449 352 junior
1463 318 1589 345 Nestorio
1608 318 1737 346 infensis-

951 361 1058 394 simus;
1085 361 1215 391 lrenaeus.
1249 367 1280 389 ut
1309 368 1417 390 constat
1450 372 1482 390 ex
1502 364 1577 391 Actis
1591 364 1736 398 Ephesium

951 408 1059 442 synodi,
1074 407 1297 435 ‘addictissimus
1315 409 1406 436 fuerit.
1427 410 1494 436 V’ide
1520 418 1580 444 qua:
1604 415 1735 445 sequente

951 452 1123 486 paragrapho
1139 452 1274 479 dicentur.
1295 453 1381 485 Quid,
1403 453 1425 480 si
1450 453 1619 481 Hebcd-Jcsu
1639 455 1734 482 lrcntei

951 504 1052 524 nomen
1071 505 1122 532 pro
1140 497 1305 525 Theodoreti
1317 499 1428 525 nomine
1442 500 1582 533 posuerit?

1043 562 1056 597 §
1070 562 1101 589 ll.
1115 562 1235 598 Epistola
1249 563 1283 590 ad
1295 563 1450 599 Sporacium
1464 565 1496 591 dc
1508 565 1637 593 Nestorio.

986 627 1006 654 l.
1019 626 1104 660 Quem
1120 628 1222 655 librum
1243 628 1312 655 dixit
1331 629 1503 663 Sirmondus,
1522 631 1656 659 Baronius
1676 633 1735 666 cpi-

950 674 1046 701 stolam
1060 675 1197 707 nominat;
1214 675 1328 702 formam
1346 676 1391 703 ille
1408 678 1609 711 contemplatus
1622 682 1673 709 est,
1684 679 1734 705 iste

950 718 1182 753 inscriptionem:
1208 720 1235 746 id
1259 720 1392 755 quidquid
1418 726 1470 753 est,
1502 721 1674 754 Sirmondus,
1706 728 1735 749 ut

949 769 1009 791 erat
1028 765 1169 800 perspicax
1186 770 1213 793 et
1232 774 1322 793 rerum
1338 767 1459 801 prudens
1474 768 1632 800 aestimator,
1646 777 1735 804 neque

950 809 1022 836 inter
1044 810 1176 844 epistolas
1192 811 1353 843 Collocavit,
1377 820 1466 846 neque
1486 813 1582 840 ordine
1599 822 1649 841 suo
1664 815 1737 841 inter

948 853 1044 886 libros,
1072 855 1119 882 sed
1146 856 1222 882 velut
1250 856 1393 891 rejiculum
1415 858 1545 891 quiddam
1570 859 1597 886 in
1615 859 1735 895 Operum

948 901 1116 935 Appendice.
1139 901 1240 928 Scribit
1266 906 1367 934 tamen,
1382 903 1454 938 quod
1469 904 1595 932 mirabile
1611 910 1663 938 est,
1684 906 1735 933 Ba-

949 947 1054 977 ronius,
1072 946 1216 981 epistolam
1239 947 1310 974 hanc
1331 955 1381 975 suo
1402 949 1429 975 in
1447 949 1542 976 codice
1561 951 1734 985 praepositam

949 991 1033 1018 fuisse
1059 991 1171 1026 reliquis
1187 993 1221 1024 ⁷⁸,
1246 996 1374 1027 tanquam
1403 993 1568 1021 Theodoreti
1595 995 1688 1027 lidcm,
1707 1001 1736 1023 ct

949 1035 1118 1062 Nestoriante
1149 1036 1289 1063 societatis
1318 1037 1455 1071 publicam
1486 1040 1734 1072 rcnuntiationem;

950 1081 997 1108 sed
1014 1081 1040 1108 id
1056 1082 1157 1108 factum
1173 1082 1271 1116 opinor
1291 1082 1324 1108 ab
1340 1083 1432 1116 aliquo
1445 1085 1597 1111 amantiorc
1611 1085 1735 1113 Theodo-

950 1126 1014 1158 reti,
1030 1134 1112 1160 quam
1126 1127 1260 1153 veritatis.

984 1171 1017 1198 ll.
1037 1171 1066 1197 In
1087 1171 1166 1198 libris
1187 1171 1305 1206 vulgatis
1327 1172 1416 1199 media
1443 1173 1486 1200 sui
1503 1178 1591 1208 parte,
1622 1175 1735 1202 totidem

949 1216 1051 1248 verbis,
1066 1216 1177 1244 conﬁ’cit
1195 1223 1276 1252 caput
1297 1218 1330 1244 i2
1351 1218 1413 1245 libri
1435 1219 1524 1253 quarti
1545 1219 1735 1247 Ilwreticarum

950 1261 1112 1296 fabularum,
1126 1262 1199 1296 quod
1217 1263 1388 1295 inscribitur,
1403 1264 1441 1290 De
1453 1264 1593 1297 Nestorio;
1613 1266 1736 1301 nihilque

950 1306 1033 1334 habet
1045 1308 1174 1342 amplius,
1187 1312 1286 1342 prteter
1300 1308 1512 1343 disputationem
1527 1311 1659 1345 prolixam
1671 1320 1734 1339 cum

950 1351 1066 1386 ipsomet
1083 1352 1220 1384 Nestorio,
1237 1352 1270 1379 ad
1284 1361 1364 1387 quem
1382 1355 1468 1381 oratio
1479 1357 1665 1389 convertitur;
1681 1365 1735 1392 qua

950 1397 1131 1425 conversione
1149 1398 1218 1425 nihil
1238 1402 1282 1426 est
1303 1398 1467 1427 insolentius
1480 1400 1552 1435 apud
1575 1401 1735 1431 Theodore-

951 1447 1019 1470 tum.

986 1499 1031 1526 lll.
1049 1499 1165 1534 Scripsit
1183 1507 1258 1533 vero,
1272 1501 1399 1536 quisquis
1413 1508 1455 1530 est
1471 1508 1577 1536 auctor,
1599 1510 1660 1540 post
1681 1506 1735 1533 Ne-

952 1547 1078 1577 storium,
1088 1554 1142 1573 non
1156 1547 1238 1574 modo
1249 1547 1421 1582 deportatum
1439 1549 1467 1575 in
1484 1549 1584 1581 0asim,
1597 1551 1643 1578 sed
1653 1552 1734 1579 etiam

952 1592 978 1618 in
992 1592 1080 1619 reditu
1097 1593 1195 1620 misere
1212 1594 1375 1621 exstinctum
1392 1594 1473 1621 :facit
1484 1596 1556 1622 enim
1569 1598 1735 1625 mentionem

951 1638 1150 1673 deportationis
1163 1643 1191 1666 et
1212 1639 1342 1666 interitus
1362 1648 1368 1665 :
1387 1640 1497 1675 scripsit
1513 1641 1597 1676 igitur
1611 1648 1672 1677 post
1688 1651 1737 1670 an-

951 1691 1017 1710 num
1032 1684 1095 1715 M7,
1110 1692 1164 1719 quo
1179 1692 1251 1711 anno
1276 1685 1391 1719 periisse
1414 1686 1556 1714 Nestorius
1576 1689 1679 1722 apertis
1698 1694 1737 1717 tc-

951 1730 1098 1762 stimoniis,
1113 1734 1161 1757 aut
1172 1735 1246 1758 certe
1266 1733 1446 1766 argumentis,
1463 1734 1629 1760 ostenditur.

985 1776 1030 1804 1V.
1049 1777 1134 1804 Nemo
1147 1781 1283 1809 veterum,
1302 1778 1376 1811 quod
1396 1777 1495 1810 sciam,
1514 1779 1637 1806 meminit
1657 1780 1735 1809 istius

951 1822 1083 1857 epistolae,
1101 1823 1360 1857 quatenusacapite
1373 1823 1520 1851 undecimo
1531 1824 1585 1859 jam
1598 1825 1671 1852 dicto
1686 1826 1737 1853 dif-

950 1866 1013 1894 fert.
1025 1866 1093 1894 Nam
1110 1867 1242 1895 Leontius
1259 1868 1287 1894 in
1307 1875 1390 1902 opere
1403 1868 1439 1894 De
1455 1869 1540 1900 sectis,
1558 1873 1586 1895 et
1608 1870 1736 1897 Theodo-

951 1920 998 1940 rus
1013 1913 1105 1940 Abbas
1122 1913 1149 1940 in
1170 1918 1332 1949 argumento
1348 1914 1443 1949 synodi
1456 1915 1609 1949 Ephesinaa,
1623 1924 1654 1943 ac
1667 1916 1737 1943 Phoo

951 1959 1006 1987 tius
1021 1958 1049 1986 in
1066 1958 1177 1991 Codice,
1197 1959 1382 1986 meminerunt
1399 1960 1484 1986 solius
1499 1960 1563 1987 libri
1580 1969 1607 1987 IV
1625 1961 1737 1988 [hereti-

950 2013 1043 2031 carum
1062 2003 1230 2038 tabularum,
1244 2004 1271 2030 in
1287 2012 1341 2038 quo
1357 2005 1456 2031 inserta
1468 2008 1519 2031 est.

982 2050 1015 2077 V.
1035 2050 1069 2077 Et
1081 2057 1147 2077 vero
1159 2049 1386 2084 scriptum,quod
1399 2049 1426 2076 in
1440 2049 1626 2083 Appendicem
1641 2052 1736 2086 rejecit

950 2095 1126 2127 Sirmondus,
1147 2094 1307 2121 nonnullam
1332 2094 1443 2129 quidem
1465 2094 1671 2123 declamationis
1689 2101 1739 2124 aut

949 2140 1074 2167 historia;
1088 2139 1207 2174 speciem
1219 2139 1341 2174 prafcrt,
1360 2139 1462 2166 nullam
1474 2139 1604 2173 epistola.
1621 2141 1698 2174 Nam,
1713 2143 1737 2168 ι’

949 2186 1009 2213 Νοη
1023 2185 1106 2212 habet
1118 2184 1297 2212 honoriﬁcam
1311 2184 1380 2217 viri,
1396 2185 1439 2212 cui
1455 2185 1601 2218 scribitur,
1615 2188 1736 2222 compel-

95 2220 251 2253 silentium
273 2224 403 2257 obscura,
431 2225 617 2253 Theodoritus
636 2225 682 2252 ille
695 2226 790 2260 junior
807 2226 829 2241 ⁷⁷
840 2233 897 2252 non

949 2230 1098 2262 lationem,
1118 2237 1199 2264 quam
1216 2229 1244 2256 in
1259 2229 1385 2263 epistolis
1406 2229 1439 2256 ad
1459 2234 1597 2265 maguates
1609 2220 1737 2260 omittere

94 2270 175 2298 alter
194 2269 310 2298 videtur
330 2277 402 2303 esse,
426 2277 509 2306 quam
526 2269 687 2297 Alindorum
709 2271 854 2306 episcopus
868 2270 896 2297 in

94 2315 251 2351 provincia
265 2311 364 2349 Caria,
375 2315 422 2351 qui
442 2323 514 2344 anno
533 2316 585 2344 536
607 2317 725 2344 concilio
741 2316 897 2344 Constanti-

94 2356 271 2398 nopolitano
291 2363 398 2391 Hennae
415 2363 559 2392 interfuit:
579 2368 685 2399 tempus
697 2366 780 2397 enim,
798 2373 897 2392 nomen

93 2412 127 2436 et
144 2407 274 2439 eruditio
284 2413 451 2444 congruunt.

133 2448 202 2482 XII.
218 2452 252 2482 In
267 2455 392 2490 catalogo
403 2454 575 2483 Hebed-Jesu
593 2456 698 2483 mentio
721 2455 754 2482 fit
772 2455 898 2484 Historiae

95 2500 274 2536 cujusdam,
300 2507 362 2536 qua:
387 2501 511 2536 quinque
540 2501 620 2528 libris
652 2502 899 2537 comprehenderet

96 2543 274 2581 eiectionem
287 2545 432 2580 {Nestor-ii,
454 2551 482 2574 et
503 2547 606 2579 omnia,
625 2555 685 2582 qua:
698 2547 725 2574 in
738 2547 792 2574 illis
807 2547 897 2583 regio-

94 2592 189 2621 nibus
213 2583 293 2630 gesta
309 2597 384 2622 sunt.
404 2594 507 2622 Auctor
527 2593 631 2621 dicitur
652 2593 772 2621 lrenaeus
787 2594 896 2629 Tyrius,

93 2637 278 2673 qualisque
299 2636 476 2666 Theodoreto
500 2638 626 2665 inuuitur
650 2638 709 2673 ipso
728 2638 899 2665 recensionis

92 2683 213 2713 ordine.
239 2683 356 2712 Venerit
374 2683 489 2712 fortasse
506 2685 534 2711 in
558 2688 677 2711 mentem
706 2683 788 2711 alicui
806 2684 897 2719 su5pi-

952 2276 1144 2304 Theodoretus
1167 2283 1223 2302 non
1245 2275 1324 2302 solet.
1346 2275 1375 2301 2°
1394 2274 1475 2302 Caret
1493 2275 1579 2302 amica
1604 2276 1736 2309 clausula,

951 2329 1033 2357 quam
1047 2321 1240 2348 Theodoretus
1252 2321 1296 2347 vix
1317 2321 1419 2355 pariter
1435 2328 1555 2355 unquam
1572 2323 1737 2356 prietermit-

951 2369 994 2395 tit.
1007 2368 1035 2394 5°
1048 2367 1241 2395 Prmiationcm
1260 2366 1383 2394 continet
1404 2366 1536 2401 prolixam
1547 2387 1554 2398 ,
1581 2367 1736 2403 locumque,

951 2418 981 2440 ut
993 2414 1081 2446 aiunt,
1094 2420 1279 2445 communem,
1291 2420 1345 2447 quo
1364 2411 1433 2438 nihil
1450 2412 1597 2440 absurdius
1609 2418 1739 2448 peccatur

950 2458 978 2485 in
991 2458 1169 2492 cpistolarum
1181 2462 1280 2489 artem,
1293 2457 1417 2492 religiose
1428 2465 1443 2483 a
1453 2457 1628 2484 Theodoreto
1643 2457 1738 2485 obser-

949 2508 1049 2530 vatam.
1071 2504 1098 2530 4“
1117 2503 1269 2530 Fastidiosa
1293 2503 1339 2529 illa
1364 2502 1488 2537 praefatio
1509 2503 1582 2530 aliud
1598 2503 1666 2530 nihil
1684 2509 1736 2534 est.

948 2556 1031 2583 quam
1055 2548 1174 2574 imitatio
1192 2548 1317 2582 quaedam
1335 2552 1417 2582 atque
1437 2547 1613 2582 ampliﬁcatio
1630 2548 1736 2583 prologi

945 2593 1019 2620 libro
1034 2596 1133 2627 quarto
1153 2592 1348 2620 ereticarum
1365 2591 1517 2626 fabularum
1535 2591 1649 2626 praeﬁxi,
1663 2593 1737 2626 quod

946 2639 1053 2673 puerile
1067 2639 1174 2666 vitium.
1190 2639 1218 2666 5°
1234 2638 1328 2666 Oratio
1339 2637 1372 2664 ad
1387 2637 1546 2664 Nestorium
1562 2636 1653 2672 ipsum
1668 2645 1736 2664 con-

947 2685 1076 2717 vertitur,
1093 2684 1247 2720 cuiusmodi
1261 2682 1335 2719 apud
1346 2681 1551 2709 Theodoretum
1571 2682 1599 2709 in
1611 2682 1737 2718 epistolis

781 2760 940 2789 SCHULZII
959 2760 1076 2789 NOTAE.

130 2821 158 2838 "
170 2818 275 2849 Annal.
300 2824 320 2847 t.
338 2819 390 2852 Vl,
405 2827 433 2854 p.
450 2819 512 2847 655.

567 2819 589 2835 ⁷⁷
605 2819 667 2846 llaec
693 2820 804 2854 quidem
824 2820 981 2854 conjectura
1006 2820 1096 2848 Caveo
1117 2820 1232 2855 aliisque
1258 2827 1286 2855 se
1308 2816 1594 2855 commendoquhsed
1607 2815 1737 2855 iunioris

95 2855 176 2884 illius
189 2851 475 2890 Theodoretiwsci'ipta
492 2854 539 2881 vix
553 2851 856 2890 potuerunt-Gerrunio
871 2851 1055 2888 innotescere,
1073 2859 1104 2883 ut
1116 2856 1172 2890 jam
1187 2851 1301 2882 'monuit
1317 2853 1457 2881 Fabricius
1477 2851 1600 2879 Biblioth.
1616 2851 1661 2879 Gr.
1680 2851 1734 2878 vol.

95 2891 142 2923 VI,
157 2899 186 2927 ι).
201 2890 266 2918 124.
306 2889 329 2906 ’⁸
345 2889 408 2917 Vid.
435 2896 529 2924 supra,
544 2897 572 2924 p.
590 2889 651 2917 305.
