4070 6454
637 325 708 390 55
1722 315 2102 386 GARNERII
2144 320 2643 390 DISSERTATI'O
2681 322 2741 389 Il

3732 316 3859 411 35c

598 436 692 492 vix
727 434 1029 507 quidquam
1079 432 1344 504 reperias.
1379 432 1541 506 ‘07
1589 433 1644 490 6°
1675 431 1865 490 Scatet
1886 435 2178 506 phrasibus
2210 443 2255 500 Α
2284 438 2577 507 docuerit;
2606 416 2773 511 cujus
2792 441 3100 497 doctrinam
3125 443 3586 507 anathematizare
3610 449 3676 509 sit
3699 457 3820 517 idem
3850 515 3858 522 ,

598 542 669 582 ex
707 525 971 597 Gregorio
1015 524 1295 595 Theologo
1340 524 1628 594 pueriliter
1659 524 1939 595 decerptis
1962 566 1980 592 ,
2029 526 2179 597 quod

600 616 887 688 indignum
946 615 1317 671 Theodoreto.
1370 615 1652 686 Decerptae
1690 623 1823 671 sunt
1861 615 1982 673 istae
2009 618 2186 673 mani-

602 709 744 764 teste
802 722 869 762 ex
917 705 1174 761 Oratione
1236 708 1293 760 in
1347 706 1709 763 Athanasium
1746 705 1815 762 3’.
1869 705 2073 777 Ἄλλην
2124 706 2185 771 ἐξ

596 798 766 871 ἄλλης
788 797 1034 870 ἀμείϐων
1063 797 1270 870 χώραν,
1301 798 1558 867 καθάπερ
1602 796 1944 869 Αἰγυπτιακὴ
1971 816 2055 861 τις
2083 798 2187 869 μά-

602 892 720 958 στιξ
751 894 816 963 τῇ
854 891 1069 963 μεγάλῃ
1119 890 1229 944 τῶν
1268 890 1587 961 Ἀντιοχέων
1622 889 1890 961 ἐνέσκηψε
1914 890 2090 955 πόλει,
2127 892 2187 944 ἐν

600 979 773 1052 ταύτῄ
821 980 997 1048 λόγων
1034 979 1357 1049 ἐλευθερίων
1401 981 1637 1053 μετρίως
1684 978 2061 1051 μετεσχηκώς.
2116 981 2186 1036 Et

599 1072 763 1142 paulo
795 1081 923 1142 post
942 1070 989 1105 ⁸ο
1020 1112 1033 1126 .
1065 1071 1333 1126 Ἐνταῦθά
1364 1090 1454 1142 μοι
1480 1073 1665 1126 λοιπὸν
1694 1073 1789 1125 καὶ
1816 1073 1884 1127 τὰ
1911 1072 2184 1143 δράματα,

599 1156 673 1214 ὧν
701 1160 900 1233 μικροῦ
934 1161 1151 1233 πλήρης
1181 1163 1330 1215 πᾶσα
1353 1164 1424 1232 γῆ
1455 1179 1513 1215 τε
1536 1162 1630 1214 καὶ
1661 1161 1919 1214 θάλαττα.
1960 1160 2049 1224 Ὠς
2076 1160 2188 1230 γὰρ

597 1254 690 1306 τὸν
729 1253 986 1323 μέγιστον
1009 1255 1216 1308 ἐκεῖνον
1247 1253 1511 1308 κατέλαϐε
1547 1252 1754 1323 Θρὸνον,
1784 1252 2037 1323 καθάπερ
2063 1252 2188 1307 τινὰ

600 1346 896 1416 τυραννίδα
927 1346 1026 1417 τῆς
1059 1345 1472 1418 ἀρχιερωσύνης
1504 1346 1606 1417 τὴν
1643 1346 1978 1417 προστασίαν
2012 1347 2188 1417 ἁρπάι

604 1454 722 1499 σας.
770 1437 852 1492 Ex
903 1436 1160 1493 Oratione
1203 1439 1275 1492 ad
1319 1436 1548 1491 Arianae
1585 1436 1675 1490 ἰε
1720 1438 1871 1491 Οἴκοι
1910 1436 1979 1491 τὰ
2016 1437 2187 1493 πολλὰ

602 1526 828 1596 βιϐλίοις
871 1529 1222 1599 προσανέχων
1245 1567 1260 1588 .
1299 1530 1391 1581 καὶ
1441 1527 1561 1581 καθ’
1595 1527 1826 1598 ἡσυχίαν
1861 1527 2037 1599 ἑαυτῷ
2062 1544 2191 1597 συγ·-

597 1618 901 1688 γινόμενος.
949 1617 1209 1688 Spurium
1242 1617 1409 1688 igitur
1432 1625 1518 1672 est
1551 1625 1717 1687 atque
1769 1617 2186 1688 supposititium

602 1708 681 1773 id,
718 1711 1096 1781 cujuscunque
1125 1710 1273 1764 modi
1304 1719 1410 1773 est,
1440 1711 1730 1780 scriptum.

2283 547 2348 596 ac
2377 533 2553 603 ipsam
2577 534 2841 604 pietatem
2881 535 3182 603 damnare;
3220 538 3317 608 qui
3350 539 3542 612 injuste
3568 552 3622 601 et
3663 548 3823 622 inique

2282 624 2577 681 damnatus
2605 627 2680 681 sit
2710 626 2949 698 Ephesi;
3001 645 3167 700 quem
3199 631 3336 685 socii
3366 642 3609 702 pastores
3632 640 3826 700 calamis

2281 715 2473 785 inique
2520 717 2865 783 occiderint;
2904 720 3063 790 cujus
3120 718 3534 778 damnatoribus
3578 741 3825 800 nunquam

2282 808 2401 879 ipse
2425 809 2497 863 sit
2523 809 3053 876 communicaturus,
3080 811 3185 865 etsi
3216 811 3563 870 membratim
3581 816 3827 892 discerpa-

2284 908 2394 955 tur.
2432 919 2452 952 ι
2504 899 2663 955 Nunc
2697 915 2851 966 vero,
2892 900 2939 957 si
2970 902 3045 956 sit
3080 910 3276 957 auctor
3321 903 3582 972 epistola,
3620 924 3717 979 qua
3770 912 3827 968 de

2284 993 2489 1064 agitur,
2551 992 2809 1047 eumdem
2856 992 3102 1062 appellat
3163 1011 3182 1044 ε
3249 1003 3541 1062 amentem,
3587 997 3828 1069 ﬂagellum

2283 1084 2689 1156 Egyptiacum,
2716 1085 3148 1139 instrumentum
3172 1085 3436 1141 «iunonis
3452 1088 3828 1148 mendaciorum

2285 1177 2482 1247 patris,
2514 1176 2893 1233 Christianum
2929 1176 3117 1246 specie
3149 1177 3323 1247 magis
3353 1192 3517 1247 quam
3545 1180 3731 1251 reipsa,
3761 1193 3830 1254 ty-

2287 1269 2537 1325 rannidis
2560 1268 2960 1333 aﬁ‘ectatorem,
3006 1268 3260 1339 impium,
3316 1268 3705 1340 blasphetnum,
3746 1288 3832 1329 nu-

2285 1361 2491 1432 gaciter
2522 1360 2869 1426 delirantem,
2896 1361 3065 1415 stulta
3089 1360 3416 1430 sapientem,
3437 1361 3532 1430 qui
3554 1362 3830 1433 simplicem

2286 1462 2344 1509 et
2366 1452 2604 1508 artiﬁcio
2628 1461 2908 1508 carentem
2950 1451 3115 1507 ﬁdem
3146 1461 3392 1507 nostram
3420 1453 3734 1511 Graecanicis
3758 1473 3832 1512 ar-

2288 1546 2456 1616 gutiis
2484 1545 2742 1612 turbarit,
2779 1544 2873 1614 qui
2910 1544 3233 1615 pontiﬁcatu
3271 1560 3374 1615 per
3412 1554 3625 1601 sanctos
3657 1547 3832 1617 Ephesi

2287 1645 2686 1708 congregatos,
2739 1636 2931 1692 divino
2972 1635 3242 1708 suﬁ‘ragio
3299 1636 3546 1708 dejectus
3600 1638 3705 1705 sit,
3755 1643 3833 1711 qui

2291 1727 2475 1783 edicto
2503 1728 2852 1798 imperatoris
2872 1726 3058 1783 Oasim
3080 1724 3269 1799 jussus
3290 1727 3563 1794 habitare,
3579 1730 3670 1800 qui
3688 1730 3830 1786 futuri

669 1802 756 1858 Ἧι
795 1802 900 1857 Sed
921 1802 1172 1872 Spurium
1203 1817 1326 1857 esse
1359 1802 1540 1872 ίρειιηι
1582 1818 1805 1874 quoque
1853 1814 2023 1875 call“l
2051 1805 2194 1861 duo‘
2221 1796 2264 1852 Β
2291 1796 2599 1893 impiorum
2612 1821 2865 1892 supplicii
2897 1820 3049 1876 illinc
3081 1796 3379 1892 sumpserit
3413 1796 3718 1888 exordium,
3742 1838 3832 1879 sua:

596 1895 873 1951 decimum
896 1895 1024 1950 libri
1046 1895 1229 1965 quarti
1270 1895 1655 1951 Hereticarum
1688 1897 2016 1968 fabularum,
2041 1900 2187 1955 invi-

600 1993 765 2054 toque
792 1985 1142 2041 Theodoreto
1176 1994 1452 2052 assutum,
1486 1988 1691 2044 invicte
1724 1989 2020 2046 conﬁcitur
2042 1989 2113 2056 ⁸⁸,
2139 1992 2186 2047 si

596 2076 956 2132 conferantur
986 2078 1134 2133 inter
1158 2093 1238 2144 se,
1273 2088 1392 2133 tum
1414 2094 1537 2150 qua:
1573 2068 1961 2139 Theodoretus
1993 2084 2050 2138 in
2075 2099 2188 2139 uno

596 2170 901 2240 eodemque
926 2185 1094 2240 opere
1131 2171 1517 2226 erett'carum
1537 2171 1842 2242 fabularum
1865 2174 2051 2243 habet,
2071 2184 2188 2232 tum

595 2276 718 2331 quae
758 2262 826 2317 de
868 2261 1126 2318 Nestorio
1152 2264 1541 2334 episcOpisque
1580 2265 1704 2335 ejus
1749 2265 2185 2335 damnatoribus,

596 2355 715 2424 ipse
747 2364 805 2411 et
833 2356 1137 2410 assumenti
1172 2363 1369 2410 auctor
1394 2355 1670 2411 scribunt.

670 2443 780 2499 νη.
815 2444 1203 2500 Theodoretus
1220 2446 1277 2499 in
1296 2445 1619 2515 praefatione
1639 2446 1908 2504 librorum
1942 2451 2187 2523 quinque

595 2535 987 2591 Hiereticarum
1010 2535 1318 2606 fabularum
1351 2536 1675 2607 pollicetur,
1707 2554 1767 2595 se
1800 2540 2068 2598 adversus
2092 2558 2190 2600 eos

595 2628 1007 2699 disputaturum
1044 2629 1103 2683 in
1137 2629 1283 2684 libro
1299 2630 1775 2701 quinto,quorum
1810 2632 1864 2688 in
1888 2634 2011 2691 aliis
2031 2650 2191 2692 erro-

598 2736 690 2776 res
725 2720 1091 2791 exposuisset.
1148 2720 1331 2787 Quare
1372 2722 1630 2777 hortatur
1658 2723 1892 2779 .ihidem
1941 2743 2059 2792 eos,
2091 2728 2187 2799 qui

596 2813 796 2869 lecturi
838 2820 987 2878 sunt,
1026 2832 1044 2864 ι
1084 2820 1147 2868 ut
1196 2813 1583 2869 haereticorum
1625 2814 1942 2886 dogmatum
1989 2834 2190 2874 unum—

595 2906 854 2975 quodque
891 2921 1016 2961 cum
1050 2906 1306 2963 veritatis
1354 2906 1608 2963 doctrina
1650 2919 1990 2980 comparent,
2030 2914 2189 2985 cujus

594 2997 674 3052 rei
712 2997 887 3069 gratia
924 2997 1155 3068 quintus
1208 2998 1353 3053 liber
1400 2998 1752 3070 conscriptus
1795 2998 1911 3055 sit:
1967 3002 2189 3061 visuros

593 3090 799 3161 quippe
821 3090 965 3145 hanc
987 3089 1166 3145 divini
1202 3089 1447 3161 Spiritus
1480 3092 1703 3146 oracula
1731 3093 1911 3163 sequi,
1940 3094 2033 3150 illa
2053 3111 2187 3151 vero

593 3156 777 3252 pravae
792 3180 1147 3251 cogitationis
1165 3156 1387 3236 inventa
1402 3195 1544 3236 esse.
1557 3199 1577 3233 ›
1595 3181 1758 3252 Atqui
1774 3156 1872 3239 lib.
1884 3156 1940 3251 v,
1953 3200 2073 3257 cap.
2094 3187 2183 3252 Η,
2213 3156 2256 3215 C

590 3273 738 3343 quod
755 3282 842 3329 est
854 3274 929 3327 Πε
937 3274 992 3345 pl
1008 3272 1110 3343 τῆς
1127 3271 1220 3326 τοῦ
1248 3273 1502 3344 Σωτῆρος
1530 3275 1860 3346 οἰκονομίας,
1872 3278 1976 3333 etsi
1997 3293 2189 3336 νεοθη-

593 3374 711 3421 seat
724 3362 1112 3421 haereticorum
1139 3364 1385 3431 nomina,
1401 3379 1638 3436 quorum
1652 3375 1816 3423 antea
1829 3370 2096 3426 retulerat
2117 3371 2188 3427 de

594 3457 995 3515 incarnationis
1013 3456 1277 3528 mysterio
1309 3471 1528 3513 errores
1557 3474 1574 3512 :
1607 3459 1846 3530 appellat
1867 3462 2022 3516 enim
2049 3460 2189 3517 Cer-

594 3550 818 3615 donem,
861 3550 1219 3615 Marcionem,
1263 3547 1568 3616 Manetem,
1604 3550 1972 3617 Cerinthum,
2016 3552 2187 3608 Ebio-

594 3656 776 3709 meos,
813 3641 1249 3704 Theodotianos,
1287 3641 1751 3709 Artemoniauos,
1801 3643 2183 3710 Photinianos,

537 3728 540 3731 “
595 3734 811 3801 Arium,
870 3734 1224 3800 Ennomium,
1282 3742 1340 3790 et
1399 3734 1837 3807 Apollinarium,
1890 3750 1963 3790 ne
2012 3736 2188 3793 verbo

597 3824 824 3896 quidem
878 3824 1193 3881 Nestorium
1243 3832 1340 3879 aut
1403 3833 1705 3889 memorat,
1757 3831 1854 3879 aut
1908 3824 2184 3896 indigitat.

599 3917 874 3974 Debuerat
902 3925 1108 3982 tamen,
1159 3916 1205 3972 si
1238 3916 1395 3989 prius
1419 3917 1569 3972 inter
1605 3916 1902 3972 haereticos
1929 3917 2182 3974 censuis-

594 4017 700 4066 set.

669 4123 802 4180 Vill.
838 4123 1071 4188 Deinde,
1107 4121 1375 4178 credibile
1427 4135 1540 4176 non
1596 4128 1702 4189 est,
1745 4120 2180 4192 Theodoretum,

591 4216 689 4287 qui
721 4230 877 4271 suam
912 4213 1201 4286 magniﬁce
1227 4212 1600 4284 depraedicare
1622 4212 1822 4270 solitus
1845 4222 1933 4271 est
1962 4214 2019 4270 in
2050 4231 2184 4287 pro-

594 4308 778 4380 posito
828 4306 1067 4362 tenendo
1120 4304 1511 4370 constantiam,
1576 4306 1782 4377 quique
1844 4305 2186 4363 conﬁdenter

593 4404 780 4468 negat,
827 4411 887 4451 se
922 4396 1159 4452 similem
1183 4393 1401 4468 polypis
1443 4393 2063 4465 chamelaaontibusque,
2116 4395 2185 4451 ad

2288 1912 2464 1983 ipsius
2488 1913 2744 1969 amentiae
2770 1911 2949 1966 factus
2979 1911 3305 1967 ludibrium.
3337 1931 3357 1964 ι
3398 1912 3531 1979 Quis
3553 1912 3665 1968 haec
3695 1914 3832 1969 unius

2289 2005 2532 2060 hominis
2558 2004 2729 2060 verba
2764 2019 2887 2059 esse
2920 2003 3129 2069 credat,
3162 2004 3304 2059 licet
3346 2004 3577 2059 diversis
3610 2005 3835 2075 tempori-

2289 2097 2441 2154 bus?
2468 2097 2604 2164 Quis
2629 2098 2782 2153 illius
2807 2096 3017 2162 credat,
3060 2096 3156 2168 qui
3185 2112 3258 2152 ne
3294 2095 3352 2151 in
3380 2096 3611 2153 concilio
3644 2097 3831 2168 quidem

2287 2190 2747 2255 Chalcedonensi,
2786 2189 3140 2260 quantumvis
3168 2197 3405 2259 utraque
3445 2198 3679 2259 potestas
3699 2202 3835 2260 urge.

2288 2291 2395 2349 ret,
2457 2283 2777 2339 Nestorium
2823 2290 3037 2353 sponte,
3095 2281 3192 2338 sed
3246 2283 3305 2337 vi
3362 2289 3577 2338 tantum
3628 2288 3831 2345 coactus,

2288 2375 2636 2432 damnaverit
2665 2376 2689 2429 ?

2360 2468 2546 2536 Quid?
2593 2467 2740 2539 quod
2794 2467 3146 2524 damnatores
3191 2467 3460 2533 Nestorii,
3505 2481 3639 2538 quos
3661 2466 3833 2537 episto-

2289 2561 2358 2617 lae
2388 2559 2435 2594 ⁸³
2465 2568 2660 2616 auctor
2687 2568 2907 2616 sanctos
2920 2566 3102 2624 vocat,
3131 2565 3187 2612 et
3212 2557 3407 2613 divino
3435 2557 3641 2630 Spiritu
3664 2554 3837 2611 amatos

2266 2655 2450 2720 adicit,
2487 2653 2875 2709 Theodoretus
2901 2649 2950 2684 “
2986 2651 3227 2722 appellat
3267 2670 3286 2702 ι
3326 2649 3701 2706 interfectores
3725 2646 3836 2702 socii

2289 2747 2548 2818 pastoris,
2578 2755 2933 2816 corruptores
2961 2745 3136 2799 vineae
3179 2743 3289 2799 sibi
3327 2741 3572 2808 creditae,
3618 2738 3837 2810 inquina-

2292 2847 2440 2895 tores
2462 2838 2736 2909 portionis
2774 2837 3091 2901 Dominicae,
3118 2836 3465 2891 desolatores
3498 2833 3610 2906 agri
3646 2830 3836 2893 Christi,

2289 2929 2434 2986 ﬁlios
2466 2938 2765 3000 apostatas,
2807 2943 3045 3000 quorum
3092 2942 3295 2983 manus
3321 2927 3548 2999 pollutae
3593 2922 3836 2996 sanguine,

2288 3040 2354 3081 os
2399 3022 2725 3079 meditatum
2770 3021 3159 3094 iniquitatem,
3208 3020 3400 3092 lingua
3444 3018 3745 3090 injustitiam
3777 3013 3839 3067 lo-

2289 3124 2448 3181 cuta;
2488 3133 2506 3168 ι
2537 3123 2595 3170 et
2621 3114 2729 3170 alio
2763 3113 3000 3183 inloco,
3039 3132 3057 3164 ι
3089 3112 3292 3167 surdos
3341 3121 3399 3168 et
3446 3125 3616 3167 caecos
3659 3113 3843 3179 sponta-

2290 3221 2450 3272 neos,
2480 3213 2667 3260 mente
2705 3212 2913 3277 captos,
2948 3201 3379 3274 Apollinarianm
3416 3199 3704 3271 impietatis
3730 3211 3843 3267 pra:-

2294 3311 2484 3361 cones,
2505 3295 2727 3351 invidia:
2764 3294 3059 3365 mancipia,
3090 3293 3185 3364 qui
3217 3291 3449 3349 veritati
3486 3289 3723 3363 proprias
3743 3300 3842 3357 pas-

2291 3389 2479 3444 siones
2532 3386 2851 3458 praeferant,
2899 3384 3106 3456 quique
3148 3392 3383 3455 propter
3423 3384 3688 3438 humanas
3709 3379 3846 3434 alter-

2289 3478 2535 3535 cationes
2565 3479 2679 3535 Deo
2712 3477 2967 3549 prcelium
3009 3475 3212 3531 inferre
3245 3475 3372 3532 ausi
3407 3476 3539 3540 sint,
3574 3483 3675 3530 etc.
3712 3490 3730 3524 ι
3760 3468 3848 3525 lte-

2289 3589 2415 3628 rum
2452 3572 2600 3636 dico.
2629 3570 2754 3643 quis
2785 3569 2977 3627 credat
3004 3569 3123 3624 haec
3168 3568 3240 3624 ab
3289 3584 3407 3625 uno
3447 3567 3738 3636 eodemque
3761 3562 3846 3617 ho-

2288 3667 2461 3733 mine,
2511 3673 2569 3721 et
2605 3663 2830 3736 quidem
2865 3671 3083 3718 amante
3128 3661 3335 3717 famam
3363 3654 3849 3723 constantire,dicta

2287 3772 2431 3826 esse,
2482 3772 2589 3814 nec
2636 3756 2938 3812 indicatum
2970 3755 3085 3810 ullo
3113 3753 3325 3820 verbo,
3373 3768 3501 3824 quae
3546 3758 3689 3807 tanta
3712 3760 3848 3804 causa

2288 3849 2459 3905 fuerit
2489 3855 2713 3903 mutatae
2740 3856 2890 3902 tanta
2918 3846 2973 3900 in
3000 3860 3061 3899 re
3087 3844 3383 3900 sententia:
3405 3845 3430 3897 ?

2358 3941 2426 3998 Χ.
2464 3942 2670 3997 Verum
2733 3938 2919 3994 adhuc
2966 3937 3210 4010 pressius
3262 3945 3553 3993 auctorem
3585 3927 3853 3990 assumenti

2287 4044 2346 4092 et
2391 4032 2809 4089 Theodoretum
2844 4032 3024 4103 ipsum
3070 4043 3496 4100 componamus.
3560 4025 3851 4082 Aitauctor,

2289 4136 2347 4177 se
2380 4120 2620 4187 nescire,
2656 4119 2967 4192 cujusmodi
3000 4117 3200 4173 studiis
3246 4117 3324 4173 sit
3357 4116 3665 4173 innutritus
3684 4112 3853 4168 Nesto-

2289 4213 2429 4269 rius.
2482 4211 2707 4269 Sciebat
2748 4211 2921 4283 probe
2960 4208 3379 4280 Theodoretus,
3437 4204 3711 4263 Theodori
3759 4199 3853 4257 Mo-

2287 4302 2572 4375 psuesteni
2622 4301 2824 4357 studiis
2863 4299 3196 4355 innutritum
3230 4315 3243 4351 :
3275 4297 3387 4353 fuit
3412 4296 3565 4352 enim
3612 4288 3855 4350 condisci-

2287 4395 2452 4466 pulus
2491 4391 2721 4449 Joannis
2776 4388 3107 4447 Antiocheni
3132 4429 3148 4455 ,
3193 4386 3447 4444 Joannes
3497 4382 3732 4442 Nestorii
3771 4376 3856 4434 sub

557 4522 561 4527 ·
594 4493 611 4511 ⁸
643 4488 893 4561 singula,
937 4488 1141 4560 quibus
1194 4487 1581 4543 adhaerescunt
1623 4500 1887 4557 corpora,
1948 4486 2181 4566 formam
2218 4498 2258 4552 ο
2289 4484 2584 4541 Theodoro
2612 4484 2895 4556 magistro.

593 4583 1112 4649 commutantibus;
1146 4580 1242 4652 qui
1270 4578 1590 4636 Nestorium
1622 4577 1907 4634 immensis
1926 4578 2187 4636 laudibus

592 4664 890 4741 extulerat,
930 4681 988 4729 et
1028 4673 1100 4728 iis
1148 4670 1374 4743 quidem
1415 4669 1676 4742 publicis,
1718 4683 1783 4725 ac
1815 4676 1934 4725 toto
1965 4669 2191 4727 Oriente

2357 4575 2449 4631 Ait
2499 4584 2716 4643 auctor,
2767 4575 3084 4630 Nestorium
3117 4573 3282 4629 aliam
3339 4588 3409 4629 ex
3451 4570 3562 4628 alia
3607 4566 3856 4640 regionem

2289 4668 2680 4733 commutasse,
2734 4666 3070 4737 tandemque
3119 4665 3175 4719 in
3222 4680 3488 4736 magnam
3539 4654 3860 4719 Antiochiam

597 4763 657 4817 in
720 4770 919 4817 testem
977 4760 1287 4832 appellato,
1351 4759 1407 4813 in
1458 4758 1713 4813 eumdem
1760 4767 1952 4830 postea
1996 4758 2192 4816 eﬁ‘reni
2292 4761 2586 4833 irrupisse.
2641 4759 3025 4816 Theodoretus
3070 4765 3309 4835 noverat
3346 4757 3559 4813 vixisse
3602 4754 3658 4809 in
3704 4751 3861 4807 Lauta

591 4855 815 4910 licentia
844 4854 1242 4910 debacchatum
1270 4866 1414 4915 esse,
1440 4850 1590 4906 nulla
1620 4851 1778 4922 prius
1806 4852 2182 4909 admonitione

593 4948 901 5019 praemissa,
937 4962 1046 5017 qua
1079 4960 1273 5001 causas
1304 4951 1658 5000 commutatae
1694 4944 1983 5001 sententiae
2008 4945 2180 5002 lecto-

592 5041 769 5105 ribus,
794 5038 1226 5095 inconstantiam
1250 5036 1581 5107 objecturis,
1618 5037 1896 5093 redderet.

658 5133 752 5189 IX.
776 5132 1094 5189 Nestorium
1131 5138 1282 5185 certe
1324 5144 1436 5184 non
1469 5129 1638 5185 semel
1684 5139 1845 5186 antea
1888 5140 2183 5187 vocaverat

598 5245 616 5278 ι
654 5222 1066 5297 pientissimum
1106 5229 1165 5278 et
1192 5222 1563 5278 venerabilem
1614 5222 1955 5293 episcOpum,
1995 5224 2179 5277 virum

590 5313 1041 5378 sanctissimum,
1096 5328 1484 5384 summumque
1531 5313 1626 5369 Dei
1669 5314 2033 5379 sacerdotem,
2087 5314 2185 5384 qui

590 5406 732 5463 nihil
784 5412 988 5478 praeter
1047 5405 1353 5462 doctrinam
1405 5406 1572 5479 408
1623 5423 1811 5463 sanam
1873 5406 2094 5463 noverit
2128 5414 2186 5461 et

2292 4855 2467 4911 sancti
2514 4853 2779 4925 Euprepii
2826 4867 3000 4924 prope
3054 4851 3438 4917 Antiochiam,
3478 4852 3592 4905 imo
3619 4856 3671 4904 et
3693 4843 3865 4902 Antio-

2289 4945 2431 5001 chiae
2461 4945 2821 5015 baptizatum,
2846 4958 2973 4999 cum
3007 4942 3189 4999 adhuc
3220 4950 3376 4998 esset
3410 4959 3575 5013 puer.

2361 5037 2453 5092 Ait
2507 5045 2735 5101 auctor,
2782 5035 3092 5092 ostendisse
3136 5033 3469 5090 Nestorium
3521 5034 3579 5089 in
3620 5026 3863 5086 exordio.

2291 5128 2472 5198 qualis
2508 5134 2623 5182 tota
2656 5127 2770 5182 vita
2790 5135 2937 5182 esset
2984 5126 3224 5181 futurus.
3278 5123 3448 5181 Hunc
3507 5120 3868 5180 Theodoretus

2291 5221 2497 5292 ubique
2519 5220 2724 5290 passim
2750 5218 3182 5283 sanctissimum,
3213 5226 3270 5272 et
3309 5218 3496 5289 ipsam
3528 5230 3673 5289 pene
3718 5210 3869 5283 pieta—

2290 5321 2400 5369 tem
2427 5319 2608 5367 vocat.

2359 5403 2501 5471 Quid
2535 5400 2715 5476 plura,
2741 5403 3056 5459 Nestorium
3077 5411 3273 5460 auctor
3296 5402 3637 5459 nominatim
3671 5405 3724 5454 et
3751 5408 3868 5448 con-

1940 5560 2259 5619 SCHULZII
2291 5559 2522 5616 NOTAE.

657 5679 703 5712 "
730 5675 1094 5752 Vide__\_'erba
1134 5680 1258 5752 ista,
1299 5679 1462 5752 LJV,
1496 5696 1551 5752 p_.
1606 5678 1775 5752 19w.
1870 5678 2115 5752 "Albidu

594 5819 748 5877 addit
785 5834 956 5876 verus.
1013 5819 1039 5902 ⁷.

657 5679 703 5712 ⁷⁸
730 5676 870 5733 Vide
927 5678 1094 5736 verba
1134 5680 1258 5745 ista,
1299 5689 1339 5735 t.
1371 5679 1462 5747 iV,
1496 5696 1551 5752 p.
1606 5678 1764 5734 10w.
1870 5679 1916 5711 ⁸ο
1950 5678 2115 5744 lbid.,
2150 5693 2207 5749 p.
2262 5676 2417 5732 1045.
2489 5676 2533 5707 ⁸³
2566 5676 2707 5731 lbid.
2801 5676 2849 5707 "
2874 5676 2951 5730 De
2999 5676 3103 5728 hac
3134 5676 3395 5728 Gamerii
3439 5676 3447 5724 l

590 5764 779 5822 supra,
822 5755 863 5802 ι.
890 5746 980 5814 ιν,
1010 5767 1066 5822 p.
1096 5749 1219 5808 368.
1260 5751 1308 5784 ⁸³
1331 5750 1605 5822 Epistolw.
1638 5750 1889 5805 Oudinus
1920 5748 1958 5803 l.
1995 5764 2070 5814 c.,
2098 5764 2153 5818 p.
2188 5746 2346 5813 “05,
2381 5744 2534 5802 addit
2559 5754 2608 5799 et
2638 5746 2827 5817 capitis
2860 5743 2944 5799 η.
2990 5743 3034 5776 ⁸⁸
3067 5740 3447 5799 Theodoretus.

2801 5675 2849 5707 "
2874 5674 2951 5730 De
2999 5673 3103 5728 hac
3134 5670 3395 5728 Gamerii
3438 5661 3726 5739 hypothesi
3761 5650 3871 5739 yid}!

2489 5675 2533 5707 '"
2566 5674 2707 5731 lbid.
2801 5675 2849 5707 "
2874 5674 2951 5730 De
2999 5674 3103 5728 hac
3134 5674 3395 5728 Gamerii
3439 5674 3726 5793 hjgmttiest
3761 5674 3871 5710 vum

2491 5744 2534 5793 it
2559 5754 2608 5793 et
2638 5746 2827 5793 canitis
2860 5743 2944 5793 η.
2990 5743 3034 5776 ⁸⁸
3067 5740 3447 5793 Theodoretus.
3541 5736 3739 5793 udmus
3763 5727 3798 5784 1.
3823 5736 3871 5779 C-
