4070 6464
278 360 380 424 357

1456 350 1552 411 DE
1593 348 1848 411 LIBRIS
1885 347 2371 410 THEODORETI

3439 357 3545 422 358

192 542 202 551 _
284 471 536 541 temptim
587 469 872 540 appellat;
918 467 1084 540 5.09
1125 478 1395 536 nusquam
1443 466 1578 530 fere,
1612 473 1705 518 aut
1732 479 1869 518 non—
1897 466 1942 523 Δ
2033 462 2146 516 XV.
2179 462 2408 525 Deinde,
2442 463 2656 518 tametsi
2702 464 3016 526 Historiam,
3054 481 3161 535 qua
3201 465 3269 521 de
3307 468 3573 537 agimus,‘

284 563 382 616 nisi
402 561 714 616 honoriﬁce
732 560 1130 617 Theodoretus.
1153 560 1221 613 Et
1249 574 1379 612 vero
1395 558 1438 589 ⁸⁵
1467 557 1643 626 capite
1668 557 1864 610 lllibri

285 653 461 723 quinti
494 668 624 706 cum
658 659 1015 706 enumeraret
1059 651 1294 705 haereses
1331 649 1594 704 adversus
1621 649 1870 702 incarna-

287 744 451 799 tionis
482 741 675 806 ﬁdem,
708 742 1158 812 singularumque
1203 749 1456 795 auctores
1482 749 1539 794 et
1572 740 1869 793 acerrimos

285 836 610 891 defensores
644 841 985 895 recenseret,
1016 833 1221 886 nullam
1275 831 1405 885 fecit
1455 829 1689 884 Nestorii
1719 844 1872 882 men-

285 927 537 992 tionem;
593 925 869 979 debuerat
912 932 1095 978 tamen
1134 921 1394 987 maxime,
1440 936 1566 975 cum
1617 928 1871 991 ageretur

289 1016 355 1070 de
382 1015 452 1069 iis
484 1013 584 1083 qui
609 1012 894 1068 Christum
921 1027 1122 1081 purum
1149 1011 1428 1065 hominem
1463 1010 1740 1064 dixerunt.

354 1102 448 1156 XL
479 1103 652 1171 Atqui
681 1101 886 1155 dixerit
917 1101 1190 1170 quispiam
1219 1118 1232 1153 :
1271 1099 1503 1154 Photius
1535 1107 1592 1154 et
1623 1098 1873 1154 Theodo-

287 1208 377 1247 rus
406 1192 625 1254 Abbas,
656 1199 916 1246 auctores
944 1190 1135 1259 procul
1171 1189 1341 1243 dubio
1375 1203 1569 1258 graves
1621 1197 1676 1242 et
1727 1187 1870 1242 anti-

287 1283 399 1352 qui.
453 1289 629 1351 caput
684 1281 1073 1335 duodecimum
1111 1280 1236 1333 libri
1273 1279 1452 1348 quarti
1489 1279 1872 1332 Hatreticarum

290 1372 622 1442 fabularum,
640 1370 788 1439 quod
817 1371 886 1424 ab
910 1371 1139 1440 epistola
1165 1385 1278 1423 non
1301 1369 1507 1433 differt,
1527 1368 1872 1423 Theodoreto

291 1465 583 1527 tribuunt;
631 1463 770 1531 quin
816 1462 982 1516 etiam
1036 1461 1302 1516 Leontius
1369 1469 1426 1514 et
1493 1459 1874 1515 Theodoretus

294 1554 418 1608 inde
447 1552 651 1624 jubent
697 1551 946 1622 agnosci,
989 1559 1255 1620 quantum
1280 1566 1480 1604 exosus
1513 1560 1659 1604 esset
1691 1550 1871 1604 Theo-

305 1647 485 1701 doreto
502 1645 800 1701 Nestorius
831 1661 845 1697 :
870 1643 1011 1698 adde
1043 1643 1190 1712 quod
1220 1643 1542 1713 jubentibus
1571 1649 1875 1712 paruerunt

299 1740 668 1808 posteriorum
693 1747 1004 1805 temporum
1038 1734 1145 1788 viri
1172 1749 1302 1789 sane
1329 1733 1708 1798 eruditissimi,
1732 1749 1871 1803 quo-

297 1846 412 1885 rum
446 1830 772 1899 opinionem
799 1828 1110 1882 convellere
1133 1842 1242 1880 non
1275 1827 1412 1881 levis
1431 1834 1516 1882 est
1535 1841 1736 1896 Operae.

359 1922 477 1976 ΧΠ.
516 1922 596 1975 Ea
620 1936 710 1975 me
743 1919 907 1982 ratio,
933 1918 1129 1983 fateor,
1156 1919 1251 1974 diu
1277 1919 1454 1974 tenuit
1482 1934 1582 1973 suo
1603 1926 1879 1972 momento

288 2027 628 2082 suspensum
671 2027 737 2066 ac
777 2010 1034 2077 dubium,
1073 2025 1177 2066 nec
1217 2010 1520 2066 etiamnum
1556 2010 1689 2064 sinit
1723 2024 1876 2072 esse,

288 2115 367 2158 tot
401 2105 537 2159 licet
567 2104 848 2173 tantisque
869 2104 927 2158 in
951 2105 1290 2159 contrarium
1318 2103 1653 2172 argumentis
1677 2117 1879 2172 urgen-

286 2195 458 2258 tibus,
503 2193 907 2247 certissimum.
948 2193 1153 2247 Verum
1199 2208 1229 2246 a
1269 2192 1546 2248 sententia
1589 2191 1877 2257 dimoveri,

284 2303 387 2342 nec
413 2286 682 2349 istorum,
708 2300 812 2339 nec
847 2284 1066 2338 illorum
1094 2284 1419 2340 auctoritate
1447 2299 1670 2352 possum
1691 2282 1882 2348 ;video

285 2377 496 2446 quippe
523 2390 636 2444 qua
666 2382 819 2443 parte
850 2373 1101 2428 elevetur
1129 2373 1174 2404 ⁸⁸
1202 2391 1214 2426 :
1247 2388 1374 2426 nam
1409 2372 1515 2426 viri
1543 2386 1884 2440 consequen-

283 2473 355 2525 tis
379 2469 487 2524 τεισὶ
521 2467 794 2530 Leontio,
824 2465 1022 2520 Photio
1062 2473 1118 2520 et
1163 2463 1453 2518 Theodoro
1481 2463 1836 2517 crediderunt
1865 2477 1878 2512 :

285 2562 564 2617 Leontius
618 2569 803 2614 autem
843 2573 971 2613 eum
1030 2556 1249 2610 duobus
1296 2555 1409 2610 fere
1462 2563 1587 2624 post
1635 2552 1879 2615 saeculis,

288 2651 525 2709 Photius
560 2649 762 2712 tribus,
785 2646 1111 2701 Theodorus
1143 2644 1326 2699 adhuc
1356 2643 1534 2698 serius
1560 2642 1879 2711 scripserit;

287 2751 601 2816 potuerunt
624 2757 738 2795 non
769 2739 1063 2794 admodum
1095 2736 1300 2792 diﬁicili
1346 2735 1567 2806 negotio
1601 2734 1733 2797 falli,
1780 2733 1884 2787 hac

292 2832 601 2904 appendiec
619 2829 946 2900 jamdudum
962 2827 1032 2881 ab
1055 2827 1243 2896 aliquo
1268 2822 1604 2879 Theodoreti
1635 2821 1884 2876 studioso

301 2927 368 2981 ad
419 2925 632 2979 librum
673 2931 936 2992 quartum
995 2919 1382 2974 Hmreticarum
1426 2913 1730 2985 fabularum
1784 2913 1882 2967 ad-

298 3018 432 3072 dita.

1971 556 2356 611 Theodoretus
2399 554 2656 626 Cyrensis
2695 571 2804 610 non
2839 557 3143 626 scripserit,
3191 566 3370 627 potest
3404 557 3544 614 alter

1971 647 2189 716 aliquis,
2249 663 2354 700 nec
2398 647 2654 716 ignobilis
2702 663 2802 701 nec
2843 649 3070 702 alterius
3125 650 3386 711 nominis,
3433 650 3543 705 dici

1971 748 2183 792 auctOr.
2207 735 2350 792 Olim
2367 745 2517 792 certe
2533 738 2901 793 Damascenus
2922 749 2978 794 et
2998 740 3321 794 Theodorus
3346 741 3547 795 Lector

1972 829 2196 882 Patrum
2221 836 2404 892 aetate,
2441 828 2712 883 Baronius
2736 845 2868 883 vero
2885 831 2952 884 ad
2975 847 3176 886 annum
3204 831 3327 897 494,
3364 849 3417 886 n.
3455 831 3545 895 60,

1971 920 2288 989 producunt
2339 920 2739 974 Theodoretum
2784 922 3036 986 alterum,
3075 923 3167 992 qui
3217 923 3551 977 Ecclesiasti-

1972 1027 2090 1065 cam
2115 1012 2390 1065 historiam
2414 1013 2805 1081 composuerit,
2833 1015 3038 1082 quique
3068 1016 3225 1086 longe
3256 1031 3286 1069 a
3321 1015 3549 1086 Cyrensi

1973 1100 2160 1164 distet,
2189 1116 2316 1155 cum
2353 1118 2444 1156 res
2470 1101 2758 1156 Anastasio
2801 1103 3104 1173 imperante
3135 1114 3312 1174 gestas
3340 1113 3546 1160 narret.

1977 1190 2136 1245 Hunc
2158 1199 2377 1246 veteres
2418 1191 2494 1245 illi
2532 1191 2642 1246 duo
2669 1191 3075 1248 Theodoretum
3101 1195 3422 1264 simpliciter
3450 1211 3549 1266 ap-

1973 1283 2201 1351 pellant.
2231 1282 2508 1352 juniorem
2533 1283 2799 1338 Baronius
2818 1286 3330 1356 nominat,eumque
3363 1296 3551 1357 aperte

1973 1370 2173 1439 prohat
2201 1385 2312 1424 non
2337 1386 2368 1424 a
2397 1369 2622 1440 Cyrensi
2673 1378 2882 1425 tantum
2932 1371 3280 1427 Theodoreto
3305 1373 3550 1436 diﬂ‘errc,

1975 1462 2071 1516 sed
2103 1462 2270 1516 etiam
2323 1478 2352 1516 a
2399 1460 2691 1518 Theodoro
2725 1463 2975 1526 Lectore,
3013 1463 3069 1518 ln
3096 1479 3205 1533 quo
3233 1465 3552 1520 Damasceni

1975 1551 2320 1607 Scholiasten
2362 1554 2561 1608 merito
2590 1553 2836 1624 castigat,
2898 1563 2961 1608 ut
3006 1570 3167 1623 quem
3202 1564 3450 1624 oporteat
3475 1557 3558 1610 in-

1975 1644 2192 1700 curiose
2223 1655 2501 1700 versatum
2537 1662 2658 1701 esse
2689 1649 2744 1701 in
2770 1647 2892 1701 loco
2918 1647 3261 1711 Damasceni,
3280 1649 3552 1717 siquidem

1975 1735 2378 1790 emendandum
2413 1744 2567 1792 ratus
2615 1738 2716 1800 sit,
2767 1753 3080 1808 nomenque
3129 1739 3405 1793 Theodori
3453 1753 3555 1809 pro

1910 1811 1950 1865 Β
1978 1827 2202 1881 nomine
2249 1827 2579 1884 Theodoreti
2633 1829 3058 1899 subjiciendum.
3127 1830 3356 1896 Quantae
3404 1831 3552 1884 enim

1982 1917 2208 1972 incuriae
2262 1925 2349 1972 est
2404 1917 2595 1974 istbaec
2653 1919 2986 1984 emendatio,
3056 1936 3181 1975 cum
3235 1921 3555 1975 Theodorus

1982 2008 2386 2064 Theodoretum
2428 2009 2578 2065 hunc
2627 2010 2849 2065 laudet?
2899 2011 3136 2066 Baronio
3187 2021 3555 2066 consentanea

1981 2101 2174 2155 scribit
2196 2102 2281 2156 vir
2318 2101 2575 2157 eruditus
2614 2102 2884 2158 Henricus
2926 2104 3176 2159 Valesius
3209 2103 3264 2156 in
3295 2103 3450 2157 Notis
3486 2104 3554 2156 ad

1983 2193 2258 2248 Theodori
2286 2193 2655 2249 Collectanea.

2053 2307 2191 2361 XVI.
2227 2307 2417 2363 Sentio
2447 2309 2614 2379 igitur
2644 2316 2816 2363 totum
2848 2308 2901 2364 id
2935 2309 3002 2376 '",
3036 2310 3181 2379 quod
3207 2310 3292 2363 vel
3328 2309 3558 2379 epistola

1981 2398 2065 2452 vel
2119 2397 2297 2467 capite
2357 2399 2685 2454 duodecimo
2741 2401 3076 2466 continetur,
3143 2418 3172 2456 a
3217 2401 3560 2455 Theodoreto

1977 2489 2197 2560 juniore
2228 2492 2594 2559 compositum
2625 2493 2814 2556 fuisse,
2849 2503 2905 2548 et
2935 2494 3279 2563 suppositum
3311 2493 3558 2565 Cyrensi.

1985 2577 2144 2633 Ratio
2180 2577 2456 2633 sentiendi
2511 2587 2613 2642 est,
2668 2581 2814 2650 quod
2866 2592 3274 2646 assumentum,
3321 2599 3430 2652 quo
3493 2584 3561 2637 de

1985 2667 2222 2736 agimus,
2283 2676 2492 2736 partem
2559 2667 2728 2723 fuisse
2782 2670 3034 2723 Historia
3088 2670 3381 2724 ostendant
3428 2672 3561 2734 tria,

1984 2757 2304 2822 exordium,
2358 2759 2599 2813 medium
2660 2768 2714 2814 et
2769 2760 2911 2815 ﬁnis.
2971 2760 3061 2816 Sic
3115 2761 3260 2815 enim
3326 2763 3559 2834 incipit:

1981 2867 2011 2900 -‹
2049 2849 2346 2919 Postquam
2383 2851 2590 2905 mundo
2626 2852 2888 2922 paulatim
2920 2853 3157 2917 labente,
3203 2862 3256 2908 et
3295 2855 3363 2908 ad
3399 2857 3564 2927 hujus

1985 2941 2229 2995 universi
2275 2941 2693 2995 dissolutionem
2742 2943 3055 3006 festinante,
3083 2945 3461 3014 unusquisque
3503 2963 3562 3002 se

1987 3032 2246 3086 idoneum
2284 3033 2505 3102 pietatis
2531 3034 2850 3103 magistrum
2888 3036 3241 3100 existimarit,
3274 3053 3399 3091 cum
3430 3054 3561 3107 pro-

362 3108 505 3163 ΧΙΙΙ.
543 3106 658 3163 Sed
700 3119 813 3175 quo
853 3113 1098 3198 tempore
1143 3095 1692 3198 fra“5_fama?Cirff
1719 3095 1883 3198 qui”
1911 3142 1952 3198 ε
1986 3131 2110 3192 pter
2157 3095 2481 3192 ignorantiae
2531 3095 2731 3177 fastum
2789 3140 2952 3179 nemo
2980 3125 3189 3180 discere
3231 3095 3559 3191 sustine-ret,

286 3212 424 3264 tam,
467 3200 698 3268 opinor,
729 3194 1034 3268 synodum,
1069 3193 1128 3248 in
1169 3207 1279 3262 qua
1302 3191 1595 3245 damnatus
1626 3185 1884 3241 Theodo-

283 3300 446 3346 retus
475 3303 610 3344 cum
631 3295 800 3349 esset,
827 3283 1065 3340 voluerit
1100 3282 1332 3338 fortasse
1362 3279 1632 3350 quispiam
1687 3290 1884 3348 purum

278 3380 691 3439 consensionis
706 3393 830 3432 cum
855 3376 1112 3442 Nestorio
1131 3380 1414 3444 praestare,
1430 3369 1754 3439 ceterisque
1775 3383 1884 3422 non

277 3471 706 3528 curiosissimis
751 3467 1010 3532 suadere,
1061 3464 1210 3520 haud
1249 3464 1412 3518 aliam
1445 3461 1617 3516 fuisse
1663 3459 1886 3514 damna-

279 3563 466 3620 tionis
493 3576 746 3623 causam,
778 3573 945 3627 quam
970 3556 1118 3626 quod
1151 3553 1439 3626 injuriose,
1464 3561 1524 3606 ut
1553 3550 1615 3605 ﬁt
1642 3549 1887 3605 fervente

280 3655 700 3726 disputatione,
725 3649 1101 3721 cum'Cyrillo
1130 3644 1694 3702 contendisset.Tunc
1723 3641 1888 3696 credo

281 3747 521 3808 factam,
554 3754 618 3797 ut
651 3758 776 3796 cum
825 3741 1051 3810 hujusce
1080 3734 1462 3792 consensionis
1508 3733 1888 3788 Theodoretus

282 3838 507 3894 litteris
539 3835 598 3889 in
637 3834 833 3904 quinta
867 3830 1076 3902 synodo
1106 3827 1294 3883 relatis
1339 3825 1498 3881 facile
1528 3824 1888 3880 convincere-

285 3941 410 3992 tur,
437 3929 548 3982 has
577 3926 647 3979 ab
676 3923 954 3978 hazreticis
986 3918 1250 3974 conﬁctas
1270 3917 1431 3972 amici
1467 3914 1797 3970 Theodoreti
1833 3913 1890 3968 in

283 4019 502 4089 vulgus
563 4015 859 4084 jactarent.
924 4009 1056 4076 Quae
1109 4007 1256 4062 fama
1307 4006 1540 4060 Leontio
1592 4003 1890 4076 imposuit,

285 4107 710 4180 quinquaginta
765 4102 989 4158 circiter
1021 4107 1146 4171 post
1177 4114 1350 4153 annos
1391 4098 1595 4152 librum
1627 4097 1694 4151 de
1729 4095 1891 4150 sectis

285 4202 594 4259 scribenti.

369 4289 517 4344 XIV.
565 4285 676 4342 Sed
712 4283 943 4339 instabit
970 4281 1170 4351 aliquis
1216 4298 1231 4334 :
1278 4279 1334 4335 Si
1383 4275 1667 4349 popularis
1704 4273 1892 4344 opinio

286 4381 573 4440 convulsa
608 4386 749 4442 ruat,
788 4375 1034 4445 illudque
1083 4380 1459 4430 assumentum
1507 4367 1636 4424 libri
1661 4368 1772 4438 jam
1805 4365 1891 4420 di-

289 4475 376 4530 cti
406 4471 828 4543 supposititium
863 4469 956 4534 sit,
992 4467 1215 4523 nutabit
1244 4465 1382 4521 ﬁdes
1407 4461 1653 4518 historia:
1683 4460 1752 4514 de
1777 4474 1893 4512 mo-

288 4566 464 4620 ribus
509 4571 570 4618 et
618 4562 733 4616 vita
777 4559 1018 4616 Nestorii
1074 4555 1381 4613 Antiochiae
1418 4562 1572 4618 acta,
1607 4566 1730 4621 quae
1763 4549 1892 4603 inde

293 4665 524 4711 tantum
554 4655 696 4710 disci
725 4653 976 4708 creditur
1011 4668 1026 4705 :
1057 4648 1336 4721 quomodo
1376 4646 1526 4702 enim
1554 4645 1763 4700 incerto
1791 4657 1892 4696 au-

292 4750 446 4805 ctori
476 4757 631 4803 certa
665 4746 804 4801 ﬁdes
836 4743 1206 4800 adhibeatur?
1251 4741 1451 4798 Verum
1497 4737 1602 4794 etsi
1637 4733 1894 4791 Theodo-

291 4848 463 4895 retus
529 4852 646 4893 non
702 4837 774 4892 sit
834 4834 1137 4892 assumenti
1195 4839 1413 4896 auctor,
1475 4845 1586 4884 non
1632 4826 1895 4882 continuo

291 4933 497 5003 ignota
529 4939 698 4986 erunt
719 4944 841 4999 qua:
875 4928 944 4982 de
973 4927 1082 4980 vita
1109 4923 1350 4979 Nestorii
1392 4922 1498 4976 hoc
1530 4921 1588 4975 in
1617 4919 1740 4974 loco
1782 4926 1893 4972 tra-

291 5024 524 5078 duntur
550 5039 564 5074 :
602 5035 730 5074 nam
757 5019 959 5088 primo,
986 5030 1107 5086 quae
1135 5029 1267 5069 vera
1293 5019 1442 5074 sunt,
1465 5019 1524 5065 ut
1550 5009 1751 5064 eximia
1775 5008 1893 5062 elo-

290 5111 564 5184 quentia,
595 5107 990 5176 extemporalis
1008 5103 1228 5160 dicendi
1255 5100 1506 5163 facultas,
1529 5106 1584 5154 et
1611 5096 1894 5151 abstinen-

290 5207 418 5270 tia,
480 5199 690 5272 quibus
744 5195 1216 5254 conciliatricibus
1267 5188 1616 5260 imperatoris
1665 5187 1896 5257 gratiam

1987 3213 2261 3268 homicida
2296 3215 2530 3278 daemon,
2575 3215 2847 3269 mendacii
2887 3224 3062 3285 pater,
3098 3217 3431 3272 zizaniorum
3479 3234 3564 3273 se-

1986 3304 2255 3368 minator,
2310 3321 2420 3359 non
2474 3306 2710 3375 amplius
2736 3322 2835 3376 per
2866 3317 3123 3362 externos
3157 3317 3212 3362 et
3244 3309 3565 3386 manifestos

1987 3393 2175 3448 hostes
2206 3393 2469 3449 adversus
2498 3395 2799 3449 Eeclesiam
2835 3411 2984 3450 arma
3009 3397 3200 3462 movit,
3229 3397 3321 3452 sed
3356 3398 3564 3452 instru~

1985 3493 2234 3538 mentum
2265 3491 2481 3548 nactus,
2517 3485 2660 3554 quod
2690 3501 2928 3550 omnem,
2958 3494 3018 3540 ut
3053 3487 3126 3540 ita
3150 3487 3349 3551 dicam,
3377 3487 3565 3542 subito

1988 3575 2108 3644 ejus
2139 3583 2310 3628 artem
2347 3575 2672 3644 susciperet,
2711 3576 2814 3630 sub
2856 3586 3020 3632 rectm
3049 3577 3326 3646 opinionis
3359 3578 3562 3647 specie,

1993 3663 2297 3718 divinitatis
2322 3664 2485 3718 simul
2515 3673 2569 3717 et
2603 3664 2960 3720 humanitatis
2993 3667 3270 3738 Unigeniti
3321 3671 3569 3737 negatio-

1991 3769 2120 3808 nem
2152 3755 2384 3819 inducit,
2412 3756 2715 3825 simplicem
2747 3765 2802 3811 et
2824 3757 3057 3812 artiﬁcio
3083 3767 3360 3814 carentem
3404 3759 3564 3815 ﬁdem

1994 3853 2237 3900 nostram
2263 3845 2593 3900 Graecanicis
2619 3848 2958 3902 conturbans
2989 3849 3217 3919 argutiis
3255 3848 3322 3902 ⁸⁸.
3372 3869 3389 3902 ι
3427 3851 3568 3905 Tum

1992 3936 2230 3990 Nestorii
2267 3936 2490 3990 nomine
2522 3938 2828 4006 appellato,
2884 3939 3284 4009 descriptisque
3339 3942 3568 3997 minori-

1993 4028 2098 4081 bus
2119 4066 2133 4090 ,
2183 4034 2239 4080 et
2286 4026 2524 4079 narratis
2558 4025 2791 4088 artibus,
2824 4027 3048 4095 quibus,
3078 4034 3138 4079 ut
3166 4027 3434 4096 loquitur,
3462 4030 3568 4086 Ec-

1994 4117 2176 4172 clesiae
2214 4115 2834 4184 Constantinopolitame
2889 4117 3167 4185 totiusque
3199 4117 3431 4186 proinde
3475 4135 3571 4174 or-

1993 4206 2080 4260 bis
2118 4205 2489 4276 principatum
2517 4205 2748 4275 adeptus
2771 4207 2842 4261 sit
2877 4224 2889 4260 :
2918 4226 2936 4258 ‹
2970 4207 3101 4261 Inde
3125 4208 3259 4261 mihi
3285 4209 3569 4282 deinceps,

1994 4295 2102 4358 ait,
2187 4293 2465 4348 enarratio
2538 4295 2968 4366 tragoediarum,
3039 4312 3179 4367 quae
3253 4305 3456 4353 terram
3515 4306 3573 4355 et

1994 4399 2148 4440 mare
2181 4383 2576 4454 propemodum
2609 4384 2974 4454 impleverim.
3011 4404 3030 4436 ι
3079 4385 3287 4442 Deinde
3326 4390 3573 4458 exponit,

1927 4494 1966 4548 ι)
1995 4477 2273 4546 quomodo
2295 4487 2351 4530 et
2379 4477 2687 4546 cujusmodi
2728 4477 2962 4532 hzeresin
2998 4476 3285 4532 Nestorius
3325 4481 3576 4550 propala-

1999 4564 2176 4630 verit;
2217 4572 2334 4618 tum
2375 4563 2611 4618 subdit:
2658 4583 2677 4615 ι
2716 4562 2842 4618 Haec
2893 4580 2924 4618 a
2968 4579 3053 4618 me
3096 4560 3268 4634 pauca
3296 4565 3363 4620 de
3389 4568 3579 4622 multis

1999 4657 2144 4710 dicta
2166 4663 2314 4717 sunt,
2338 4653 2469 4708 dum
2493 4654 2561 4708 ad
2593 4655 2878 4724 sequentia
2906 4653 3131 4710 festinat
3169 4658 3367 4712 oratio.
3409 4677 3426 4708 ι
3456 4658 3579 4714 Mox

2003 4750 2260 4799 enarrata
2306 4742 2552 4797 breviter
2585 4742 2825 4798 Nestorii
2874 4744 2942 4797 ab
2984 4744 3280 4815 Ephesinis
3321 4748 3579 4804 Patribus

2003 4835 2370 4905 depositione,
2413 4835 2793 4904 deportatione
2810 4837 2966 4906 jussu
3001 4837 3350 4908 imperatoris
3393 4839 3448 4894 in
3477 4839 3582 4896 Oa-

2003 4928 2130 4990 sim,
2187 4935 2244 4981 et
2310 4926 2585 4980 horrenda
2633 4936 2835 4992 morte,
2882 4928 3060 4999 pergit
3101 4929 3157 4984 in
3210 4930 3327 4985 haec
3368 4931 3578 4986 verba:

2010 5038 2028 5070 ‹
2057 5019 2208 5084 Quae,
2250 5017 2380 5086 quia
2423 5027 2553 5072 sunt
2596 5018 2664 5071 ab
2693 5018 2815 5072 aliis
2845 5027 3122 5084 enarrata,
3164 5021 3582 5089 praetermittere

1999 5116 2430 5161 consentaneum
2459 5117 2560 5161 est.
2599 5106 2680 5161 Ad
2707 5106 2784 5171 id,
2811 5107 2958 5176 quod
2991 5107 3235 5163 historiae
3261 5117 3366 5172 est,
3392 5108 3582 5161 venia-

1997 5215 2142 5254 mus.
2185 5218 2202 5248 ι
2232 5197 2308 5252 Ex
2341 5197 2428 5252 bis
2452 5199 2660 5264 verbis,
2697 5214 2836 5268 quae,
2858 5199 2983 5267 quia
3015 5206 3136 5250 sunt
3172 5197 3236 5251 ab
3269 5197 3426 5267 411
3458 5196 3580 5250 aliis

290 5295 548 5365 adeptus
568 5299 675 5355 est,
722 5305 791 5344 ex
835 5288 904 5343 Μ.
938 5287 1240 5342 Mercatore
1267 5281 1513 5352 ejusdem
1552 5294 1677 5334 cum
1704 5277 1882 5331 Nesto

1998 5297 2278 5352 enarrata,
2308 5289 2594 5344 manifesta
2629 5289 3012 5358 suppeditatur
3033 5288 3430 5342 demonstratio
3451 5302 3582 5357 sup-

291 5385 392 5440 rio
447 5382 651 5445 atatis,
714 5379 879 5452 410
938 5385 1104 5447 atque
1142 5374 1308 5430 eliam
1354 5387 1422 5426 ex
1466 5370 1690 5425 Socrate
1739 5369 1899 5422 innO-
2001 5375 2324 5446 positionis;
2377 5389 2503 5428 nam
2547 5373 2615 5429 de
2660 5380 2837 5426 morte
2879 5371 3116 5424 Nestorii
3156 5373 3382 5441 ejusque
3416 5373 3580 5426 modo

291 5483 556 5534 tescunt.

2004 5463 2170 5518 silent
2195 5464 2451 5520 Socrates
2473 5471 2529 5518 et
2564 5463 2934 5518 Sozomenus:
2969 5476 3078 5514 non
3115 5477 3245 5516 vero
3279 5470 3582 5530 potuerunt

1659 5601 1978 5658 SCHULZII
2017 5600 2251 5658 ΝΟΤᾹΞ.

373 5733 421 5767 ⁸⁸
446 5730 570 5786 Hoc
613 5732 941 5799 argumento
969 5725 1022 5850 ξι

373 5810 594 5850 telarum
626 5799 834 5850 κεῖρε..
879 5805 916 5850 ι.
951 5797 971 5850 1

297 5810 594 5861 aucton
626 5795 834 5864 adies,
879 5805 916 5850 t.
951 5795 1038 5862 ιγ,
1075 5811 1132 5863 p.
1167 5795 1270 5849 105
1303 5808 1418 5862 seq.

1027 5741 1080 5779 m
1123 5738 1259 5779 usus
1288 5729 1405 5779 erat
1439 5721 1467 5792 §
1502 5722 1680 5794 πει-⁸9
1712 5723 1973 5778 Elabendi
2013 5721 2159 5794 viam
2199 5716 2735 5794 jam_quaesiverat1§_
2754 5717 2807 5794 fi.
2846 5717 2890 5750 ⁸⁷
2921 5716 3043 5772 Vid.
3082 5713 3301 5787 Dupinii
3333 5687 3581 5774 ﬁibh‘oth.

1495 5793 1540 5824 ⁸⁸
1571 5791 1693 5845 Vid.
1726 5807 1912 5862 supra,
1947 5801 1988 5846 t.
2022 5792 2111 5856 IV,
2150 5788 2217 5862 pi
2247 5788 2372 5864 368i
2395 5803 2511 5858 seq.
2548 5797 2604 5843 et
2643 5788 2771 5842 1041
2823 5803 2938 5856 seq.
