4070 6446
493 332 600 397 359

1635 328 2010 392 GARNERII
2053 328 2541 393 DlSSERTATlO
2584 333 2640 394 II

3651 334 3752 398 360

483 441 668 511 'loqui,
694 454 818 495 cum
855 439 945 495 ille
969 439 1034 494 ad
1060 453 1263 494 annum
1288 437 1411 504 MO,
1449 438 1551 494 iste
1589 439 1657 494 ad
1691 441 1796 495 454
1821 437 2076 494 Historite
2105 443 2150 499 Α
2178 435 2441 493 donensis
2463 438 2870 510 cognitoribus,
2928 439 3198 498 nonrfecit
3220 440 3554 496 mentionem
3579 441 3753 496 victo-

497 533 663 589 ﬁncm
705 532 1057 603 imposuerit;
1105 530 1394 586 Nestorius
1439 545 1568 585 vero
1629 547 1774 586 anno
1816 533 1917 585 447
1949 548 2075 601 per-

497 625 643 679 ierit.

569 710 731 765 XVll.
769 708 1045 764 Credibile
1073 709 1238 780 igitur
1257 717 1343 764 est
1379 727 1394 763 :
1432 709 1486 762 l°
1515 711 1905 764 Assumentum
1934 708 2077 765 istud

497 802 643 856 aliud
671 801 808 855 nihil
843 816 988 864 esse,
1037 816 1203 870 quam
1247 801 1534 854 exordium
1565 799 1818 855 Historia:
1843 817 1872 854 a
1896 801 2077 854 Theo-

497 893 710 953 doreto,
742 907 906 961 quem
930 892 1207 962 juniorem
1231 892 1492 956 diximus,
1521 893 1856 961 composita.
1913 892 1973 945 2ο
1996 893 2079 946 Ab

499 981 604 1035 hoc
619 982 844 1052 juniore
865 983 1241 1038 continuatam
1254 999 1376 1039 esse
1398 984 1702 1047 historiam,
1721 999 1880 1053 quam
1894 984 2080 1038 senior

497 1074 566 1128 ab
603 1075 821 1129 Arianis
854 1075 1032 1129 turbis
1077 1075 1144 1129 ad
1171 1085 1416 1145 tempora
1440 1074 1667 1130 Sisinnii
1698 1075 1865 1143 (hunc
1882 1074 2078 1127 Nesto-

499 1166 614 1220 rius
638 1166 906 1236 excepit),
958 1182 1056 1236 per
1089 1182 1264 1222 annos
1293 1176 1511 1221 centum
1534 1175 1590 1220 et
1610 1166 1873 1235 quinque,
1905 1165 2074 1220 dedu-

496 1257 660 1312 xerit.
718 1259 770 1312 5.
814 1259 1099 1313 Juniorem
1145 1259 1432 1313 exordium
1473 1259 1694 1312 duxisse
1720 1300 1734 1321 ,
1773 1258 1867 1312 ubi
1895 1259 2082 1312 senior
2117 1275 2120 1278 ’

501 1349 664 1403 tinem
697 1350 981 1418 imposuit,
1016 1350 1084 1404 ab
1111 1350 1461 1405 ordinatione
1481 1366 1677 1420 nempe
1700 1350 1959 1413 Nestorii,
1988 1359 2084 1404 aut

499 1454 532 1493 a
573 1441 736 1494 motis
772 1441 958 1510 potius
987 1442 1055 1496 ab
1092 1442 1210 1512 ipso
1234 1441 1431 1505 turbis,
1471 1442 1706 1512 indeque
1731 1451 2082 1512 prosecutum

501 1547 622 1600 qum
671 1533 1043 1602 contigerunt,
1094 1548 1268 1602 usque
1295 1533 1362 1588 ad
1391 1533 1590 1588 Justini
1620 1533 1937 1602 imperium,
1985 1549 2085 1602 per

502 1637 677 1676 annos
702 1622 791 1687 90,
847 1623 1050 1677 additis
1085 1624 1332 1693 quinque
1369 1625 1526 1678 libris
1561 1624 1628 1678 ad
1660 1624 1832 1679 libros
1856 1624 2083 1679 totidem

501 1712 758 1768 senioris.
797 1715 853 1767 4ο
878 1714 953 1768 Ex
975 1721 1173 1784 quarto
1196 1714 1342 1769 libro
1365 1714 1667 1786 fragmenta
1689 1716 1778 1770 illa
1799 1717 2084 1772 Damasce-

500 1821 633 1860 num
659 1807 982 1876 sumpsisse,
1021 1823 1143 1876 quae
1167 1817 1330 1864 antea
1357 1810 1616 1864 diximus.

571 1897 754 1952 XVlll.
804 1899 882 1953 Ita
909 1899 1127 1964 forsan,
1183 1910 1410 1971 propter
1432 1901 1845 1972 prtejudicatam
1870 1903 2088 1973 opinio-

500 2002 646 2051 nem,
690 1988 880 2056 paucis
920 2005 1280 2058 persuasero;
1340 1990 1436 2045 sed
1481 2006 1590 2044 non
1621 1991 1820 2055 levem,
1869 1993 2086 2061 opinor,

500 2075 903 2133 eruditioribus
926 2078 1155 2145 dedero,
1181 2080 1296 2135 sive
1315 2081 1654 2150 suspicandi,
1674 2081 1789 2135 sive
1811 2081 2092 2150 inquiren-

501 2166 556 2221 di
577 2182 830 2235 causam;
864 2186 1182 2241 quanquam
1203 2173 1348 2242 apud
1368 2189 1454 2227 me
1474 2173 1586 2227 vim
1605 2173 2092 2230 demonstrationis

501 2258 725 2324 habent,
754 2276 877 2329 quae
904 2261 1168 2316 hactenus
1197 2263 1358 2317 allata
1380 2272 1527 2316 sunt.

576 2351 718 2407 XIX.
751 2353 1022 2420 Quoniam
1043 2370 1174 2409 vero
1201 2352 1600 2424 suppositionis
1625 2355 1910 2424 epistolam
1933 2356 2090 2410 dam-

502 2440 790 2506 navimus,
851 2441 1054 2497 frustra
1104 2442 1382 2497 curiosius
1429 2444 1443 2460 ‘
1486 2441 1905 2512 inquisierimus
1951 2441 2091 2497 datae

503 2542 740 2602 tempus,
793 2532 996 2588 frustra
1027 2533 1222 2589 danda:
1247 2549 1462 2599 causas,
1507 2542 1562 2588 et
1586 2532 1810 2588 modum
1834 2534 2090 2604 scriptio-

501 2625 616 2690 nis;
675 2625 770 2679 sed
821 2625 950 2680 inde
996 2625 1184 2696 potius
1234 2626 1355 2681 falsi
1406 2641 1629 2680 rursum
1676 2634 1957 2681 auctorem
1999 2641 2089 2680 ar-

501 2717 779 2788 gumentis
804 2718 982 2772 tribus
1007 2719 1477 2773 eonvineemus”.

576 2807 692 2862 XX.
724 2808 997 2874 Quorsum
1021 2808 1168 2863 enim
1201 2808 1380 2876 primo
1407 2807 1791 2862 Theodoretus
1818 2806 1886 2862 ad
1910 2806 2091 2862 virum

503 2899 772 2954 illustrem
797 2899 956 2954 daret
974 2899 1286 2971 epistolam,
1311 2898 1380 2952 ad
1401 2914 1564 2968 quem
1588 2899 1841 2954 mittebat
1860 2898 2088 2965 librum,

503 2989 559 3044 in
587 3005 698 3061 quo
750 2989 897 3045 idem
932 2997 1320 3060 argumentum
1368 2989 1562 3044 iisdem
1588 2989 1775 3044 verbis
1799 2996 2087 3059 tractaret;

501 3096 606 3137 nec
655 3090 836 3136 tamen
892 3081 1022 3136 facti
1070 3089 1182 3136 tam
1226 3081 1533 3145 insolentis,
1569 3089 1787 3151 tamque
1822 3081 2087 3148 indecori,
2117 3115 2162 3174 α

506 3173 774 3228 rationem
803 3172 970 3225 ullam
993 3170 1299 3240 proferret?

573 3264 717 3320 XXI.
756 3263 966 3318 Deinde
1023 3261 1224 3332 lingua:
1272 3259 1470 3315 Graeca:
1496 3259 1704 3329 peritos
1737 3259 1954 3329 appello
1993 3261 2087 3330 ju—

503 3350 976 3424 dices,°quantum
1005 3353 1179 3422 stylus
1206 3350 1450 3420 epistola:
1478 3367 1509 3404 a
1543 3349 1873 3405 Theodoreti
1903 3349 2088 3419 puris-

503 3447 641 3502 sima
679 3446 923 3500 dictione
965 3443 1222 3508 differat,
1281 3449 1341 3495 ut
1386 3443 1467 3496 vel
1499 3441 1601 3496 hoc
1628 3457 1738 3495 uno
1766 3429 2090 3510 argumento

505 3553 597 3593 res
617 3536 814 3592 conﬁci
845 3535 1072 3590 omnino
1096 3541 1282 3604 queat.

577 3628 746 3683 XXII.
779 3626 980 3694 Qutero
1004 3633 1196 3695 postea
1225 3641 1254 3679 a
1279 3623 1665 3679 defensoribus
1687 3621 1952 3692 epistol:e,
1979 3637 2090 3691 quo

508 3727 758 3786 tempore
790 3725 916 3785 post
941 3731 1142 3768 annum
1173 3715 1271 3769 H7
1303 3715 1565 3784 scriptam
1594 3721 1816 3783 putent;
1848 3722 1996 3777 ante,
2022 3728 2091 3766 an

506 3818 633 3879 post
659 3807 926 3878 synodum
957 3806 1495 3862 Cbalcedonensem?

577 3901 633 3956 Si
658 3908 816 3954 ante:
842 3915 940 3954 cur
960 3901 1236 3968 petierunt
1260 3889 1448 3954 Patres
1469 3904 1622 3951 tanto
1643 3893 1850 3950 ambitu
1868 3893 2094 3948 damna-

506 3992 554 4046 ri
584 3991 897 4046 Nestorium
929 4006 959 4044 a
985 3989 1360 4052 Theodoreto,
1389 3987 1484 4056 qui
1511 3986 1716 4055 scripto
1737 3985 1955 4054 publico
1982 3992 2090 4038 tam

504 4091 692 4153 aperte
723 4098 878 4137 suam
902 4089 1142 4136 mentem
1164 4077 1512 4150 aperuisset?
1542 4075 1652 4131 Cur
1676 4087 1806 4131 reus
1825 4091 1948 4130 cum
1968 4091 2095 4145 per-

505 4182 794 4243 ageretur,
831 4172 938 4226 boc
970 4171 1191 4241 publico
1218 4166 1632 4236 fortissimeque
1659 4182 1772 4220 sua:
1795 4181 1974 4220 causae
2005 4165 2091 4219 in-

503 4270 818 4318 strumento
866 4277 978 4316 non
1026 4276 1161 4317 usus
1203 4259 1322 4314 est?
1379 4258 1491 4313 Cur
1523 4258 1917 4328 tergiversatus
1947 4257 2000 4310 in
2023 4271 2092 4311 eo

504 4353 866 4418 exsecrando,
918 4367 1085 4424 quem
1133 4353 1562 4406 instrumentum
1589 4349 1875 4413 daemonis,
1925 4364 2091 4417 quem

506 4444 760 4514 impium,
790 4460 956 4514 quem
989 4450 1291 4502 amentem,
1321 4455 1487 4509 quem
1518 4454 1617 4508 per
1643 4447 1862 4494 sanctos
1889 4439 2091 4507 Ephesi

503 4543 884 4607 congregatos,
941 4535 1136 4590 divino
1184 4531 1448 4602 suffragio
1487 4530 1557 4586 de
1586 4529 1910 4600 pontificatu
1941 4529 2091 4600 deje-

505 4634 654 4682 ctum
685 4627 951 4682 dixisset?

575 4717 632 4772 Si
665 4727 854 4788 postea
909 4736 923 4772 :
971 4734 1072 4774 cur
1096 4717 1251 4772 siluit
1281 4715 1350 4771 de
1369 4713 1806 4770 Chalcedonensi
1834 4714 2092 4777 concilio,

503 4825 630 4864 eum
667 4809 928 4879 Ephesini
963 4807 1249 4877 magnifice
1272 4805 1643 4868 meminisset,
1697 4813 1754 4859 et
1778 4805 1833 4858 in
1858 4813 2093 4874 utroque

503 4898 717 4963 Patres,
765 4898 992 4953 haeresis
1036 4897 1379 4952 Nestorianaa
1419 4895 1849 4965 impugnatores,
1898 4896 2090 4958 tacuit,

501 5005 626 5044 cum
667 4991 862 5045 solitus
895 4990 966 5044 sit
1015 4989 1247 5042 aliarum
1278 4987 1567 5042 baresewn
1598 4986 1761 5058 412
1790 4985 2094 5041 domitores

503 5083 827 5137 nominatim
869 5081 1186 5136 celebrare?
1241 5081 1323 5134 An
1369 5080 1516 5135 ullus
1558 5081 1738 5149 potuit
1770 5081 2090 5136 celebrandi

503 5187 625 5227 esse
652 5174 808 5228 locus
851 5181 948 5226 aut
971 5172 1359 5240 opportunior,
1386 5179 1482 5224 aut
1507 5171 1804 5227 illustrior?
1827 5173 1939 5228 Cur
1955 5174 2092 5244 Spo-

503 5261 654 5316 racio
705 5261 956 5316 scribens
1009 5259 1101 5312 nni
1151 5275 1221 5314 ex
1262 5259 1570 5315 illustribus
1609 5261 1827 5317 concilii
1852 5261 2085 5318 Chalce-

2181 527 2274 582 riae
2299 528 2366 582 de
2393 529 2646 584 Nestorio
2669 538 2980 600 reportatae,
3014 546 3141 585 cum
3171 532 3349 585 virum
3384 541 3493 586 tam
3517 533 3756 588 nobilem

2180 626 2399 686 tamque
2428 618 2744 688 religiosum
2768 619 3054 674 laudaret?

2247 709 2390 773 Cur,
2441 711 2488 764 si
2515 722 2642 766 ante
2668 728 2700 764 ν
2724 711 2996 782 synodum
3022 709 3234 764 exstitit
3262 718 3358 764 aut
3381 710 3636 780 epistola,
3665 718 3760 764 aut

2179 810 2343 870 caput
2383 800 2771 857 duodecimum
2795 844 2810 868 ,
2874 818 3054 872 neque
3097 817 3126 857 a
3167 802 3552 858 defensoribus
3576 803 3759 857 Theo-

2179 891 2356 946 doreti
2379 893 2634 948 Facundo
2655 905 2712 950 et
2730 895 3012 958 Liberata,
3036 909 3217 964 neque
3243 909 3274 948 a
3298 894 3498 963 Vigilio
3523 909 3661 963 papa
3705 895 3760 946 in

2181 981 2492 1048 Constituto,
2511 1000 2690 1054 neque
2703 1000 2732 1038 a
2747 985 3002 1040 Patribus
3016 1001 3047 1039 γ
3065 985 3279 1055 synodi,
3296 984 3409 1038 veri
3428 985 3762 1050 amantibus,

2181 1076 2510 1131 alterutrum
2543 1085 2639 1131 aut
2664 1085 2960 1146 utrumque
2985 1077 3212 1131 allatum
3231 1085 3318 1131 est
3350 1076 3405 1129 in
3426 1076 3764 1130 Theodoreti

2181 1168 2448 1237 gratiam?
2495 1167 2609 1222 Cur
2653 1167 2949 1237 Gregorius
2971 1168 3214 1237 Magnus,
3258 1167 3506 1220 scribens
3539 1166 3606 1220 ad
3634 1167 3762 1236 epi-

2183 1274 2378 1328 scopos
2399 1259 2572 1313 lstrize
2601 1275 2700 1328 pro
2723 1259 2941 1328 Pelagio
2963 1259 3004 1312 ll
3029 1299 3043 1321 ,
3093 1274 3220 1313 cum
3244 1258 3404 1312 fidem
3427 1258 3763 1313 Theodoreti

2183 1349 2351 1402 vellet
2396 1348 2691 1403 ostendere
2756 1355 2880 1418 post
2940 1349 3210 1419 synodum
3259 1348 3766 1404 Chalcedonensem

2185 1439 2353 1494 fuisse
2379 1456 2596 1510 puram,
2642 1440 2747 1494 hoc
2777 1441 3092 1496 testimonio
3122 1449 3233 1495 tam
3256 1441 3510 1496 evidente
3544 1451 3770 1512 tamque

2185 1548 2443 1602 expresso
2472 1547 2584 1588 non
2615 1541 2700 1587 est
2727 1534 2895 1587 usus?
2945 1531 3058 1588 Cur
3088 1532 3508 1588 criminantibus
3531 1533 3767 1589 Chalce-

2186 1623 2486 1679 donensem
2515 1625 2808 1695 synodum,
2842 1624 2992 1694 quod
3013 1624 3419 1680 Theodoretum
3445 1627 3768 1696 recepisset,

2191 1715 2344 1770 nullo
2384 1716 2652 1786 requisito
2689 1715 2917 1785 scripto,
2971 1730 3082 1785 quo
3105 1731 3163 1770 se
3187 1716 3428 1771 alienum
3454 1732 3485 1770 a
3511 1717 3772 1772 Nestorio

2191 1807 2471 1877 probaret,
2525 1815 2814 1877 exceptum
2861 1821 2973 1862 non
3013 1816 3100 1862 est
3144 1808 3428 1873 continuo,
3460 1823 3572 1862 non
3598 1808 3772 1864 fuisse

2191 1915 2331 1970 opus
2355 1900 2422 1954 ab
2441 1915 2510 1955 eo
2524 1900 2792 1970 scriptum
2808 1900 3050 1970 exigere,
3076 1901 3167 1970 qui
3191 1908 3299 1955 tam
3315 1901 3526 1956 clarum
3549 1909 3773 1972 tamque

2193 1991 2541 2046 manifestum
2577 1993 2769 2048 volens
2789 1991 3085 2048 edidisset?
3130 1991 3270 2059 Quid
3295 1993 3487 2062 plura?
3516 1995 3662 2049 nulla
3693 1996 3773 2050 rei

2193 2081 2450 2151 adjuncta
2480 2082 2912 2151 suppositionem
2936 2098 3046 2138 non
3068 2083 3364 2142 declarant.

2193 2213 2325 2286 §lll.
2346 2213 2621 2269 Sermones
2647 2218 2830 2288 viginti
2858 2227 2904 2271 ct
2928 2228 3123 2288 septem.
3145 2220 3390 2272 adversus
3413 2220 3648 2274 diversas
3669 2224 3777 2276 Ita?-

2463 2303 2599 2338 reses
2629 2306 2661 2340 a
2688 2275 2874 2340 Photio
2902 2275 3139 2342 attributi
3167 2289 3502 2342 Tltcodureto.

2264 2421 2305 2474 l.
2334 2421 2564 2476 Photius
2579 2421 2768 2477 codice
2789 2421 2857 2475 46
2874 2421 2990 2476 ι]ωο
3005 2420 3206 2476 habet:
3239 2441 3256 2472 ‹
3277 2421 3427 2476 Lecti
3454 2423 3780 2478 suntThee-

2193 2513 2370 2569 doreti
2406 2513 2649 2583 episcopi
2670 2512 2798 2584 Cyri
2828 2513 2955 2567 libri
2981 2521 3188 2584 septem
3213 2522 3269 2566 et
3290 2514 3482 2582 viginti
3507 2515 3781 2570 adversus

2194 2606 2373 2686 varias
2394 2605 2800 2676 propositiones
2819 2606 2886 2670 ⁸ο,
2911 2625 2928 2656 ›
2959 2614 3066 2660 etc.

2265 2695 2330 2753 ll.
2379 2699 2594 2754 Fefellit
2633 2700 2888 2754 Pbotium
2940 2715 3073 2756 suus
3101 2700 3274 2755 codex
3316 2699 3492 2754 tribus
3514 2708 3783 2754 constans

2193 2791 2524 2862 partibus",
2557 2809 2790 2862 quarum
2811 2793 2989 2863 prima
3011 2791 3475 2863 complectebatur
3504 2806 3598 2846 sex
3624 2791 3786 2861 prio-

2195 2899 2285 2939 res
2306 2876 2508 2950 libros;
2539 2885 2776 2940 secunda
2806 2901 2974 2940 unum
2998 2894 3055 2940 et
3076 2885 3268 2956 viginti
3293 2897 3595 2948 sermones,
3627 2893 3785 2954 post-

2195 2989 2346 3028 rema
2411 2974 2704 3029 Eranisten
2755 2989 2851 3028 seu
2918 2975 3361 3046 Polymorphum.
3427 2973 3564 3029 Cum
3624 2975 3775 3028 enim

2193 3066 2372 3135 prima
2400 3073 2456 3119 et
2479 3066 2641 3120 tertia
2666 3064 2734 3120 ad
2761 3065 3167 3122 Theodoretum
3195 3066 3386 3135 procul
3411 3065 3582 3120 dubio
3601 3067 3775 3135 perti-

2195 3166 2385 3222 neant,
2419 3157 2648 3213 Photius
2673 3158 2908 3212 mediam
2934 3173 3153 3228 quoque
3185 3157 3288 3227 ipsi
3320 3158 3542 3223 tribuit;
3587 3158 3779 3229 reipsa

2197 3255 2380 3303 tamen
2412 3257 2497 3302 est
2520 3248 2772 3304 Eutherii
2797 3247 3098 3320 Tyanensis
3119 3247 3382 3318 episcopi,
3428 3245 3576 3318 quod
3601 3249 3783 3302 mani-

2196 3339 2337 3394 festa
2382 3339 2578 3409 probat
2628 3340 2926 3394 auctoritas
2973 3340 3129 3395 Marii
3169 3340 3564 3404 Mercatoris",
3611 3349 3680 3395 ut
3726 3342 3784 3395 in

2197 3430 2466 3484 Eutherio
2507 3431 3096 3497 demonstrabimus”,
3155 3433 3247 3486 ubi
3281 3443 3337 3486 et
3361 3433 3653 3487 historiam
3679 3432 3788 3491 Co-

2197 3519 2335 3575 dicis
2363 3522 2627 3591 tripartiti
2657 3532 2924 3578 texcmus.

2673 3656 2700 3728 ἓ
2731 3657 2817 3712 IV.
2854 3657 3006 3711 Liber
3032 3659 3302 3712 asceticus.

2269 3790 2309 3844 Ι.
2371 3791 2430 3845 in
2461 3791 2836 3860 manuscripto
2863 3789 3054 3845 codice
3097 3789 3320 3854 Graeco,
3372 3789 3468 3860 qui
3513 3788 3621 3844 fuit
3650 3792 3790 3845 olim

2195 3881 2468 3936 Gabrielis
2499 3882 2994 3950 Philadelphiensis
3021 3881 3439 3952 archiepiscopi,
3472 3882 3688 3951 quique
3720 3886 3791 3938 ad

2197 3990 2300 4030 nos
2328 3991 2498 4046 opera
2527 3975 2822 4030 Frontonis
2846 3975 3027 4029 Ducazi
3051 3975 3322 4044 pervenit,
3347 3982 3471 4045 post
3485 3975 3792 4031 Historiam

2198 4066 2501 4137 religiosam
2525 4066 2883 4130 Theodoreti,
2917 4067 3331 4135 orationemque
3358 4065 3433 4120 De
3455 4067 3636 4121 divina
3661 4072 3797 4123 chu—

2199 4161 2378 4223 ritate,
2409 4159 2611 4227 legitur
2639 4158 2833 4212 titulus
2878 4174 2891 4210 :
2938 4156 3044 4210 Τοῦ
3085 4157 3248 4210 αὑταῦ
3297 4155 3452 4226 λόγος
3479 4159 3795 4228 domum;

2198 4251 2340 4306 κατὰ
2366 4250 2559 4304 πεῦσιν
2600 4251 2695 4304 καὶ
2740 4249 3055 4321 ἀπόκρισιν.
3095 4250 3219 4305 Mox
3257 4265 3459 4314 sermo,
3528 4251 3794 4321 ’Δδελφὸς

2199 4342 2452 4411 ἠρώτησε
2485 4342 2716 4412 γέροντα
2740 4339 2934 4410 λέγων,
2965 4349 3071 4395 etc.

2126 4470 2172 4526 υ
2271 4436 2336 4490 ll.
2379 4435 2519 4490 Sunt
2545 4436 2641 4506 qui
2680 4450 2990 4490 sermonem
3025 4435 3175 4489 hunc
3206 4432 3440 4526 Maximo
3462 4433 3798 4491 Confessori

2203 4528 2528 4593 tribuant“,
2556 4542 2735 4597 eoque
2764 4529 2987 4583 nomine
3011 4525 3313 4581 Bilibaldus
3336 4525 3801 4582 Birckheimerus

2203 4621 2597 4690 interpretatus
2618 4630 2721 4686 est,
2750 4619 3032 4689 ediditque
3057 4619 3432 4688 Norimbergte
3454 4634 3600 4673 anno
3624 4621 3798 4674 1580.

2200 4714 2388 4768 Edidit
2411 4715 2578 4768 etiam
2605 4729 2635 4767 a
2677 4728 2736 4767 se
2775 4727 2995 4767 versum
3017 4711 3266 4766 Nobilius
3301 4711 3488 4765 Roma:
3520 4711 3691 4775 1587,
3742 4727 3804 4766 et

2198 4817 2378 4874 nuper
2411 4803 2640 4857 Parisiis
2693 4801 3056 4858 Combelisius
3077 4800 3240 4872 413
3279 4809 3428 4854 tomo
3471 4800 3493 4855 ι
3537 4799 3801 4871 Operum

2199 4893 2372 4948 sancti
2417 4891 2655 4957 Maximi,
2705 4907 2896 4947 rursus
2929 4907 2960 4946 a
3001 4906 3059 4946 se
3109 4890 3404 4945 Latinitate
3451 4889 3730 4945 donatum
3789 4911 3802 4944 ε

2197 4996 2360 5056 atque
2386 4986 2461 5040 ita
2489 4984 2718 5056 singulis
2744 4981 3083 5039 editionibus
3101 4983 3331 5053 singula:
3345 4983 3650 5046 versiones,
3687 4999 3806 5053 pro

2197 5079 2473 5132 editorum
2509 5076 2749 5147 ingenio,
2790 5073 3204 5145 respondent".

2267 5171 2355 5225 Ill.
2409 5170 2552 5225 Sunt
2595 5169 2688 5240 qui
2715 5169 3009 5223 videantur
3039 5167 3290 5231 innuere,
3345 5181 3456 5221 non
3481 5166 3803 5222 admodum

2197 5265 2335 5319 certi
2384 5277 2504 5317 esse
2549 5261 2808 5317 auctoris.
2872 5261 2970 5316 llis
2990 5260 3360 5330 astipulantur
3390 5261 3807 5316 variteinscri-

1855 5417 2171 5475 SCHULZII
2213 5419 2447 5478 ΝΟΤᾸΞ.

567 5550 613 5584 ⁸³
638 5548 716 5603 Ad
755 5549 828 5628 li._
854 5556 896 5628 _t_.
935 5554 1058 5628 vide
1080 5554 1494 5628 __l_)upi_nium,_l_.
1529 5570 1576 5608 c.
1658 5555 2171 5628 “Totumulocum
2198 5627 2201 5628 ν
2225 5558 2380 5614 illum
2430 5558 2556 5613 \‘ldc
2597 5574 2758 5628 supra
2782 5599 2795 5620 ,
2856 5569 2893 5612 t.
2951 5559 3038 5623 IV,
3076 5576 3132 5628 p.
3172 5558 3306 5613 1056
3343 5571 3460 5626 seq.

3575 5558 3617 5589 ⁹¹
3652 5559 3805 5616 VM.

499 5635 688 5698 supra,
720 5636 774 5698 ρ.
802 5621 928 5698 με).
999 5624 1045 5654 ’⁸
1079 5621 1204 5698 Vidi
1231 5625 1660 5698 MariiuMercat.
1690 5625 1848 5698 _0pp.
1883 5626 2024 5698 t.7ll,
2059 5642 2112 5698 pg.
2143 5627 2248 5681 965
2283 5645 2397 5698 seq.
2425 5645 2490 5683 ex
2535 5621 2860 5683 editham.
2919 5632 2965 5661 ⁹³
2987 5621 3271 5684 Ιὴῑέιτοίάὶι
3306 5621 3807 5698 ista'dispuitatin,

501 5688 582 5746 ut
611 5688 926 5747 llardu’mus
975 5695 1206 5755 monuit,

1249 5711 1302 5764 p.
1335 5695 1439 5767 683i
1471 5694 1749 5767 editionis
1765 5697 1992 5767 prioris.
2069 5696 2114 5727 ”
2139 5698 2285 5753 Idem
2323 5694 2508 5752 tuetur
2547 5698 2836 5767 Dupinins,
2871 5699 2907 5751 1.
2941 5716 2970 5753 c
3002 5741 3014 5762 ,
3040 5710 3077 5753 t.
3109 5701 3197 5762 ιγ,
3237 5715 3288 5767 p.
3325 5700 3441 5751 HO.
3517 5699 3563 5728 "
3587 5694 3808 5757 Exstat

503 5757 910 5842 llirckheimeri‘
944 5773 1000 5820 et
1039 5757 1264 5818 Nobilii'
1291 5765 1467 5819 versio
1513 5764 1700 5818 Latina
1739 5757 1792 5818 in
1826 5765 2165 5836 Lugdunensi
2210 5767 2458 5823 Biblioth.
2498 5757 2702 5832 PP.,'t.
2733 5769 2797 5822 ll.
