4070 6448
285 365 394 432 361

1439 371 1536 430 DE
1579 370 1832 430 LIBRIS
1871 369 2384 430 THEODORETI.

3454 383 3556 444 362

287 481 516 549 ptiones
551 477 828 532 variorum
859 479 1132 544 codicum,
1186 487 1244 534 ut
1283 489 1366 534 est
1397 481 1519 546 iste,
1555 497 1720 551 quem
1746 481 1879 544 dixi,
1916 491 1956 546 Α
1988 480 2152 553 414
2175 497 2335 536 nemo
2359 491 2522 552 queat
2545 499 2746 538 novum
2765 485 3037 556 quoddam
3058 501 3195 556 opus
3215 487 3560 546 'l'heodoreto

285 571 569 626 Gabrielis
597 569 1120 640 Philadelphiensis,
1153 570 1486 627 Theodoreti
1513 587 1710 626 nomen
1737 589 1878 642 pra:-

285 661 474 714 fercns
525 678 540 714 :
589 659 698 714 illis
721 659 908 714 favent
930 661 1282 716 bibliothecae
1305 663 1490 733 Regia:
1525 673 1634 718 tres
1663 663 1882 717 codices

285 767 426 806 mss.
459 752 692 820 aliique,
719 759 795 816 et,
834 752 929 821 qui
963 753 1186 822 majoris
1209 761 1294 808 est
1317 753 1598 822 ponderis,
1629 753 1878 816 Photius,

279 843 482 898 codice
509 843 634 898 195.
687 843 868 908 Quare
915 843 1089 898 vincit
1115 844 1270 912 prior
1293 845 1564 898 sententia
1593 853 1880 898 auctorum

281 949 548 988 numero.

355 1025 460 1078 IV.
523 1025 640 1079 Cur
691 1025 1193 1094 Philadelphiensis
1251 1025 1654 1096 archiepisc0pi
1707 1027 1880 1082 codex

279 1131 396 1169 non
449 1131 706 1186 magnam
739 1133 772 1169 a
811 1131 896 1170 me
943 1115 1107 1170 ﬁdem
1135 1116 1404 1180 obtineat,
1439 1120 1454 1136 '
1477 1115 1878 1172 facitveterum

277 1208 612 1270 auctoritas,
638 1223 874 1276 quorum
895 1224 1060 1262 nemo
1082 1223 1221 1278 Opus
1236 1207 1506 1278 ejusmodi
1531 1209 1878 1262 Theodorcto

277 1299 566 1352 attribuit.
627 1298 890 1368 Negativa
929 1299 1150 1368 quidem
1191 1299 1282 1352 illa
1303 1307 1386 1353 est
1415 1300 1744 1365 auctoritas,
1779 1301 1875 1356 sed

279 1390 366 1442 sui
395 1398 582 1444 tamen
611 1389 668 1442 in
696 1389 800 1442 hoc
819 1405 1022 1460 genere
1047 1391 1332 1445 momenti.
1357 1390 1468 1446 Cur
1487 1394 1756 1446 assentiar
1781 1393 1878 1446 tri-

279 1479 594 1533 buentibus
621 1479 880 1544 Maximo,
911 1481 964 1533 in
989 1497 1152 1535 causa
1177 1489 1260 1536 cst
1283 1493 1476 1536 auctor
1501 1485 1874 1538 centuriarum

285 1579 526 1637 quatuor
549 1568 618 1622 de
644 1569 938 1633 charitate,
994 1571 1088 1638 qui
1115 1569 1238 1624 libri
1272 1571 1490 1625 initium
1515 1571 1668 1626 ducit
1697 1572 1764 1626 ab
1793 1573 1876 1628 his

293 1661 474 1714 verbis
523 1679 536 1714 :
593 1661 776 1715 «Ecce
835 1671 1037 1731 praeter
1084 1662 1286 1716 librum
1335 1663 1403 1716 de
1447 1663 1558 1716 vita
1599 1663 1870 1732 religiosa,

285 1752 410 1804 misi
441 1751 508 1805 ad
541 1762 616 1816 te,
655 1759 814 1820 pater
853 1753 1090 1821 Elpidie,
1139 1753 1342 1806 librum
1373 1753 1442 1807 de
1469 1753 1762 1816 charitatc,
1797 1761 1874 1806 tot

1983 571 2238 640 aliingcre
2281 590 2294 624 :
2339 573 2490 642 prior
2512 575 2658 628 enim
2693 575 2847 630 locus
2873 576 3108 631 habetur
3147 577 3202 630 in
3221 579 3562 646 expositione

1983 661 2174 731 psalmi
2221 679 2406 728 Lxxtv,
2459 681 2610 720 num.
2637 668 2696 732 9;
2759 665 3031 740 posterior
3074 669 3127 723 in
3171 669 3470 739 quaestione
3496 672 3562 726 ﬂ

1982 764 2148 818 super
2177 750 2497 822 Numeros‘.

2602 865 2824 922 CAPUT
2859 865 2950 922 IX.

1981 976 2124 1030 Libri
2149 977 2467 1045 Theodoreti,
2496 995 2720 1050 quorum
2733 978 2848 1033 sola
2871 969 3122 1034 memoria
3146 981 3348 1036 videtur
3367 999 3555 1053 super-

2701 1065 2832 1104 €880.

2479 1161 2506 1232 ᾗ
2533 1163 2574 1216 ι.
2607 1161 2748 1233 Opus
2769 1163 3064 1234 mysticum.

2047 1270 2086 1322 l.
2125 1271 2338 1341 Mystici
2361 1273 2548 1342 operis
2577 1281 2858 1328 auctorem
2885 1288 2942 1327 se
2964 1271 3340 1330 Theodoretus
3357 1275 3558 1331 fatetur

1977 1363 2252 1430 partimin
2273 1365 2506 1432 epistola
2531 1365 2598 1420 ad
2621 1365 2988 1420 Euscbium':
3018 1384 3035 1416 ι
3061 1365 3560 1436 Mysticusprreter—

1976 1467 2040 1506 ea
2059 1453 2296 1522 scriptus
2317 1463 2402 1508 est
2429 1471 2460 1508 a
2485 1456 2646 1510 nobis
2665 1456 2828 1522 liber,
2853 1465 2910 1510 et
2931 1456 3024 1510 alii
3049 1457 3116 1510 de
3140 1457 3550 1526 Providentiap

1975 1543 2176 1611 partim
2207 1543 2262 1598 in
2295 1545 2440 1598 libro
2461 1563 2494 1600 v
2540 1545 2924 1600 Hmreticarum
2955 1546 3315 1616 fabularum',
3349 1565 3472 1604 cum
3501 1551 3556 1604 in

1977 1633 2306 1703 baptismate
2339 1636 2506 1690 tradit
2537 1653 2636 1692 nos
2665 1639 2994 1708 consepeliri
3021 1637 3261 1704 Christo,
3293 1649 3352 1694 ut
3375 1657 3559 1696 resur-

1976 1725 2238 1780 rectionis
2283 1727 2582 1796 participes
2623 1727 2838 1783 ﬁamus.
2901 1748 2918 1780 ι
2947 1731 3172 1794 Verum,
3217 1731 3416 1800 inquit,
3467 1733 3558 1788 hic

277 1842 552 1896 centuriis
570 1817 836 1911 capitum,
865 1817 1002 1912 quot
1023 1843 1304 1912 evangelia
1328 1851 1478 1908 sunt,
1505 1844 1868 1912 comprehen-
1905 1827 1948 1888 Β
1977 1824 2228 1912 09⁸⁵,θδί
2255 1817 2426 1912 ¹¹ἶ³ῧίῗ
2464 1818 2696 1912 Ψῖδᾳῗο
2726 1835 3009 1912 sermone?
3070 1827 3126 1873 θ’·
3152 1836 3281 1912 ΨΒ
3312 1823 3557 1892 alioquin

271 1946 424 1985 sum.
453 1951 470 1980 ι
509 1932 700 2000 Neque
737 1931 885 1985 enim
923 1933 1070 1986 ullus
1105 1933 1304 1988 merito
1329 1931 1546 1988 dubitet
1575 1934 1776 1988 librum
1807 1933 1874 1989 de

269 2021 552 2076 charitate
583 2021 818 2076 Maximo
843 2022 1058 2076 auctori
1089 2023 1462 2078 tribuendum.

731 2159 759 2224 ᾗ
792 2155 850 2210 ν.
887 2156 1038 2210 Liber
1061 2156 1434 2227 formularum.

342 2267 590 2340 Scripsit
635 2266 946 2324 Eucherius
987 2267 1373 2340 Lugdunensis
1434 2285 1574 2340 opus
1608 2270 1872 2325 eximium

263 2359 338 2417 de
377 2361 732 2432 spiritalibus
773 2361 1047 2426 formulis,
1099 2379 1210 2432 quo
1256 2363 1388 2432 quid
1451 2363 1504 2416 in
1571 2361 1872 2432 Scripturis

259 2465 368 2510 aut
413 2454 804 2522 metaphoricc
858 2463 955 2510 aut
993 2453 1290 2524 symbolice
1332 2453 1538 2508 dictum
1567 2455 1738 2508 estde
1761 2455 1872 2509 Deo

261 2543 516 2614 aliisque
557 2543 626 2598 ad
674 2541 1098 2614 intelligentiam
1129 2559 1314 2598 rerum
1344 2541 1710 2613 spiritualium
1741 2557 1870 2614 pcr-

263 2635 610 2700 tinentibus,
665 2636 912 2704 exponit.
975 2633 1034 2690 Id
1101 2651 1224 2690 cum
1273 2633 1513 2690 Joannes
1561 2635 1870 2690 Alexander

265 2725 638 2782 Brassicauus
669 2743 816 2781 anno
843 2725 983 2781 1550
1005 2726 1280 2781 edendum
1301 2735 1542 2792 curaret,
1565 2728 1620 2781 in
1638 2727 1870 2796 epistola

267 2819 342 2873 ad
367 2820 572 2875 Ianum
603 2835 634 2872 a
661 2817 859 2872 Swolla
885 2818 938 2872 id
964 2817 1130 2873 habet
1151 2818 1218 2872 de
1245 2817 1596 2873 Thcodoreto
1615 2859 1630 2884 ,
1665 2834 1730 2872 ex
1759 2833 1868 2888 quo

277 2919 466 2980 posset
487 2911 766 2981 quispiam
797 2909 1039 2980 opinari,
1077 2909 1448 2979 composuisse
1481 2909 1658 2978 ipsum
1689 2908 1866 2964 simile

271 3001 538 3070 quiddam
570 3001 640 3055 de
669 2999 926 3054 formulis
955 3001 1100 3070 apud
1124 2999 1363 3064 Graecos,
1393 2999 1538 3068 quod
1561 2999 1866 3055 Eucherius

263 3092 418 3160 apud
439 3091 688 3146 Latinos.
711 3089 884 3156 Quod,
903 3091 1100 3161 inquit,
1118 3091 1259 3161 apud
1275 3087 1491 3144 Latinos
1511 3089 1640 3144 fecit
1655 3090 1867 3143 Euche-

1979 1903 2238 1974 mysticos
2279 1904 2571 1960 duodecim
2593 1907 2770 1963 libros
2800 1905 3312 1979 conseripscrim'us,
3342 1913 3554 1967 studio-

1976 2009 2066 2048 sos
2097 1995 2163 2048 ad
2191 2011 2285 2050 eos
2320 1997 2680 2053 remittemus.
2713 2017 2731 2050 ›

2045 2086 2110 2139 Il.
2149 2087 2287 2142 Hinc
2317 2087 2674 2160 intelligimus
2707 2105 2844 2160 opus
2899 2091 3044 2146 istud
3079 2093 3369 2150 duodecim
3397 2095 3556 2149 libris

1975 2180 2436 2248 comprehensum
2479 2180 2680 2248 fuisse,
2731 2191 2788 2236 et
2815 2191 2943 2238 ante
2971 2184 3146 2240 libros
3175 2185 3554 2241 ereticarum

1976 2267 2280 2338 fabularum
2315 2269 2546 2334 editum,
2585 2271 2696 2326 imo
2730 2279 2856 2325 ante
2882 2289 3086 2327 annum
3113 2275 3237 2340 445,
3273 2290 3384 2344 quo
3408 2289 3555 2330 anno

1976 2357 2362 2416 Theodorctus
2408 2363 2476 2416 ad
2522 2361 2822 2418 Eusebium
2867 2364 3116 2434 scripsit;
3176 2375 3339 2436 atque
3385 2368 3552 2422 etiam

1973 2461 2099 2508 ante
2121 2469 2324 2508 annum
2351 2453 2476 2520 455,
2502 2453 2597 2524 qui
2623 2455 2983 2510 duodecimus
3009 2466 3138 2512 ante
3165 2457 3346 2512 datam
3377 2459 3550 2513 Euse-

1973 2543 2063 2598 bio
2092 2545 2400 2614 epistolam.

2041 2635 2132 2688 ΙΙΙ.
2173 2635 2362 2703 Neque
2418 2635 2668 2700 Photius,
2717 2651 2896 2706 neque
2944 2636 3104 2702 alius,
3158 2638 3306 2709 quod
3356 2639 3548 2702 sciam,

1971 2734 2244 2789 veterum,
2295 2726 2547 2779 meminit
2581 2727 3018 2781 elucubrationis
3042 2737 3206 2782 tanta:
3234 2745 3248 2780 :
3277 2743 3346 2782 an
3378 2729 3550 2784 inter-

1971 2817 2110 2871 ierat
2133 2816 2458 2887 jamdudum
2503 2825 2629 2870 ante
2661 2817 2779 2886 ipsa
2809 2833 3028 2888 quoque
3059 2818 3238 2873 l‘hotii
3264 2820 3553 2889 tempora?

1971 2923 2040 2961 an
2063 2907 2170 2961 alio
2197 2907 2420 2961 nomine
2445 2907 2743 2962 censetur?

2041 2997 2128 3052 iV.
2191 2995 2393 3051 Credat
2433 2998 2576 3050 forte
2627 2997 2922 3067 quispiam,
2971 2998 3080 3053 levi
3124 3007 3326 3065 tamen,
3361 3009 3424 3055 ut
3448 3016 3552 3072 ego

1967 3088 2188 3157 quidem
2212 3087 2426 3158 Opinor,
2449 3095 2795 3157 argumento,
2823 3089 3082 3159 mysticos
3103 3089 3277 3144 libros
3297 3091 3365 3144 ab
3381 3107 3550 3161 opere

263 3183 410 3246 rius,
454 3182 564 3235 hoc
599 3181 744 3251 apud
779 3179 998 3235 Grai/tos
1036 3179 1382 3235 exactissime
1409 3179 1660 3248 praestitit
1683 3177 1864 3232 Theo-
1893 3168 1934 3224 C
1969 3173 2045 3226 De
2091 3174 2340 3227 curandis
2395 3171 2696 3230 Graecorum
2733 3175 3089 3246 affectionibus
3139 3194 3249 3232 non
3278 3179 3502 3235 differre
3533 3198 3547 3234 :

257 3271 504 3328 doretus
535 3271 629 3326 ille
668 3269 929 3341 Cyrensis
951 3269 1326 3340 episcopus”,
1386 3283 1450 3321 ex
1482 3269 1638 3337 cujus
1665 3267 1865 3338 insigni

256 3349 444 3432 opere
470 3403 486 3426 ,
539 3361 692 3432 quod
749 3361 894 3430 apud
939 3375 1042 3414 nos
1075 3367 1159 3413 est
1188 3358 1244 3412 in
1271 3358 1514 3427 antiquis
1533 3357 1868 3412 membranis

257 3451 622 3520 descriptum
647 3490 662 3513 ,
717 3449 854 3503 libet
903 3449 992 3502 hic
1023 3448 1234 3517 aliquot
1259 3445 1476 3516 egregie
1506 3445 1721 3500 erudita
1747 3445 1866 3500 loca

257 3541 580 3606 ascribere,
613 3555 684 3596 ex
733 3538 936 3608 quibus
961 3537 1206 3591 universi
1231 3536 1382 3589 illius
1415 3534 1604 3605 operis
1627 3535 1866 3605 dignitas

256 3639 324 3684 et
355 3628 576 3684 utilitas
621 3627 918 3682 elucescet.
970 3622 1124 3688 Οἷνος
1151 3625 1244 3680 ἐπὶ
1281 3623 1416 3677 Θεοῦ
1463 3626 1496 3694 ἡ
1533 3624 1768 3693 τιμωρία
1796 3625 1863 3677 ³⁷.

259 3719 436 3774 Δαεὶδ
471 3721 558 3772 ὅτι
595 3719 852 3789 ποτήριον
887 3721 946 3770 ὲν
994 3717 1139 3787 χειρὶ
1185 3715 1392 3786 Κυρίου
1436 3717 1580 3769 οἴνου
1622 3714 1866 3784 ἀκράτου

261 3813 484 3882 πλῆρες
525 3809 898 3880 κεράσματος.
925 3808 1060 3862 Item
1085 3825 1099 3860 :
1129 3807 1194 3859 Ai
1238 3805 1424 3877 τρίχες
1441 3806 1508 3870 ³η,
1536 3807 1633 3876 τῆς
1663 3804 1868 3876 νεκρὼ-

261 3923 408 3968 σεως
437 3901 732 3971 σύμϐολον·
761 3899 952 3968 νεκραὶ
971 3899 1078 3970 γὰρ
1093 3891 1252 3951 αὗται
1283 3898 1374 3950 καὶ
1397 3897 1588 3967 ὀδύνης
1613 3897 1867 3967 αἴσθησιν

257 3995 326 4048 οὗ
361 3993 682 4063 δεχόμεναι.
717 3989 830 4061 Τὴν
859 3989 1035 4058 ἀληθῆ
1069 3987 1247 4040 τοίνυν
1273 3987 1416 4058 ζωὴν
1449 3988 1594 4058 ἔχειν
1633 3987 1862 4050 κελεύει,

258 4085 392 4146 τοὺς
421 4081 498 4152 τῷ
530 4081 656 4150 Θεῷ
685 4077 1154 4150 λειτουργοῦντας,
1179 4079 1274 4132 καὶ
1310 4079 1474 4149 μηδὲν
1499 4079 1689 4150 νεκρὸν
1723 4079 1866 4149 ἔχειν

261 4175 408 4240 μηδὲ
441 4173 708 4236 δυσῶδες.
755 4171 926 4223 Τοῦτο
963 4170 1072 4242 γὰρ
1113 4171 1207 4223 καὶ
1235 4170 1264 4221 ὁ
1293 4170 1574 4233 θεσπέσιος
1603 4173 1750 4241 ἡμᾶς
1783 4171 1864 4224 δι-

254 4265 456 4319 δάτκει
485 4263 724 4326 Παῦλος.
747 4260 978 4328 Χριστῷ
995 4261 1126 4331 γὰρ,
1161 4259 1316 4328 φησὶ,
1351 4261 1864 4328 συνεσταύρωμαι.

253 4357 358 4410 Ζῶ
372 4357 444 4410 δὲ
459 4359 578 4410 οὐκ
596 4357 682 4409 ἔτι
706 4355 840 4423 ἐγὼ,
867 4353 932 4420 ζἰῙ
953 4353 1018 4406 δὲ
1033 4355 1104 4406 ἐν
1117 4353 1248 4422 ἐμοὶ
1268 4355 1538 4419 Χριστός.
1571 4353 1706 4414 Ταῖς
1733 4351 1860 4420 γὰρ,

1969 3279 2095 3317 nam
2147 3265 2420 3318 consentit
2471 3279 2763 3330 numerus,
2818 3275 2874 3321 et
2920 3267 3068 3340 quod
3117 3270 3242 3338 quis
3283 3272 3547 3338 miretur,

1969 3355 2335 3420 'l‘hedorctus,
2385 3357 2479 3410 ubi
2509 3358 2740 3413 alterius
2762 3360 2946 3429 operis
2966 3361 3241 3426 meminit,
3282 3363 3350 3417 de
3375 3363 3550 3420 altero

1970 3447 2116 3510 silet,
2163 3447 2320 3517 quasi
2366 3449 2484 3502 solo
2524 3450 2748 3504 nomine
2791 3451 3008 3506 diversa
3035 3453 3164 3508 sint.
3213 3453 3418 3510 Verum
3447 3471 3548 3510 ne-

1967 3552 2075 3606 que
2103 3537 2362 3608 mysteria
2388 3545 2695 3592 tractantur
2725 3553 2850 3592 eum
2875 3541 3195 3610 gentilibus,
3243 3545 3548 3612 praesertim

1968 3643 1997 3682 a
2023 3627 2392 3694 Theodorcto,
2429 3629 2524 3699 qui
2549 3629 2604 3683 id
2633 3629 2868 3685 maxime
2889 3639 3077 3698 cavet;
3111 3647 3288 3702 neque
3315 3634 3368 3688 in
3393 3635 3551 3690 libris

1967 3717 2129 3789 415
2164 3719 2431 3774 adversus
2467 3717 2690 3774 Grmcos
2734 3721 3011 3790 reperitur
3031 3724 3362 3791 expositum,
3398 3726 3546 3794 quod

1969 3810 2024 3864 in
2072 3811 2215 3866 libro
2245 3827 2278 3866 ν
2321 3809 2707 3864 Πιενετὶσανιιηι
2755 3811 3058 3882 fabularum
3105 3814 3174 3870 de
3222 3815 3548 3885 baptismate

1967 3900 2186 3955 dicitur.

2036 3991 2100 4046 ν.
2141 3991 2308 4046 Libro
2329 4009 2362 4048 ν
2393 3993 2590 4047 Hier-et.
2615 3991 2745 4061 fab.,
2765 4007 2908 4062 cap.,
2943 3993 2979 4045 2
2999 3992 3102 4046 sub
3125 3991 3286 4046 finem
3319 3994 3545 4062 prolixae

1968 4083 2356 4151 disputationis
2390 4083 2458 4136 de
2487 4083 2650 4137 Verbi
2681 4081 2967 4135 divinitate
3001 4081 3264 4135 adversus
3287 4083 3540 4144 Arianos,

1967 4173 2084 4228 haec
2107 4173 2382 4227 habentur
2405 4191 2418 4226 :
2448 4191 2466 4225 ι
2484 4173 2684 4228 Contra
2711 4173 2810 4227 hos
2832 4183 3014 4226 autem
3039 4171 3328 4226 duodecim
3343 4173 3450 4241 jam
3477 4173 3543 4226 li—

1967 4263 2098 4318 bros
2117 4277 2295 4331 nuper
2317 4262 2765 4338 conscripsimus,
2794 4269 2850 4315 et
2871 4269 3070 4330 praeter
3085 4259 3186 4313 hos
3209 4275 3356 4314 nunc
3373 4261 3539 4314 etiam

1966 4353 2195 4408 alterius
2213 4353 2436 4408 moralis
2455 4353 2739 4422 theologia:
2759 4361 2814 4406 et
2833 4351 3095 4406 doctrina:
3119 4365 3344 4418 scopum
3361 4358 3542 4404 osten-

253 4449 402 4516 φησὶ
429 4449 498 4510 ⁹⁹,
533 4445 840 4516 ἐνεργείαις
879 4444 1114 4514 ἐμαυτὸν
1147 4443 1450 4513 ἁφιέρωσα.
1487 4443 1690 4500 Verum
1731 4443 1860 4497 inde

1972 4444 2166 4499 dimus.
2181 4463 2197 4494 ι
2231 4443 2444 4509 Quibus
2469 4443 2652 4497 verbis
2679 4441 2910 4496 indicari
2931 4439 3150 4495 videtur
3167 4453 3325 4508 epus,
3347 4439 3414 4494 de
3431 4453 3542 4509 quo

1621 4586 1930 4651 SCiiULle
1971 4595 2060 4650 ΝΟ
2077 4615 2096 4650 ι
2115 4595 2202 4649 ᾸΕ.

331 4733 382 4765 ³⁸
407 4731 606 4786 Sixtus
658 4727 921 4782 Senensis
946 4727 1211 4796 (Biblioth.
1235 4735 1453 4788 sanctae.
1475 4727 1584 4799 lib.
1617 4725 1690 4795 iv)
1727 4727 1918 4799 refert,
1947 4743 2003 4782 se
2043 4727 2186 4781 inter
2240 4727 2344 4780 alia
2377 4725 2710 4799 Theodoreti
2741 4740 2907 4799 opera
2953 4725 3150 4798 iegisse
3185 4725 3537 4799 mysticarum

253 4801 686 4858 institutionum
717 4799 772 4852 in
791 4800 1102 4868 universam
1126 4814 1334 4854 sacram
1370 4797 1709 4868 Scripturam
1729 4797 2058 4868 isagogicum
2079 4799 2358 4868 volumen,
2392 4797 2674 4850 nominum
2705 4811 2768 4868 ac
2797 4796 3086 4850 verborum
3123 4796 3390 4862 omnium,
3417 4815 3538 4867 quae.

253 4873 478 4928 divinis
525 4868 754 4922 Litteris
793 4867 1166 4930 continentur,
1201 4868 1458 4936 mysticus
1486 4865 1542 4920 et
1583 4865 1901 4936 spiritualcs
1938 4867 2342 4936 rintclligcntias
2379 4865 2828 4936 exponens._lloc
2867 4881 3026 4936 opus.
3053 4875 3188 4921 teste
3217 4865 3534 4930 Possevino.

255 4944 515 5012 (Appar:
535 4955 665 5012 δαίς.⁸
685 4947 722 4990 t.
769 4936 837 5012 ll,

887 4951 940 5008 p.
975 4939 1125 5008 458),
1156 4929 1216 4992 in
1251 4929 1492 5008 antiquis
1539 4929 1870 5008 membranis
1917 4935 2102 4992 Graece
2130 4929 2481 5008 descriptum
2525 4934 2848 5008 servabatur
2873 4929 3306 5008 Vindobonzein
3335 4929 3536 5008 biblio-

253 5002 428 5068 theca
483 5006 854 5076 Brassicani._
887 5002 938 5040 ‘7
961 5002 1189 5062 Videtur
1228 5021 1348 5062 esse
1385 5002 1704 5076 legendum
1740 5002 1870 5076 alvo;

2004 5007 2260 5076 τιμωρία
2301 5002 2394 5058 τοῦ
2451 5005 2621 5076 Θεοῦι
2647 5007 2762 5076 sive
2791 5015 2852 5060 ut
2881 5015 2922 5076 t.
2959 5007 3002 5070 l,
3032 5023 3084 5076 p.
3109 5005 3266 5066 1158,
3301 5007 3364 5060 ad
3399 5007 3536 5076 psal.

255 5097 448 5144 ιιιιγ,
483 5080 538 5140 9,
575 5071 944 5147 legiturgoivov
971 5079 1070 5147 τὴν
1099 5079 1366 5147 τιμωρίᾳγ
1409 5071 1582 5147 κάλτεῆ

253 5153 432 5206 detur
467 5145 668 5208 θείαις.
703 5145 824 5200 Vid.
857 5145 1044 5216 supra,
1079 5155 1116 5200 t.
1151 5148 1192 5210 l,
1217 5145 1273 5214 p.
1305 5145 1430 5216 2'28.

1662 5073 1708 5106 ⁸⁸
1737 5075 1870 5146 τρίχι

1972 5073 2118 5130 Edit.
2141 5073 2294 5146 prior
2319 5075 2556 5146 habebat
2587 5075 2802 5144 Γρίκες.
2879 5075 2925 5146 9³
2955 5073 3110 5142 φηξςί.
3139 5073 3424 5146 Excidisse
3455 5077 3538 5146 vi-

1513 5133 1524 5175 ⁴
1559 5145 1742 5215 Longe
1773 5133 1972 5215 'm‘ajor
2013 5155 2098 5200 est
2143 5133 2414 5199 humerus
2467 5133 2774 5215 librorum,
2801 5144 2896 5212 qui
2933 5133 3122 5198 nostro
3151 5145 3234 5215 vel
3266 5145 3532 5215 suppositi

255 5229 398 5276 sunt
429 5218 522 5272 vel
555 5223 764 5269 temere
787 5211 1032 5284 ascripti.
1069 5216 1146 5268 Ne
1168 5211 1280 5285 jam
1303 5215 1372 5270 de
1404 5229 1594 5285 eorum
1617 5211 2112 5285 dicamuserrore,
2135 5215 2252 5284 qui,
2288 5229 2412 5270 cum
2461 5214 2720 5285 antiquos
2763 5211 3049 5266 versarent
3091 5213 3328 5285 codices.
3352 5211 3534 5285 Theo-

255 5291 532 5344 dorctum
583 5299 711 5338 cum
740 5279 1032 5354 Theodoro
1061 5279 1464 5354 Mopsuesteno,
1500 5283 1877 5354 Daphnopata,
1911 5279 2340 5354 aliisque'hujus
2371 5279 2620 5354 nominis—7
2649 5289 3082 5354 commutarunt,
3112 5280 3233 5354 huc
3256 5279 3310 5354 in
3340 5281 3536 5354 primis

259 5355 556 5424 referendi
591 5363 722 5406 sunt
749 5348 1184 5424 duoistilibri':
1219 5356 1272 5424 l,
1303 5354 1455 5424 Περὲ
1487 5348 1782 5424 τοῦίὰγέόυ
1817 5353 1870 5424 βο

1972 5348 2191 5421 iuuare;
2221 5348 2328 5406 τῶν
2373 5349 2916 5424 ᾁγίων--ἀποοτόλῳν
2955 5351 3048 5400 καὶ
3076 5349 3178 5418 τῆς
3211 5348 3371 5416 ἁγίας
3401 5351 3532 5424 φεο-

257 5431 460 5481 τόκου.
495 5423 599 5477 llic
627 5423 850 5492 quidem
875 5423 1095 5478 libellus
1125 5424 1180 5476 in
1211 5417 1526 5492 Appendiee
1556 5421 1622 5476 ad
1679 5417 1869 5492 Cangii
1899 5417 2211 5478 Chronicon
2243 5417 2877 5492 PaschaleTheodoreti
2920 5417 3142 5492 nomen
3165 5419 3532 5492 prag_se_fert,

261 5499 362 5554 sed
389 5495 620 5562 videtur
643 5486 765 5562 esse
789 5491 1086 5562 Sophronii
1114 5486 1441 5562 patriarcha:
1463 5491 1732 5546 Hierosol.
1766 5486 1870 5546 sub
1893 5493 2050 5562 cujus
2071 5493 2291 5562 nurnine
2315 5499 2490 5562 exstat
2513 5490 2570 5544 iu
2599 5487 2880 5562 Lambecii
2911 5486 3356 5562 Commentariis,
3379 5487 3416 5542 l.
3447 5503 3530 5562 in,

263 5583 320 5638 p.
351 5567 444 5622 52.
483 5566 540 5638 2.
581 5561 830 5638 ϐοηθειεο
861 5556 1130 5638 canonum
1159 5561 1649 5638 ecclesiasticarum,
1685 5573 1850 5638 quam

1972 5556 2194 5638 lma_sius
2217 5561 2536 5638 LDeusuris',
2565 5573 2615 5638 c_.
2644 5557 2768 5638 gl):
2805 5556 2962 5638 inter.
2981 5558 3240 5638 ᾲνὲξδειτοι
3274 5557 3533 5638 Τιξεοίιοτ

263 5629 368 5692 ἱειὶ
423 5633 622 5696 refert,
655 5633 839 5694 nixus,
871 5639 932 5684 ut
979 5631 1220 5702 videtur,
1270 5631 1595 5702 auctoritate
1642 5629 1850 5702 codicis
1893 5633 2174 5702 cujusdam

2261 5629 2470 5685 arisini.
2499 5627 2605 5682 Sed
2640 5625 2911 5681 Collectio
2949 5627 3051 5681 ista
3075 5625 3309 5682 debetur
3332 5626 3530 5682 Joanni

265 5695 640 5766 Scholastieo,
671 5701 971 5770 utiplures
1019 5701 1254 5770 probant
1303 5701 1540 5770 codices.
1590 5700 1793 5770 quibus
1839 5695 1977 5754 usus
2023 5710 2108 5756 est
2151 5701 2581 5770 Justellus,cum
2607 5695 3006 5770 Bibliothecam
3031 5707 3183 5750 suam
3210 5695 3530 5750 canonicam

267 5779 590 5831 adornaret.
667 5775 688 5802 ²
719 5765 1035 5824 Eusebium:
1073 5769 1294 5824 Scilicet
1341 5765 1709 5842 Ancyranum.
1741 5771 1862 5826 Vid.
1916 5772 2078 5841 epist.
2119 5770 2204 5828 82.
2283 5771 2302 5800 ³
2339 5769 2448 5821 Lib.
2479 5783 2508 5822 v
2562 5780 2680 5834 cap.
2713 5765 2794 5822 18.

604 5867 877 5925 ΡΑτειοι.
913 5865 1032 5922 (in.
1073 5863 1380 5923 LXXXIV
1395 5908 1408 5925 .

3127 5859 3198 5920 12
