4086 6358
350 395 414 451 17
1784 390 2171 449 ΡΒᾸΕΡΑἸΊΟ.
3548 397 3618 453 18

349 525 731 585 nonnunquam
758 517 982 585 apparet
1020 527 1036 565 :
1081 516 1268 577 pauca!
1291 520 1393 585 aut
1438 507 1599 561 nullae
1628 506 2007 585 describuniur:
2030 509 2644 585 orthographictenotae.
2679 512 2808 580 Qum
2840 513 3032 570 litterae
3077 529 3139 568 ac
3168 524 3306 570 notae
3333 527 3606 585 compete-

348 583 512 655 bant,
539 585 787 638 exaratte‘
819 579 871 635 iu
896 582 998 635 hac
1037 590 1215 655 nostra
1242 579 1476 655 editione
1505 579 1856 655 reperientur.
1898 580 2010 655 Sed
2048 593 2099 635 et
2126 581 2251 655 illud
2283 589 2365 655 est
2393 579 2855 655 animadversione
2885 585 3123 655 dignum,
3155 602 3316 640 unum
3348 579 3603 644 Cod'icetn

347 654 499 729 inter
516 669 639 729 sese
658 668 765 707 non
796 668 940 729 saepe
963 653 1157 729 saepius
1190 648 1460 729 cobterere
1491 667 1505 729 :_
1535 649 1622 718 qui
1658 664 1797 704 nunc
1824 650 2585 729 babtismacxhibetbaptismo
2608 648 3149 729 postmodum'pinxit
3170 699 3183 721 ,
3212 658 3605 729 intellegendum

350 726 524 793 prodit
555 727 643 795 qui
667 734 823 779 antea
847 722 1231 791 intelligendum
1261 722 1584 776 inscribebat
1616 737 1629 773 :
1660 732 1985 790 quapropter
2007 723 2085 776 vel
2116 740 2179 777 ex
2223 723 2353 789 ipsis
2380 723 2666 778 Codicibus
2690 741 2788 780 nos
2810 722 3007 781 rectam
3049 728 3369 797 scripturam
3386 722 3613 786 desum-

388 798 525 852 sisse
546 807 751 850 certum
772 804 873 850 est.

465 812 525 851 se
642 812 751 849 tum
807 812 873 850 ει.

349 812 480 922 pals.
512 812 651 922 F22;
676 812 884 934 semeper
905 864 1139 938 scribunt
1165 861 1401 938 Codices
1418 864 1538 938 mict'
1566 878 1662 932 pro
1683 865 1826 938 mihi,
1860 866 2117 917 catecizati
2140 880 2233 932 pro
2255 866 2582 930 catecht'zatt',
2616 867 2943 922 nicilomt’ntts
2964 884 3059 936 pro
3086 871 3437 938 nihilominus,
3462 874 3606 928 inm.

349 939 661 1011 tionabilt'ter
682 954 775 1011 pro
799 934 1229 1011 irrationabiliter,
1286 934 1510 1011 conlatio
1534 949 1627 1011 pro
1644 937 1882 1011 _collatt'o,
1909 939 2383 1011 Δ(ςοηιιιηὶίτανε-ρῳ⁸
2412 940 2806 1011 communicare,
2834 934 3030 993 anticus
3060 956 3157 1007 pro
3184 934 3446 1010 antiquus,
3488 946 3604 1011 plu-

352 1012 597 1079 rimaque
634 1005 954 1076 hujusmodi.
988 1007 1041 1079 l_n
1066 1015 1276 1079 rectam
1312 1005 1751 1079 orthographiam
1778 1008 1954 1059 omnia
2002 1008 2115 1079 haec
2143 1018 2197 1061 et
2227 1006 2417 1079 similia
2449 1008 2844 1063 transduximus
2873 1027 2886 1059 :
2921 1005 3073 1064 ratio
3096 1015 3273 1078 operis
3303 1005 3381 1068 sic
3410 1005 3607 1069 suade-

357 1078 479 1145 bat;
507 1077 852 1155 pmterquain
886 1077 1029 1143 quod
1064 1078 1115 1131 in
1160 1077 1289 1143 ipsis
1315 1090 1525 1145 quoque
1552 1077 1837 1155 Codicibus
1864 1087 1920 1132 et
1955 1077 2037 1131 vel
2064 1082 2114 1131 in
2145 1091 2251 1130 uno
2279 1077 2475 1133 Codice
2509 1089 2706 1134 rectam
2736 1079 3018 1149 aliquoties
3047 1085 3328 1138 verborum
3381 1086 3610 1155 scriptu-

351 1165 465 1205 ram
491 1148 905 1217 deprehendisse
935 1156 1121 1212 terque
1150 1158 1444 1214 quaterque
1476 1149 1891 1217 promulgamus.
1942 1190 1949 1193 .

422 1224 501 1295 5.;
530 1220 683 1295 Tituli
709 1220 1041 1295 quandoque
1068 1218 1123 1272 in
1153 1219 1298 1295 ipsas
1322 1219 1608 1295 canonicas
1644 1221 1965 1295 sanctiones
1987 1220 2177 1295 inserti
2204 1230 2371 1295 sunt;
2413 1221 2819 1295 separavimus:
2854 1222 2998 1276 nulla
3032 1223 3171 1277 inter
3205 1225 3300 1278 has
3328 1226 3613 1295 aliquando

351 1291 539 1367 divisio
565 1294 660 1367 lit;
686 1290 1038 1367 distinximus
1072 1306 1086 1343 :
1120 1289 1343 1367 repetita
1372 1291 1565 1367 adsunt
1592 1290 1751 1367 verba
1777 1290 1827 1342 in
1859 1290 2331 1367 quibusdatn_l_0cis
2352 1292 2682 1367 osciiationis
2708 1307 2892 1359 causa;
2925 1295 3290 1367 expunsimus
3320 1313 3333 1349 :
3367 1289 3614 1367 transpo-

347 1362 444 1416 sita
468 1363 521 1416 in
546 1362 664 1416 aliis
685 1363 921 1416 existunt
940 1360 1152 1432 decreta
1177 1377 1191 1425 ;
1226 1359 1280 1413 in
1311 1360 1779 1432 propriatnsedetn
1806 1363 2154 1415 restituimus.
2184 1362 2377 1417 Verum
2407 1362 2534 1415 nihil
2563 1366 2753 1415 horum
2785 1372 2970 1418 nostro
3003 1359 3322 1432 perfecimus
3344 1359 3566 1424 arbitrio
3594 1385 3613 1425 :

344 1432 570 1487 Codices
592 1434 691 1501 ipsi
716 1447 901 1486 ansam
935 1431 1280 1499 praebuerunt
1311 1448 1322 1480 :
1359 1431 1733 1484 annotationes
1765 1440 1973 1485 nostras
2000 1434 2402 1486 consulentibus
2424 1434 2710 1487 conStabit.

421 1500 688 1572 Excerpta
740 1506 1038 1567 Canonum,
1083 1517 1202 1570 quas
1243 1500 1470 1573 indicem
1522 1502 1771 1555 dixerunt
1811 1503 1919 1568 alii,
1951 1503 2133 1556 decem
2162 1505 2547 1569 comprehensa
2579 1505 2746 1570 libris,
2780 1508 2831 1559 in
2856 1506 3140 1563 (Iodicihus
3167 1509 3609 1573 prmscribuntur.

340 1572 471 1648 Cum
496 1571 955 1648 eminentissimus
975 1576 1199 1648 Aguirre
1223 1582 1276 1625 et
1305 1571 1590 1648 Caietanns
1606 1574 1770 1626 Cenni
1793 1573 1904 1626 hmc
1925 1574 2065 1626 edita
2093 1578 2317 1639 posteris
2340 1577 2711 1643 reliquissent,
2732 1591 2793 1630 ea
2818 1580 3010 1631 iterum
3034 1571 3332 1648 iterumque
3366 1591 3612 1648 repetere

343 1645 396 1699 in
418 1647 602 1719 animo
627 1646 872 1700 nonfuit.
915 1643 1037 1698 Sed
1066 1659 1185 1698 cum
1222 1643 1420 1696 nostris
1461 1643 1669 1719 illorum
1717 1649 2165 1719 comparationem
2201 1648 2539 1699 instittientes
2565 1648 2780 1700 nimiam
2825 1649 2961 1702 inter
3006 1662 3230 1719 utraque
3248 1643 3610 1710 diﬁ‘ereutiam

342 1717 840 1778 animadvertimus.
871 1723 1028 1782 atque
1053 1730 1116 1769 ea
1147 1725 1393 1788 correcta
1419 1725 1479 1788 _et
1506 1716 1757 1788 castigata
1795 1717 1845 1767 in
1896 1717 1976 1781 ius
2004 1717 2271 1781 publicum
2305 1719 2458 1769 tertio
2489 1719 2736 1771 emittere
2765 1720 2937 1773 coacti
2972 1716 3174 1774 sumus.
3213 1722 3603 1788 Exr'erptor-utn

343 1796 614 1863 auctorem
645 1788 884 1863 pluribus
913 1795 1031 1863 post
1056 1794 1300 1839 sanctum
1330 1785 1589 1839 lsidorum
1617 1787 1770 1839 annis
1794 1788 1988 1863 vixisse
2028 1791 2269 1863 rntleset
2302 1788 2582 1863 inconsoni
2612 1804 2817 1863 versus,
2858 1790 3186 1863 synodorum
3222 1785 3603 1863 Inttge‘postec

340 1858 540 1931 rioruru
572 1857 873 1926 inscriptio,
907 1858 1191 1931 verborum
1223 1868 1276 1911 et
1306 1865 1743 1926 argumentorum
1768 1857 2011 1924 quadam
2039 1858 2384 1923 inortlioatio,
2416 1860 2750 1913 sanctionum
2789 1857 3202 1927 inconcinnitas,
3237 1857 3609 1931 obscurusque

340 1929 659 1997 quandoque
681 1943 872 1984 sensus
901 1926 1246 1996 patefaciunt.

410 1999 782 2054 Praefationem
811 2014 878 2072 ex
911 2014 1031 2067 cap.
1060 1998 1149 2072 ψ,
1182 1999 1272 2052 lib.
1306 2014 1358 2051 vt
1378 1997 1832 2072 Etymologiarum
1863 2000 2035 2055 sancti
2058 1999 2245 2054 lsidori
2268 1998 2599 2072 deprompsit
2624 2003 2744 2056 sive
2773 2011 2990 2056 sanctus
3015 2002 3204 2056 doctor
3226 2002 3341 2057 sive
3367 2003 3613 2072 quisquis

340 2069 477 2124 alius
496 2072 767 2126 exstiterit
794 2071 1067 2124 collector.
1111 2070 1375 2137 lntegram
1418 2068 1788 2139 prmfationem
1830 2080 1996 2124 totum
2026 2086 2162 2138 pene
2205 2080 2364 2136 caput
2386 2068 2516 2124 illud
2545 2083 2752 2125 sextum
2782 2074 3066 2139 prtesefert
3105 2091 3119 2126 :
3146 2090 3263 2138 qua:
3295 2068 3420 2126 vero
3444 2068 3611 2129 verba

337 2141 402 2215 ad
427 2157 545 2215 rem
570 2143 927 2215 inopportuna
945 2140 1259 2215 videbantur
1278 2151 1349 2194 ex
1368 2138 1677 2215 praefatione
1697 2141 1925 2215 scriptor
1967 2140 2243 2215 expunxit.
2294 2140 2367 2192 De
2397 2141 2614 2215 vocibus
2635 2138 2948 2215 autem_i|lis
2981 2161 2994 2195 :
3026 2144 3255 2215 Quorum
3274 2144 3437 2215 etiam
3462 2154 3608 2213 gesta

333 2211 390 2283 in
418 2210 515 2264 hoc
541 2208 756 2278 carpere
777 2211 983 2263 condita
1009 2210 1331 2283 continentur
1351 2249 1367 2270 ,
1409 2208 1648 2283 instituta
1688 2216 1771 2260 est
1804 2210 1941 2263 inter
1968 2212 2205 2283 eruditos
2235 2212 2459 2283 qu:cstio
2484 2252 2500 2273 ,
2546 2227 2669 2264 num
2701 2212 2940 2276 praefatio
2970 2208 3128 2279 caput
3160 2213 3288 2266 illttd
3325 2208 3604 2283 Etymolo-

339 2279 569 2349 giarum,
594 2277 721 2335 num
751 2289 913 2347 caput
934 2278 1298 2347 praelationem
1323 2277 1678 2346 przecesserit,
1708 2287 1763 2329 ut
1790 2294 1855 2331 ex
1884 2295 2113 2348 quonam
2140 2280 2287 2335 fonte
2316 2281 2379 2332 ad
2408 2283 2629 2334 alterum
2655 2284 2927 2336 translata:
2954 2277 3061 2337 sint
3084 2277 3507 2338 deducaturfAh
3532 2288 3613 2337 in-

337 2353 503 2405 ccrtis
525 2353 861 2406 abstinemus
893 2367 905 2402 :
938 2364 1123 2403 verum
1146 2349 1477 2420 particulam
1518 2349 1669 2400 etiam
1708 2349 1758 2401 in
1790 2352 2174 2418 antiquissimis
2196 2366 2415 2417 operum
2451 2354 2694 2419 praesulis
2727 2354 3053 2420 Hispalensis
3081 2353 3370 2407 Codicihus
3391 2355 3610 2410 deside-

339 2421 449 2492 rari
474 2435 805 2492 compertum
832 2421 1122 2492 habemus.
1145 2418 1313 2492 Unam
1340 2426 1542 2472 tantum
1569 2420 1773 2492 variam
1799 2420 2081 2474 lectionem
2108 2418 2480 2489 deprehendas
2512 2425 2564 2475 in
2588 2418 2885 2492 exemplari
2912 2424 3169 2479 Vaticano
3196 2438 3423 2479 numero
3444 2425 3608 2492 5764,

337 2491 414 2545 uti
445 2490 702 2565 erevalus
722 2491 781 2565 in
796 2491 976 2565 sancti
1024 2490 1214 2565 Isidori
1239 2491 1471 2565 Opem-um
1517 2491 1750 2565 editione
1787 2493 2017 2545 afﬁrmat
2048 2494 2230 2563 legens
2264 2508 2277 2544 :
2312 2509 2528 2559 quorum
2562 2505 2700 2564 gesta
2731 2490 2782 2549 in
2820 2495 2916 2547 hoc
2960 2505 3122 2559 coepta
3163 2512 3376 2565 corpore
3405 2490 3614 2549 conditu

338 2559 684 2617 continentur.
709 2562 915 2635 Quidsi
948 2561 1148 2635 nostris
1178 2560 1463 2635 codicibus
1493 2562 1765 2635 praelixam
1796 2564 1930 2615 hanc
1952 2559 2318 2631 praelationem
2349 2581 2471 2619 cum
2507 2559 2595 2618 illa
2636 2581 2793 2635 quam
2826 2567 3118 2635 praeposuit
3146 2559 3378 2621 Isidorus
3409 2567 3615 2622 Merca-

335 2641 421 2686 tor
446 2648 757 2702 comparare
787 2634 1047 2687 velimus"
1068 2631 1436 2700 Noverintqui
1466 2631 1845 2686 conferendam
1874 2635 2189 2699 suscipiant.

413 2703 480 2758 Ut
502 2706 788 2759 canonicas
813 2703 1136 2775 synodorum
1166 2716 1229 2756 ac
1257 2702 1600 2777 epistularum
1641 2704 1986 2777 decretalium
2016 2709 2319 2761 sanctiones
2349 2705 2515 2761 lector
2544 2708 2748 2762 facilius
2765 2710 2933 2777 possit
2959 2708 3218 2773 invenire,
3240 2708 3614 2777 locupletissi-

314 2789 483 2846 mum
513 2774 949 2845 argumentorum
978 2789 1041 2827 ac
1070 2789 1248 2827 rerum
1276 2774 1513 2846 omnium
1545 2790 1675 2841 quas
1705 2776 1937 2846 lliSpana
1966 2778 2337 2846 complectitur
2357 2793 2621 2832 canonum
2653 2774 2920 2846 collectio,
2946 2782 3230 2834 elenchum
3259 2774 3609 2835 autindicem

339 2844 552 2900 utilitati
584 2844 811 2915 publica:
833 2846 1176 2901 consulentes
1208 2844 1509 2909 paravimus
1538 2854 1591 2898 et
1618 2845 2008 2901 contexuimus.

406 2916 523 2970 Jam
568 2914 697 2991 vero
738 2927 1043 2991 accuratam
1067 2915 1657 2991 praestantissimorum
1682 2916 1937 2991 Codicum
1968 2914 2384 2991 descriptionem
2428 2921 2643 2989 aggredi
2691 2936 2786 2988 pro
2817 2922 3076 2991 proloquii
3105 2921 3361 2976 coronide
3388 2936 3481 2989 par
3509 2932 3613 2979 est.

334 2986 511 3056 Atque
536 2999 594 3040 ut
619 2989 688 3041 ab
716 2988 954 3042 omnium
986 2986 1306 3056 nitidissima
1329 2987 1623 3056 exemplari
1653 2987 2015 3052 exordiantur,
2049 2986 2369 3041 Alveldense
2412 2986 2540 3043 illud
2569 2986 2771 3045 dictum
2798 2986 2880 3046 est
2908 2986 2999 3045 ab'
3021 2994 3258 3046 Alveldte
3288 2986 3614 3048 monasterio

339 3054 444 3110 non
476 3058 658 3126 procul
690 3073 717 3110 a
743 3057 1029 3129 Lucronio.
1064 3054 1349 3129 provincia:
1382 3055 1635 3129 Buconia:
1664 3058 1776 3129 sive
1803 3057 2284 3129 Rivogiaaicivitale
2314 3059 2610 3113 notissima.
2647 3061 2943 3127 Vigilanum
2976 3064 3121 3122 item,
3153 3063 3401 3129 quoniam
3434 3077 3463 3113 a
3494 3077 3614 3116 mo-

338 3130 513 3182 nacho
558 3129 786 3198 quodam
819 3128 985 3197 Vigila
1023 3127 1240 3180 nomine
1284 3126 1445 3179 fuerit
1483 3127 1865 3198 conscriptum,
1911 3127 2168 3196 appellari
2195 3132 2491 3182 consuevit.
2522 3130 2652 3184 Cum
2699 3126 2876 3186 autem
2908 3126 3250 3187 Ambrosium
3281 3131 3347 3185 de
3389 3132 3613 3188 Morales

335 3199 465 3255 illud
492 3197 791 3255 elucidasse
834 3199 971 3253 haud
1005 3197 1208 3270 pridem
1238 3197 1637 3263 protulerimus,
1672 3206 1731 3270 ut
1771 3201 1821 3251 in
1852 3200 2098 3253 omnibus
2127 3199 2530 3254 commendetur
2560 3203 2745 3257 lectori
2771 3201 2905 3258 ﬁdes
2934 3214 3135 3270 nostra,
3170 3202 3311 3257 illius
3348 3203 3447 3256 viri
3471 3204 3614 3270 judi-

333 3271 475 3325 cium
520 3273 588 3326 de
634 3273 737 3326 hoc
785 3271 975 3340 insigni
1006 3265 1272 3342 volumine
1299 3281 1383 3342 ex
1426 3268 1757 3342 autographa
1780 3283 2142 3342 recensemus.
2182 3290 2200 3320 ι
2227 3271 2417 3342 Codex
2452 3271 2691 3339 profecto
2717 3284 2801 3327 est
2831 3274 3014 3327 multis
3044 3265 3318 3328 de'causis
3354 3265 3613 3342 magnifa-

338 3359 360 3392 ι
408 3343 648 3408 ciendus,
681 3353 737 3398 et
764 3339 1013 3412 tanquam
1058 3339 1248 3407 ingens
1275 3340 1560 3391 thesaurus
1606 3340 1764 3409 digne
1809 3340 2189 3394 asservandus.
2225 3341 2316 3393 Εει
2342 3342 2484 3394 enim
2536 3343 2779 3411 inprimis
2805 3347 2887 3398 vel
2930 3345 2996 3398 de
3037 3345 3151 3398 sola
3183 3339 3469 3408 vetustate,
3494 3358 3613 3410 quae

338 3430 359 3465 ‹
405 3414 599 3481 tibique
632 3417 1034 3469 venerationem
1083 3420 1342 3475 meretur,
1378 3419 1688 3463 reverenter
1717 3413 2110 3475 suscipiendus.
2153 3412 2395 3478 Scriptus
2427 3429 2656 3482 namque
2686 3413 2784 3467 fuit
2811 3431 2952 3469 anno
2997 3414 3287 3469 Dominica:
3321 3415 3613 3468 nativitatis

337 3501 360 3535 ι
406 3488 812 3552 nongentesitno
841 3486 1238 3553 septuagesimo
1264 3490 1436 3544 sexto,
1459 3490 1513 3553 et
1544 3482 1743 3535 mensis
1769 3482 1890 3537 Maii
1922 3482 2007 3535 die
2031 3482 2290 3553 vigesimo
2317 3484 2499 3549 quinto
2530 3484 2729 3538 ﬁnitus.
2764 3486 2873 3540 lloc
2900 3485 3132 3553 scriptor
3163 3485 3349 3553 ipsein
3380 3486 3483 3539 ﬁne
3510 3485 3614 3539 (ln-

339 3573 361 3607 ί
405 3556 541 3611 dicis
570 3571 673 3610 noo
706 3570 813 3610 uno
840 3552 1062 3617 inloco,
1092 3568 1197 3625 non
1227 3567 1334 3605 uno
1364 3552 1526 3625 modo
1552 3563 1798 3607 testatur.
1840 3554 2049 3625 Etenim
2081 3552 2407 3621 asclepiadei
2438 3556 2690 3610 carminis
2717 3556 2914 3612 ibidem
2963 3552 3119 3625 positi
3175 3556 3491 3611 acrosticha'.
3529 3557 3614 3612 lit-

336 3643 357 3677 ι
404 3636 551 3689 terte,
579 3626 772 3696 quibus
822 3640 1010 3681 versos
1061 3623 1336 3696 ﬁniuntur,
1382 3624 1483 3696 hoc
1513 3622 1686 3696 ipsum
1718 3625 1978 3691 referunt,
2027 3624 2200 3690 ipsum
2232 3640 2448 3679 carmen
2488 3639 2891 3695 commemorat,
2927 3622 3211 3681 iambicum
3241 3643 3470 3696 sequens
3509 3644 3613 3684 re-

338 3714 360 3749 ι
404 3700 554 3766 petit,
583 3694 641 3753 et
668 3713 851 3769 regum
900 3695 1123 3757 Sanctii,
1173 3694 1466 3756 Banemiri,
1512 3703 1568 3747 et
1599 3694 1844 3769 Urracaa,
1865 3697 1954 3769 qui
1985 3697 2353 3769 nominantur,
2387 3706 2624 3763 tempora
2662 3694 2999 3753 conﬁrmant.
3051 3694 3389 3753 Acrostichas
3431 3708 3612 3756 autem

336 3786 358 3821 ι
406 3770 608 3822 litteras
656 3766 828 3824 Graeci
872 3777 1088 3829 vocant,
1129 3781 1270 3833 qum,
1313 3780 1434 3837 cum
1468 3779 1651 3818 versus
1697 3777 1787 3818 aut
1833 3767 2085 3821 inclinant
2133 3776 2221 3819 aut
2266 3766 2476 3835 ﬁniunt,
2503 3773 2606 3822 alio
2637 3769 2796 3823 etiam
2831 3769 3079 3837 peculiari
3112 3769 3382 3837 quidpiam
3416 3785 3508 3836 per
3549 3784 3611 3826 se

336 3856 358 3890 ι
401 3839 729 3907 signiﬁcandi
754 3853 976 3894 munere
1000 3836 1440 3909 l'ungunturJloc
1459 3837 1638 3909 itaque
1667 3837 1931 3904 anno,qui
1960 3852 2099 3890 nunc
2124 3847 2226 3901 est,
2248 3838 2530 3892 dominicor
2558 3841 2851 3894 nativitatis
2875 3840 3158 3895 millesimo
3180 3841 3612 3909 quingentesimo

340 3927 360 3960 t
404 3905 797 3978 septuagesimo
848 3911 1068 3981 pritno,_
1095 3909 1299 3962 mensis
1347 3907 1469 3960 Maii
1521 3905 1610 3961 die
1647 3909 1907 3977 vigesimo
1939 3918 2153 3976 quarto,
2184 3924 2325 3962 anno
2369 3910 2565 3978 expleti
2596 3919 2722 3965 sunt
2744 3912 3018 3980 quingenti
3058 3905 3347 3977 nonaginta
3377 3914 3613 3981 quinque
3662 3946 3669 3951 κ

333 3997 354 4030 t
400 3990 678 4049 postquam
706 3981 883 4034 Codex
916 3980 1015 4031 fuit
1043 3978 1306 4049 ﬁnitus.»
1354 4047 1380 4049 η
2762 3978 2771 3979 ί
2881 3978 2897 3980 ’
3398 3978 3405 3979 ί
3524 3978 3537 3981 ⁷
3588 4043 3599 4049 -

414 4066 435 4099 ε
481 4047 707 4115 scripsit
754 4060 931 4102 autem
962 4048 1215 4102 Codicem
1250 4047 1441 4116 Vigila,
1474 4049 1755 4117 presbyter
1782 4051 2091 4103 monasterii
2139 4052 2307 4103 sancti
2340 4052 2548 4103 Martini
2590 4054 2655 4104 de
2686 4052 2926 4115 Alvelda,
2954 4050 3200 4105 ducentis
3227 4051 3503 4106 monachis
3529 4047 3614 4107 in-

341 4136 362 4171 ε
411 4118 650 4173 habitati.
681 4119 833 4184 Quod
878 4119 932 4171 in
964 4118 1151 4172 eodem
1200 4117 1291 4170 illo
1317 4120 1555 4171 carmine
1583 4118 1918 4183 asclepiadeo
1950 4120 2367 4172 demonstratur.
2398 4121 2612 4174 Socium
2643 4120 2832 4174 habuit
2858 4122 2912 4174 in
2943 4122 3227 4176 scribendo
3267 4123 3611 4178 Sarracinum

340 4207 361 4242 t
408 4191 765 4251 sacerdotem,
795 4188 1036 4261 Garsiam
1066 4188 1228 4242 etiam
1256 4187 1737 4261 discipulum.slloc
1756 4189 2077 4261 sacrosticha:
2104 4189 2344 4257 ejusdem
2374 4190 2625 4245 carminis
2656 4206 2840 4246 versus
2870 4191 3184 4247 inchoantes
3212 4192 3525 4261 ostendunt,
3555 4203 3613 4249 et

336 4278 355 4310 ι
404 4262 607 4329 pictura
636 4264 699 4313 ad
732 4263 890 4314 linem
922 4258 1132 4313 Codicis
1164 4258 1331 4329 posita
1355 4272 1473 4311 cum
1504 4259 1669 4312 titulis
1696 4259 1855 4313 etiam
1881 4258 2059 4313 docet.

408 4328 427 4382 ὰ
476 4332 550 4385 Ea
579 4341 836 4399 praeterea
861 4345 978 4399 qua:
1009 4337 1118 4383 toto
1147 4328 1286 4383 libro
1311 4330 1672 4402 continentur,
1706 4332 1891 4398 ingens
1921 4332 2039 4397 ejus
2068 4330 2292 4399 pretium
2332 4346 2657 4401 magnopere
2686 4343 2966 4401 exaugent.
2993 4333 3176 4402 Neque
3213 4335 3357 4389 enim
3386 4334 3609 4391 dubium

338 4420 359 4455 ι
403 4414 487 4456 est
514 4404 640 4470 quin
673 4404 835 4455 multa
864 4405 971 4457 sint
997 4400 1429 4454 etneudatissime
1453 4402 1673 4467 scripta,
1707 4411 1762 4452 et
1789 4415 1910 4454 cum
1940 4402 2133 4470 insigni
2166 4402 2391 4455 utilitate
2423 4400 2487 4456 ad
2518 4400 2861 4471 corrigendos
2901 4400 3134 4460 excuses
3161 4405 3385 4460 Codices
3410 4408 3610 4462 mirum

333 4491 354 4524 t
400 4472 455 4526 itt
485 4476 700 4526 modum
727 4472 1000 4541 juvatura,
1050 4472 1093 4523 si
1120 4472 1255 4543 quis
1283 4485 1406 4524 eum
1455 4472 1715 4543 laborem,
1753 4474 1893 4539 pium
1933 4487 2054 4525 cum
2100 4474 2283 4541 primis
2311 4483 2366 4525 et
2395 4474 2445 4525 in
2481 4474 2607 4528 tanti
2640 4474 2894 4529 momenti
2921 4476 3137 4543 scriptis
3166 4477 3319 4531 valde
3358 4492 3608 4533 necessa-

334 4562 354 4595 σ
400 4544 563 4616 rium,
591 4540 739 4597 veliti
763 4544 1064 4616 desumere.
1093 4542 1424 4616 _l_Vostratem
1450 4540 1665 4616 deinde,
1708 4543 1807 4616 hoc
1832 4552 1933 4608 est,
1962 4540 2320 4616 iiispanorum
2369 4543 2643 4598 historiam
2675 4556 2875 4614 quanto
2903 4540 3065 4614 opere
3092 4547 3278 4616 juvare
3320 4550 3489 4615 possit
3520 4548 3607 4603 hic

333 4632 353 4666 ι
401 4613 603 4677 Codex,
637 4616 819 4683 paucis
865 4615 951 4668 hic
996 4613 1175 4668 verbis
1222 4627 1326 4668 non
1359 4612 1558 4680 possim
1591 4614 1909 4679 exprimere.
1962 4613 2155 4668 Verum
2205 4615 2346 4669 enim
2378 4629 2505 4668 vero
2534 4616 2659 4669 illud
2693 4612 2852 4670 habet
2876 4612 3001 4671 ante
3030 4612 3130 4671 alia
3169 4620 3255 4672 hic
3280 4612 3463 4675 Codex
3493 4619 3609 4675 exi-

332 4702 353 4736 t
401 4687 589 4757 mium,
621 4697 673 4739 et
703 4699 973 4757 nunquam
992 4685 1137 4757 satis
1166 4698 1262 4757 pro
1290 4684 1551 4757 dignitate
1589 4684 1992 4757 celebrandum,
2021 4686 2161 4752 quod
2204 4687 2386 4757 insun}
2423 4688 2664 4754 quaedam
2698 4687 2751 4739 in
2796 4688 3039 4742 conciliis
3068 4704 3186 4757 qua:
3228 4704 3424 4744 excusa
3466 4705 3607 4746 non-

334 4774 355 4808 t
401 4755 528 4808 dum
556 4766 701 4830 sunt,
735 4764 791 4810 et
820 4754 1005 4830 millibi
1036 4755 1135 4808 nisi
1166 4754 1256 4830 hic
1280 4755 1506 4830 fortasse
1537 4756 1896 4830 reperientur.
1928 4756 2315 4830 Ejusmodiest
2344 4754 2668 4811 Gundemari
2694 4759 2834 4825 regis
2865 4754 3181 4824 Gothorum,
3211 4764 3299 4830 qui
3324 4760 3607 4817 Witterico

328 4845 353 4880 ε
397 4826 992 4900 ευθεεεεὶιλοοῃοίιίιιιη
1028 4843 1041 4878 :
1066 4826 1352 4900 concilium
1397 4828 1568 4900 etiam,
1590 4828 2123 4900 Cesaraugustanum
2150 4829 2248 4881 sub
2273 4829 2437 4900 ligica
2471 4843 2631 4896 rege;
2662 4840 2717 4885 et
2745 4830 2988 4895 quadam
3031 4831 3155 4894 alia,
3186 4826 3305 4900 qua:
3336 4834 3387 4885 itt
3431 4833 3607 4886 indice

328 4914 351 4950 ι
397 4911 554 4971 quem
584 4897 908 4971 subjecitnus
936 4896 1477 4971 contineniur.__l_nest
1502 4898 1662 4971 etiam
1691 4898 1866 4971 legum
1898 4897 2243 4971 Gothicarum
2269 4899 2424 4965 liber,
2453 4900 2544 4965 qui
2574 4900 2733 4969 volgo
2765 4900 2957 4971 Forum
2978 4896 3217 4968 judicuni
3246 4910 3603 4971 nuncupatur.

326 4986 349 5019 ι
400 4967 467 5021 Et
510 4969 754 5035 quamvis
800 4982 905 5021 non
958 4981 1121 5035 pauca
1153 4966 1269 5035 ejus
1300 4967 1419 5021 libri
1453 4983 1547 5035 per
1590 4966 1895 5033 Hispaniam
1936 4970 2271 5037 reperiantur
2303 4966 3041 5039 manuscripta'exemplarta,
3076 4966 3443 5028 verumtamen
3479 4978 3601 5035 hoc,

330 5055 351 5089 ι
400 5047 561 5108 tanta:
591 5038 920 5108 antiquitatis
948 5053 1096 5107 ergo,
1132 5039 1330 5107 reliqua
1357 5039 1534 5092 omnia
1565 5039 1717 5093 facile
1749 5039 2024 5107 praecellit.

407 5126 427 5159 ι
473 5107 685 5164 Pictura
711 5104 871 5184 etiam
898 5104 1033 5178 ipsa;
1060 5104 1403 5179 quantumvis
1432 5110 1711 5184 deformis,
1742 5104 2082 5184 quantumvis
2112 5112 2454 5184 inconcinna,
2487 5113 2725 5167 nonnihil
2755 5123 2929 5169 tamen
2955 5113 3151 5170 docere
3193 5125 3383 5184 potest,
3416 5121 3471 5166 ut
3497 5124 3605 5179 qua

332 5196 353 5230 ι
399 5187 569 5256 veste,
597 5195 705 5248 quo
733 5180 877 5234 cultu
906 5195 1089 5256 reges,
1134 5184 1390 5250 episcopi,
1423 5181 1811 5256 sacerdoteset
1835 5181 2085 5256 monachi
2116 5183 2393 5253 scriptoris
2416 5196 2654 5251 tempore
2694 5195 2990 5253 uterentur,
3022 5202 3126 5256 quo
3155 5180 3342 5242 ordine
3373 5186 3424 5236 in
3472 5195 3605 5237 cott-

336 5267 358 5302 ι
403 5250 529 5306 cilio
556 5265 746 5307 omnes
770 5252 1133 5321 considerent,
1162 5265 1215 5307 et
1242 5257 1483 5321 quaedam
1510 5252 1774 5322 ejusmodi
1800 5254 1974 5322 aliqua
2002 5268 2068 5307 ex
2098 5250 2249 5321 parte
2288 5250 2668 5324 intelligamus.
2978 5250 2985 5253 ’
3038 5250 3053 5256 ’
3258 5260 3259 5263 ‘

1260 5365 1427 5422 Index
1453 5383 1626 5421 eorum
1649 5370 1873 5421 omnium
1898 5384 2011 5439 qua
2035 5377 2137 5423 toto
2167 5369 2293 5421 libro
2322 5371 2659 5423 continentur.

404 5486 425 5521 t
468 5467 715 5525 Secunda
762 5470 914 5537 primi
947 5469 1056 5525 folii
1088 5469 1276 5539 pagina
1319 5470 1547 5539 Vigilam
1579 5467 1740 5522 habet
1768 5468 2033 5535 depictum
2085 5467 2369 5521 scribentis
2415 5466 2618 5521 habitu.
2651 5466 2893 5538 Superne
2918 5468 3174 5536 scriptum
3205 5468 3289 5517 est
3308 5469 3502 5531 quanta
3532 5465 3605 5521 ab

331 5553 354 5590 ς
397 5541 683 5596 scribendo
706 5542 1020 5597 difﬁcultate
1049 5538 1428 5609 deterreretur,
1457 5549 1512 5595 et
1537 5556 1641 5608 quo
1666 5539 1875 5592 tandem
1900 5543 2079 5592 animo
2111 5538 2270 5593 fuerit
2296 5553 2541 5594 exorsus.

400 5629 423 5663 ι
466 5612 772 5681 Sequuntur
796 5629 983 5667 versus
1010 5611 1313 5673 Trochaici,
1340 5614 1527 5679 quibus
1562 5612 1724 5679 Vigila
1752 5610 1847 5663 Dei
1876 5611 2126 5663 auxilium
2158 5611 2425 5679 implorat.

399 5698 419 5732 ι
465 5679 582 5737 Duo
606 5686 882 5752 sequentia
917 5686 1040 5737 l'olia
1070 5682 1353 5752 implexam
1388 5682 1585 5734 habent
1610 5693 1666 5738 et
1690 5682 1741 5734 in
1773 5696 1891 5753 sese
1920 5682 2213 5735 revolutam
2246 5681 2513 5735 scribendi
2544 5682 2789 5745 formant,
2814 5681 2986 5748 qualis
3016 5680 3069 5753 in
3093 5679 3286 5737 Silonis
3312 5681 3601 5753 regissepi-

331 5768 351 5801 ι
397 5753 582 5825 iaphio
609 5751 763 5810 Oveti
790 5751 1311 5825 conspicitur.ldem
1342 5754 1485 5822 legas
1517 5755 1559 5803 si
1592 5753 1641 5804 in
1671 5751 1937 5805 anteriora
1968 5768 2179 5825 pergas,
2213 5755 2256 5825 si
2283 5763 2579 5825 retrorsum
2608 5753 2859 5825 cedas._si
2893 5751 3191 5820 interiores,
3220 5754 3273 5825 si
3293 5751 3596 5819 superiores

329 5838 352 5873 ι
398 5823 597 5895 litteras
627 5830 888 5895 sequaris,
914 5821 956 5881 si
986 5830 1170 5892 latera,
1208 5826 1253 5877 si
1275 5821 1591 5895 angulosex
1624 5831 1931 5877 transverso
1952 5821 2377 5889 circumspicias.
2411 5823 2532 5878 Fuit
2570 5826 2674 5878 illis
2705 5822 2887 5889 Vigila:
2914 5826 3241 5892 temporibus
3264 5823 3364 5878 hoc
3390 5832 3595 5878 tantum

332 5907 357 5951 ς
403 5892 600 5966 ingenii
631 5892 853 5954 acumen
881 5899 1156 5965 eximium,
1183 5904 1238 5951 et
1257 5892 1472 5967 plurimi
1504 5894 1741 5949 habitum
1764 5902 1819 5951 et
1846 5902 2186 5965 usurpatum.
