4086 6358
527 349 598 402 95
1236 345 1615 403 COLLEC‘I’IO
1653 347 1979 406 CANONUM
2010 349 2070 407 S.
2110 347 2382 408 ISIDORO
2421 349 2688 410 HISPAL.
2717 348 3076 409 ΑδοηιΡτΑ.
3727 355 3806 412 21»

812 466 876 520 Τ.
916 465 969 518 9..
1051 504 1065 518 .
1144 504 1158 518 .
1238 502 1254 520 .
1331 503 1344 516 .
1426 501 1443 518 .
1519 464 1836 521 Toletanum
1867 469 2182 526 secundum.

808 537 871 594 Β.
1053 574 1070 590 .
1148 574 1163 590 .
1240 574 1258 592 .
1334 541 1363 588 .‘
1430 574 1444 588 .
1538 539 1882 594 Bibliotliect
1911 539 2088 609 Regia:
2118 540 2391 596 Codicem.

809 609 870 663 E.
911 607 966 663 5.
1042 649 1060 665 .
1139 646 1154 662 .
1233 647 1247 661 .
1326 645 1340 660 .
1423 643 1439 658 .
1519 607 2205 666 Escurtalenseintertium.

909 678 964 734 4.
1044 719 1061 737 .
1137 718 1150 732 .
1231 716 1246 732 .
1324 717 1340 734 .
1424 716 1437 729 .
1525 679 1950 752 βεευιξὶθιθηεθιη
1975 693 2246 752 quartum.

807 748 872 806 υ.
950 791 965 805 .
1041 789 1058 806 .
1137 786 1150 804 .
1231 787 1247 803 .
1324 784 1342 802 .
1419 786 1434 800 .
1524 751 1907 821 Urgelitanum.

801 822 866 875 G.
948 863 962 876 .
1038 858 1054 875 .
1131 858 1148 874 .
1225 857 1242 874 .
1319 856 1338 874 .
1416 857 1431 872 .
1517 820 1939 878 Gerundensem.

593 889 666 970 H_i_
696 901 820 945 sunt
859 907 984 962 ergo
1023 892 1407 970 vetustissimi,
1449 894 1692 970 celebres
1721 908 1782 946 ac
1811 910 2019 970 summa
2069 896 2344 970 diligentia
2372 899 2681 970 conservati
2721 897 2974 965 Codices,
3008 914 3040 956 e
3068 899 3266 970 quibus
3295 899 3457 954 veluti
3488 902 3796 969 purissimis

516 954 752 1038 fontibus
813 954 1083 1031 antiquam
1139 954 1703 1038 llispanze:_Ecelesi:e
1759 954 2420 1038 canonicamrdo'ctrinam
2482 968 2534 1022 in
2580 969 2669 1038 jus
2715 954 2986 1038 publicum
3023 954 3280 1025 emittere
3343 954 3792 1032 caudicum—tis:

515 1028 779 1110 Laborem
824 1028 1067 1110 nostrum
1110 1032 1209 1098 piis
1235 1028 1581 1110 eruditisque
1609 1036 1736 1110 viris
1764 1045 1997 1110 gratum,
2043 1037 2291 1092 lidellbus
2324 1039 2534 1107 populis
2557 1028 2914 1105 saluti-ferum,
2947 1042 3254 1096 reetitudini
3285 1042 3529 1096 fovendae
3561 1028 3789 1110 perutile

514 1109 674 1180 atque
702 1102 917 1180 lbericae
944 1103 1411 1180 tandetn_reg_ioni_
1453 1102 1570 1160 fore
1622 1102 2097 1162 honoratissimum
2141 1102 2442 1177 speramus.
2489 1110 2689 1164 Dabam
2733 1102 2961 1166 Mantua:
3001 1112 3426 1180 Carpetanorum
3459 1102 3628 1180 pridie
3670 1116 3796 1173 ldus

517 1168 850 1238 Septembris
879 1189 1019 1228 anno
1043 1168 1440 1230 Domini'l821.
2121 1184 2130 1192 '

2578 1250 2892 1306 Franciscus
2917 1253 3170 1309 Antonius
3197 1253 3480 1320 Consules,

2445 1323 2677 1378 Publica:
2706 1325 3026 1379 Matritensis
3049 1326 3386 1380 bibliothecae
3413 1325 3714 1394 praefectus.

577 1560 1239 1645 IN‘NOMINE
1314 1566 1345 1606 ³
1387 1563 1807 1648 PATRIS
1880 1567 2034 1650 ET
2108 1567 2377 1652 FILII
2449 1565 2606 1649 ET
2682 1568 3227 1653 SPIRITUS
3305 1572 3724 1660 SANCTI

1913 1773 2393 1880 INCIPIT

1023 1980 1793 2186 LIBER
1835 1977 2464 2319 Eli
2474 1984 2826 2194 ON
2831 1991 3274 2201 UM.

943 2375 1507 2440 VEBSIFICATIO
1550 2378 2323 2454 INTERROGATIOQUE
2369 2382 2762 2446 LECTORIS
2808 2386 2915 2444 AD
2958 2387 3321 2449 CODICEM

499 2532 552 2590 1.
593 2531 621 2570 δ
648 2530 804 2586 Celsa
834 2527 1057 2584 terribili
1077 2527 1257 2582 Codex
1283 2526 1372 2597 qui
1394 2525 1522 2580 sede
1549 2524 1745 2580 locaris
2120 2531 2178 2591 Α
2307 2525 2437 2581 Dico
2467 2527 2626 2583 fidem
2655 2545 2885 2597 sacram,
2918 2533 3097 2588 tribuo
3125 2536 3376 2606 mysteria
3408 2553 3558 2595 sacra
3587 2559 3601 2595 :

608 2622 741 2694 Quis
769 2631 821 2675 tu
849 2620 944 2674 es?
987 2618 1053 2672 Β.
1090 2631 1111 2657 ο
1146 2616 1331 2671 Vitalis
1361 2617 1514 2671 ordo.
1545 2613 1595 2670 1.
1626 2616 1778 2684 Quod
1820 2617 1960 2672 inest
1989 2617 2083 2672 tibi
2293 2619 2496 2684 Altare,
2525 2621 2804 2691 templum,
2839 2625 3026 2688 vestis,
3063 2641 3177 2690 vas,
3207 2627 3352 2683 sedis
3384 2628 3692 2700 honorque,

1730 2706 2014 2778 [nomenl
2293 2710 2541 2768 Chrisnia
2569 2755 2585 2780 ,
2638 2729 2784 2781 caro,
2827 2732 3153 2788 sanguisque
3190 2735 3366 2790 sacer,
3402 2723 3661 2793 baptisma
3692 2740 3782 2781 sa-

501 2807 568 2862 R.
607 2806 854 2863 Caelestis
879 2805 1032 2860 dicor
1059 2812 1362 2857 sanctorum
1393 2800 1574 2869 regula
1603 2815 1756 2856 voce.
3439 2812 3704 2884 [cratunn

499 2897 550 2952 1.
617 2897 719 2966 Qui
749 2908 868 2952 sunt
901 2896 952 2950 hi
981 2895 1174 2965 quibus
1205 2895 1306 2946 hoc
1330 2892 1488 2945 titulo
1516 2906 1739 2946 censere
1765 2891 2013 2961 juberis?
2293 2895 2522 2962 .lanitor,
2553 2898 2818 2970 acolytus,
2853 2899 3044 2968 lector,
3079 2902 3358 2971 psalmista
3387 2917 3644 2969 canorus,

501 2991 565 3046 Β.
611 2988 799 3044 Totius
829 2987 977 3043 orbis
997 2986 1086 3055 jus
1116 2983 1396 3054 imperiale
1425 2992 1692 3039 tenentes.
2297 2990 2575 3046 Exoreista
2608 3002 2798 3060 potens
2829 3001 2956 3048 actu
2985 2995 3266 3064 minorque
3301 2995 3496 3062 levitis,

496 3081 548 3138 1.
618 3083 721 3149 Τυ,
755 3096 912 3150 quem
945 3090 1022 3134 tot
1047 3079 1218 3132 valida
1247 3091 1531 3145 procerum
1567 3077 1835 3132 sententia
1865 3077 2080 3143 format,
2296 3083 2437 3138 Voce
2469 3085 2628 3139 levita
2658 3087 2865 3151 valens,
2894 3087 3090 3153 praesul
3113 3095 3168 3139 et
3199 3088 3506 3156 presbyter,
3535 3090 3677 3143 alma

603 3175 738 3241 Quid
768 3183 1004 3227 statuere
1033 3171 1214 3225 vales?
1244 3170 1336 3223 tibi
1366 3183 1487 3238 Quae
1518 3169 1754 3234 potentia
1785 3169 2034 3222 substal?
2296 3174 2472 3242 Virgo,
2500 3175 2686 3242 jugum
2716 3186 2916 3241 nuptae,
2945 3175 3142 3228 caelebs
3170 3173 3436 3242 viduaque
3468 3177 3689 3232 reclinis

496 3268 565 3324 R.
605 3268 650 3322 0
683 3276 896 3320 tenuem
927 3274 1112 3319 tenero
1134 3270 1408 3316 nutantem
1435 3257 1597 3314 corde
1627 3257 1908 3312 clientem!
2292 3263 2529 3331 Quaeque
2557 3265 2715 3318 tidem
2747 3278 3048 3334 nomenque
3081 3265 3173 3319 Dei
3195 3275 3486 3320 censentur
3511 3267 3736 3339 habere,

599 3360 681 3415 Me
709 3359 976 3415 celebrem
999 3355 1138 3410 fama
1169 3364 1338 3409 totum
1369 3349 1608 3405 correxit
1642 3350 1694 3400 in
1726 3347 1933 3401 orbem-
2291 3356 2580 3410 Ordinibus
2606 3356 2839 3411 discreta
2872 3357 3006 3412 meis
3037 3357 3390 3413 celeberrima
3417 3370 3670 3417 constant

491 3450 544 3506 1.
615 3449 682 3504 Et
709 3458 762 3504 te
789 3463 885 3504 cur
917 3447 1119 3503 latebra
1140 3445 1285 3500 fovet
1315 3443 1403 3497 hic
1427 3439 1728 3495 miseranda
1759 3447 1997 3494 vetustas
2017 3439 2042 3490 ’ἐ
2290 3448 2358 3502 Et
2389 3449 2640 3503 distincta
2665 3463 2786 3504 meo
2820 3449 3043 3504 formam
3075 3451 3144 3506 de
3175 3451 3346 3507 “mite
3371 3462 3629 3511 servam:

494 3545 560 3598 Β.
606 3541 684 3597 Kd
713 3555 822 3606 me.
853 3541 897 3594 Si
929 3540 1009 3592 Vis
1033 3553 1118 3592 me
1139 3548 1331 3599 “0888.
1355 3533 1422 3585 ad
1452 3547 1536 3585 me
1563 3538 1881 3585 οοηνθτῐετθ
1913 3538 2076 3592 “illis.
2287 3540 2532 3610 Cumque
2559 3541 2671 3595 suis
2703 3541 2856 3610 plena
2886 3551 3108 3610 possent
3129 3544 3427 3600 subsistere
3454 3546 3631 3601 causis
3650 3587 3667 3614 ,

597 3631 932 3699 Arcanisque
961 3627 1064 3682 tuis
1094 3633 1369 3696 promptus
1399 3637 1484 3677 me
1515 3622 1742 3677 illabere
1764 3631 1957 3676 totum.

2290 3632 2426 3688 Sunt
2457 3645 2632 3688 tamen
2663 3633 2906 3688 ordinata
2937 3637 3072 3690 meis
3100 3636 3214 3691 haec
3235 3636 3628 3706 omniajussis.

597 3722 848 3778 Ausculta
871 3720 982 3788 jam
1010 3717 1137 3787 quid
1167 3722 1387 3784 possunt
1415 3728 1528 3767 mea
1555 3727 1804 3781 promere
1834 3715 1982 3781 signa
2008 3729 2022 3767 :
2180 3728 2210 3781 ι

2180 3728 2233 3783 1.
2303 3729 2409 3796 Me,
2437 3745 2588 3800 rogo,
2619 3745 2705 3785 me
2737 3733 2856 3785 sine
2881 3731 2996 3801 ipse
3017 3734 3180 3788 modo
3209 3748 3433 3790 narrare
3457 3735 3600 3805 quod
3621 3746 3769 3806 opto,

603 3815 669 3868 Εῑ
696 3816 739 3867 εί
769 3825 926 3879 Ροεεθ
948 3809 1134 3862 suile“
1162 3805 1257 3858 tibi
1284 3805 1365 3859 ⁸ίο
1394 3818 1682 3872 agnoscere
1707 3814 1876 3868 τθοιεν
2108 3889 2146 3893 _
2288 3821 2342 3876 Si
2371 3822 2452 3876 fas
2479 3821 2742 3876 adtribuis
2780 3821 2910 3876 mihi
2939 3823 3138 3878 dentur
3160 3824 3283 3892 jura
3314 3825 3586 3893 loquendi.

595 3906 761 3962 leis
787 3918 908 3973 qua:
935 3900 1135 3955 veritas
1166 3904 1410 3950 teneatur
1439 3897 1627 3949 nuntio
1652 3896 1808 3950 terris
1834 3913 1846 3948 :
2107 3889 2156 3948 B
2183 3913 2251 3969 Β.
2294 3913 2465 3969 Dicito
2480 3929 2705 3985 quaque
2727 3915 2898 3979 νοιεε,
2925 3922 2981 3969 ει
3011 3889 3407 3984 ﬁrma—pecto";
3437 3926 3579 3971 νοω,

598 3999 918 4068 Τοπίεθητιε
947 3991 1101 4048 θωΙίε
1130 3990 1302 4054 mmo,
1333 3989 1466 4044 dans
1494 3988 1948 4058 ¹ίηί1υετθιθ¹τ³³ο
2179 4005 2231 4060 ι.
2299 4005 2589 4077 Postquam
2620 4015 2672 4062 te
2698 4021 2858 4062 nosse
2887 4006 3033 4061 volui
3062 4015 3118 4062 et
3145 3991 3476 4076 cognoscere
3504 4007 3669 4076 quivi,

599 4092 758 4147 Stans
788 4091 839 4143 in
865 4085 1078 4142 sublimi
1102 4092 1404 4140 erectorum
1429 4084 1673 4154 deprime
1696 4086 1854 4150 colla,
2286 4100 2364 4153 Ac
2389 4099 2619 4153 sublime
2648 4108 2797 4154 ιυιιηι
2831 4113 2993 4167 posse
3016 4098 3146 4153 mihi
3171 4113 3334 4154 nosse
3355 4099 3584 4165 dedisti,

598 4178 776 4234 Ardua
808 4179 932 4231 dum
959 4176 1134 4244 culpis
1155 4175 1320 4246 iubeo
1348 4178 1633 4246 disponere
1664 4177 1805 4246 iura-
2285 4191 2497 4256 Appeto
2525 4191 2682 4257 plane
2713 4190 2844 4242 satis
2876 4198 2965 4242 tua
2991 4203 3201 4243 mecum
3230 4190 3449 4244 volvere
3460 4187 3635 4259 jussa,

595 4277 815 4332 Excelsa
846 4276 1041 4333 sistens
1075 4273 1313 4328 elevatus
1341 4274 1580 4339 perferor
1613 4287 1737 4326 arce
2286 4282 2353 4334 Et
2378 4283 2422 4334 si
2453 4282 2592 4335 scire
2624 4281 2764 4335 Deus
2791 4281 3006 4335 dederit
3033 4291 3278 4339 scrutare
3303 4283 3591 4354 profunda,

595 4369 730 4423 Dum
757 4366 996 4437 subjecta
1030 4378 1216 4434 premo
1236 4362 1444 4416 validus
1474 4372 1582 4416 tota
1605 4362 1794 4415 ordine
1823 4377 1996 4416 sacro.
2282 4371 2478 4440 Sicque
2504 4387 2600 4441 per
2629 4371 2814 4426 orbem
2847 4372 3134 4426 verborum
3168 4381 3222 4430 te
3245 4376 3450 4430 semine
3477 4389 3730 4444 sparsum

593 4461 677 4516 Me
707 4459 862 4514 decet
891 4459 1090 4512 eximie
1121 4465 1429 4510 narrantem
1459 4455 1648 4508 concio
1677 4468 1862 4518 verax,
2282 4463 2502 4518 Sinibus
2529 4464 3010 4535 adgregare‘meis,
3046 4475 3104 4520 nt
3130 4468 3377 4524 acumine
3405 4468 3601 4522 mentis

594 4553 728 4608 Dum
758 4553 894 4605 bene
931 4558 1123 4605 cuncta
1174 4547 1332 4601 simul
1365 4561 1488 4600 mox
1522 4560 1608 4600 me
1637 4546 1891 4599 I‘Cboame
1917 4555 2070 4601 lace-
2281 4557 2358 4612 'l‘e
2385 4557 2674 4628 adgressus
2706 4558 2970 4629 stringam
2997 4561 3292 4617 distentum
3315 4577 3542 4632 corpore
3571 4563 3760 4632 multo,

1757 4636 1955 4710 [scunt
1981 4655 1996 4691 :
2279 4645 2640 4717 Dispersaque
2668 4647 2890 4702 trahens
2931 4659 3140 4706 nectam
3168 4663 3473 4709 commenta
3500 4654 3599 4708 sub
3628 4666 3763 4723 uti),

592 4740 792 4795 Cuncta
819 4744 1072 4799 tremunt,
1103 4747 1246 4802 pono
1268 4731 1395 4784 dum
1414 4729 1622 4785 cunctis
1641 4728 1762 4796 jura
1793 4729 2068 4784 tremoris.
2279 4737 2395 4801 Quo
2420 4738 2548 4793 dum
2577 4737 2835 4807 judicium
2861 4749 3067 4808 quaeret
3096 4744 3362 4796 sententia
3394 4742 3626 4805 discors,

591 4831 675 4887 Me
707 4829 882 4884 valida
910 4835 1175 4893 metuunt,
1202 4824 1331 4878 mihi
1365 4837 1556 4892 magna
1579 4835 1768 4890 parere
1787 4820 2066 4889 jubentur.
2279 4829 2544 4899 Quidquid
2575 4832 2719 4886 velle
2747 4832 2876 4886 libet
2905 4841 3074 4887 totum
3102 4835 3395 4890 concordia
3422 4845 3682 4904 praestet:

587 4923 833 4980 Schisma
863 4919 1022 4990 perit,
1055 4932 1207 4974 error
1238 4914 1429 4978 resilit,
1465 4913 1675 4966 fallacia
1709 4927 1814 4966 non
1845 4923 1952 4978 esr,

2274 4920 2466 4991 Sicque
2497 4935 2694 4976 novum
2735 4939 2930 4992 corpus
2972 4925 3238 4992 pritnzevis
3269 4923 3493 4979 artubus
3525 4924 3756 4994 implenl

587 5016 869 5069 Obscenus
899 5011 1053 5079 fugit,
1077 5011 1316 5076 impurus
1351 5005 1478 5071 ruit,
1510 5005 1703 5073 impius
1735 5013 1885 5058 extra
1915 5012 2021 5069 est,

1926 5012 2021 5069 εει.
2277 5013 2505 5084 Ingeniis
2534 5017 2714 5070 brevia
2740 5015 2966 5070 formem
2997 5016 3314 5086 compendia
3349 5015 3539 5071 tardis.

591 5107 722 5161 Gula
755 5103 915 5170 cadit,
947 5104 1127 5157 ebrius
1157 5115 1254 5154 nec
1279 5100 1403 5165 erit,
1430 5108 1484 5152 et
1506 5112 1697 5166 pompa
1721 5097 1944 5151 recedit.
2176 5104 2236 5157 Β.
2282 5105 2464 5173 lgnara
2507 5105 2592 5176 [Τ.
2628 5107 2677 5170 l,
2711 5104 2958 5175 magna],
3006 5106 3169 5172 libet,
3224 5122 3386 5178 perge
3427 5108 3598 5175 celer,
3648 5108 3758 5166 otia

588 5198 704 5252 Non
735 5208 960 5250 curvare
989 5204 1149 5262 caput
1177 5191 1341 5255 saxis,
1373 5205 1480 5244 non
1504 5205 1703 5259 ponere
1731 5190 1884 5244 thura

591 5285 929 5340 Dtemnnibus
953 5283 1150 5352 jubeo;
1203 5295 1381 5335 rerum
1415 5291 1606 5334 auctor
1649 5294 1754 5334 non
1781 5281 1884 5334 erit
1906 5280 2064 5345 alter,

3168 5196 3189 5269 [
3207 5198 3350 5252 nulla
3379 5198 3685 5254 retardent:

2281 5287 2336 5344 Si
2372 5287 2564 5342 feceris
2590 5288 2749 5358 plane
2775 5287 2936 5343 facies
2969 5290 3108 5359 quod
3143 5292 3314 5361 prosit
3344 5291 3582 5361 ubique:

2097 5239 2146 5303 C

587 5381 696 5434 Nec
722 5386 966 5434 creatura
997 5375 1148 5430 dabit
1171 5374 1326 5444 Operi
1355 5372 1627 5427 Creatoris
1659 5373 1938 5428 honorem.
2281 5380 2409 5434 Esto
2436 5379 2575 5432 Deus
2600 5386 2802 5444 tecum,
2831 5393 2928 5448 per
2951 5394 3038 5435 me
3058 5380 3174 5436 hanc
3195 5381 3436 5450 dispersa
3467 5379 3754 5445 reducens,

586 5473 790 5526 ()rdine
823 5483 1088 5540 compono
1114 5475 1330 5534 cuncta,
1356 5481 1480 5535 rego
1511 5467 1700 5521 ordine
1728 5477 1950 5533 cuneta,
2283 5469 2351 5524 Ut
2380 5468 2542 5524 facias
2575 5468 2626 5522 in
2661 5483 2747 5526 me
2775 5469 2934 5539 digna
2963 5472 3279 5542 compendia
3309 5470 3509 5526 multis.

587 5563 876 5618 Ordinibus
906 5562 1117 5632 pollens
1146 5558 1282 5613 facio
1311 5565 1418 5611 tota
1448 5558 1639 5612 ordine
1665 5558 1907 5626 pulchra.

554 5712 578 5738 ι·
620 5697 937 5770 ιΕηιψΤυΙ.
972 5712 1005 5761 l,
1032 5695 1098 5751 In
1127 5695 1332 5749 nomine
1360 5693 1532 5763 triplo,
1567 5677 1757 5763 simpla
1780 5693 1952 5746 divino
1981 5693 2062 5745 in-
2250 5704 2271 5731 ο
2315 5692 2381 5748 R.
2434 5694 2651 5766 Signum
2702 5695 2845 5752 istud
2891 5695 3106 5752 Codicis
3149 5699 3554 5770 responsionem
3603 5703 3747 5766 deli-

480 5777 598 5843 cipit
634 5769 1110 5843 Iibchanonum._
1173 5838 1202 5843 __
1322 5837 1333 5843 _
1617 5835 1627 5843 _
1826 5834 1836 5843 _
1995 5834 2006 5843 _
2171 5775 2315 5836 gnat.

551 5848 576 5890 υ
616 5844 665 5902 ‘l.
700 5841 810 5898 l'loc
838 5842 1046 5911 signum
1098 5838 1294 5892 indicat
1322 5835 1790 5905 interrogationem
1826 5834 2057 5898 lectoris.
