4086 6358
1052 557 1803 760 EXCERPTA
1892 635 2586 755 CANONUM

1202 866 1473 930 DECEM
1500 858 1776 925 rLlBllIS
1826 859 2417 925 COMPREHENSA

1368 1108 1721 1194 LIBER
1800 1102 2283 1187 PRIMUS.

1248 1272 1332 1323 DE
1370 1261 1932 1321 INSTITUTIONIBUS
1976 1258 2395 1312 CLERICORUM.

1750 1396 1922 1418 ἰ’-

797 1508 1091 1567 TITULUS
1130 1507 1171 1562 1.

449 1609 523 1663 De
545 1608 727 1679 quibus
747 1622 850 1660 non
870 1613 986 1659 sunt
1012 1601 1184 1656 cierici
1209 1596 1511 1654 ordinandi.

263 1704 337 1759 De
383 1702 642 1758 eunuchis
696 1699 787 1769 qui
835 1698 1043 1767 seipsos
1082 1692 1382 1748 abscidunt.
1433 1688 1605 1744 Couc.
1635 1684 1780 1750 Nic.,

192 1776 272 1829 tit.
311 1776 361 1829 l.
389 1789 508 1829 can.
544 1776 595 1825 1.

261 1790 692 1907 Ῐιέἶιιοῗιὲἰιῖέιιιιὶ
711 1840 918 1909 seipsos
936 1838 1239 1909 abscidunt,
1268 1841 1360 1888 aut
1386 1831 1456 1887 ab
1486 1828 1602 1883 aliis
1626 1829 1778 1881 ﬁunt.

192 1916 244 1969 In
271 1914 539 1982 excerptis
566 1906 808 1978 Martini,
838 1911 919 1963 tit.
943 1909 1037 1972 '21,
1060 1923 1120 1982 _c.
1152 1906 1242 1982 64.
1382 1972 1417 1982 _
1530 1932 1533 1933 ν

266 1969 492 2105 ltem7de
524 1984 641 2105 hi;2
664 1983 754 2051 qui
786 1969 994 2048 seipsos
1024 1969 1333 2033 abscidunt.
1376 1972 1544 2027 Cone.
1574 1969 1780 2025 Arelat.

284 2065 371 2105 ιιι.
444 2095 459 2105 .
490 2070 537 2105 c.
650 2095 664 2105 .

190 2072 252 2111 ll.
284 2058 371 2110 tit.
402 2057 459 2111 '7.
490 2070 537 2109 c.
570 2055 664 2109 2‘2.

236 2095 391 2180 ’1ῖέιῆ
412 2095 699 2192 ’δεξιᾶς-ξίιὶ
731 2124 943 2187 seipsos
972 2117 1273 2175 abscidunt.
1304 2115 1592 2169 Decretum
1624 2108 1785 2165 Gela-

188 2198 251 2251 sii
279 2196 534 2264 generale
563 2193 653 2257 89.,
688 2192 772 2246 tit.
806 2192 859 2245 5.
1027 2261 1057 2264 __
1085 2260 1096 2264 _
1330 2257 1340 2264 _
1572 2258 1582 2264 Δ
1672 2263 1678 2264 γ
1723 2248 1735 2260 ,

259 2257 320 2322 ςί
371 2268 490 2331 quis
528 2265 713 2316 volens
747 2271 950 2329 partem
997 2260 1100 2313 sibi
1129 2257 1373 2331 corporis
1404 2257 1786 2331 amputaverit,

186 2319 423 2455 cici-ictis
470 2348 591 2455 ess;
640 2319 759 2387 non'
778 2341 971 2400 potest.
1008 2331 1179 2399 Epist.
1231 2319 1527 2382 lnnocentii
1557 2322 1622 2375 ad
1656 2319 1789 2373 Feli-

188 2423 329 2455 cem-
364 2404 521 2455 ‘.til.
592 2445 605 2455 .
658 2427 669 2437 ο

188 2423 329 2471 cem,
364 2404 521 2469 9,tit.
554 2404 605 2457 5.
658 2427 669 2437 -
1517 2464 1528 2471 _
1606 2461 1619 2471 _
1740 2458 1753 2471 ,

263 2461 339 2532 De
373 2461 737 2529 nescientibus
768 2472 975 2527 litteras
1001 2513 1016 2535 ,
1049 2478 1103 2525 et
1130 2479 1283 2538 parte
1318 2464 1561 2538 corporis
1605 2461 1785 2515 immi-

192 2550 360 2603 nutis.
399 2546 605 2600 Decret.
643 2544 823 2597 Gelas.
859 2560 1041 2613 gener.
1073 2536 1161 2607 89.,
1188 2540 1277 2614 itit.
1315 2536 1402 2590 18.
1627 2603 1638 2614 _
1728 2598 1784 2614 Μ

265 2599 464 2672 Uitoris
511 2599 766 2668 adulterte
816 2599 897 2666 vir
946 2616 1109 2666 Ia'cus
1149 2599 1380 2683 'clericus
1422 2621 1527 2660 non
1565 2603 1701 2683 erit.
1728 2599 1787 2683 Si

194 2702 375 2743 autem
407 2688 666 2739 adultera:
700 2685 881 2738 uxoris
912 2685 993 2737 vir
1039 2685 1107 2736 sit
1135 2681 1365 2737 clericus
1396 2688 1487 2731 aut
1518 2674 1784 2743 repudiet,

196 2768 288 2813 aut
314 2773 343 2811 a
378 2758 525 2811 clero
550 2765 746 2809 cesset.
771 2756 937 2809 Cone.
969 2754 1207 2807 Neocazs.
1241 2754 1322 2805 tit.
1358 2749 1415 2813 8,
1440 2744 1577 2825 c.-3._
1617 2817 1629 2825 _
1686 2813 1698 2825 υ

269 2829 343 2883 De
380 2830 464 2881 his
492 2842 717 2893 quorum
752 2840 950 2879 uxores
977 2828 1335 2884 mtechantur,
1362 2834 1429 2873 ne
1451 2817 1632 2871 clerici
1656 2817 1784 2868 sint.

197 2900 250 2953 In
276 2896 549 2961 excerptis
581 2896 814 2960 Martini,
846 2897 927 2948 tit.
952 2896 1046 2957 ‘28,
1077 2910 1127 2950 c.
1161 2893 1249 2948 64.

268 2956 569 3037 Episcopus
602 2966 774 3018 vidua:
798 2956 883 3020 vel
914 2956 1207 3037 repudiataa
1225 2961 1474 3037 maritum
1504 2958 1555 3011 in
1585 2956 1793 3037 clerum

201 3024 527 3109 promovens
568 3038 885 3105 deponatur.
938 3024 1105 3088 tione.
1155 3034 1408 3097 Carthag.
1442 3042 1520 3093 tv,
1573 3028 1653 3079 tit.
1700 3024 1791 3090 69,

198 3124 315 3165 can.
345 3110 438 3164 15.

265 3124 441 3243 bis,
473 3177 561 3247 qui
597 3184 718 3246 post
750 3190 969 3229 uxorem
996 3168 1676 3247 ιιιιιιηιειιηιιιιθ-ιιιιιιίειςειιι
1702 3180 1795 3247 co-

200 3235 759 3371 gnogerint'iﬂin'clero
792 3261 896 3300 non
945 3235 1316 3299 adiuittantur.
1352 3241 1519 3297 Cone.
1552 3235 1791 3293 Gerund.

206 3332 285 3371 ιιι.
358 3361 373 3371 .
407 3334 459 3371 c.
567 3357 581 3370 .

206 3324 285 3375 tit.
318 3324 373 3383 8,
407 3334 459 3373 c.
492 3320 581 3372 60.

275 3381 467 3444 οιειιιε
494 3388 585 3455 qui
618 3388 805 3442 viduas
836 3396 928 3440 aut
952 3386 1204 3441 dimissas
1234 3386 1463 3455 ducunt,
1486 3381 1568 3455 vel
1592 3381 1642 3455 in
1672 3393 1792 3455 ma-

204 3462 269 3515 lis
299 3452 543 3581 coiisrfiliis
573 3460 714 3513 misti
742 3468 885 3512 sunt.
926 3458 982 3512 ln
1012 3458 1280 3525 excerptis
1316 3454 1551 3510 Martini.
1588 3452 1668 3505 tit.
1698 3452 1792 3516 ‘26,

206 3546 321 3581 can.
434 3569 447 3581 .

206 3546 321 3586 can.
356 3533 447 3584 64.

272 3548 734 3668 Ititovqirginitatem
770 3598 1080 3667 profitentes
1110 3599 1155 3652 si
1188 3594 1579 3668 mmchaverint
1599 3592 1796 3668 ,‘inter

208 3663 793 3742 digamosliabeantur.
824 3663 990 3742 tione.
1024 3667 1265 3742 Attcyrit.
1296 3667 1375 3720 tit.
1410 3663 1496 3729 l8,
1530 3680 1580 3742 _c.

281 3733 351 3797 Ut
376 3742 421 3794 si
452 3742 614 3795 laicus
636 3743 845 3794 viduam
864 3740 1076 3793 duxerit
1103 3733 1332 3793 clericus
1364 3750 1468 3790 non
1500 3736 1590 3788 sit.
1617 3733 1791 3803 Epist.

213 3810 398 3865 lnnuc.
430 3814 493 3864 ad
531 3812 727 3866 Victor.
758 3812 811 3873 7,
838 3813 917 3864 tit.
952 3812 1005 3864 5.

276 3883 380 3948 Qui
425 3883 717 3935 secundam
767 3880 981 3937 duxerit
1022 3895 1243 3935 uxorem
1285 3878 1515 3934 clericus
1562 3891 1669 3930 non
1701 3874 1793 3930 sit.

208 3952 382 4019 Epist.
397 3953 632 4017 ejusdem
656 3952 720 4004 ad
748 3955 1021 4016 eumdem,
1054 3954 1136 4003 tit.
1170 3950 1222 4004 6.

286 4016 446 4085 Quod
472 4022 664 4085 digami
688 4022 755 4073 ad
780 4022 980 4074 clerum
1009 4021 1215 4073 admitti
1237 4034 1340 4074 non
1363 4019 1592 4088 possint.
1623 4016 1793 4083 Epist.

210 4092 399 4146 Innoc.
431 4090 497 4142 ad
531 4091 695 4143 Felic.
727 4093 780 4152 9,
814 4092 897 4142 tit.
925 4089 980 4141 2.

289 4160 357 4216 Ut
383 4160 643 4230 bigamus,
676 4168 768 4213 aut
794 4156 1629 4230 viduasvelcorruptze_maritus
1644 4197 1659 4220 ,
1690 4155 1799 4209 cle-

211 4233 357 4287 ricns
390 4224 494 4283 non
519 4224 867 4285 sit.'Decret.
907 4228 1092 4282 Hilarii
1123 4230 1342 4297 synod.,
1369 4227 1458 4289 74,
1494 4228 1575 4297 tit.
1599 4224 1657 4279 2.

283 4300 361 4354 De
390 4302 617 4371 bigamis
642 4315 707 4353 ac
734 4315 872 4371 pene
904 4295 1166 4371 omnibus
1186 4295 1798 4371 personis‘,‘de_qu_i_bus

214 4370 401 4426 clerici
431 4366 536 4424 non
568 4371 691 4424 sint.
730 4366 941 4425 Decret.
973 4368 1153 4424 Gelas.
1186 4383 1397 4435 genen,
1430 4366 1520 4431 82,
1557 4368 1638 4420 tit.
1671 4368 1725 4421 5.

288 4441 365 4495 De
394 4441 621 4510 digamis
651 4457 717 4495 ne
739 4451 1123 4495 consecrentur
1154 4440 1205 4492 in
1234 4442 1463 4493 clerum.
1488 4438 1657 4492 Conc.
1691 4435 1797 4491 Va-

216 4512 367 4578 lent.,
402 4509 482 4565 tit.
508 4511 561 4576 5,
588 4527 637 4566 c.
666 4509 755 4566 45.

289 4581 359 4637 Ut
380 4583 441 4636 si.
456 4584 738 4647 sacerdos,
771 4582 854 4635 vel
896 4580 1118 4650 quilibet
1150 4594 1217 4633 ex
1243 4578 1388 4650 clero
1418 4578 1633 4633 viduam
1661 4593 1799 4633 uxo-

216 4667 329 4707 rem
379 4655 591 4707 duxerit
636 4651 721 4706 vel
763 4649 1024 4721 abjectam
1050 4691 1067 4716 ,
1113 4665 1214 4704 nec
1257 4649 1325 4702 ad
1374 4650 1574 4721 clerum
1612 4649 1803 4703 admit-

220 4732 417 4791 tantur,
448 4732 501 4777 et
522 4738 549 4775 a
581 4724 728 4777 clero
757 4720 1152 4778 retnoveantur.
1199 4721 1367 4788 Epist.
1400 4720 1581 4774 lnnoc.
1605 4722 1671 4774 ad
1697 4721 1803 4775 llu-

222 4792 349 4857 lutn,
378 4795 474 4859 26,
507 4797 589 4848 tit.
624 4792 677 4847 1.

292 4864 366 4918 De
393 4864 627 4943 _clericis
672 4864 763 4943 qui
799 4862 1022 4943 viduam
1073 4871 1166 4943 aut
1194 4861 1801 4943 secundamconjugem

224 4931 495 4998 duxerint,
525 4934 593 5004 ut
613 4931 758 4987 omni
782 4932 1039 5003 dignitate
1078 4931 1375 5001 priventur.
1420 4932 1591 5001 Epist.
1623 4931 1801 5004 Syric.

227 5003 289 5057 ad
320 5006 536 5059 Eumer.
566 5002 620 5069 5,
657 5005 739 5059 tit.
768 5002 856 5058 11.

295 5074 362 5129 Ut
384 5077 688 5144 quicunque
735 5076 800 5128 ad
852 5073 1209 5129 sacerdotium
1233 5113 1249 5139 ,
1296 5072 1576 5127 viduarum
1608 5072 1805 5141 mariti,

229 5146 309 5199 vel
342 5148 599 5200 habentes
647 5160 931 5200 numerosa
976 5145 1220 5211 Ctilljllgla
1248 5186 1263 5211 ,
1312 5148 1541 5212 promoti
1591 5146 1806 5211 iuerint,

229 5214 294 5267 ab
317 5217 697 5269 ecclesiasticis
739 5216 930 5269 oiliciis
982 5225 1284 5270 arceantur.
1330 5215 1500 5283 Epist.
1542 5216 1708 5270 Leon.
1742 5219 1806 5270 ad

233 5287 509 5341 universos
530 5288 811 5355 episcopos
834 5302 928 5355 per
948 5284 1295 5355 Campaniam
1313 5300 1367 5341 et
1421 5285 1660 5341 diversas
1686 5302 1811 5355 pro-

233 5356 449 5422 vincias,
462 5357 553 5424 64,
586 5357 668 5413 tit.
695 5359 751 5410 2.

305 5426 378 5481 De
408 5428 491 5481 his
520 5432 609 5496 qui
658 5428 967 5494 priusquam
1010 5425 1387 5482 ordinarentur
1416 5428 1811 5485 incontinentes

235 5494 429 5550 inventi
458 5494 602 5553 sunt.
643 5499 807 5552 Conc.
842 5496 1084 5550 Arausic.
1110 5497 1189 5549 tit.
1221 5498 1314 5561 24,
1347 5513 1398 5553 c.
1425 5498 1517 5553 27.

1824 4203 1872 4266 C

1808 1496 1863 1555 Α
1889 1498 2077 1557 ruptus
2106 1488 2404 1556 baptizatus
2430 1500 2650 1540 uxorem
2677 1494 2730 1540 et
2759 1484 3017 1557 honorem
3048 1478 3245 1535 habere
3275 1487 3474 1547 potest.

1892 1554 2064 1629 Epist.
2097 1554 2281 1613 Innoc.
2314 1560 2378 1612 ad
2411 1557 2615 1611 Victor.
2649 1559 2701 1620 7,
2732 1557 2814 1609 tit.
2846 1554 2935 1629 10.

1962 1631 2011 1684 ls
2039 1632 2279 1699 quiante
2309 1629 2632 1693 baptismum
2664 1641 2882 1680 uxorem
2916 1623 3185 1699 h_abuit_et
3216 1630 3338 1699 post
3369 1621 3469 1677 ba-

1887 1692 2140 1770 ptismum
2169 1702 2327 1753 aliam
2361 1692 2533 1762 duxit,
2559 1699 2786 1770 clericus
2810 1712 2913 1770 non
2940 1695 3053 1748 ﬁat.
3086 1693 3255 1762 Epist.
3292 1692 3474 1750 lunoc.

1888 1768 1954 1826 ad
1987 1774 2265 1824 universos
2290 1771 2341 1823 in
2371 1770 2588 1832 Tolosa,
2620 1768 2710 1835 ‘27,
2742 1768 2824 1821 tit.
2851 1768 2905 1822 6.

1962 1842 2313 1911 lnexploratm
2354 1842 2477 1894 vitae
2523 1841 2883 1911 homines_aut
2905 1845 3226 1911 corruptam
3246 1848 3472 1911 uxorem

1888 1905 2213 2036 gecipie'gtes
2243 1912 2427 1966 clerici
2461 1927 2567 1965 non
2598 1911 2725 1964 sint.
2762 1908 2929 1978 Epist.
2966 1908 3137 1978 Syric.
3163 1905 3228 1959 ad
3255 1906 3475 1960 Eumer.

1931 2029 1945 2036 -
1979 1994 2059 2036 nt.
2128 2020 2143 2035 .

1979 1994 2059 2038 lll.
2089 1994 2143 2036 δ.

1931 2029 2393 2108 Ὀτιίεοιιιιιῐιειιιιε
2421 2061 2542 2118 post
2566 2053 2838 2104 lavacrum
2867 2048 3090 2102 alteram
3124 2061 3346 2118 uxorem
3376 2045 3476 2100 du-

1890 2139 2021 2177 cens
2054 2139 2157 2175 nou
2191 2124 2293 2176 erit
2315 2117 2561 2183 clericus,
2594 2131 2649 2174 et
2672 2122 2811 2188 quod
2842 2120 2895 2172 in
2922 2119 3187 2182 baptismo
3211 2117 3323 2188 sola
3354 2130 3482 2185 pec-

1890 2204 2007 2247 cata
2057 2192 2428 2256 dimittantur,
2479 2207 2582 2245 non
2639 2187 2862 2243 uxorum
2909 2202 3164 2242 numerus
3212 2187 3479 2242 deleatur.

1895 2264 2071 2331 Epist.
2106 2263 2286 2315 lnnoc.
2320 2261 2386 2315 ad
2418 2261 2620 2315 Victor.
2654 2261 2703 2321 7.
2732 2261 2816 2313 tit.
2847 2259 2901 2314 6.

1964 2333 2042 2388 De
2072 2332 2401 2387 discretione
2440 2333 2854 2399 pmnitentinm:
2905 2330 2993 2398 qui
3024 2329 3233 2397 possint
3272 2326 3337 2380 ad
3382 2325 3481 2399 ho.

1890 2418 2053 2458 nores
2094 2398 2494 2457 ecclesiasticus
2541 2401 2797 2470 provehi,
2849 2403 2934 2455 vel
2978 2399 3072 2469 qui
3113 2414 3218 2452 non
3250 2398 3479 2465 possint.

1889 2474 2059 2528 Cone.
2088 2474 2265 2527 Tolet.
2291 2490 2360 2537 IV,
2391 2476 2472 2527 tit.
2505 2469 2593 2534 54,
2626 2487 2677 2527 c.
2712 2469 2799 2525 49.

1966 2546 2039 2599 De
2070 2545 2395 2598 discretione
2446 2544 2799 2598 libertorum:
2832 2540 2920 2609 qui
2974 2539 3039 2593 ad
3082 2537 3481 2594 ecclesiasticos

1891 2614 2129 2669 honores
2162 2614 2443 2681 pervenire
2476 2624 2736 2682 possunt,
2790 2612 2872 2665 vel
2918 2610 3267 2682 quiprovehi
3301 2609 3484 2678 prohi-

1891 2687 2105 2741 bentur.
2138 2679 2307 2739 Conc.
2341 2679 2516 2739 Tolet.
2544 2700 2620 2748 tv,
2657 2686 2737 2737 tit.
2769 2684 2859 2744 73,
2891 2696 2940 2734 c.
2974 2679 3067 2735 49.

1971 2758 2047 2809 De
2074 2757 2283 2810 libertis
2330 2755 2649 2809 familiarum
2703 2754 2959 2808 Ecclesiae
3006 2751 3095 2821 qui
3138 2750 3223 2804 vel
3255 2749 3483 2818 qualiter

1897 2828 1963 2880 ad
1994 2827 2361 2880 sacerdotium
2414 2833 2847 2889 promoveantur,
2906 2832 2961 2877 et
3009 2824 3076 2875 de
3111 2823 3272 2875 rebus
3298 2836 3485 2876 eorum

1897 2898 2022 2967 quid
2055 2897 2167 2952 ﬁat.
2197 2896 2364 2950 Cone.
2394 2896 2569 2951 Tolet.
2602 2913 2673 2960 tv,
2706 2896 2783 2948 tit.
2812 2893 3093 2967 74,-c.‘49.

1971 2968 2047 3020 Ex
2098 2967 2483 3034 pmuilenttbus
2530 2962 3110 3034 ordinatusmclericus
3164 2962 3485 3030 deponatur.

1896 3037 2064 3091 Cone.
2095 3032 2349 3105 Carthag.
2378 3052 2448 3101 tv,
2479 3037 2561 3088 tit.
2594 3036 2686 3100 68,
2712 3050 2763 3089 c.
2796 3032 2883 3087 15.

1974 3107 2040 3162 Ut
2070 3105 2261 3175 digami
2302 3101 2395 3159 'vel
2445 3107 2766 3173 ptenitentes
2794 3106 2874 3157 vel
2918 3101 3319 3175 repudiatarum
3370 3115 3487 3155 ma-

1896 3178 1985 3232 riti
2017 3178 2083 3229 ad
2113 3178 2321 3230 clerum
2348 3193 2451 3230 non
2486 3184 2924 3247 promoveantur.
2969 3174 3136 3227 Cone.
3173 3174 3373 3227 Arelat.
3405 3187 3485 3238 ιιι,

1900 3253 1979 3302 ιιι.
2015 3248 2069 3311 5,
2102 3262 2151 3301 c.
2176 3250 2267 3301 ‘23.

1973 3319 2046 3372 De
2080 3317 2465 3387 paenitentibus
2510 3318 2741 3373 clericus
2783 3332 2886 3369 non
2923 3314 3029 3387 sit.
3060 3315 3324 3369 Diaconos
3353 3328 3488 3382 quo-

1897 3404 2005 3515 gue
2032 3414 2035 3417 π
2060 3386 2165 3442 litui
2219 3390 2518 3451 ministret,
2549 3403 2647 3443 nec
2678 3389 2957 3458 presbyter
2985 3386 3154 3440 altare
3180 3395 3488 3440 coinsecret.

1944 3473 2067 3514 onc.
2098 3460 2293 3515 Aaath.
2324 3460 2409 3512 tit.
2446 3457 2535 3515 45.
2567 3474 2617 3514 c.
2648 3458 2739 3513 30.

1944 3473 2067 3514 onc.
2098 3460 2293 3525 Agath.
2324 3460 2409 3512 tit.
2446 3457 2535 3525 45,
2567 3474 2617 3514 c.
2648 3458 2739 3513 50.

1970 3530 2047 3583 De
2090 3524 2479 3599 pténitentibus
2509 3538 2539 3564 δ’
2559 3545 2654 3583 seu
2700 3528 2925 3593 digamis
2970 3536 3064 3599 aut
3100 3526 3278 3581 viduze
3325 3524 3490 3599 mari:

1899 3601 2007 3655 tis:
2038 3594 2146 3655 non
2172 3601 2197 3639 δ
2226 3599 2573 3654 admittantur
2613 3601 2682 3655 ad
2711 3602 2940 3655 clerum.
2976 3598 3152 3668 Epist.
3185 3596 3382 3667 Syrlcii
3419 3594 3489 3651 ad

1902 3673 2118 3726 Eumer.
2154 3671 2208 3737 ὖ,
2236 3672 2321 3725 ιιι.
2352 3672 2440 3725 15.

1975 3743 2041 3798 Ut
2068 3744 2388 3809 pmnitentes
2420 3742 2575 3796 inscii
2620 3742 2922 3796 litterarum
2952 3740 3040 3796 vel
3069 3738 3287 3793 defectu
3316 3751 3491 3792 mem-

1901 3814 2116 3867 brorum
2153 3824 2243 3867 aut
2273 3814 2574 3867 decissione
2603 3821 2696 3866 aut
2731 3814 2855 3882 quid
2888 3812 3069 3882 minus
3096 3812 3352 3882 habentes
3377 3809 3491 3865 cle-

1900 3884 1996 3939 rici
2026 3900 2133 3938 non
2162 3886 2292 3940 sint.
2337 3884 2553 3937 Decret.
2590 3879 2763 3936 Hilarf
2788 3882 2984 3954 synod.
3008 3880 3100 3954 74,
3122 3879 3215 3954 tit.
3247 3880 3301 3933 3.

1975 3955 2127 4019 Quod
2180 3964 2299 4019 post
2345 3955 2715 4021 paenitentiam
2766 3948 2943 4006 nullus
2986 3952 3055 4005 ad
3086 3952 3288 4003 clerum
3323 3948 3494 4021 possit

1900 4025 2132 4144 admititi.
2179 4018 2358 4092 Epist.
2396 4026 2579 4077 lunoc.
2612 4025 2678 4077 ad
2707 4026 2875 4093 Agap.
2906 4031 2962 4076 et
2990 4021 3222 4087 reliquos
3260 4033 3325 4073 ex
3356 4018 3494 4071 inte-

1902 4108 2020 4144 ατο.
2131 4132 2144 4144 .

1940 4110 2020 4155 ro,
2055 4096 2144 4145 11.

1902 4108 2329 4230 gﬂljtiimplicati
2379 4161 2608 4229 negotiis
2659 4162 2848 4217 alienis
2887 4170 3012 4215 ante
3035 4158 3295 4230 redditam
3326 4157 3493 4230 ratio-

1908 4247 2028 4286 nem
2052 4225 2233 4287 clerici
2268 4248 2371 4286 non
2403 4225 2551 4285 fiant.
2578 4232 2743 4286 Conc.
2777 4233 3027 4299 (iartbag.
3055 4245 3094 4295 ι,
3128 4230 3207 4283 ιίι.
3236 4227 3290 4293 8,
3318 4243 3368 4284 c.
3400 4225 3490 4282 12.

1980 4304 2044 4357 Ut
2094 4304 2271 4356 nullus
2319 4302 2617 4372 obligatum
2668 4305 2917 4373 cuiquam
2971 4304 3175 4373 absque
3221 4313 3491 4373 consensu

1904 4374 2105 4497 germani
2158 4370 2503 4497 veiGpatro'ni
2532 4370 2789 4429 clericum
2821 4373 3002 4428 faciat.
3046 4371 3211 4426 Cone.
3244 4370 3419 4425 Tolet.
3451 4384 3492 4435 ι,

1929 4460 1943 4497 ι
1973 4483 1987 4497 .
2089 4485 2104 4497 .
2135 4460 2183 4497 c.
2292 4483 2307 4497 .

1906 4444 1987 4498 tit.
2017 4446 2104 4508 10,
2135 4460 2183 4497 c.
2216 4444 2307 4499 46.

1977 4515 2052 4567 De
2085 4514 2538 4569 conditionalibus
2584 4516 2788 4586 absque
2832 4528 3100 4586 consensu
3150 4510 3355 4586 domini
3406 4510 3491 4586 vel

1905 4588 2241 4708 Egtroginon
2272 4586 2604 4642 ordinandis.
2648 4581 2714 4640 Ιιι’
2733 4587 2998 4654 excerptis
3026 4584 3257 4650 Martini,
3280 4585 3363 4637 tit.
3394 4581 3488 4649 46,

1974 4672 2024 4708 ι).
2131 4696 2149 4708 .

1905 4671 2024 4725 cap.
2058 4671 2149 4709 ua.

1977 4727 2077 4793 Qui
2128 4737 2151 4766 ι
2194 4727 2403 4797 patroni
2456 4728 2508 4782 in
2567 4729 2764 4783 sreculo
2812 4724 3012 4781 fuerint
3052 4725 3118 4779 ad
3145 4725 3354 4797 clerum
3385 4737 3493 4779 non

1908 4796 2295 4868 provehantur.
2330 4799 2500 4866 Epist.
2534 4797 2719 4852 lnnoc.
2753 4797 2819 4851 ad
2853 4798 3049 4851 Victor.
3083 4799 3139 4862 7,
3171 4796 3374 4868 tituli.

1978 4869 2313 4935 Originarius
2360 4865 2564 4938 absque
2612 4870 2811 4924 domini
2856 4881 3124 4922 consensu
3187 4865 3491 4921 ordinetur.

1909 4938 2118 5008 Decret.
2148 4938 2328 4994 Gelas.
2361 4955 2545 5008 gener.
2580 4939 2670 5004 8'2,
2702 4942 2781 4992 tit.
2812 4939 2897 4993 16.

1980 5007 2060 5062 Ex
2085 5004 2386 5063 curialibus
2415 5012 2496 5065 vel
2541 5014 2629 5079 qui
2679 5010 2980 5064 functiones
3008 5008 3272 5078 iniunctas
3296 5004 3493 5079 habent

1908 5078 2091 5134 clerici
2138 5095 2242 5133 non
2290 5082 2399 5133 sint
2448 5074 2668 5148 propter
2711 5080 2908 5135 diaboli
2945 5074 3266 5148 voluptates.
3320 5074 3490 5144 Eplst.

1910 5150 2093 5204 lunoc.
2121 5154 2186 5203 ad
2220 5150 2420 5205 Victor.
2450 5151 2504 5218 7,
2537 5154 2616 5206 tit.
2652 5152 2741 5207 11.

1988 5221 2059 5274 De
2106 5220 2259 5275 luicis‘
2304 5214 2550 5276 ﬁdelibus
2594 5224 2684 5290 qui
2729 5235 2921 5278 causas
2962 5219 3333 5290 portaverint,
3380 5214 3494 5290 sive

1910 5291 2421 5413 adngnistravertnt.
2475 5285 2642 5364 Epist.
2688 5294 2870 5348 lnnoc.
2923 5285 2989 5346 ad
3046 5289 3393 5359 Exuperium,
3438 5285 3493 5351 8ο

1939 5379 1994 5413 Ι.
2065 5403 2076 5413 .

1913 5372 1994 5416 ιιι.
2024 5372 2076 5415 ὁ.

1983 5431 2246 5488 Causidici
2293 5444 2348 5489 et
2391 5434 2617 5490 curiales
2658 5436 2747 5490 vel
2792 5434 3035 5489 sanctilari
3079 5428 3282 5485 militia:
3322 5425 3492 5481 dediti

1914 5503 1979 5557 ad
2006 5504 2208 5559 clerum
2260 5521 2364 5560 non
2415 5507 2784 5561 admittantur.
2838 5506 3007 5573 Epist.
3056 5501 3241 5554 lnnoc.
3280 5498 3347 5552 ad
3374 5498 3492 5553 uni-

310 5566 376 5621 Ut
401 5570 692 5622 monachus
725 5570 776 5641 si
825 5567 1049 5641 clericus
1080 5564 1250 5641 factus
1277 5568 1434 5641 fuerit
1460 5571 1801 5641 propositum
1833 5568 1885 5629 Ι)
1910 5591 2096 5630 versos
2122 5579 2172 5629 in
2206 5577 2424 5641 Tolosa,
2456 5576 2548 5640 27,
2574 5579 2656 5632 ut,
2687 5577 2743 5631 2,

238 5646 410 5692 servet
432 5679 448 5704 ,
502 5648 557 5694 et
600 5638 740 5709 quod
788 5638 964 5693 nullus
990 5636 1287 5691 monachus
1318 5638 1403 5691 vel
1425 5636 1652 5695 clericus
1683 5658 1803 5698 cor-

310 5782 336 5856 ς
475 5774 1201 5856 iiis‘vocib'usincipitAcodex
1228 5778 1573 5835 Bibliothecae
1602 5781 1798 5852 Regire.

310 5844 337 5893 ι’
376 5847 509 5903 Bibl.
538 5845 692 5919 Reg.,
724 5844 894 5905 Tolet.
930 5849 985 5915 1,
1011 5846 1068 5912 2,
1093 5864 1176 5905 ne.

1984 5647 2109 5700 Post
2142 5638 2606 5716 baptisma—statim
2638 5646 2893 5715 baptizati
2925 5641 2993 5696 ad
3015 5642 3218 5695 clerum
3252 5655 3359 5696 non
3395 5638 3491 5694 ad-

1986 5798 2007 5824 ο
2052 5785 2107 5837 1η
2140 5788 2224 5850 Α.,
2252 5785 2369 5849 ΛΕ..
2405 5787 2519 5839 Bib.
2555 5786 2656 5851 R.,
2680 5786 2873 5840 desunt
2904 5778 2993 5835 hic
3019 5789 3074 5835 et
3102 5793 3331 5851 sequens
3364 5783 3490 5846 titu-

1917 5854 2019 5912 lus.
2049 5856 2327 5931 Desumpti
2357 5866 2481 5913 sunt
2502 5872 2566 5912 ex
2598 5857 2661 5913 Τ.
2698 5859 2744 5912 1.
