4086 6358
340 335 3621 375 WWW

1446 438 1789 522 LIBER
1867 437 2462 523 OCTAVUS.

1143 597 1228 649 DE
1252 596 1376 649 ι)Εο
1401 597 1481 649 ΕΤ
1509 597 1590 647 DE
1615 596 1718 651 UlS
1745 596 1899 659 QUAE
1930 597 2096 649 SUNT
2138 598 2473 652 CREDENDA
2508 600 2596 654 DE
2627 600 2789 654 ILLO.

931 770 1228 831 TITULUS
1264 771 1305 827 Ι.

398 867 555 940 Quod
585 882 721 923 unus
747 867 814 922 sit
854 865 1111 940 Deus_qui
1137 867 1309 940 omnia
1341 866 1517 940 fecerit
1540 875 1587 921 et
1611 867 1701 939 qui
1717 868 1877 940 legem

798 948 949 1010 atque
973 937 1254 1009 Evangelia
1278 939 1495 993 dederit.

405 1052 561 1123 Quod
593 1052 733 1107 Deus
755 1052 905 1106 solus
931 1060 987 1106 et
1011 1051 1268 1106 mundum
1294 1059 1349 1106 et
1391 1051 1572 1123 omnia
1594 1051 1945 1109 instrumenta

339 1127 453 1213 eius
483 1124 690 1181 fecerit.
718 1123 886 1181 Conc.
918 1123 1097 1178 Tolet.
1129 1138 1165 1179 ι.
1202 1123 1275 1177 De
1295 1123 1475 1193 regula
1504 1122 1652 1188 ﬁdei,
1680 1123 1764 1179 tit.
1790 1123 1813 1176 1
1838 1165 1854 1190 ,
1894 1140 1945 1180 c.

405 1267 558 1335 Quod
588 1266 677 1321 ille
707 1266 853 1321 solus
885 1265 1029 1321 Deus
1058 1266 1242 1321 fecerit
1266 1265 1526 1321 mundum
1547 1307 1561 1331 ,
1591 1265 1660 1321 de
1691 1280 1795 1335 quo
1816 1267 1949 1323 scri-

337 1350 482 1406 ptum
509 1348 591 1395 est
618 1357 630 1391 :
662 1337 729 1392 In
749 1338 1001 1410 principio
1030 1339 1147 1410 fe‘cit
1168 1336 1310 1392 Deus
1334 1336 1517 1391 caelum
1560 1346 1607 1391 et
1649 1347 1857 1392 terram.
1890 1339 1946 1393 lu

335 1424 443 1482 quo
464 1422 647 1482 supra,
681 1408 762 1482 tit.
811 1408 865 1464 9.

394 1484 559 1549 Quod
582 1480 714 1535 nihil
740 1482 812 1535 sit
834 1481 979 1551 quod
1008 1495 1068 1537 se
1096 1489 1245 1537 extra
1268 1479 1603 1535 divinitatem
1630 1480 1808 1549 possit
1852 1494 1946 1536 ex-

334 1552 579 1609 tendere.
613 1553 669 1606 In
700 1560 806 1622 q'uo
837 1568 1021 1620 supra,
1056 1554 1138 1608 tit.
1170 1553 1257 1606 11.

412 1625 555 1693 Quod
581 1623 720 1679 idem
748 1624 887 1678 Deus
907 1624 979 1678 sit
998 1634 1051 1681 et
1072 1638 1264 1694 prisca:
1286 1622 1422 1693 legis
1441 1631 1497 1678 et
1516 1621 1945 1695 Evangeliorum.

333 1696 391 1751 In
422 1709 530 1769 quo
556 1709 742 1767 supra,
772 1695 855 1751 tit.
912 1695 968 1750 8.

930 1785 1231 1842 TITULUS
1271 1785 1339 1840 ll.

690 1878 843 1947 Quod
863 1893 999 1935 unus
1017 1879 1081 1933 sit
1093 1880 1147 1932 in
1161 1877 1411 1935 Trinitate
1429 1879 1589 1936 Deus.

413 1976 483 2033 Ut
509 1974 747 2031 Trinitas
776 1984 831 2031 et
852 1974 1101 2029 credatur
1127 1980 1184 2028 et
1205 1974 1550 2042 praedicetur.
1593 1973 1765 2030 Cone.
1817 1976 1949 2032 Car-

330 2048 482 2115 thag.
516 2063 571 2113 ll,
611 2047 692 2102 tit.
720 2048 773 2112 1,
807 2061 856 2100 c.
888 2047 977 2101 15.

414 2120 614 2243 lltegula
637 2118 847 2243 ﬁdﬂide
868 2115 1130 2171 'l‘rinitate
1152 2122 1340 2171 contra
1358 2116 1747 2173 Priscillianos.
1772 2120 1939 2173 Cone.

414 2212 420 2242 l
446 2201 518 2243 et.
550 2206 589 2243 1.
624 2205 674 2243 c.
782 2229 795 2241 .

332 2192 518 2247 Tolet.
550 2206 589 2254 t,
624 2205 674 2243 c.
704 2192 795 2243 46.

415 2261 568 2328 Quod
599 2275 704 2313 non
725 2261 797 2315 sit
817 2258 957 2315 idem
987 2258 1148 2314 Pater
1180 2257 1271 2327 qui
1306 2257 1473 2316 Filius
1502 2261 1587 2317 vel
1626 2261 1940 2318 Paraclitus.

339 2333 397 2387 In
426 2346 533 2397 quo
555 2346 740 2398 supra,
768 2330 852 2384 tit.
890 2330 942 2383 ἓ.

417 2402 569 2470 Quod
602 2417 706 2455 non
738 2400 1006 2471 sitFilius
1045 2399 1135 2471 qui
1182 2399 1343 2456 Pater
1388 2403 1471 2458 vel
1516 2402 1834 2460 Paraclitus.
1886 2403 1940 2456 In

341 2489 451 2546 quo
480 2489 659 2541 supra,
690 2473 775 2546 tit.
802 2470 864 2546 5.
1005 2542 1037 2546 η
1068 2470 1075 2471 ί
1224 2542 1235 2546 _
1262 2541 1292 2546 _
1552 2544 1579 2546 Δ
1920 2508 1935 2527 .

418 2545 708 2668 Ουοψὶιοῖ
737 2540 807 2598 sit
835 2542 1128 2599 Paraclitus
1149 2542 1237 2613 qui
1260 2541 1417 2600 Pater
1437 2546 1519 2602 vel
1543 2544 1731 2603 Filius.
1756 2546 1813 2601 In
1835 2560 1944 2616 quo

418 2632 528 2668 lira-
562 2627 596 2668 ιι
629 2656 642 2668 .
711 2653 725 2667 .
1886 2656 1891 2662 .

338 2632 529 2683 suum,
562 2616 642 2670 lit.
673 2616 725 2668 4.
1886 2656 1891 2662 .

422 2688 497 2813 Del
527 2686 802 2813 'lz‘riuitatis
833 2686 1056 2741 unitate.
1087 2685 1260 2755 Epist.
1318 2687 1529 2743 Damasi
1561 2689 1628 2744 ad
1657 2687 1939 2744 Paulinum

462 2776 473 2812 t
504 2800 519 2813 .
585 2798 598 2811 .

343 2760 403 2815 1.
440 2761 519 2815 tit.
543 2760 598 2813 2.

387 2801 615 2884 ’c'Biuia
642 2827 1072 2884 Priscillianistas
1101 2829 1189 2898 qui
1214 2840 1452 2884 sanctam
1492 2831 1808 2886 Trinitatem
1836 2844 1943 2884 non

344 2898 743 2974 personis,_s_ed
773 2908 979 2974 tantum
1010 2901 1324 2974 numinibus
1369 2901 1723 2974 distinguunt.
1774 2902 1943 2969 Epist.

340 2970 544 3031 Leonis
566 2972 633 3025 ad
656 2970 969 3024 Thuribittm
994 2972 1393 3025 Asturicensem
1449 2970 1651 3037 (il,'tit.
1686 2976 1737 3025 1.

422 3045 498 3097 Du
531 3041 785 3112 mysterio
813 3041 1265 3114 'l‘rin_itartis,_quid
1311 3058 1576 3111 personae,
1632 3043 1760 3114 qttid
1806 3041 1952 3095 desi-

339 3125 546 3185 gnetur
573 3112 1103 3185 substantiaEpist.
1124 3112 1424 3168 Hormisdte
1454 3114 1519 3168 ad
1548 3112 1816 3169 Justinum
1842 3115 1950 3167 im-

342 3183 654 3259 peratorem
678 3183 770 3252 86,
802 3183 883 3238 tit.
913 3184 972 3239 2.

937 3269 1232 3328 TITULUS
1254 3268 1357 3327 Ill.

653 3366 732 3423 De
758 3366 1003 3439 mysterio
1050 3366 1423 3421 incarnationis
1446 3365 1656 3423 Christi.

432 3461 510 3517 De
541 3460 747 3516 duabus
774 3458 973 3514 Christi
1014 3461 1220 3514 naturis
1273 3470 1325 3514 et
1364 3462 1621 3529 mysterio
1654 3458 1949 3516 Trinitatis.

346 3533 527 3604 Epist.
562 3531 956 3604 llormisdaagad
1011 3531 1374 3604 Epiphanium
1420 3532 1509 3596 95,
1541 3530 1571 3602 ς
1611 3530 1667 3604 2.

426 3605 501 3659 De
514 3604 854 3659 divinitateet
869 3602 1200 3657 humanitate
1227 3602 1435 3657 Domini
1461 3604 1627 3658 nostri
1651 3602 1777 3659 Jesu
1799 3602 1959 3659 Chri-

347 3676 443 3732 sti.
472 3676 641 3745 Epist.
675 3674 973 3729 llormisda:
1002 3675 1068 3728 ad
1096 3672 1363 3729 Justinum
1397 3675 1772 3744 imperatorem
1796 3714 1815 3742 ,
1860 3673 1952 3742 86,

349 3748 439 3803 ιὶι.
467 3748 521 3803 5.

430 3820 702 3873 Adversus
736 3817 785 3870 id
818 3816 960 3883 quod
1004 3814 1199 3886 dicitur
1244 3815 1366 3870 ideo
1413 3815 1746 3886 unigenitum
1797 3817 1955 3871 Chri-

349 3899 499 3946 stum
527 3893 649 3959 quia
675 3890 821 3942 solus
846 3890 916 3941 sit
947 3887 1015 3959 de
1044 3885 1284 3959 Virgine
1305 3897 1479 3959 natus.
1516 3885 1706 3957 ’Epist.
1759 3888 1957 3943 Leonis

349 3962 425 4014 ad
453 3957 769 4014 Thuribium
796 3958 1225 4023 Asturicensem,
1258 3957 1351 4018 61,
1380 3959 1461 4012 lit.
1495 3960 1547 4013 5.

431 4031 584 4097 Quod
616 4038 671 4082 et
702 4044 915 4082 carnem
943 4036 998 4079 et
1043 4030 1278 4081 animam
1316 4026 1480 4080 Filius
1513 4029 1609 4098 Dei
1639 4030 1958 4098 susceperit.

353 4100 532 4156 Conc.
565 4098 743 4153 Tolet.
772 4114 812 4164 ι,
844 4113 909 4152 ex
935 4097 1119 4164 regula
1153 4097 1298 4160 ﬁdei,
1330 4098 1394 4149 tit
1422 4099 1475 4160 5,
1504 4112 1552 4151 c.
1584 4096 1675 4152 46.

434 4170 587 4238 Quod
618 4168 866 4224 Christus
893 4177 1048 4222 natus
1068 4177 1174 4222 est.
1205 4167 1260 4219 ln
1283 4181 1390 4237 quo
1418 4182 1600 4236 supra,
1625 4168 1706 4223 tit.
1738 4169 1793 4224 6.

432 4242 584 4311 Quod
609 4241 782 4295 deitas
800 4240 998 4295 Christi
1017 4238 1385 4295 convertibilis
1406 4248 1461 4294 et
1484 4239 1752 4309 passibilis
1776 4249 1877 4297 est.
1904 4239 1962 4295 In

348 4330 466 4387 quo
493 4327 685 4387 supra,
709 4314 788 4387 tit.
822 4314 872 4369 7.

432 4380 585 4453 Quod
606 4383 820 4438 deitatis
847 4392 898 4436 et
927 4381 1104 4437 carnis
1126 4380 1327 4437 Christi
1356 4396 1459 4437 una
1490 4391 1683 4437 natura
1715 4396 1821 4437 non
1867 4381 1957 4437 sit.

349 4457 415 4514 In
444 4471 551 4526 quo
575 4470 756 4523 supra,
793 4457 892 4526 tit._
906 4454 998 4526 15.

444 4524 518 4582 De
544 4526 750 4580 duabus
779 4525 831 4580 in
857 4524 1071 4595 Christo
1093 4525 1299 4579 naturis
1326 4532 1380 4578 et
1412 4540 1512 4578 una
1541 4539 1767 4595 persona
1793 4526 1960 4581 multa

349 4598 669 4657 testimonia
697 4597 933 4651 Patrum.
967 4593 1133 4650 Conc.
1166 4596 1372 4661 Hispal.
1399 4611 1455 4665 tt,
1485 4593 1565 4650 tit.
1590 4596 1657 4651 15
1682 4637 1695 4658 ,
1720 4610 1767 4650 c.
1797 4597 1888 4651 07.

435 4668 811 4725 Conlitendum
845 4668 1012 4721 Deum
1058 4681 1177 4720 esse
1222 4667 1489 4721 veraciter
1543 4668 1859 4722 Emmanuel
1910 4677 1965 4723 et

352 4743 458 4799 Dei
487 4742 801 4813 genitricem
831 4738 1051 4792 Mariam
1080 4737 1345 4813 virginem
1378 4753 1496 4806 qua:
1537 4741 1740 4813 peperit
1770 4754 1965 4813 secuti.

348 4808 659 4880 dum'quod
688 4810 943 4879 scriptum
968 4808 1314 4880 estVerbum
1342 4822 1563 4864 carnem
1596 4812 1815 4862 factum.
1866 4810 1959 4862 Di-

1945 780 1999 840 Α
2098 773 2477 830 Conﬁtendum
2505 772 2775 845 Christum
2799 786 2904 829 non
2926 771 2999 845 ita
3023 785 3145 829 esse
3171 770 3465 845 hominem,
3498 789 3632 845 qua-

2050 849 2097 903 si
2121 848 2502 911 TheOphoron,
2533 843 2583 897 id
2606 854 2687 898 est
2713 846 2876 899 Deum
2918 842 3201 908 ferentem,
3245 843 3345 902 sed
3370 842 3636 904 veraciter

2052 920 2221 974 ﬁlium
2253 932 2345 987 per
2391 924 2635 970 naturam
2662 917 2949 969 secundum
2972 917 3114 986 quod
3134 916 3385 971 'Verhum
3408 932 3535 971 caro
3557 919 3637 975 fa-

2051 1000 2193 1046 ctum
2212 998 2314 1049 est.
2337 988 2582 1043 similiter
2604 995 2660 1041 ut
2682 1002 2799 1053 nos,
2822 989 3245 1043 communicasse
3266 989 3412 1043 carni
3435 996 3488 1043 et
3511 1004 3639 1045 san-

2050 1063 2219 1134 guini.
2254 1060 2308 1113 In
2338 1073 2444 1134 quo
2470 1072 2653 1134 supra,
2681 1059 2761 1111 tit.
2793 1058 2848 1121 5,
2881 1073 2930 1111 c.
2964 1060 3051 1134 il).

2123 1130 2498 1188 Conﬁtendum
2523 1129 2791 1183 Christum
2818 1145 2920 1181 non
2944 1131 3114 1184 solum
3130 1132 3183 1185 in
3199 1130 3301 1187 hoc
3322 1147 3441 1187 esse
3464 1131 3633 1188 Deum

2051 1205 2196 1275 quod
2232 1204 2459 1258 Verbum
2484 1211 2568 1275 est
2590 1203 2778 1264 Patris,
2804 1200 2899 1275 sed
2922 1211 2976 1255 et
3022 1202 3075 1255 in
3122 1217 3187 1256 eo
3211 1203 3353 1273 quod
3403 1204 3637 1259 Verbum

2050 1273 2179 1330 caro
2204 1276 2398 1329 factum
2421 1287 2523 1338 εει,
2546 1274 2710 1327 Deum
2756 1280 2810 1326 et
2833 1273 3100 1326 hominem
3130 1287 3251 1328 esse
3283 1290 3444 1329 unum
3487 1276 3642 1330 Chri-

2051 1356 2195 1402 stum
2230 1347 2416 1401 Deum.
2446 1345 2500 1398 In
2527 1360 2631 1414 quo
2662 1357 2844 1412 supra,
2878 1344 2959 1397 tit.
2994 1341 3049 1411 6,
3078 1358 3128 1398 c.
3162 1345 3248 1399 10.

2125 1420 2238 1473 Non
2262 1418 2334 1472 ita
2360 1417 2719 1470 conﬁtendum
2750 1415 3013 1470 Christum
3043 1416 3191 1469 velut
3230 1415 3499 1473 hominem
3543 1417 3645 1475 Dei

2053 1490 2373 1557 Operatione
2400 1487 2577 1541 Verbo
2608 1486 2954 1556 coniunctum
2987 1494 3045 1540 ut
3077 1487 3403 1553 quasialteri
3448 1502 3644 1558 praeter

2052 1561 2228 1628 ipsum
2253 1561 2498 1616 existenti
2530 1558 2798 1629 Unigeniti
2818 1558 2984 1628 gloria
3017 1558 3298 1612 tribuatur.
3335 1560 3392 1615 In
3421 1575 3525 1629 quo
3552 1576 3647 1616 su-

2055 1648 2166 1701 pra,
2196 1635 2276 1687 tit.
2310 1634 2366 1698 7,
2393 1647 2442 1685 c.
2480 1634 2563 1684 10.

2124 1705 2241 1759 Νοη
2271 1703 2630 1758 conli'cndum
2659 1700 2711 1754 in
2741 1702 2957 1756 Christo
2986 1700 3317 1756 adorandum
3369 1701 3651 1760 hominem

2051 1790 2173 1830 cum
2207 1776 2317 1831 Deo
2341 1775 2493 1846 quasi
2522 1774 2657 1846 alter
2670 1790 2788 1846 cum
2812 1774 2978 1826 altero
2995 1772 3267 1846 adoretur,
3287 1774 3379 1827 sed
3400 1790 3499 1846 una
3518 1790 3651 1842 sup-

2054 1841 2546 1915 plicatione'atquc
2590 1845 2979 1914 gloriﬁcatione
3024 1843 3258 1899 Verbum
3286 1857 3413 1899 caro
3445 1841 3648 1900 factum

2051 1917 2191 1972 idem
2223 1918 2525 1974 adorandus
2549 1926 2603 1972 et
2623 1917 3004 1986 gloriﬁcandus
3024 1924 3107 1971 est
3134 1931 3268 1971 unus
3297 1916 3559 1972 Christus.
3587 1916 3651 1974 In

2051 2004 2157 2058 quo
2182 2005 2361 2059 snpra,
2393 1990 2473 2045 tit.
2502 1990 2555 2053 8,
2580 2002 2631 2044 ε.
2664 1989 2750 2059 1Ϋο.

2123 2060 2238 2113 Non
2266 2058 2626 2113 conﬁtendum
2671 2058 2853 2112 Jesum
2885 2058 2955 2111 ita
2990 2073 3083 2126 per
3111 2058 3367 2127 Spiritum
3399 2067 3647 2115 sanctum

2052 2141 2328 2199 operatum
2362 2132 2520 2183 luisse
2553 2130 2809 2181 miracula
2855 2132 3007 2197 quasi
3056 2129 3230 2183 aliena
3274 2134 3471 2184 virtute
3518 2144 3650 2185 usus

2052 2202 2264 2267 luisset,
2289 2202 2385 2257 sed
2415 2215 2541 2254 vere
2566 2214 2658 2267 per
2687 2215 2839 2252 suum
2871 2200 3116 2271 spiritum
3158 2201 3453 2271 complevit
3492 2202 3650 2270 signa

2049 2289 2173 2343 qua:
2205 2277 2391 2326 voluit.
2428 2272 2481 2325 In
2508 2287 2613 2339 qtm
2636 2285 2820 2339 supra,
2851 2269 2929 2343 tit.
2964 2268 3019 2335 8,
3047 2270 3208 2343 c._10.

2118 2343 2491 2399 Conﬁtendum
2523 2343 2704 2396 Jesum
2725 2347 2865 2396 hunc
2898 2342 3069 2410 ipsum
3101 2339 3300 2397 factum
3327 2356 3445 2397 esse
3474 2342 3651 2409 ponti-

2049 2414 2203 2470 ﬁcem
2236 2425 2288 2469 et
2318 2415 2616 2484 apostolum
2647 2413 3001 2467 confessionis
3050 2424 3249 2467 nostra:
3274 2414 3364 2482 qui
3411 2413 3646 2471 Verbum

2047 2502 2173 2544 caro
2208 2488 2405 2540 factum
2441 2495 2546 2551 est,
2580 2501 2683 2538 non
2706 2485 2932 2538 alterum
2964 2494 3155 2553 prmter
3184 2485 3353 2550 ipsum
3398 2486 3653 2554 speciali-

2048 2566 2131 2613 ter
2153 2574 2217 2613 ex
2262 2560 2483 2612 muliere
2512 2558 2781 2609 hominem
2811 2566 3015 2610 natum.
3056 2555 3434 2611 Conﬁtendum
3484 2565 3648 2611 etiam

2047 2644 2147 2698 pro
2171 2631 2325 2683 ttohis
2357 2638 2559 2682 tantum
2612 2626 2870 2681 obtulisse
2916 2627 3238 2682 sacrilicium
3270 2637 3324 2681 et
3378 2643 3484 2682 non
3543 2642 3641 2698 pro

2050 2715 2131 2755 se.
2195 2700 2248 2753 In
2277 2716 2382 2768 quo
2413 2714 2594 2768 supra,
2622 2700 2701 2751 tit.
2747 2700 2833 2760 10,
2863 2713 2911 2753 c.
2950 2699 3034 2754 10.

2122 2770 2496 2825 Conﬁtendum
2525 2769 2757 2824 Verbum
2791 2769 2888 2823 Dei
2909 2777 2963 2824 et
2997 2784 3211 2837 passum
3255 2785 3415 2826 carne
3442 2780 3497 2825 et
3519 2784 3644 2825 cru-

2053 2843 2278 2896 cilivum
2305 2857 2467 2896 carne
2493 2849 2549 2895 et
2580 2848 2803 2895 mortem
2846 2855 3008 2896 carne
3034 2852 3298 2910 gustasse,
3344 2842 3649 2911 factumque

2052 2913 2467 2984 primogenitum
2500 2928 2567 2984 ert
2597 2912 2820 2966 mortuis
2850 2912 3318 2984 sccundum_quod
3349 2915 3454 2984 vita
3481 2923 3566 2970 est
3589 2919 3647 2967 et

2056 2982 2331 3040 viviﬁcaris
2359 2983 2522 3037 Deus.
2550 2982 2608 3037 In
2639 2997 2744 3051 quo
2771 2996 2953 3052 supra,
2989 2984 3068 3037 tit.
3106 2982 3194 3047 12,
3219 2998 3268 3037 c.
3309 2982 3392 3037 10.

2630 3093 2928 3151 TITULUS
2966 3094 3054 3149 IV.

2138 3190 2328 3245 Contra
2355 3189 2643 3245 Eutichetis
2664 3191 2851 3263 dogma
2877 3191 2941 3244 de
2965 3190 3316 3246 incarnatione
3337 3190 3547 3247 Christi.

2130 3307 2403 3362 Adversus
2452 3307 2505 3360 id
2548 3306 2690 3378 quod
2720 3306 2889 3361 Deum
2924 3307 3207 3361 Dominum
3230 3315 3508 3378 proipatre
3533 3322 3654 3364 cre-

2060 3379 2193 3434 dunt
2233 3379 2398 3433 lutsse
2423 3392 2542 3433 cum
2570 3377 2747 3441 patre.
2797 3379 2964 3448 Epist.
2997 3378 3190 3434 Leonis
3212 3379 3281 3433 ad
3331 3377 3651 3436 Thuribium

2060 3452 2489 3513 Asturicenscm,
2524 3451 2612 3505 U5.

1985 3526 2030 3589 C
2135 3521 2288 3588 Quod
2317 3521 2578 3592 integrum
2606 3520 2875 3576 hominem
2904 3522 3202 3591 susceperit
3240 3518 3486 3577 Christus
3531 3522 3653 3578 sine

2066 3607 2285 3664 peccato
2316 3602 2369 3647 et
2395 3594 2535 3662 quod
2560 3608 2696 3647 unus
2726 3594 2794 3647 sit
2818 3593 3061 3648 Christus
3091 3604 3213 3647 ante
3241 3600 3433 3647 saecula
3460 3609 3524 3648 ex
3557 3595 3659 3650 Pa-

2064 3663 2165 3731 tre,
2204 3667 2255 3717 in
2286 3673 2527 3732 tempore
2557 3679 2620 3718 cx
2655 3664 2868 3733 Virgine
2916 3677 3088 3720 natus.
3122 3663 3291 3734 Epist.
3328 3664 3538 3719 Damasi
3586 3666 3656 3722 ad

2064 3736 2347 3791 Paulinum
2381 3751 2420 3799 1,
2455 3737 2536 3790 lil.
2570 3737 2592 3789 1
2624 3745 2675 3789 et
2703 3737 2758 3796 Ξ,

2130 3808 2332 3863 Contra
2359 3822 2452 3861 eos
2478 3809 2566 3872 qui
2602 3806 2654 3860 in
2696 3809 2832 3861 duos
2870 3808 3007 3862 ﬁlios
3037 3807 3453 3877 dispensationis
3483 3807 3656 3861 domi-

2064 3881 2199 3935 nicae
2229 3880 2541 3948 mysterium
2572 3879 2817 3933 scindere
2848 3882 3160 3934 moliuntur.
3184 3881 3424 3947 Epistula
3456 3879 3656 3934 Leonis

2063 3951 2129 4005 ad
2156 3952 2466 4005 Flawanum
2498 3952 2835 4018 episcotium,
2867 3951 2959 4013 58,
2984 3951 3066 4001 tit.
3093 3952 3149 4003 2.

2134 4022 2333 4075 Contra
2359 4034 2453 4073 eos
2483 4023 2569 4087 qui
2597 4021 2898 4088 passibilem
2929 4021 3256 4074 divinitatem
3285 4020 3542 4090 unigeniti
3565 4020 3655 4076 Fi-

2065 4090 2123 4146 lii
2157 4093 2250 4145 liei
2288 4091 2487 4142 audent
2513 4103 2783 4143 asserere.
2820 4092 2874 4144 In
2897 4107 3002 4158 quo
3026 4107 3206 4157 supra,
3245 4092 3327 4146 tit.
3357 4094 3411 4146 5.

2134 4160 2332 4216 Contra
2353 4174 2450 4215 eos
2480 4160 2578 4232 qui,
2596 4163 2648 4213 in
2670 4161 2875 4216 duabus
2915 4162 3116 4215 naturis
3141 4162 3339 4218 Christi
3386 4173 3656 4232 tempera-

2066 4242 2303 4315 mentum
2326 4233 2413 4354 ch
2454 4231 2819 4287 confusionem
2847 4243 3306 4304 argumentantur.
3354 4236 3411 4291 In
3434 4231 3537 4305 quo
3562 4252 3657 4292 stt-

2069 4319 2182 4354 nra-
2214 4312 2293 4354 ut.
2368 4344 2381 4354 .

2105 4320 2182 4371 ra,
2214 4305 2293 4357 tit.
2326 4305 2381 4357 4.

2105 4320 2161 4358 ra
2214 4319 2293 4357 ut.
2326 4319 2381 4357 ιι.

2067 4319 2100 4375 p
2136 4348 2333 4451 Colitra
2354 4387 2448 4429 eos
2479 4373 2569 4451 qui
2609 4374 2883 4451 crelestem
2942 4384 3033 4431 aut
3060 4377 3283 4451 alterius
3337 4378 3657 4451 cujusquam

2073 4448 2386 4502 subsmntize
2407 4448 2643 4517 existere
2673 4447 2901 4503 formam
2932 4449 3093 4515 servi,
3120 4465 3281 4517 quam
3310 4447 3570 4506 Dominus
3590 4467 3661 4507 ex

2066 4519 2220 4592 nobis
2247 4515 2556 4584 assumpsit,
2590 4516 2906 4575 insaniendo
2955 4515 3224 4575 asserunt.
3248 4521 3304 4575 In
3347 4538 3452 4592 quo
3475 4537 3657 4592 supra,

2064 4594 2149 4645 tit.

2138 4661 2336 4715 Contra
2366 4674 2459 4716 eos
2487 4660 2576 4731 qui
2610 4660 2745 4717 duas
2767 4662 2980 4732 quidem
3012 4671 3135 4718 ante
3156 4663 3539 4720 adunationem‘
3567 4680 3664 4721 na-

2069 4742 2214 4788 turas
2246 4733 2456 4805 Domini
2508 4733 2757 4801 delirant,
2786 4749 2946 4789 unam
2975 4749 3102 4788 vero
3133 4746 3249 4805 post
3281 4737 3661 4792 adnuntionem

2070 4808 2293 4873 lingunt.
2319 4804 2376 4857 ln
2407 4819 2512 4873 quo
2540 4810 2724 4875 supra,
2760 4808 2843 4862 tit.
2877 4808 2934 4873 6,
2966 4816 3021 4861 et
3038 4804 3261 4873 cpistola
3293 4811 3436 4863 Petri
3461 4813 3666 4875 episco-

351 4877 573 4955 rectum
605 4877 852 4936 Nestorio
883 4894 913 4933 a
944 4878 1145 4950 Cyrillo
1167 4880 1586 4933 etconvcnienti
1609 4883 1837 4949 synodo,
1870 4881 1955 4933 tit.
1990 4895 2038 4955 ι)
2069 4878 2612 4955 piltavennensisad
2633 4877 3080 4955 EllliChCletLIAllbi
3102 4890 3291 4934 contra
3311 4881 3425 4949 ejus
3448 4893 3660 4934 errores

351 4957 414 5013 1.
450 4952 619 5010 c.10.

396 4998 814 5080 ’έὸιῖίῖίεηὰιιιη
845 5021 1078 5076 Verbum
1106 5022 1199 5076 Dei
1248 5021 1419 5077 Patris
1456 5021 1790 5093 unigenitum
1824 5036 1950 5089 pro-

351 5100 497 5171 priae
521 5096 678 5171 carni
694 5096 763 5148 ita
796 5103 853 5147 ut
874 5110 1009 5149 unus
1032 5096 1103 5147 sit
1121 5093 1397 5171 Christus,
1413 5093 1555 5171 Deus
1572 5094 1775 5149 scilicet
1794 5093 1953 5148 simul

351 5165 415 5226 ἐι
450 5168 631 5223 homo.
665 5166 718 5219 In
751 5180 857 5235 quo
879 5180 1064 5232 supra,
1099 5166 1179 5218 lit.
1208 5165 1265 5229 2,
1287 5181 1338 5223 c.
1375 5166 1464 5235 10.

432 5233 813 5294 Conﬁtendum
835 5235 969 5290 duas
986 5237 1312 5290 substantias
1344 5236 1399 5291 in
1443 5233 1663 5292 Christo
1695 5244 1816 5305 post
1838 5234 1958 5291 uni-

354 5321 532 5367 tatem
566 5324 668 5363 non
701 5308 811 5362 sola
844 5314 1127 5375 potestate,
1160 5307 1253 5361 sed
1284 5318 1549 5362 conventu
1570 5308 1838 5373 naturali,
1868 5306 1961 5377 qui

357 5399 464 5453 per
492 5383 749 5502 tinitaztem
781 5378 949 5502 largus
978 5385 1079 5440 est,
1113 5391 1232 5431 esse
1250 5378 1584 5448 conjunctas.
1631 5377 1687 5432 ltt
1715 5392 1821 5450 quo
1868 5391 1961 5433 su.

358 5468 488 5502 nm.
523 5461 604 5502 ιιι.
677 5492 691 5502 .
723 5464 772 5502 c.
874 5486 887 5500 .

401 5468 488 5517 ra,
523 5454 604 5506 tit.
636 5454 691 5513 5,
723 5464 772 5504 c.
801 5454 887 5502 10.

357 5470 917 5590 ρηδιιὲἐῖὂὲὦῖίὲἷε
932 5526 997 5590 et
1024 5518 1347 5588 evangelicis
1381 5519 1603 5575 vocibus
1633 5519 1699 5575 de
1744 5520 1965 5577 Christo

356 5588 624 5652 dicuntur
647 5588 752 5647 non
785 5591 855 5645 ita
889 5588 1174 5645 dividenda
1204 5599 1329 5645 sunt
1372 5599 1429 5645 ut
1472 5591 1571 5645 soli
1618 5601 1826 5647 naturae
1873 5593 1965 5648 Dei

359 5667 703 5734 deputentur
723 5676 841 5733 quae
863 5660 1027 5734 digna
1050 5661 1159 5716 Deo
1181 5670 1327 5734 sunt,
1346 5668 1401 5716 et
1428 5662 1525 5717 soli
1556 5672 1762 5720 naturae
1789 5664 1964 5717 homi-

362 5732 460 5792 nis
490 5750 609 5807 qua:
636 5732 794 5808 digna
829 5732 1061 5788 hominis
1083 5741 1223 5787 sunt.
1252 5732 1315 5789 .ln
1357 5748 1464 5804 quo
1495 5746 1678 5804 supra,
1709 5734 1790 5788 tit.
1824 5734 1883 5800 4,
1914 5748 1967 5791 c.

2067 4948 2140 5002 illi
2174 4956 2300 5013 apto
2328 4946 2575 5017 exemplo
2604 4951 2914 5017 respondet,
2940 4948 3029 5003 59.

2131 5017 2283 5083 Quod
2306 5018 2359 5071 in
2381 5032 2484 5071 una
2538 5016 2749 5073 Domini
2802 5024 2965 5075 nostri
3025 5019 3149 5076 Jesu
3199 5021 3393 5077 Christi
3438 5032 3665 5089 persona

2044 5083 2272 5158 gemina
2304 5090 2607 5143 sitdeitatis
2644 5090 3059 5148 ethumanitatis
3116 5094 3405 5149 asserenda
3438 5083 3664 5146 natura.

2064 5162 2235 5234 Epist.
2272 5159 2464 5234 Leonis
2491 5161 2817 5234 ad_Leonem
2846 5169 3170 5234 Augustum,
3220 5165 3308 5226 60,
3339 5163 3366 5233 §
3398 5163 3453 5214 2.

2138 5233 2213 5285 Dc
2244 5232 2489 5299 capitulis
2514 5232 2637 5287 lidei
2656 5248 2719 5287 ex
2741 5232 3045 5292 sanctorum
3071 5242 3283 5293 Patrutn
3316 5234 3467 5286 libris
3497 5233 3667 5288 colle-

2068 5306 2173 5378 Ctis
2196 5303 2263 5378 de
2293 5318 2357 5378 eo
2385 5302 2525 5378 ipso.
2554 5303 2746 5378 inquo
2768 5322 2952 5377 supra,
2980 5307 3083 5378 §5.

2145 5375 2379 5443 Epistola
2401 5373 2596 5431 Leonis
2621 5390 2770 5446 papa:
2792 5373 2857 5434 ad
2883 5373 3191 5435 Flavianum
3212 5374 3668 5445 Constantinopo-

2076 5447 2294 5501 Iitanutn
2323 5447 2629 5516 episcopum
2670 5449 2758 5503 ubi
2788 5453 2977 5519 quaerit
3003 5449 3142 5517 quod
3172 5446 3447 5519 iEutiches
3477 5461 3664 5519 contra

2075 5519 2232 5574 ﬁdem
2262 5520 2579 5573 catholicam
2599 5516 2841 5574 sentiens
2870 5538 2898 5573 a
2916 5516 3292 5576 communione
3315 5516 3572 5574 Ecclesia:
3594 5521 3664 5571 ab

2073 5589 2323 5646 coluerit
2354 5601 2657 5657 separatus,
2686 5592 2761 5644 Ex
2788 5594 3013 5659 integro.
3046 5588 3135 5645 57.

2145 5660 2222 5718 De
2252 5660 2461 5717 subdoli
2488 5661 2660 5735 hostis
2682 5657 3297 5735 insidiisiﬁescriptum
3326 5657 3567 5719 Flaviani
3596 5659 3665 5717 ad

2074 5732 2307 5790 Leonem
2337 5745 2553 5805 papam,
2586 5733 2668 5785 tit.
2698 5732 2750 5792 1,
2776 5743 2894 5803 pag.
2925 5732 3016 5787 51.
