4086 6358
139 454 3430 509 m

139 489 473 507 ’φ’-συ--η

626 500 1857 785 GRZECORUM
1927 613 2948 766 CONCILIA.

1739 987 1851 1088 Ι.

1087 1193 1752 1280 CONCILIUM
1830 1193 2418 1279 NIC/ENUM

160 1367 317 1423 quon
361 1366 651 1411 HABITUM
707 1364 819 1407 ssr
861 1365 1267 1410 TEMPORIBUS
1322 1367 1744 1412 CONSTANTINI
1795 1365 2268 1429 iurenaronts,
2318 1370 2398 1427 an
2460 1367 2778 1435 apiscoms
2830 1368 3180 1431 miscearis
3218 1373 3431 1416 necem

164 1453 171 1463 '
232 1450 305 1492 ΕΤ
354 1448 555 1501 OCTO,
594 1446 659 1489 IN
714 1445 1017 1489 ClVITATE
1071 1447 1273 1490 NICEA
1318 1448 1683 1492 METROPOLI
1739 1447 2090 1509 ΒΙἸῊΥΝΙΔΞ,
2121 1449 2393 1492 PAULINO
2438 1450 2517 1513 ΕΙ*
2559 1448 2831 1499 JULIANO
2874 1450 3257 1494 CONSULIBUS
3312 1455 3428 1513 XIII

224 1529 550 1575 KALENDAS
610 1526 829 1570 JQLIAS
890 1528 1030 1569 ΕΒΔ
1082 1527 1361 1571 CCCLX”.

223 1657 345 1728 ιθ
375 1654 507 1710 Cum
548 1654 892 1731 convenisset
942 1653 1049 1731 hoc_
1080 1664 1325 1723 sanctum
1375 1664 1431 1710 et
1479 1669 1735 1729 magnum
1758 1653 2071 1726 Anamque
2125 1654 2258 1719 solis
2302 1655 2548 1726 personis
2594 1663 2649 1710 et
2697 1654 2889 1715 borum
2952 1655 3219 1711 similibus
3259 1656 3437 1712 omnis

147 1750 475 1823 conciliuma
503 1746 651 1819 apud
700 1746 932 1825 l‘iicteam
984 1747 1252 1817 civitatem
1306 1747 1602 1816 provinciae
1652 1746 1737 1801 Bi-
1835 1763 1957 1817 quae
1988 1764 2055 1803 ex
2083 1748 2398 1817 mulieribus
2440 1757 2524 1804 est
2568 1748 2804 1816 suspicio
2844 1748 3163 1804 declinatur.
3198 1747 3298 1814 Qui
3338 1764 3435 1804 au-

148 1841 369 1919 thgnize,
410 1848 612 1915 statuta
658 1849 781 1905 sunt
809 1840 876 1893 ab
915 1839 992 1895 eis
1044 1838 1159 1894 haec
1188 1856 1308 1909 quae
1358 1839 1493 1894 infra
1536 1839 1736 1909 scripta

147 1943 285 2000 sunt,
315 1949 384 1990 ex
416 1933 606 1999 Graeco
638 1933 689 1985 in
718 1929 967 2003 Latinum
994 1946 1151 2009 versa
1184 1946 1515 1999 sermonem.

387 2026 426 2081 Ι.
471 2025 548 2080 De
574 2026 820 2103 eunuchis
851 2026 941 2097 qui
980 2028 1174 2095 seipsos
1204 2026 1498 2079 abscidunt.

215 2122 271 2177 Si
298 2122 422 2199 quis
450 2124 502 2174 in
528 2119 847 2191 aegritudine
877 2120 956 2174 vel
986 2134 1016 2173 a
1047 2118 1270 2174 medicis
1299 2128 1479 2174 sectus
1499 2126 1582 2175 est
1607 2117 1747 2189 vela

146 2202 393 2277 barbaris
442 2226 710 2285 castratus
738 2224 845 2279 est,
887 2214 1084 2284 placuit
1133 2224 1193 2268 ut
1233 2216 1333 2285 iste
1378 2214 1499 2267 talis
1534 2228 1742 2282 perma-

146 2292 271 2369 neat
300 2310 328 2350 b
366 2312 419 2365 in
446 2311 598 2383 clero
627 2325 643 2365 ;
668 2308 717 2385 si
743 2309 862 2381 quis
888 2317 1067 2387 autem
1098 2324 1264 2365 sanus
1293 2309 1535 2381 seipsum
1568 2309 1743 2375 absci-

147 2403 245 2470 dit,
282 2403 449 2457 etiam
482 2400 526 2457 si
572 2409 655 2456 est
698 2401 750 2459 in
783 2401 953 2477 clero,
984 2414 1198 2456 cessare
1229 2399 1409 2466 debet,
1443 2412 1497 2455 et
1544 2417 1607 2465 ex
1642 2400 1744 2455 hoc

150 2497 352 2552 nullum
389 2494 551 2563 talem,
595 2501 807 2563 oportet
838 2492 1117 2561 ordinari:
1145 2492 1283 2561 sicut
1324 2502 1500 2563 autem
1551 2495 1618 2553 de
1660 2493 1743 2548 his

148 2592 235 2675 qui
262 2589 347 2645 vel
378 2587 765 2668 aliectaverunt
795 2585 879 2640 vel
909 2586 1026 2641 ausi
1049 2598 1168 2651 sunt
1201 2586 1408 2656 seipsos
1437 2587 1739 2655 abscidere,

151 2678 265 2761 btet:
289 2700 415 2756 quae
442 2682 675 2753 diximus
700 2689 895 2737 statuta
928 2690 1074 2751 sunt,
1100 2682 1168 2739 ita
1202 2682 1245 2735 si
1275 2681 1367 2751 qui
1399 2691 1421 2720 ε
1448 2681 1534 2749 vel
1559 2696 1591 2741 a
1622 2682 1745 2755 bar-

151 2781 294 2855 baris
326 2779 413 2834 vel
446 2794 474 2830 a
505 2777 735 2833 dominis
772 2776 883 2841 suis
917 2775 1040 2831 lacti
1076 2784 1221 2847 sunt,
1254 2787 1305 2845 et
1336 2775 1627 2847 probabilis
1668 2778 1745 2853 vi,

150 2882 215 2928 tte
240 2877 364 2925 sunt
392 2867 445 2936 ιι,
478 2868 615 2947 tales
645 2870 744 2943 tios
787 2869 1013 2945 suscipit
1054 2868 1425 2947 ecclesiastica
1466 2868 1651 2939 regula
1678 2868 1745 2929 ad

152 2963 382 3045 clerum.
604 2946 607 2949 Ἴ
1538 2950 1547 2957 ’

217 3081 282 3137 ll.
324 3079 407 3149 DA
439 3078 519 3137 his
545 3079 633 3149 qui
680 3085 791 3147 post
820 3075 1076 3141 baptisma
1110 3085 1134 3149 ς
1165 3077 1338 3133 statim
1380 3076 1447 3131 ad
1483 3075 1675 3133 clerum

276 3150 279 3153 ’
404 3145 405 3149 “
558 3145 566 3149 ⁷
681 3145 689 3147 -
753 3145 1149 3220 applicantur‘.

219 3243 491 3313 Quoniam
545 3240 711 3295 multa
764 3240 879 3294 sive
922 3254 1017 3307 per
1062 3239 1439 3317 necessitatem
1468 3248 1493 3291 8.
1522 3240 1635 3294 sive
1676 3254 1745 3309 es

155 3349 474 3406 quacunque
502 3349 661 3389 causa
693 3342 878 3386 contra
921 3332 1161 3403 regulam
1194 3343 1341 3415 gesta
1385 3345 1531 3407 sunt,
1567 3333 1641 3387 ita
1691 3340 1751 3385 ut

154 3430 402 3484 homines
434 3443 496 3481 ex
528 3426 632 3479 vita
666 3424 851 3493 gentili
878 3439 1049 3494 nuper
1073 3422 1248 3477 adhuc
1276 3420 1634 3477 catecliizatih
1664 3423 1747 3477 vel

154 3520 385 3576 inatituti
429 3520 608 3574 statim
640 3518 709 3572 ad
746 3517 1044 3584 spiritalem
1095 3515 1419 3583 baptismum
1449 3515 1747 3579 venissent,

155 3622 210 3670 et
238 3614 503 3669 continuo
532 3626 653 3666 cum
704 3610 955 3680 baptizati
1001 3618 1126 3663 sunt
1173 3610 1335 3664 etiam
1369 3608 1437 3663 ad
1482 3610 1749 3678 episcopa-

154 3716 265 3763 tum
292 3710 380 3762 vel
413 3707 480 3760 ad
510 3705 901 3776 presbyterium
939 3704 1179 3775 provecti
1222 3712 1366 3770 sunt,
1404 3712 1552 3758 recte
1590 3703 1751 3769 igitur

154 3799 326 3853 visum
356 3805 438 3852 est
467 3796 533 3851 de
569 3806 769 3851 caetero
797 3796 928 3849 nihil
963 3796 1071 3850 tale
1101 3794 1213 3848 [ieri
1241 3808 1401 3859 ;nam
1434 3802 1487 3847 et
1512 3802 1750 3860 tempore

152 3905 290 3961 Opus
333 3900 419 3946 est
461 3898 519 3945 ut
563 3890 638 3958 sit
688 3890 1126 3949 catechumenos,
1159 3897 1218 3942 et
1262 3895 1381 3955 post
1428 3886 1755 3955 baptismum

154 3985 327 4038 multa
359 3982 673 4048 probatione
714 3980 936 4049 indiget.
975 3979 1205 4035 Evidens
1237 3992 1463 4046 namque
1510 3985 1592 4030 est
1621 3992 1754 4045 apo-

154 4079 414 4153 stalicum
471 4086 794 4145 pra-ceptum
846 4078 1072 4135 dicens:
1109 4075 1231 4131 Non
1290 4074 1637 4145 neophytum,
1694 4092 1756 4129 ne

159 4172 291 4247 forte
320 4170 493 4237 elatus
517 4168 570 4221 in
583 4168 842 4239 judicium
872 4166 1071 4225 incidat
1096 4175 1145 4221 et
1178 4167 1420 4236 laqueum
1452 4165 1663 4218 diaboli.
1704 4164 1762 4219 Si

158 4280 286 4327 vero
305 4261 652 4333 macedente
682 4275 925 4329 tempore
947 4260 1173 4318 mortale
1194 4259 1396 4329 aliquid
1420 4258 1696 4329 admiserit
1712 4256 1757 4323 ί,

160 4365 211 4419 et
238 4355 525 4411 convictus
565 4353 772 4413 duobtts
802 4354 883 4415 vel
915 4353 1085 4415 tribus
1118 4352 1343 4411 testibus
1369 4348 1551 4419 fuerit,
1584 4366 1760 4407 cessa-

1839 1850 1944 1898 tem
1975 1854 2170 1913 praeter
2201 1842 2316 1896 haec
2342 1843 2471 1911 agit,
2504 1842 2891 1911 periclitabitur
2922 1841 2987 1897 de
3014 1842 3159 1896 clero
3189 1859 3309 1898 suo.

2060 1935 2149 1989 ιν.
2199 1935 2433 2000 Qualiter
2454 1934 2681 2003 episcopi
2713 1934 2927 1988 debeant
2970 1933 3219 1989 ordinari.

1914 2030 2239 2099 Episcopum
2285 2036 2503 2097 oportet
2529 2028 2598 2084 ab
2624 2028 2879 2091 omnibus
2907 2026 3197 2095 episcopis,
3229 2027 3274 2082 si
3324 2027 3437 2083 ﬁeri

1842 2134 2038 2195 potest,
2068 2124 2161 2190 qui
2188 2131 2314 2176 sunt
2343 2123 2393 2187 in
2425 2121 2705 2190 provincia
2729 2120 2845 2189 ejus
2867 2120 3136 2186 ordinari;
3159 2122 3211 2190 3
3237 2122 3280 2175 si
3310 2136 3439 2177 vero

1851 2222 1951 2277 hoc
1982 2219 2201 2287 difﬁcile
2232 2217 2391 2283 fuerit
2419 2217 2501 2281 vel
2532 2224 2751 2284 urgente
2796 2217 3115 2270 necessitate
3146 2216 3231 2271 vel
3276 2214 3439 2270 itine-

1844 2316 1921 2379 ris
1978 2312 2329 2385 longitudine,
2380 2320 2528 2375 certe
2582 2319 2693 2369 tres
2747 2309 2984 2378 episcopi
3038 2305 3324 2367 debeantk
3387 2310 3440 2365 in

1848 2424 2010 2467 unum
2059 2422 2179 2461 esse
2210 2404 2558 2476 congregati;
2603 2404 2675 2459 ita
2724 2410 2785 2457 ιιι
2812 2401 2974 2455 etiam
3001 2408 3315 2465 czeteroruin
3352 2402 3441 2471 qui

1845 2506 2098 2563 absentes
2127 2508 2251 2559 sunt
2297 2513 2622 2557 consensum
2652 2495 2844 2557 litteris
2874 2504 3111 2560 teneant,
3160 2503 3233 2552 et-
3260 2495 3330 2550 ita
3368 2493 3443 2549 l‘a-

1844 2599 1989 2654 ciant
2030 2594 2448 2657 ordinationem.
2500 2592 2745 2649 Potestas
2794 2606 2925 2646 sane
2973 2590 3061 2655 vel
3106 2588 3445 2645 conﬁrmatio

1847 2690 2135 2762 pertinebit
2159 2704 2253 2758 per
2272 2686 2509 2757 singulas
2538 2686 2843 2754 provincias
2862 2684 2933 2741 ad
2960 2683 3442 2754 metropolitanum

1848 2784 2179 2852 episcopum.

2029 2877 2091 2931 V.
2136 2875 2215 2936 De
2242 2874 2691 2931 excomuuicatis
2721 2870 2919 2926 clericis
2961 2871 3067 2926 sive
3095 2868 3264 2923 laieis.

1921 2968 2177 3025 Servatur
2204 2975 2261 3022 et
2308 2967 2410 3021 ista
2439 2966 2728 3032 sententia,
2776 2972 2832 3019 ut
2883 2962 2933 3015 bi
2977 2962 3067 3029 qui
3099 2960 3167 3015 ab
3203 2958 3325 3013 aliis
3350 2971 3447 3013 ex-

1776 3049 1825 3112 B
1854 3060 2323 3118 communicantur
2350 3058 2417 3112 ab
2460 3056 2577 3121 aliis
2602 3055 2670 3109 ad
2698 3054 3130 3111 communionem
3164 3066 3269 3107 non
3306 3051 3449 3105 reci-

1850 3156 2086 3226 piantur.
2116 3153 2437 3221 Requiratur
2469 3165 2622 3215 sane,
2658 3165 2725 3205 ne
2756 3147 2890 3207 forte
2930 3146 3025 3216 qui
3049 3162 3116 3202 ex
3155 3145 3335 3215 aliqua
3369 3146 3450 3198 in-

1849 3248 2158 3316 dignatione
2205 3244 2373 3299 animi
2420 3252 2513 3299 aut
2561 3242 2907 3299 contentione
2953 3246 3046 3297 aut
3074 3238 3315 3309 qualibet
3356 3237 3451 3292 tali
3516 3300 3519 3303 η

1850 3339 2209 3395 commotione
2231 3338 2495 3392 stomachi
2524 3333 2763 3403 episcopi
2779 3335 2859 3393 sui
2888 3332 3451 3389 excommunicatione

1850 3431 2085 3495 abstenti
2124 3438 2268 3493 sunt.
2305 3427 2374 3489 Ut
2403 3443 2529 3497 ergo
2560 3427 2719 3498 iligna
2768 3428 2886 3481 ιιωα
2915 3424 3125 3494 possint
3171 3426 3450 3479 examina-

1854 3526 1998 3583 tione
2026 3523 2280 3593 perquiri,
2314 3530 2459 3577 recte
2490 3520 2660 3577 visum
2710 3527 2814 3583 est,
2851 3533 2943 3585 per
2986 3517 3228 3589 singulos
3258 3531 3434 3570 annos

1854 3618 1907 3683 in
1935 3617 2159 3687 singulis
2188 3615 2494 3684 quibusque
2527 3611 2814 3682 provinciis
2845 3609 2924 3667 bis
2974 3610 3027 3664 in
3076 3623 3217 3663 anno
3248 3608 3447 3676 episco-

1854 3726 2046 3782 porum
2078 3709 2365 3764 concilium
2393 3706 2530 3772 lieri,
2564 3714 2621 3758 ut
2654 3703 2814 3767 simul
2846 3704 2899 3757 in
2928 3718 3092 3757 unum
3124 3700 3452 3767 convenien-

1856 3814 1935 3867 tes
1965 3820 2029 3859 ex
2080 3802 2224 3861 omni
2277 3799 2567 3870 provincia,
2606 3798 2913 3866 hujusmodi
2945 3796 3260 3851 examinem
3303 3808 3453 3861 quae.

1856 3898 2058 3957 stiones
2089 3913 2104 3949 :
2139 3906 2195 3948 ut
2254 3895 2325 3948 ita
2376 3893 2590 3947 demum
2622 3892 2673 3945 hi
2707 3892 2796 3958 qui
2838 3889 2913 3951 ob,
2937 3890 3122 3958 culpas
3174 3900 3300 3941 suas
3331 3885 3448 3953 epi-

1859 4004 2141 4055 sc0porum
2197 4001 2420 4059 suorum
2493 3983 2728 4043 oﬂeusas
2782 3981 2976 4037 merito
3026 3987 3453 4043 contraxerunt,

1861 4080 2021 4149 digne.
2046 4079 2209 4133 etiam
2258 4092 2287 4129 a
2318 4075 2532 4131 caeteris
2583 4073 3030 4128 excommunicati
3077 4071 3327 4125 similiter
3356 4068 3455 4124 ha-

1868 4171 2119 4239 beantur,
2151 4182 2435 4237 quousque
2464 4167 2516 4219 in
2544 4166 2921 4223 communione
2946 4166 3029 4221 vel
3059 4163 3177 4233 ipso
3203 4164 3458 4233 episcopo

1864 4278 1965 4318 suo
1995 4264 2169 4316 visum
2221 4258 2383 4314 fuerit
2432 4258 2803 4313 humaniorem
2850 4258 2991 4313 circa
3038 4273 3133 4315 eos
3163 4256 3304 4313 ferre
3335 4272 3459 4314 sen-

1869 4355 2111 4411 tentiam.
2145 4353 2417 4417 Habeatur
2447 4364 2626 4413 autem
2655 4352 2945 4409 concilium
2982 4351 3150 4407 semel
3192 4361 3315 4406 ante
3344 4352 3459 4405 dies

162 4447 239 4523 bit
275 4464 303 4501 a
350 4446 497 4517 clero
525 4446 619 4527 qui
673 4445 978 4515 hujusmotli
1006 4452 1129 4511 est;
1161 4445 1207 4505 si
1257 4444 1373 4514 quis
1401 4460 1531 4501 vero
1562 4458 1759 4514 prater
1784 4447 1831 4509 C
1864 4445 2323 4517 Quadragesimaa,
2356 4455 2411 4500 ut
2438 4444 2692 4503 omnibus
2721 4443 2770 4501 si
2792 4458 2911 4513 quae
2943 4449 3069 4503 sunt
3090 4442 3457 4501 simultatibus

166 4539 277 4599 haec
306 4538 457 4611 facit,
502 4549 753 4609 tanquam
782 4538 1049 4605 contraria
1082 4537 1294 4594 statutis
1339 4538 1513 4593 sancti
1540 4536 1757 4593 concilii

174 4650 383 4705 gerens,
415 4632 577 4691 etiam
632 4634 747 4702 ipse
786 4630 1173 4703 periclitabitur
1202 4631 1269 4687 de
1302 4641 1447 4690 statu
1475 4632 1557 4687 sui
1600 4633 1751 4689 cieri.

464 4749 551 4805 lll.
596 4747 674 4803 De
699 4748 1104 4803 subintroductis
1126 4748 1446 4803 mulieribus.

236 4865 601 4921 Omnismodis
632 4866 903 4920 interdicit
947 4878 1128 4920 sancta
1158 4865 1395 4937 synodus
1438 4881 1610 4943 neque
1639 4868 1755 4936 epi-

173 4968 350 5027 scopo,
377 4973 549 5028 neque
595 4957 934 5029 presbytero,
968 4972 1142 5026 neque
1184 4959 1434 5025 diacono,
1463 4974 1631 5028 neque
1660 4960 1754 5013 ulli

177 5048 484 5104 clericorum
536 5046 755 5105 omnino
812 5040 974 5105 licere
1034 5050 1270 5117 permitti
1322 5032 1519 5105 habere
1575 5067 1754 5107 secum

177 5143 445 5197 mulierem
479 5152 813 5209 extraneam,
843 5143 943 5197 nisi
991 5141 1129 5196 forte
1170 5152 1341 5197 mater
1371 5154 1458 5197 aut
1489 5158 1641 5199 soror
1668 5153 1760 5199 aut

179 5231 348 5301 thial,
399 5236 451 5290 id
498 5244 580 5292 est
631 5235 714 5290 vel
744 5238 908 5289 amita
958 5236 1042 5291 vel
1098 5247 1385 5292 matertera
1436 5238 1548 5291 sit:
1582 5239 1630 5292 in
1678 5238 1761 5292 his

184 5460 225 5515 ti
246 5399 271 5429 ⁸
291 5392 431 5513 ιιῗὴιι.
448 5392 517 5450 R.
536 5393 734 5459 desunt
757 5392 885 5449 folia
912 5394 1179 5463 integrum
1203 5394 1303 5449 hoc
1325 5394 1611 5451 concilium
1632 5408 1764 5449 con.

227 5478 321 5515 neu
352 5482 420 5515 tu.

208 5474 420 5520 tnenlia.

252 5530 275 5571 ι)
297 5534 408 5607 Αἰ,
437 5536 505 5591 Ε.
530 5538 584 5599 3.
607 5535 701 5605 U.,
733 5538 831 5603 iste
858 5540 1178 5607 permanent.

253 5617 275 5677 ς
304 5606 393 5666 υ..
421 5609 493 5660 ita
521 5609 627 5677 qui.

254 5672 278 5710 ἀ
304 5677 365 5751 '_l‘.
389 5679 438 5751 ι,
461 5678 516 5743 2,
534 5672 629 5751 Ὀ..
661 5690 708 5733 et
735 5679 1022 5751 probabiles
1052 5680 1169 5734 uiue
1196 5694 1303 5733 sua:
1332 5678 1631 5751 constiterint.

258 5754 279 5781 °
305 5746 360 5802 In
390 5750 671 5821 codicibus
706 5746 1014 5807 constanter
1058 5753 1253 5821 legitur
1288 5750 1558 5811 babtismu,
1604 5751 1768 5804 babti-

190 5829 348 5897 smus,
377 5820 647 5897 bobtisgre,
669 5823 981 5891 rebubtizare
1004 5842 1022 5889 ;
1052 5820 1210 5897 qnam
1236 5821 1763 5897 scribendiiormam

194 5896 259 5942 ex
287 5882 757 5949 litteraruiﬁ'unius
784 5897 968 5965 organi
991 5882 1240 5967 analogia
1268 5892 1614 5965 repetendam
1634 5882 1769 5948 fcen-a

1862 4538 2172 4608 amputatis,
2206 4536 2464 4595 mundum
2506 4538 2748 4603 solemne
2788 4536 2895 4601 Deo
2948 4549 3142 4597 munus
3184 4538 3353 4603 possit
3384 4535 3457 4590 of-

1861 4631 1986 4701 ferri
2020 4648 2036 4697 ;
2060 4631 2361 4688 secundum
2390 4643 2523 4684 vero
2548 4628 2832 4697 concilium
2859 4638 3050 4698 agatur
3078 4626 3222 4693 circa
3250 4636 3460 4698 tempus

1862 4726 2129 4781 autumni.

1922 4841 2004 4895 Vl.
2056 4840 2131 4895 De
2158 4839 2459 4911 primatibus
2485 4838 2845 4908 episcoporum
2867 4836 3401 4906 metropolitanorum.

1933 4953 2043 5008 Mos
2095 4952 2345 5022 antiquus
2392 4950 2647 5020 perduret
2678 4949 2730 5004 in
2780 4948 3012 5021 Egypto
3056 4951 3147 5031 vel.
3189 4950 3353 5020 Libya
3400 4956 3459 5005 et

1866 5048 2164 5118 Pentapoli,
2189 5056 2247 5101 ut
2266 5046 2660 5102 Alexandrinus
2682 5046 2974 5113 episc0pus
3000 5044 3188 5101 horum
3218 5044 3454 5099 omnium

1866 5142 2059 5196 habeat
2108 5147 2467 5211 potestatem,
2529 5138 2781 5208 quoniam
2837 5138 3052 5208 quidem
3106 5147 3161 5192 et
3214 5135 3457 5190 Romano

1868 5236 2121 5307 episcopo
2167 5235 2268 5289 hoc
2317 5224 2459 5288 idem
2504 5233 2670 5289 moris
2723 5242 2827 5287 est.
2879 5232 3138 5289 Similiter
3182 5237 3358 5282 autem
3402 5233 3457 5280 et

1871 5408 2070 5449 scmus.
2954 5438 2957 5441 .

1946 5462 1965 5502 τ
1992 5465 2070 5519 Ex
2104 5462 2221 5527 .42.,
2257 5462 2315 5517 Ε.
2344 5463 2400 5519 5.
2443 5460 2497 5531 lu
2531 5462 2595 5516 Α.
2648 5469 2703 5517 et
2744 5458 2968 5529 reliquis
2993 5472 3007 5509 :
3030 5452 3451 5524 αῃριὶααὺιιηειιν.

1945 5544 1970 5583 s
2002 5535 2091 5602 U.,
2125 5552 2214 5600 pro
2246 5533 2563 5587 necessitate.

1944 5603 1971 5683 ’3
1994 5594 2089 5685 U_._,
2112 5594 2274 5685 nunc!
2295 5602 2613 5685 εᾳέεσέιίξᾳιὶ.
2642 5601 2708 5685 Iri
2728 5600 3047 5685 Codicibust
3073 5594 3365 5685 catazizqti.

1952 5676 1967 5713 i
1999 5669 2116 5745 ιε’,
2150 5669 2209 5733 ε,
2236 5678 2293 5744 ’5,
2332 5679 2397 5731 σι’,
2423 5676 2478 5737 2‘,
2506 5674 2595 5735 U.,
2637 5669 2843 5738 aliquod
2872 5677 3132 5737 peccatum
3162 5669 3449 5745 admiserit.

1949 5754 1962 5801 l
1996 5752 2070 5805 Ex
2104 5740 2333 5819 reliquis
2376 5748 2675 5809 desumpta:
2712 5750 2839 5803 sunt
2869 5753 3028 5797 voces
3071 5746 3161 5793 aut
3200 5740 3309 5793 thia
3337 5755 3457 5799 cum

1876 5823 2049 5879 desint
2074 5821 2128 5875 in
2149 5820 2214 5873 A.

1952 5891 1977 5931 ¹ι
2003 5892 2115 5958 .43.,
2153 5891 2217 5947 E.
2249 5892 2303 5955 5,
2332 5889 2423 5953 U.,
2456 5879 2655 5935 debau-
