4086 6358
593 257 664 315 95
1303 249 1686 310 COLLECTIO
1721 248 2055 307 CANONUM
2091 250 2152 306 S.
2194 247 2468 308 ISIDORO
2506 249 2775 309 HISPAL.
2813 249 3173 312 ASCRIPTA.

3835 257 3916 315 96

589 371 733 442 apud
777 370 1118 426 Antiochiam
1150 375 1480 440 catterasque
1511 367 1820 438 provincias
1851 366 2024 420 honor
2053 378 2183 421 suus
2211 369 2261 430 Α
2289 366 2490 436 cordia,
2521 377 2698 424 tamen
2741 367 2939 439 aliquid
2968 367 3112 424 circa
3152 381 3249 424 eos
3269 366 3620 426 humanitatis
3655 375 3912 431 ostendi.

590 468 879 538 unicuique
905 475 1150 523 servetur
1193 463 1469 519 Ecclesia.
1501 464 1604 518 Per
1648 462 1828 516 omnia
1861 469 2040 516 autem
2072 476 2186 515 ma-

591 559 843 616 nifestum
887 559 1028 630 quod
1081 559 1126 614 si
1177 558 1298 628 quis
1351 565 1544 626 praeter
1569 554 1902 610 voluntatem
1953 565 2006 610 et
2047 568 2181 608 con-

591 653 875 710 scicntiam
925 650 1321 722 metrOpoIitani
1372 648 1610 719 episcopi
1662 647 1826 703 fuerit
1875 647 2180 713 ordinatus,

595 751 698 807 lioc
722 750 1010 808 concilium
1056 764 1305 819 magnum
1337 757 1392 803 et
1437 756 1681 801 sanctum
1713 746 1923 800 censuit
1952 761 2059 799 non
2091 745 2184 799 de-

591 844 722 900 bere
774 859 894 899 esse
951 843 1262 912 episcOpum
1298 857 1310 893 :
1340 854 1470 894 sane
1521 839 1566 893 si
1617 837 1890 892 communi
1941 835 2181 892 omnium

589 953 855 994 consensu
900 936 1289 993 rationabiliter
1315 933 1540 1003 probato
1583 931 1878 986 secundum
1923 931 2184 986 ecclesia-

587 1033 774 1088 sticam
828 1030 1086 1100 regulam,
1120 1027 1226 1082 duo
1249 1026 1332 1082 vel
1365 1035 1476 1082 tres
1517 1025 1860 1080 animositate
1902 1025 2050 1080 ducti
2088 1038 2184 1086 per

587 1123 992 1179 contentionem
1063 1119 1473 1186 contradicent,
1539 1117 1778 1173 obtineat
1833 1117 2182 1188 plurimorum

585 1213 851 1270 sententia
880 1211 1250 1268 sacerdotum.

775 1306 880 1361 VII.
924 1304 1001 1359 De
1035 1307 1229 1360 honore
1257 1305 1486 1376 episcopi
1512 1305 2001 1376 Hierosolymitani.

660 1398 926 1464 Quoniam
957 1413 1073 1453 mos
1103 1399 1352 1467 antiquus
1381 1398 1614 1453 obtinuit
1641 1407 1697 1453 et
1726 1409 1930 1452 νειυειςι
1965 1396 2184 1452 traditio

589 1492 850 1554 utAilite,
903 1491 952 1546 id
1003 1501 1087 1547 est
1134 1491 1634 1563 Hierosolymorum
1685 1492 1937 1560 episcopo
1977 1489 2184 1544 defera-

591 1594 675 1640 tur
703 1595 727 1622 ιι
759 1585 951 1640 habeat
995 1594 1391 1655 consequenter
1412 1583 1466 1656 4
1496 1585 1778 1649 honorem,
1823 1594 2072 1639 manente
2102 1593 2183 1638 ta-

590 1691 712 1732 men
743 1676 972 1731 civitatis
992 1676 1428 1744 metropolitanum
1456 1675 1668 1746 propria
1701 1675 1982 1746 dignitate.

1078 1766 1212 1823 VIII.
1248 1767 1326 1822 De
1355 1767 1405 1822 Ν
1412 1768 1685 1822 ovatianis.

665 1861 719 1918 Si
752 1861 841 1932 qui
886 1863 1152 1918 voluerint
1189 1863 1371 1918 venire
1400 1863 1465 1916 ad
1518 1861 1810 1917 Ecclesiam
1860 1861 2182 1916 catholicam

589 1970 656 2012 ex
687 1955 1020 2024 Novatianis,
1056 1957 1256 2026 placuit
1280 1967 1468 2011 saneto
1496 1953 1726 2010 concilio
1751 1964 1808 2010 ut
1838 1954 2178 2021 ordinentur,

587 2057 642 2105 et
669 2051 1015 2105 sic'maneant
1038 2051 1090 2104 in
1113 2052 1278 2106 clero.
1302 2050 1441 2104 Ante
1458 2050 1636 2104 omnia
1663 2057 1840 2104 autem
1861 2048 2000 2104 hanc
2023 2050 2090 2105 ab
2105 2050 2184 2105 eis

587 2142 983 2200 confessionem
1007 2159 1104 2214 per
1123 2145 1444 2214 scripturam
1473 2143 1615 2214 exigi
1642 2153 1876 2213 oportet,
1902 2153 1961 2198 ut
1983 2143 2183 2198 fatean-

591 2244 676 2291 tur
700 2251 760 2291 se
789 2237 1059 2291 communi
1084 2250 1352 2291 consensu
1386 2237 1670 2292 catholicae
1693 2237 1954 2292 Ecclesia:
1983 2245 2186 2292 statuta

588 2324 988 2393 observaturos,
1032 2325 1084 2380 id
1128 2335 1213 2382 est
1241 2327 1733 2382 communicaturos
1778 2341 1838 2381 se
1879 2337 1933 2381 et
1973 2327 2055 2382 his
2093 2327 2183 2397 qui

589 2416 732 2472 forte
761 2417 1030 2473 secundas
1062 2420 1275 2487 nuptias
1303 2419 1509 2486 experti
1539 2427 1686 2484 sunt,
1717 2418 1798 2474 vel
1831 2418 1912 2473 his
1940 2419 2029 2490 qui
2067 2434 2185 2489 per-

589 2510 886 2566 secutionis
909 2520 1152 2581 tempore
1192 2511 1327 2582 lapsi
1380 2521 1522 2566 sunt.
1558 2510 1763 2578 Quibus
1794 2521 1972 2567 tamen
2016 2512 2182 2580 lapsis

589 2605 925 2674 pmnitentia:
975 2604 1170 2660 modus
1199 2615 1254 2660 et
1303 2615 1513 2675 tempus
1561 2605 1853 2674 ascriptum
1885 2617 1988 2672 est,
2025 2616 2080 2660 ut
2127 2607 2182 2660 in

590 2698 841 2752 omnibus
873 2708 1167 2768 sequantur
1189 2711 1254 2754 ea
1275 2713 1396 2768 qua:
1432 2698 1484 2753 in
1518 2698 1758 2754 Ecclesia
1800 2699 2061 2754 catholica
2086 2697 2184 2753 ob-

591 2799 900 2855 servantur,
944 2800 998 2846 et
1042 2789 1120 2845 sic
1163 2790 1363 2860 ubique
1391 2789 1533 2844 idem
1586 2788 1825 2846 omnesh
1855 2790 1956 2860 ipsi
1986 2789 2185 2845 fuerint

589 2880 794 2938 inventi
822 2884 941 2940 sive
968 2884 1020 2939 in
1051 2883 1183 2938 vicis
1221 2897 1316 2939 seu
1346 2883 1398 2937 in
1430 2883 1670 2950 urbibus,
1705 2883 1888 2938 clerici
1927 2882 2183 2937 ordinen-

589 2985 678 3033 tur
700 2993 731 3032 a
763 2977 1043 3033 catholicis
1071 2979 1159 3048 qui
1183 2977 1550 3042 inveniuntur,
1573 2987 1627 3032 et
1656 2975 1734 3032 sic
1761 2978 1922 3031 etiam
1953 2975 2005 3032 in
2035 2976 2183 3031 clero

588 3073 885 3142 persistant
914 3073 1278 3142 unusquisque
1309 3073 1360 3127 in
1401 3082 1545 3127 statu
1579 3085 1697 3126 suo.
1731 3071 1789 3126 Si
1819 3086 1946 3126 vero
1971 3071 2180 3141 episco-

593 3179 693 3233 pus
745 3163 835 3219 vel
894 3165 1174 3235 presbyter
1219 3163 1499 3218 eatholica:
1549 3163 1807 3219 Ecclesiae
1859 3163 2054 3230 fuerit,
2113 3164 2182 3221 ad

588 3271 748 3327 quem
785 3257 948 3324 aliqui
987 3272 1055 3313 ex
1093 3257 1175 3312 his
1216 3257 1501 3325 accedunt,
1549 3268 1756 3312 certum
1785 3267 1869 3312 est
1898 3258 2042 3328 quod
2072 3259 2185 3329 epi-

599 3361 797 3416 scopus
832 3349 1050 3418 quidem
1096 3349 1397 3404 catholicus
1436 3365 1586 3404 suam
1619 3349 1815 3405 habeat
1844 3350 2181 3422 dignitatem,

601 3439 853 3496 similiter
873 3450 1052 3496 autem
1077 3449 1131 3495 et
1160 3441 1440 3513 presbyter
1457 3452 1510 3498 et
1537 3442 1795 3498 diaconus
1826 3444 2076 3499 habeant.
2119 3443 2184 3500 Hi

593 3546 722 3586 vero
747 3531 837 3602 qni
890 3532 958 3586 ab
999 3532 1114 3587 istis
1144 3534 1386 3599 veniunt,
1430 3534 1477 3589 si
1508 3534 1644 3589 forte
1671 3536 1954 3606 episcopus
1997 3536 2180 3602 fuerit,

599 3626 791 3682 habeat
823 3625 1140 3698 presbyterii
1181 3625 1524 3696 dignitatem,
1569 3629 1668 3682 nisi
1710 3627 1849 3684 forte
1889 3639 1943 3684 et
1972 3629 2184 3699 placeat

591 3720 847 3791 episeopo
903 3719 1170 3776 catholico
1211 3721 1511 3776 concedere
1553 3721 1601 3776 ei
1653 3721 1817 3776 etiam
1863 3721 2184 3792 epise0palis

592 3814 825 3870 nominis
858 3813 1161 3881 honorem;
1205 3814 1252 3866 si
1302 3829 1432 3868 vero
1471 3830 1576 3868 non
1625 3815 1906 3883 placuerit,
1942 3815 2182 3870 inveniat

588 3906 636 3963 ei
681 3907 878 3973 locum,
918 3913 976 3961 ut
1005 3905 1074 3959 sit
1105 3905 1157 3960 in
1211 3905 1462 3974 parochia
1509 3906 1561 3960 in
1607 3906 1754 3961 clero
1779 3910 2064 3978 episcopus
2092 3917 2184 3962 aut

589 4001 893 4074 presbyter,
925 4001 1052 4056 dum
1086 4010 1266 4056 tamen
1306 4009 1365 4055 ut
1400 4001 1454 4056 in
1499 4001 1715 4056 civitate
1759 4018 1864 4056 non
1901 4001 2184 4058 videantur

589 4096 695 4150 duo
726 4097 964 4166 episcopi
989 4111 1131 4164 esse,
1163 4105 1222 4153 et
1249 4094 1336 4150 ille
1366 4095 1678 4152 omnimodo
1709 4095 1764 4150 in
1797 4095 1944 4152 clero
1974 4110 2186 4167 perma-

591 4203 724 4242 nere
752 4189 1018 4242 videatur.

666 4276 757 4332 IX.
803 4275 877 4331 De
899 4277 1205 4348 presbyteris
1249 4279 1358 4333 sine
1384 4280 1760 4334 examinatione
1801 4283 2107 4338 constitutis.

664 4371 722 4426 Si
753 4373 842 4442 qui
875 4372 991 4426 sine
1016 4372 1414 4428 examinatione
1441 4374 1670 4442 promoti
1703 4375 2001 4446 presbyteri
2029 4387 2178 4444 sunt,

591 4474 646 4521 et
682 4477 863 4535 postea
917 4466 1206 4522 examinati
1257 4467 1491 4524 confessi
1537 4478 1663 4524 sunt
1694 4477 1911 4540 peccata
1970 4485 2087 4536 sua,
2129 4479 2182 4524 et

2213 3127 2262 3194 Ο

2291 457 2348 515 Si
2380 461 2469 529 qui
2509 476 2640 533 ergo
2668 477 2736 518 ex
2778 462 2961 518 animo
2989 461 3277 532 paenitent,
3329 462 3499 519 tribus
3544 468 3705 523 annis
3752 469 3908 527 inter

2289 553 2568 610 audientes
2609 554 2906 610 habeantur
2933 572 2946 610 :
2972 555 3018 610 si
3050 565 3231 612 tamen
3282 555 3472 614 fideles
3511 569 3659 627 sunt,
3709 571 3768 618 et
3809 579 3910 620 se-

2293 655 2436 718 ptem
2468 649 2624 703 annis
2652 648 2771 703 aliis
2802 650 2941 705 inter
2984 651 3315 719 ptenitentes
3343 652 3482 718 sint;
3505 652 3721 710 duobus
3764 656 3909 714 item

2292 743 2449 798 annis
2479 751 2632 798 extra
2673 743 3114 800 communionem
3135 744 3189 800 in
3239 747 3488 802 oratione
3524 747 3642 803 sola
3673 752 3909 819 partici-

2295 844 2424 905 pent
2453 835 2673 906 populo.
2718 834 2772 890 Si
2809 836 2898 907 qui
2941 850 3070 892 vero
3117 852 3212 905 per
3259 835 3382 892 ﬁdei
3407 840 3638 910 gratiam
3665 851 3690 879 ο
3715 845 3907 899 vocati

2290 926 2466 995 primo
2493 927 2710 996 quidem
2738 928 3097 982 ostenderunt
3117 929 3276 984 fidem
3303 943 3455 985 suam
3487 931 3735 1002 deposito
3761 935 3907 990 mili-

2291 1018 2380 1073 tia:
2415 1019 2652 1089 cingulo,
2687 1029 2808 1089 post
2849 1021 2964 1075 haec
2991 1031 3173 1076 autem
3219 1021 3285 1076 ad
3315 1024 3590 1093 preprium
3623 1027 3902 1083 vomitum

2290 1113 2495 1169 reversi
2516 1123 2661 1178 sunt,
2688 1123 2745 1169 ut
2768 1124 2824 1170 et
2853 1115 3105 1183 pecunias
3129 1117 3320 1172 darent
3347 1128 3401 1174 et
3420 1119 3690 1176 ambirent
3711 1121 3902 1180 redire

2291 1226 2506 1267 rursum
2548 1209 2613 1264 ad
2639 1210 2882 1265 militiam
2906 1249 2921 1275 ,
2955 1211 3040 1266 isti
3066 1212 3253 1268 decem
3285 1214 3442 1268 annis
3470 1213 3579 1268 sint
3607 1215 3751 1271 inter
3777 1233 3900 1286 pa:-

2293 1304 2524 1359 nitentes
2559 1314 2678 1373 post
2703 1305 2934 1372 primum
2959 1303 3250 1361 triennium
3273 1319 3379 1375 quo
3405 1306 3605 1361 fuerint
3630 1308 3774 1362 inter
3802 1325 3902 1365 au-

2291 1398 2502 1452 dientes
2529 1414 2542 1452 :
2573 1397 2641 1450 ab
2669 1397 2917 1452 omnibus
2937 1411 3068 1451 vero
3090 1396 3219 1452 illud
3247 1398 3516 1467 praecipue
3541 1399 3898 1471 observetur,

2293 1497 2350 1543 ut
2381 1489 2594 1543 animus
2632 1503 2821 1544 eorum
2852 1499 2907 1545 et
2948 1488 3153 1544 fructus
3183 1490 3514 1558 paenitentia:
3544 1490 3899 1551 observetur.

2292 1582 2610 1651 Quicunque
2630 1583 2775 1637 enim
2803 1597 2924 1637 cum
2947 1583 3094 1636 omni
3122 1582 3312 1637 timore
3339 1591 3397 1637 et
3423 1583 3675 1655 Iacrymis
3707 1601 3900 1655 perse-

2295 1676 2604 1730 verantibus
2641 1687 2696 1730 et
2741 1676 2995 1746 operibus
3041 1677 3197 1732 bonis
3229 1679 3698 1735 conversationem
3737 1697 3900 1741 suam

2216 1741 2265 1799 Β
2295 1782 2402 1820 non
2435 1765 2612 1820 verbis
2654 1765 2807 1832 solis,
2835 1767 2927 1821 sed
2960 1781 3126 1836 opere
3149 1775 3204 1822 et
3232 1768 3457 1823 veritate
3487 1769 3896 1841 demonstrant,

2288 1873 2412 1914 eum
2454 1869 2666 1928 tempus
2692 1867 2952 1913 statutum
2983 1861 3144 1914 etiam
3187 1861 3256 1913 ab
3289 1860 3373 1916 his
3413 1859 3576 1916 fuerit
3607 1863 3896 1934 impletum

2289 1962 2343 2008 et
2365 1952 2703 2007 orationibus
2753 1953 2865 2023 jam
2916 1954 3183 2024 coeperint
3226 1956 3649 2023 communicare,
3703 1959 3898 2014 licebit

2289 2047 2545 2116 episc0po
2567 2045 2724 2100 etiam
2759 2046 3046 2100 humanius
3088 2046 3228 2100 circa
3255 2060 3348 2100 cos
3379 2047 3579 2116 aliquid
3625 2049 3895 2119 cogitare.

2289 2141 2388 2209 Qui
2415 2155 2543 2196 vero
2583 2139 2978 2196 indifferentem
3022 2141 3312 2195 habuerint
3353 2141 3562 2210 lapsum
3605 2157 3788 2208 suum,
3840 2153 3897 2201 et

2287 2235 2542 2290 sufficere
2570 2235 2670 2289 sibi
2701 2234 2842 2304 quod
2875 2233 3163 2289 ecclesiam
3194 2235 3502 2290 introierint
3527 2216 3895 2307 arbitrantur,

2290 2327 2376 2382 isti
2405 2326 2720 2382 omnimodo
2749 2335 2989 2396 tempora
3020 2333 3222 2379 statuta
3255 2326 3612 2395 complebunt.

2421 2421 2536 2476 XII.
2571 2420 2646 2475 De
2674 2421 3124 2476 excommunicatis
3143 2437 3176 2473 a
3204 2421 3394 2476 sarculo
3422 2424 3745 2478 exeuntibus.

2365 2515 2440 2570 De
2472 2516 2554 2568 his
2583 2530 2710 2570 vero
2738 2512 2827 2584 qui
2852 2513 3106 2569 recedunt
3129 2529 3196 2568 ex
3217 2530 3465 2583 corpore,
3495 2518 3730 2586 antiquae
3754 2519 3897 2591 legis

2288 2611 2466 2680 regula
2491 2608 2866 2665 observabitur
2889 2608 3052 2662 etiam
3079 2622 3256 2669 nunc;
3281 2607 3352 2662 ita
3379 2619 3436 2663 ut
3454 2611 3498 2664 si
3521 2609 3657 2667 forte
3683 2615 3898 2673 recedit

2286 2721 2356 2761 ex
2381 2720 2638 2773 corpore,
2673 2705 2980 2760 necessario
3007 2705 3128 2758 vitae
3157 2720 3268 2760 sua:
3301 2703 3496 2759 viatico
3527 2719 3633 2759 non
3667 2705 3894 2761 defrau-

2287 2799 2460 2869 detuq.
2488 2799 2644 2867 Quod
2661 2799 2706 2852 si
2729 2799 3046 2868 desperatus
3065 2798 3256 2870 aliquis
3274 2807 3487 2870 recepta
3504 2804 3893 2859 communione

2285 2891 2669 2960 supervixerit,
2699 2891 2770 2946 sit
2804 2892 2943 2946 inter
2971 2905 3066 2946 eos
3095 2891 3184 2960 qui
3215 2893 3328 2946 sola
3348 2890 3600 2948 oratione
3629 2909 3893 2950 commu-

2289 2989 2471 3042 nicant
2499 3003 2514 3041 :
2564 2986 2632 3042 de
2661 2987 2743 3041 bis
2771 2987 3024 3042 omnibus
3053 2996 3230 3042 tamen
3260 2989 3349 3058 qui
3379 3003 3444 3044 ex
3471 3005 3704 3060 corpore
3733 3007 3890 3049 rece-

2288 3079 2454 3143 dunt,
2502 3078 2552 3132 in
2602 3078 2856 3134 tradenda
2884 3078 2964 3134 eis
2989 3081 3365 3136 communione
3394 3096 3522 3137 cura
3550 3092 3606 3138 et
3635 3084 3888 3156 probatio

2291 3170 2362 3224 sit
2389 3169 2666 3240 episcopo.

2642 3286 2780 3343 XIII.
2813 3285 2892 3343 De
2927 3287 3299 3344 cateclutmenis
3341 3288 3520 3360 lapsis.

2361 3400 2567 3455 Placuit
2595 3400 2723 3456 huic
2751 3411 2938 3457 sancto
2968 3411 3021 3456 ct
3048 3415 3242 3473 magno
3273 3403 3504 3459 concilio
3534 3402 3601 3460 de
3629 3406 3892 3463 catechu-

2291 3493 2464 3548 menis
2492 3494 2580 3560 qui
2613 3492 2749 3565 lapsi
2775 3505 2931 3560 sunt,
2963 3504 3014 3549 ut
3051 3496 3221 3552 tribus
3249 3497 3404 3551 annis
3431 3497 3572 3553 inter
3598 3500 3893 3561 audientes

2289 3589 2512 3644 verbum
2543 3589 2655 3644 sint
2685 3590 3090 3656 tantummodo;
3125 3590 3386 3660 posthaec
3425 3607 3556 3648 vero
3577 3605 3740 3649 orent
3761 3611 3890 3654 eum

2288 3681 2710 3737 eatechumenis.

2289 3795 2430 3852 XIV.
2465 3795 2544 3850 De
2563 3797 2864 3870 diaconibus
2893 3814 2956 3852 ne
2995 3797 3299 3869 presbyteris
3321 3817 3507 3870 corpus
3545 3801 3739 3859 Christi
3780 3816 3894 3862 tra-

2505 3870 2649 3934 dant,
2682 3868 2760 3923 vet
2783 3881 2897 3924 ante
2927 3868 3244 3940 presbyteros
3276 3868 3660 3928 communicent.

2360 3980 2609 4037 Pervenit
2633 3981 2700 4037 ad
2728 3992 2972 4038 sanctum
3001 3983 3290 4039 concilium
3317 3986 3458 4056 quod
3504 3986 3557 4042 in
3588 3987 3722 4046 locis
3761 3992 3893 4062 qui.

2291 4074 2518 4130 busdam
2547 4086 2603 4131 ct
2623 4076 2932 4133 civitatibus
2953 4078 3281 4150 presbyteris
3305 4092 3638 4137 sacramenta
3667 4085 3891 4146 diaconi

2290 4170 2565 4240 porrigant
2599 4186 2612 4222 :
2645 4169 2748 4223 hoc
2783 4185 2956 4239 neque
2983 4171 3161 4239 regula
3195 4187 3372 4242 neque
3401 4175 3733 4231 consuetudo
3775 4187 3893 4233 tra-

2290 4261 2458 4330 didit,
2513 4273 2568 4317 ut
2591 4262 2643 4318 bi
2672 4263 2765 4333 qui
2793 4263 3052 4319 efferendi
3080 4267 3328 4321 sacrificii
3360 4284 3466 4323 non
3493 4269 3692 4324 habent
3725 4283 3889 4339 pote-

2289 4365 2483 4412 statem
2509 4355 2594 4412 his
2633 4356 2722 4424 qui
2748 4356 2981 4412 offerunt
3004 4373 3197 4428 corpus
3219 4357 3416 4415 Christi
3446 4363 3741 4432 porrigant.
3775 4364 3893 4422 Sed

2290 4460 2345 4506 et
2372 4450 2499 4506 illud
2545 4451 2778 4506 innotuit.
2817 4453 2957 4522 quod
2985 4452 3201 4522 quidam
3244 4453 3499 4510 diacones
3549 4457 3710 4511 etiam
3758 4469 3894 4516 ante

601 4520 614 4521 κ
683 4520 696 4535 .
813 4520 824 4522 θ
929 4520 938 4522 τ
1268 4520 1281 4522 -
1331 4520 1338 4521 γ
1538 4520 1911 4540 "mh-w—
1971 4520 2087 4536 --η
2134 4520 2182 4524 --

591 4575 712 4615 cum
741 4559 976 4616 confessi
999 4560 1245 4627 fuissent,
1275 4572 1460 4617 contra
1494 4563 1733 4633 regulam
1764 4563 2048 4618 venientes
2079 4563 2178 4618 bo-

2290 4549 2572 4619 episcopos
2601 4559 2940 4604 sacramenta
2970 4558 3206 4605 sumant.
3235 4535 3364 4606 Haec
3401 4567 3528 4623 ergo
3558 4552 3736 4607 omnia
3767 4570 3894 4608 am-

593 4655 763 4708 mines
792 4668 980 4710 manus
1006 4655 1085 4710 eis
1116 4664 1320 4711 temere
1359 4655 1749 4725 imposuerunt,
1795 4657 1891 4710 hos
1922 4657 2182 4712 ecclesia-

591 4745 756 4800 sticus
789 4749 923 4802 ordo
966 4762 1076 4802 non
1118 4749 1350 4818 recipit:
1386 4750 1438 4803 in
1470 4747 1717 4804 omnibus
1758 4751 1901 4804 enim
1932 4749 2074 4820 quod
2110 4749 2182 4804 ir-

590 4837 1016 4907 reprehensibile
1041 4852 1061 4880 ε
1091 4850 1174 4896 est
1213 4840 1452 4897 defendit
1492 4841 1758 4896 Ecclesia.

911 4928 980 4985 Χ.
1023 4930 1100 4984 De
1135 4932 1296 4992 lapsis
1340 4935 1541 4988 clericis
1584 4935 1858 4989 ordinatis.

661 5024 975 5095 Quicunque
1011 5040 1078 5080 ex
1110 5024 1193 5081 Itis
1221 5028 1312 5097 qui
1354 5030 1490 5099 lapsi
1519 5039 1666 5096 sunt,
1701 5039 1758 5085 et
1803 5045 1898 5099 per
1929 5029 2183 5101 ignoran-

589 5120 714 5174 tiam
747 5117 974 5173 ordinati
1021 5125 1147 5173 sunt
1171 5118 1258 5173 vel
1298 5129 1609 5191 contemptu
1635 5136 1820 5177 eorum
1849 5121 1938 5191 qui
1969 5135 2061 5175 eos
2088 5137 2180 5177 or-

592 5213 935 5279 dinaverunt,
977 5214 1081 5265 hoc
1117 5226 1223 5266 non
1258 5212 1572 5282 praeiudicat
1621 5215 1820 5284 regula:
1850 5213 2183 5270 ecclesiasti-

593 5317 704 5368 cae;
737 5318 858 5358 cum
892 5305 1035 5358 enim
1063 5313 1396 5372 compertum
1428 5305 1608 5371 fuerit,
1644 5308 1981 5376 deponentur
1997 5305 2046 5364 ἀ.

594 5391 683 5448 XI.
727 5395 806 5451 De
847 5397 928 5452 liis
979 5396 1068 5468 qui
1110 5406 1292 5464 sponte
1340 5398 1475 5522 lapsi
1517 5409 1654 5468 sunt,
1703 5403 1923 5470 qualiter
1967 5400 2180 5457 debeant

1253 5485 1510 5522 attentare.

1252 5485 1510 5539 poenitere.

662 5558 870 5616 Placuit
889 5571 1086 5619 sanctm
1109 5565 1336 5637 synodo,
1365 5564 1490 5621 licet
1511 5565 1713 5638 indigni
1746 5567 1855 5624 sint
1879 5570 1929 5642 5
1959 5568 2181 5626 miseri-

664 5682 688 5751 ξι
835 5679 1073 5751 episcopo
1095 5681 1256 5746 honor
1287 5682 1567 5751 deferatur.

663 5743 690 5781 ι’
717 5743 912 5818 ρη-εῖε
941 5743 1238 5818 ubicumque
1266 5743 1456 5807 omnes.

670 5829 690 5856 ε
715 5815 778 5872 Τ.
803 5815 859 5885 2,
886 5815 1295 5890 reprehensibile.

2289 4650 2561 4712 putentur,
2584 4651 2637 4699 et
2659 4653 2910 4697 maneant
2928 4642 2982 4711 6
3000 4641 3252 4696 diacones
3277 4643 3417 4696 intra
3440 4657 3592 4697 suam
3609 4645 3891 4713 propriam

2285 4748 2590 4788 mensuram
2612 4775 2626 4799 ,
2679 4733 2910 4788 scientes
2939 4733 3063 4802 quia
3092 4733 3467 4803 episcoporum
3512 4736 3726 4806 quidem
3782 4739 3891 4792 mi-

2285 4827 2443 4881 nistri
2501 4834 2666 4893 sunt,
2721 4840 2751 4880 a
2802 4825 3132 4897 presbyteris
3178 4840 3304 4881 vero
3357 4824 3638 4882 inferiores
3689 4837 3820 4883 sunt
3873 4846 3892 4885 :

2285 4921 2550 4990 accipiant
2576 4935 2708 4992 ergo
2738 4921 3035 4976 secundum
3080 4918 3324 4974 ordinem
3369 4930 3491 4990 post
3536 4921 3893 4990 presbyteros

2284 5011 2352 5068 ab
2399 5008 2650 5082 epiScopo
2679 5012 2763 5066 vel
2813 5011 3160 5082 presbytero;
3193 5009 3336 5081 quod
3367 5013 3413 5067 si
3460 5027 3566 5067 non
3597 5012 3797 5066 fuerint
3830 5013 3890 5070 in

2285 5106 2535 5176 praesenti
2569 5104 2651 5159 vel
2681 5106 2965 5174 episcopus
2994 5117 3090 5159 seu
3122 5105 3426 5176 presbyter,
3454 5113 3580 5162 tunc
3612 5106 3726 5176 ipse
3760 5121 3890 5176 pro-

2285 5196 2422 5252 ferat
2446 5207 2497 5252 et
2523 5195 2634 5252 det.
2684 5195 2793 5252 Sed
2821 5211 2888 5251 ne
2915 5196 3105 5251 sedere
3149 5196 3361 5266 quidem
3395 5199 3558 5253 liceat
3600 5199 3654 5252 in
3702 5199 3888 5256 medio

2284 5291 2722 5364 presbyterorum
2770 5291 3026 5347 diacones
3052 5309 3067 5359 ;
3095 5300 3249 5348 extra
3274 5292 3512 5363 regulam
3542 5302 3625 5346 est
3653 5293 3796 5348 enim
3825 5306 3886 5352 et

2284 5394 2431 5440 extra
2463 5384 2707 5441 ordinem
2751 5395 2810 5440 ut
2841 5385 2943 5442 hoc
2971 5384 3066 5442 ﬁat
3115 5403 3130 5438 :
3159 5385 3204 5440 si
3235 5387 3356 5456 quis
3399 5395 3579 5440 autem
3621 5399 3727 5440 non
3767 5390 3886 5443 vult

2284 5478 2366 5533 bis
2386 5478 2658 5535 sufficiens
2679 5493 2824 5549 esse,
2853 5486 2979 5551 post
3008 5480 3145 5535 hanc
3165 5477 3729 5552 definitionem‘cesset
3757 5494 3882 5539 esse

2280 5570 2561 5628 diaconus.

2353 5684 2377 5724 δ
2403 5687 2467 5758 T.
2507 5686 2552 5754 I,
2584 5687 2641 5755 2,
2675 5689 2764 5755 U.,
2794 5689 3140 5758 deponantur.

2354 5767 2378 5797 ⁸
2411 5757 2525 5825 Δί,
2558 5762 2619 5816 Ε.
2649 5761 2702 5830 5,
2733 5760 2818 5830 Τ.,
2847 5760 2900 5828 1,
2928 5760 2982 5829 2,
3010 5761 3100 5826 U.,
3124 5759 3580 5832 perDeigratiam.
