4086 6358
155 392 223 461 97
901 356 908 367 ’
1164 376 1567 449 enecentur
1602 380 1946 443 CONCILIA.
1971 378 2060 425 ·-
2099 379 2456 441 NICENUM.
2692 340 2705 367 ³
3369 371 3440 439 98

211 493 331 554 ιν.
366 492 444 547 De
481 472 679 545 clericis
711 473 898 544 temere
924 487 988 541 ab
1016 487 1229 542 ecclesia
1264 481 1613 540 recedentibus
1640 489 1691 535 ⁸.

224 588 455 661 Propter
489 584 688 639 multas
728 581 1160 653 perturbationes
1206 587 1261 634 et
1299 578 1609 647 frequentes
1655 583 1750 628 tti-

154 684 357 742 multus
379 678 704 736 seditionum
718 692 835 747 quae
848 674 961 731 ﬁeri
977 674 1172 740 solent,
1188 664 1747 741 placuitomnimOdob

156 776 359 833 abscidi
407 774 563 828 istam
613 770 1056 827 consuetudinem
1109 780 1229 837 quae
1275 774 1462 820 contra
1508 762 1749 832 regulam

157 884 259 934 εει,
289 872 332 925 si
359 868 443 923 tibi
469 877 651 922 tamen
676 865 754 931 tit,
781 863 834 919 id
855 871 938 918 est
967 878 1033 916 ne
1053 861 1120 915 de
1142 859 1358 915 civitate
1381 856 1447 912 ad
1476 855 1748 911 civitatem

160 969 395 1019 transeat
423 960 508 1014 vel
540 959 826 1028 episcopus
852 956 937 1009 vel
968 956 1248 1025 presbyter
1270 950 1353 1005 vel
1378 950 1659 1004 diaconus.
1694 945 1749 1002 Si

163 1055 281 1125 quis
310 1068 436 1107 vero
469 1059 590 1120 post
628 1048 747 1104 hinc
781 1058 975 1103 statuta
1015 1047 1187 1102 sancti
1223 1044 1379 1115 hujus
1410 1037 1621 1097 concilii
1648 1038 1753 1093 tale

168 1148 369 1217 aliquid
397 1146 591 1201 audere
622 1140 928 1207 tentaverit,
960 1140 1279 1208 inlringetur
1310 1147 1332 1176 ο
1380 1136 1525 1189 omni
1555 1144 1753 1202 genere

171 1238 526 1311 hujuscemodi
550 1245 795 1302 conatus,
822 1245 875 1291 et
898 1234 1211 1289 restituetur
1232 1229 1464 1300 propria:
1488 1224 1752 1281 Ecclesiae

169 1336 224 1393 in
253 1347 349 1403 qua
380 1331 655 1389 ordinatus
686 1338 787 1385 est.

167 1427 301 1485 XVI.
326 1426 406 1482 De
436 1422 741 1498 presbyteris
780 1428 827 1498 et
848 1418 1172 1498 _diaconibus
1219 1416 1297 1471 vel
1324 1414 1524 1469 clericis
1552 1412 1640 1484 qui
1684 1410 1754 1465 ad

608 1494 740 1548 alias
765 1493 988 1546 ciuitates
1016 1498 1301 1545 transeunt.

230 1591 284 1648 Si
313 1588 405 1661 qui
435 1602 565 1643 vero
585 1587 704 1642 sine
731 1592 978 1653 respectu
1011 1580 1105 1637 Dei
1150 1588 1373 1650 agentes
1397 1586 1453 1633 et
1502 1576 1753 1631 timorem

162 1681 256 1739 Dei
297 1689 425 1735 ante
469 1677 655 1734 oculos
684 1690 791 1731 non
835 1674 1126 1738 habentes,
1178 1686 1354 1740 neque
1392 1667 1755 1724 ecclesiastica

161 1772 355 1833 statuta
387 1770 775 1838 custodientes,
798 1767 1120 1824 recesserint
1142 1766 1211 1821 ab
1230 1764 1474 1820 Ecclesia
1502 1777 1619 1829 sua,
1642 1761 1757 1816 sive

163 1866 531 1939 presbyteros,
571 1862 685 1918 sive
713 1863 998 1926 diacones,
1038 1860 1121 1914 vel
1152 1858 1204 1912 in
1234 1869 1553 1928 quocunque
1580 1854 1753 1909 eccle-

160 1957 378 2013 siastico
413 1955 605 2011 ordine
632 1953 792 2025 positi
822 1951 1056 2018 fuerint,
1090 1966 1197 2005 non
1228 1949 1427 2003 debent
1463 1945 1660 2012 suscipi
1701 1943 1755 1998 in

160 2052 390 2107 ecclesia
422 2050 555 2115 alia,
588 2047 682 2103 sed
712 2054 767 2102 et
795 2061 918 2103 cum
949 2043 1101 2099 omni
1128 2041 1452 2098 necessitate
1497 2045 1759 2107 cogantur

161 2154 217 2199 ut
238 2145 471 2200 redeant
510 2146 576 2200 ad
623 2144 897 2200 Ecclesias
922 2155 1084 2207 suas;
1115 2151 1208 2193 aut
1254 2137 1299 2191 si
1330 2134 1758 2205 permanserint,

158 2237 618 2293 excommunicari
646 2244 882 2305 oportet.

158 2326 324 2384 XVII.
372 2327 452 2382 De
484 2326 684 2382 clericis
708 2327 891 2381 alienis
921 2326 1030 2381 sine
1062 2322 1379 2378 conniventia
1411 2320 1611 2391 proprii
1642 2317 1763 2388 epi-

231 2402 378 2471 scopi
401 2399 427 2438 ι¹
457 2400 521 2452 ab
551 2399 656 2453 alio
686 2400 741 2453 in
770 2414 914 2453 suam
940 2396 1204 2451 ecclesiam
1230 2410 1332 2449 non
1364 2390 1685 2446 ordinandis.

236 2492 293 2548 Si
323 2492 449 2563 quis
470 2506 632 2547 ausus
653 2492 811 2547 fuerit
836 2490 1070 2557 aliquem
1100 2488 1189 2559 qui
1220 2488 1286 2542 ad
1325 2488 1554 2541 alterum
1599 2483 1762 2553 perti-

168 2596 260 2643 net
285 2585 541 2640 ordinare
572 2585 624 2639 in
655 2598 751 2640 sua
785 2582 1059 2649 Ecclesia,
1089 2597 1209 2637 cum
1241 2594 1346 2634 non
1388 2577 1581 2633 habeat
1627 2590 1759 2630 con-

169 2692 385 2733 sensum
420 2676 658 2746 episcopi
692 2675 859 2746 ipsius
888 2684 911 2713 ο
944 2689 973 2727 a
1001 2689 1106 2745 quo
1137 2671 1356 2729 recessit
1382 2669 1642 2734 clericus,
1687 2665 1763 2722 ir-

169 2769 266 2825 rita
295 2768 366 2823 sit
390 2767 700 2837 huiusmodi
723 2765 1013 2823 ordinatio.

170 2857 356 2917 XVIII.
399 2857 482 2913 De
522 2860 720 2915 clericis
745 2874 957 2981 usurqu
985 2865 1075 2911 aut
1102 2854 1484 2927 ampliationem
1509 2850 1763 2920 accipien-

904 2947 917 2981 ι
959 2945 1039 2981 ns.

904 2945 1039 2982 ιυιιδ.

238 3021 509 3092 Quoniam
532 3020 682 3075 multi
714 3019 895 3074 clerici
917 3018 1152 3074 avaritiae
1181 3030 1339 3072 causa
1364 3016 1537 3085 turpia
1566 3014 1716 3069 lucra
1739 3009 1760 3051 ί

172 3123 468 3180 sectantes,
501 3112 652 3169 obliti
672 3120 798 3167 sunt
825 3110 987 3166 divini
1011 3108 1263 3181 praecepti
1285 3124 1390 3179 quo
1412 3107 1613 3163 dictum
1638 3115 1722 3162 est
1748 3122 1763 3161 :

1781 482 1834 539 Α
1861 477 2088 547 aliquam
2118 476 2354 542 habent,
2401 475 2471 530 ita
2503 482 2564 529 ut
2591 469 2735 529 omni
2763 485 2961 544 genere
2986 472 3129 530 inter
3152 469 3318 529 Iaicas
3350 474 3444 527 ha-

1853 569 2078 624 beantur
2103 584 2117 622 :
2141 569 2388 624 similiter
2410 577 2589 623 autem
2618 566 2934 623 diaconissas:
2956 582 3076 637 qua:
3099 568 3150 622 in
3178 566 3444 624 catholico

1851 678 2059 719 canone
2107 676 2215 717 non
2272 662 2558 727 habentur,
2589 661 2749 716 simili
2797 662 2935 726 loco,
2960 660 3014 716 id
3055 670 3161 729 est,
3194 661 3343 717 laica
3390 670 3447 719 et

1854 766 2104 827 tanquam
2132 771 2235 809 non
2274 764 2604 810 consecratae
2631 754 2970 824 deputentur.

1854 847 1969 904 XX.
1998 849 2075 909 De
2105 848 2281 904 diebus
2303 850 2571 905 dominicis
2601 859 2647 903 et
2680 848 3017 905 Pentecostei
3053 857 3111 903 ut
3136 865 3191 904 in
3213 851 3285 903 eis
3304 858 3447 903 stan-

2486 930 2560 975 tes
2590 937 2815 975 oremus.

1867 994 1881 1004 ’
1926 1016 2188 1081 Quoniam
2221 1022 2345 1069 sunt
2377 1014 2427 1069 in
2460 1013 2546 1069 die
2572 1012 2839 1068 dominica
2869 1015 3088 1083 quidam
3135 1014 3200 1068 ad
3249 1022 3446 1069 oratio—

1854 1122 1977 1162 nem
2006 1121 2174 1177 genua
2210 1106 2485 1161 llectentes
2513 1113 2566 1159 et
2595 1105 2647 1158 in
2672 1104 2860 1159 diebus
2892 1102 3258 1173 Pentecostes,
3289 1117 3449 1173 prop-

1856 1210 1999 1257 terea
2030 1210 2112 1256 est
2142 1202 2321 1270 itaque
2354 1200 2703 1255 constitutum
2741 1213 2773 1252 a
2804 1207 2985 1252 sancta
3018 1198 3225 1268 synodo
3248 1238 3267 1265 ,
3317 1209 3450 1266 quo-

1857 1298 1996 1349 niam
2024 1309 2326 1351 consonans
2354 1303 2409 1349 et
2453 1294 2785 1349 conveniens
2831 1307 2925 1361 per
2950 1305 3140 1346 omnes
3180 1289 3450 1344 Ecclesias

1855 1390 2202 1444 custodienda
2260 1387 2592 1444 consuetudo
2649 1396 2750 1456 est,
2800 1393 2859 1440 ut
2901 1392 3106 1441 stantes
3154 1383 3223 1438 ad
3253 1382 3453 1439 oratio-

1858 1495 1978 1534 nem
2006 1477 2031 1516 ιε
2065 1478 2438 1555 Βοωῑιιοςνοιει
2468 1478 2772 1535 reddamus.

2345 1569 2720 1627 SYMBOLUM
2762 1567 2966 1624 FIDEI.

1859 1663 2107 1738 Ejusdem
2164 1663 2367 1719 Nicwni
2414 1663 2590 1738 magni
2616 1661 2843 1738 concilii
2871 1677 2903 1713 a
2928 1658 3161 1714 trecentis
3191 1657 3365 1712 decem
3407 1663 3455 1713 et

2337 1744 2448 1789 octo
2478 1734 2721 1787 Patribus
2761 1733 2977 1785 editum.

1786 1849 1833 1910 Β
1932 1828 2217 1883 Credimus
2246 1828 2299 1882 in
2328 1842 2491 1881 unum
2543 1825 2711 1880 Deum
2751 1824 2964 1878 Patrem
2998 1822 3453 1892 omnipotentem,

1859 1923 2098 1978 omnium
2132 1921 2420 1976 visibilium
2449 1930 2504 1974 et
2526 1918 2873 1974 invisibilium
2897 1916 3229 1972 conditorem
3273 1933 3287 1969 :
3319 1924 3373 1970 et
3399 1914 3454 1970 in
3474 1938 3487 1943 ’

1862 2032 2023 2070 unum
2055 2015 2339 2069 Dominum
2395 2022 2638 2067 nostrum
2670 2011 2856 2068 Jesum
2898 2009 3170 2065 Christum
3193 2052 3208 2077 ,
3261 2008 3454 2063 Filium

1864 2106 1982 2170 Dei,
2016 2117 2196 2159 natum
2225 2104 2293 2160 de
2314 2104 2478 2159 Patre
2499 2104 2853 2173 unigenitum,
2885 2101 2987 2156 hoc
3011 2101 3184 2157 estde
3211 2101 3460 2156 substan-

1864 2196 1934 2250 tia
1969 2196 2166 2266 Patris,
2200 2196 2367 2250 Deum
2398 2195 2466 2252 de
2509 2196 2641 2259 Deo,
2693 2195 2874 2249 lumen
2897 2194 2965 2249 de
2993 2194 3195 2248 lumine
3220 2237 3236 2262 ,
3289 2193 3458 2248 Deum

1863 2304 2049 2342 verum
2080 2288 2148 2342 de
2173 2289 2283 2343 Deo
2313 2302 2463 2353 vero,
2492 2298 2696 2352 natum,
2725 2303 2829 2342 non
2864 2286 3085 2353 factum,
3109 2286 3460 2340 consubstan-

1865 2381 2028 2435 tivum
2068 2377 2082 2416 1
2144 2378 2312 2446 Patri,
2366 2379 2416 2433 id
2447 2388 2531 2435 est
2576 2379 2735 2433 unius
2778 2378 3091 2433 substantiae
3118 2392 3238 2432 cum
3268 2376 3457 2443 Patre,

1864 2472 2007 2543 quod
2037 2471 2212 2526 Graeci
2244 2471 2570 2528 homousion
2601 2470 2820 2537 dicunt,
2851 2473 2908 2542 8
2951 2486 3045 2539 per
3072 2485 3229 2539 quem
3280 2468 3460 2524 omnia

1863 2564 1999 2619 facta
2025 2572 2152 2619 sunt
2174 2579 2293 2635 qua:
2320 2563 2373 2618 in
2402 2565 2541 2620 caelo
2566 2574 2603 2599 ω
2632 2573 2687 2618 et
2708 2579 2827 2634 quae
2854 2563 2907 2617 in
2934 2572 3096 2629 terra;
3124 2563 3213 2633 qui
3245 2571 3461 2632 propter

1864 2674 1963 2714 nos
1980 2658 2224 2714 homines
2253 2667 2280 2693 ιι
2311 2666 2365 2712 et
2395 2668 2612 2729 propter
2642 2666 2883 2713 nostram
2907 2658 3134 2711 salutem
3159 2655 3458 2723 descendit,

1864 2750 2175 2806 incarnatus
2204 2759 2309 2818 est,
2340 2761 2500 2821 atque
2526 2753 2689 2806 homo
2719 2750 2889 2807 factus
2910 2793 2926 2818 ,
2975 2766 3185 2821 passus,
3219 2760 3462 2806 mortuus

1866 2856 1971 2912 est;
1998 2846 2296 2900 resurrexit
2321 2845 2475 2901 tertia
2508 2844 2635 2912 die;
2668 2846 2909 2900 ascendit
2950 2844 3002 2899 in
3035 2846 3226 2910 caelos,
3277 2853 3464 2900 ventu-

1868 2950 1960 2991 rus
1983 2935 2228 3005 judiCare
2254 2935 2408 2989 vivos
2437 2946 2490 2989 et
2520 2944 2763 2990 mortuos
2797 2953 2810 2987 :
2841 2944 2893 2989 et
2945 2935 2997 2989 in
3043 2935 3304 3003 Spiritum
3334 2948 3464 2988 san-

1869 3031 2043 3077 ctum.
2078 3022 2184 3075 Eos
2218 3032 2396 3076 autem
2428 3022 2517 3089 qui
2543 3023 2771 3076 dicunt:
2800 3032 2916 3077 erat
2936 3022 3150 3092 quando
3179 3035 3283 3077 non
3325 3030 3462 3086 erat,

1870 3124 1927 3170 et
1956 3124 2241 3183 antequam
2278 3122 2595 3168 nasceretur
2623 3127 2730 3167 non
2758 3122 2906 3181 erat,
2939 3124 2993 3168 et
3021 3114 3162 3184 quod
3204 3128 3270 3169 ex
3305 3112 3466 3168 nullis

176 3204 277 3275 Qui
326 3205 601 3278 pecuniam
628 3219 773 3259 suam
797 3219 898 3258 non
929 3202 1070 3256 dedit
1089 3203 1157 3256 ad
1184 3218 1392 3256 usuram
1411 3245 1427 3267 ,
1460 3199 1763 3255 fenerantes

1875 3207 2212 3263 exstantibus
2240 3206 2412 3263 factus
2463 3216 2546 3262 est
2572 3250 2585 3274 ,
2620 3215 2712 3260 aut
2737 3222 2800 3261 ex
2831 3207 3006 3276 aliqua
3036 3204 3331 3261 substantia
3382 3203 3465 3260 vel

175 3300 504 3356 centesimas
529 3298 772 3369 exigunt,
800 3296 985 3352 statuit
1007 3295 1109 3351 hoc
1135 3302 1379 3350 sanctum
1402 3292 1692 3349 concilium
1743 3305 1760 3348 :

175 3388 221 3445 si
274 3391 398 3461 quis
450 3390 697 3445 inventus
744 3388 902 3443 fuerit
947 3396 1070 3458 post
1110 3387 1247 3442 hanc
1293 3387 1660 3441 deﬁnitionem
1711 3383 1762 3455 ’1

177 3498 390 3539 usuram
427 3482 700 3553 accipere,
731 3481 812 3535 vel
842 3496 908 3535 ex
938 3479 1179 3551 quolibet
1206 3478 1296 3533 tali
1328 3479 1541 3548 negotio
1592 3476 1765 3544 turpia

173 3575 321 3631 lucra
375 3576 617 3642 sectari,
671 3574 753 3629 vel
801 3574 960 3629 etiam
1008 3573 1214 3641 species
1260 3569 1647 3627 frumentorum
1699 3568 1766 3624 ad

180 3670 495 3740 sexcuplum
522 3670 684 3735 dare;
726 3667 901 3723 omnis
929 3665 1019 3736 qui
1052 3664 1157 3720 tale
1186 3662 1384 3731 aliquid
1430 3672 1768 3717 commentus

183 3761 349 3818 fuerit
378 3762 444 3816 ad
468 3769 757 3832 quaestum,
786 3758 1063 3829 dejicietur
1093 3773 1157 3813 ex
1189 3755 1353 3823 clero,
1385 3766 1437 3811 et
1469 3756 1677 3809 alienus
1702 3755 1769 3810 ab

176 3854 548 3911 ecclesiastico
574 3853 834 3908 habeatur
860 3852 1051 3923 gradu.

212 3946 358 4003 XIX.
391 3947 472 4003 De
501 3947 838 4001 Paulianistis
863 3956 911 4000 et
950 3944 1296 4015 Cataphrygis
1332 3943 1733 4013 rebaptizandis.

248 4039 309 4094 Si
366 4039 490 4107 quis
534 4037 834 4105 confugerit
882 4036 949 4090 ad
1001 4035 1295 4091 Ecclesiam
1342 4036 1663 4091 catholicam
1707 4035 1774 4089 de

177 4131 529 4191 Paulianistis
555 4138 611 4185 et
637 4129 989 4199 Cataphrygis
1014 4138 1039 4175 Β
1065 4167 1080 4194 ,
1122 4137 1378 4182 statutum
1426 4130 1495 4182 sit
1535 4126 1775 4196 rebapti-

180 4226 290 4282 zari
318 4222 345 4265 ιι
374 4239 471 4280 eos
492 4223 801 4279 omnimodo
823 4222 1042 4278 debere.
1067 4222 1121 4277 Si
1146 4221 1234 4291 qui
1258 4237 1387 4277 vero
1410 4222 1593 4276 clerici
1622 4228 1777 4275 erant

187 4318 327 4390 apud
353 4332 485 4383 eos,
518 4314 784 4386 siquidem
815 4314 1067 4384 incnlpati
1109 4311 1311 4369 fuerint
1336 4322 1389 4368 et
1435 4312 1776 4382 irreprehen-

187 4411 389 4476 sihiles,
435 4406 748 4477 rebaptizati
778 4420 964 4461 rursus
999 4406 1161 4461 etiam
1189 4403 1504 4459 ordinentur
1549 4403 1618 4458 ab
1664 4404 1778 4474 epi-

189 4519 352 4575 scopo
381 4502 635 4557 Ecclesiae
680 4500 998 4567 catholicae;
1049 4500 1093 4554 si
1120 4512 1252 4555 vero
1277 4499 1563 4554 examinati
1597 4499 1777 4554 minus

1873 3310 2080 3365 natura,
2098 3316 2220 3355 eum
2233 3301 2473 3356 dicentes
2490 3313 2610 3354 esse
2632 3299 2946 3354 mutabilem
2968 3308 3020 3353 et
3035 3297 3464 3362 convertibilem,

1873 3392 2064 3448 Filium
2094 3393 2188 3449 Dei
2232 3392 2593 3462 perhibendo;
2647 3393 2744 3447 hos
2798 3392 3211 3447 anathematizat
3237 3401 3291 3448 et
3331 3405 3461 3446 cou-

1871 3486 2089 3543 detnnat
2116 3486 2377 3541 catholica
2406 3496 2458 3540 et
2489 3485 2780 3555 apostolica
2815 3467 3077 3540 Ecclesia.

1945 3578 2068 3632 Haec
2090 3588 2172 3633 est
2198 3578 2330 3632 tides
2355 3592 2512 3646 quam
2553 3587 2924 3647 exposuerunt
2970 3577 3155 3632 Patres
3184 3594 3197 3630 :
3236 3575 3464 3644 primum
3496 3558 3511 3561 1

1873 3669 2090 3742 quidem
2123 3670 2380 3725 adversus
2411 3671 2594 3725 Arium
2620 3669 2995 3739 blaspliemum
3021 3669 3284 3725 dicentem
3319 3682 3469 3724 crea-

1876 3776 2047 3821 turam
2077 3780 2200 3820 esse
2222 3763 2414 3819 Filium
2442 3765 2532 3818 Dei
2562 3781 2574 3817 :
2609 3775 2661 3818 et
2685 3764 2941 3818 adversus
2962 3779 3177 3818 omnem
3207 3763 3468 3819 haeresem

1872 3857 2125 3922 Sabellii,
2152 3857 2364 3912 Photini
2385 3901 2399 3926 ,
2429 3856 2577 3910 Pauli
2623 3856 2983 3922 Samosate’ni,
3016 3856 3292 3912 Manichaei
3313 3899 3328 3923 ,
3369 3856 3468 3911 Va-

1876 3949 2085 4012 lentini,
2110 3947 2419 4013 Marcionis,
2439 3958 2493 4001 et
2519 3946 2777 4001 adversus
2805 3962 3017 4002 omnem
3042 3947 3262 4001 omnino
3291 3945 3471 3999 haere-

1877 4057 2014 4106 sem,
2040 4042 2084 4095 si
2106 4058 2208 4110 qua
2236 4040 2585 4095 insurrexerit
2615 4050 2801 4095 contra
2824 4040 3139 4094 catholicam
3169 4049 3224 4094 et
3249 4047 3472 4108 aposto-

1880 4134 2035 4188 licam
2059 4134 2353 4189 Ecclesiam
2377 4149 2394 4187 :
2418 4150 2549 4205 quas
2572 4149 2759 4189 omnes
2787 4134 3212 4188 condemnarunt
3237 4132 3468 4187 Nicmam

1879 4225 2185 4298 congregati
2232 4225 2466 4297 episcopi
2510 4227 2734 4283 trecenti
2779 4227 2965 4283 decem
3004 4235 3057 4281 et
3086 4236 3206 4281 octo
3238 4239 3463 4296 quorum

1881 4323 2094 4377 nomina
2125 4331 2181 4377 et
2210 4321 2501 4391 provinciae
2531 4322 2851 4391 conscriptae
2899 4330 3023 4377 sunt
3050 4338 3062 4374 :
3103 4320 3196 4376 sed
3227 4320 3468 4391 plerique

1880 4413 2101 4469 studiosi
2126 4414 2267 4468 servi
2301 4414 2391 4469 Dei
2417 4414 2586 4485 magis
2616 4428 2794 4468 curam
2813 4422 3096 4484 gesserunt
3120 4413 3468 4476 Orientalium

1880 4510 2251 4579 episcoporum
2286 4507 2500 4563 nomina
2549 4508 2883 4574 describere,
2933 4516 3152 4577 propter
3182 4507 3283 4560 hoc
3328 4506 3469 4577 quod

192 4597 295 4665 apti
328 4594 523 4650 fuerint
550 4592 863 4664 reprehensi
892 4592 939 4657 ί.
983 4593 1178 4662 deponi
1202 4608 1295 4649 eos
1317 4601 1535 4662 oportet
1581 4593 1773 4647 :simi-
1806 4591 1856 4651 D
1883 4601 2148 4656 Occidens
2178 4614 2285 4654 non
2328 4599 2576 4655 similiter
2617 4598 3015 4669 inquisitionem
3061 4598 3130 4652 de
3180 4596 3475 4653 haeresibtts

191 4685 311 4742 liter
337 4697 515 4742 autem
540 4686 679 4740 circa
706 4685 991 4750 diacones,
1023 4695 1076 4741 et
1106 4686 1175 4741 de
1206 4688 1455 4742 omnibus
1483 4688 1570 4757 qui
1596 4687 1649 4742 in
1677 4703 1774 4744 eo-

194 4777 309 4833 dem
384 4780 533 4834 clero
584 4779 926 4833 inveniuntur
969 4779 1156 4834 eadem
1218 4779 1387 4835 forma
1445 4781 1771 4837 servabitur.

193 4867 742 4927 Commemorabimus
791 4881 968 4927 autem
1021 4871 1352 4929 diaconissas
1399 4889 1516 4945 quae
1570 4875 1622 4929 in
1674 4876 1777 4932 hoc

196 4964 376 5023 ordine
406 4966 639 5022 inventa:
670 4976 823 5034 sunt,
869 4983 993 5038 quae
1024 4982 1124 5023 nec
1155 4982 1345 5024 manus
1376 4970 1772 5038 impositionem

262 5112 288 5141 ⁸
311 5105 400 5172 U.,
423 5106 490 5162 ab
519 5108 730 5162 ecclesia
757 5108 834 5163 uel
861 5124 893 5162 a
920 5108 1120 5164 civitate
1147 5125 1242 5163 sua
1264 5110 1633 5168 recedentibus.

261 5175 287 5215 δ
312 5176 398 5244 U.,
432 5179 663 5233 omnino.

267 5257 287 5323 °_
317 5246 408 5323 U_.,
437 5250 785 5323 annulabitur.
818 5249 910 5319 G.,
942 5252 1275 5323 infringatur.

263 5315 287 5354 ά
318 5318 433 5391 4].,
467 5321 548 5375 sui
576 5322 820 5391 episcopi.

266 5388 425 5459 $53.,
464 5388 688 5459 episcopi
718 5388 817 5447 sui.

268 5455 288 5496 ί
323 5455 421 5528 U.,
446 5455 595 5528 turpe
623 5464 849 5518 lucrum.

269 5537 291 5606 ξ
416 5532 469 5598 5v
496 5534 558 5590 Τ.
588 5535 638 5600 Ι,
670 5533 1099 5606 Cataphrygibtts.

267 5595 296 5676 ξ’
439 5595 709 5673 baptizari.

277 5671 293 5705 ί
326 5671 362 5726 U
374 5694 411 5738 ,δ
441 5671 768 5741 deprehensi.

244 5742 290 5823 _l
324 5742 377 5797 In
406 5746 1124 5823 Codicibus.APentecosten,
1157 5762 1279 5804 cum
1325 5747 1427 5805 hoc
1457 5764 1654 5808 nomen
1682 5765 1787 5810 ste-

211 5818 320 5882 ,nus
344 5824 398 5868 ut
417 5818 793 5874 indeclinabile
824 5822 1068 5875 reddant.

276 5881 300 5921 ¹ι
330 5884 392 5941 Τ.
415 5886 470 5956 2,
492 5899 680 5945 stantes
705 5891 758 5947 in
786 5892 1082 5947 orationem.

1888 4691 2136 4749 habuerit
2165 4702 2212 4748 ο.

1959 4801 1986 4840 ρ
2019 4792 2083 4846 Ει
2109 4789 2542 4860 subscripserunt
2585 4787 2810 4843 trecenti
2837 4786 3024 4843 decem
3051 4793 3105 4843 et
3132 4793 3252 4841 octo
3285 4783 3470 4838 Patres

1885 4884 1975 4956 qui
2006 4885 2057 4938 in
2080 4884 2269 4938 eodem
2300 4880 2526 4935 concilio
2555 4889 2938 4934 convenerant.

1956 4975 2116 5032 Osius
2165 4973 2451 5044 episcopus
2503 4971 2734 5026 civitatis
2777 4969 3140 5029 Cordubensis
3184 4968 3473 5042 provinciae

1959 5113 1978 5155 1
2015 5113 2078 5169 T.
2108 5111 2165 5178 2,
2196 5110 2705 5167 consubstantialem.

1956 5197 1997 5225 ω
2020 5184 2083 5241 Τ.
2118 5186 2167 5247 1,
2192 5183 2248 5249 Ξ,
2283 5186 2335 5240 in
2363 5185 2519 5239 callis.

1955 5268 1982 5295 ιι
2011 5256 2128 5329 ΑΞ..
2163 5256 2224 5311 Ε.
2252 5257 2305 5321 5,
2330 5256 2393 5329 Τ.
2428 5257 2481 5321 I,
2502 5254 2573 5329 2,
2603 5268 2807 5329 propter
2832 5255 3086 5329 homines.

1958 5340 1983 5366 υ
2015 5320 2338 5384 Scribuntur
2366 5320 2471 5381 hoc
2498 5320 2616 5382 loco
2662 5320 2713 5384 in
2737 5327 2986 5384 omnibus
3016 5320 3300 5381 Codicibus
3332 5334 3470 5389 prae-

1886 5410 1969 5457 ter
2002 5400 2369 5468 Urgelitanum
2397 5408 2451 5453 et
2472 5398 2879 5455 Gerundensem
2904 5398 3082 5469 verba“
3117 5390 3472 5469 liaac‘etHsab-

1884 5461 2207 5543 scriptiones,
2224 5485 2287 5543 ac
2316 5472 2651 5543 postmodum
2675 5471 2834 5525 Fides
2855 5468 3018 5543 sancti
3041 5462 3276 5531 Gregorii
3301 5461 3475 5543 illnjo-

1885 5535 2000 5609 ris,'
2026 5558 2182 5609 quam
2214 5541 2281 5596 ad
2316 5535 2787 5609 opportuniorem,
2825 5540 2954 5607 ipsis
2979 5607 2988 5609 _
3016 5544 3192 5609 autem
3234 5535 3470 5589 subscri-

1889 5607 2158 5686 ptionibus
2181 5607 2530 5686 posteriorem
2561 5613 2735 5667 locum
2771 5607 3179 5686 transmisimus.

1964 5703 1993 5740 r
2020 5676 2452 5752 Subscriptiunes
2494 5686 2907 5752 episcoporum)
2954 5677 3055 5752 qui
3108 5676 3233 5752 huic
3281 5691 3476 5752 magno

1894 5756 2173 5812 adfuerunt
2199 5748 2445 5819 concilio,
2478 5748 2543 5807 in'
2566 5748 2830 5820 plerisque
2853 5748 3144 5805 .COdlCIbIlS
3165 5748 3478 5805 desiderau-

1896 5839 2016 5883 tur:
2051 5828 2307 5897 plurimas
2335 5840 2463 5879 vero
2495 5821 2894 5897 in__Urgelitano
2937 5820 3149 5897 Codice
3180 5821 3355 5897 legere
3400 5820 3477 5871 fas

1899 5909 2004 5968 est,
2036 5892 2169 5969 quas
2199 5899 2516 5966 depravatas
2548 5892 2673 5946 licet
2718 5903 2878 5965 atque
2905 5909 2935 5949 a
2966 5904 3113 5950 recta
3138 5893 3364 5950 lectione
3392 5903 3474 5944 re-
