4086 6358
239 384 343 442 ιθ(
1226 369 1629 428 GlUECURUM
1673 362 1849 423 (ΣΟΝο

1951 364 2011 419 A.
2051 394 2121 406 --
2158 365 2511 423 ΝΙΟΙΕΝυΜ.
3420 363 3527 422 102

232 462 435 561 Ghoos.
470 530 535 542 —
566 498 884 568 Strathegus
938 493 1168 549 Lemnii.
1215 521 1280 531 --
1310 488 1664 560 Apollodorus
1707 482 1835 539 Cor—
1862 481 1917 540 A
1943 478 2185 548 Neapoli.
2239 512 2309 522 —
2335 482 2633 537 Alfocrates
2655 483 2723 539 de
2752 483 3038 551 Carpocra.
3071 512 3138 523 —
3190 481 3425 539 Marinus
3453 487 3523 543 de

232 612 413 669 οἵως.
1934 576 2258 632 Sarabastia.
2309 608 2379 621 -—
2410 580 2686 650 Philippus
2734 582 2798 635 de
2848 580 3223 635 Pattiseistimi.
3255 612 3326 621 —
3354 581 3521 638 Gala-

776 678 1061 738 Provincia:
1103 678 1294 735 Cariae.

310 781 571 837 Eusebius
634 777 1024 832 Antiochenus.
1074 803 1143 814 —
1195 767 1511 824 Emtnonius
1568 762 1831 833 Aphrodi-

233 880 365 934 sios.
404 854 763 931 ’La'toditts
813 870 1109 925 Cihiraton.
1158 895 1229 906 -—
1260 864 1520 918 Eusebius
1575 861 1829 913 alianton.

754 962 1042 1017 Provincia:
1086 957 1332 1013 Isauria.

313 1063 614 1130 Stephanus
672 1058 926 1113 Baraton.
979 1084 1049 1094 —
1091 1055 1367 1109 Atheneus
1426 1046 1705 1116 Cttrpissii.
1764 1074 1835 1085 —

247 1155 474 1208 iltlissits
520 1148 1102 1217 Claudianopolitanns.
1148 1173 1217 1186 -—
1266 1142 1498 1214 Agapius
1549 1138 1827 1194 Seleucite.

246 1275 317 1310 τ·-
344 1226 584 1299 Silvanus
618 1242 1083 1307 metropolitanus.
1116 1266 1185 1275 —
1228 1234 1452 1289 Faustus
1505 1228 1838 1284 Pauetnosti—

243 1353 358 1390 cus.
390 1365 461 1375 -—
486 1337 788 1388 Antoninus
818 1331 1207 1385 Antim-henus.
1242 1357 1311 1366 —-
1340 1325 1537 1380 Nestor
1581 1322 1833 1375 Siedron.

239 1454 313 1468 —
341 1426 540 1480 Esitius
592 1423 1031 1493 t-horepisCOpus.
1066 1447 1129 1458 —
1164 1416 1389 1487 Cyrillus
1441 1412 1835 1493 Stttattantlron.

238 1542 311 1555 —
367 1516 685 1569 Theodorus
740 1511 1153 1579 chorepiscopus
1207 1505 1339 1580 [G.,
1384 1503 1719 1573 Usagadouj.
1770 1529 1839 1540 —

242 1598 563 1679 Anatltolius
603 1603 876 1658 Lariensis
906 1601 1002 1673 [6.
1036 1641 1049 1663 ,
1097 1594 1569 1667 ctiorepiscopus].
1604 1624 1673 1635 -—
1701 1595 1843 1647 Tau-

244 1699 325 1754 lus
353 1702 769 1769 chorepiscopns
804 1695 919 1771 [G.,
958 1688 1308 1762 Larinensisj.
1342 1720 1414 1731 —
1444 1690 1668 1757 Quintus
1700 1686 1839 1741 Scli-

244 1802 393 1845 stron
428 1774 541 1865 [G.,
596 1784 1061 1860 Ciltll'episCOpllS].
1103 1814 1176 1825 —
1204 1785 1451 1839 Tiberius
1495 1781 1839 1850 chnrepisco-

1934 685 2033 723 nus
2084 669 2152 725 de
2194 669 2438 725 Sibaste.
2486 700 2557 714 -—
2585 674 2935 730 Adamantius
2981 674 3048 730 de
3072 673 3523 743 Canoipotatnon.

1936 789 2005 802 ——
2041 762 2301 818 Eusebius
2325 764 2393 819 (18
2420 764 2687 821 Caesarea.
2723 796 2794 807 -
2839 808 2852 821 .
3155 768 3225 821 de
3257 768 3523 826 Heraclia.

1936 887 2005 895 —
2052 856 2321 912 Suabinus
2348 859 2414 914 de
2462 850 2695 913 Gadara.
2748 891 2817 900 —
2848 861 3151 916 Dorotheus
3197 864 3264 918 de
3296 862 3532 920 Pelusio.

1939 978 2008 989 —
2060 949 2329 1019 Longinus
2376 952 2443 1003 de
2491 951 2795 1007 Escalonia.
2854 981 2919 992 —
2973 954 3138 1009 Galus
3162 953 3229 1008 de
3276 954 3524 1009 Tesedia.

1939 1072 2007 1083 —
2053 1042 2239 1099 Petrus
2298 1044 2365 1099 de
2414 1043 2677 1112 Nicopoli.
2733 1074 2804 1086 —
2858 1046 3107 1102 Tiberius
3155 1048 3226 1104 de
3279 1049 3531 1102 'l'aucica.

1941 1140 2207 1195 Macrinus
2231 1141 2299 1195 de
2326 1134 2558 1197 Jamnia.
2605 1172 2677 1184 —
2703 1142 2861 1199 Cevia
2894 1140 2962 1199 de
3000 1128 3337 1201 Tebaida.—
3368 1148 3535 1201 Maxi-

1942 1247 2059 1284 Inus
2113 1231 2181 1286 de
2239 1232 2618 1303 Eltmteropoli.
2674 1265 2745 1278 ——
2787 1236 3127 1292 Acasslcedia
3186 1237 3254 1295 de
3302 1238 3530 1294 Antino.

1941 1336 2012 1365 —'-
2045 1324 2242 1381 Paulus
2277 1327 2344 1382 de
2392 1328 2701 1397 Maxiapoli.
2733 1360 2802 1369 -—
2848 1328 3093 1383 Tiramus
3125 1329 3192 1385 de
3221 1326 3537 1393 Antiochia.

1942 1445 2013 1457 —
2042 1416 2323 1473 Januarius
2372 1420 2438 1475 de
2487 1419 2685 1477 Jerico.
2741 1432 2813 1463 '—
2843 1418 2947 1494 ιη,
2974 1421 3238 1479 Lucianus
3276 1424 3346 1479 de
3385 1410 3536 1483 Lico.

1947 1540 2012 1548 —
2045 1511 2194 1566 Elius
2222 1511 2290 1565 de
2312 1510 2501 1568 Llilda.

2255 1600 2335 1657 De
2374 1605 2638 1671 provincia
2668 1603 2847 1676 Libya:
2875 1607 3150 1674 superiori.

2010 1693 2209 1759 ,Datius
2261 1695 2328 1751 de
2382 1696 2727 1753 Berrennice.
2797 1727 2868 1739 —
2914 1699 3168 1756 Silvanus
3224 1701 3293 1759 de
3349 1706 3537 1761 Asoto.

1948 1817 2019 1830 —-
2044 1788 2295 1858 Joppirus
2338 1790 2405 1845 de
2436 1791 2718 1848 Arcistcis.
2759 1821 2830 1834 —
2856 1794 3159 1849 Patrolilius
3186 1796 3253 1851 tle
3286 1796 3540 1865 Sitopoli.

250 1899 348 1951 pus
388 1856 505 1957 [ἄη
556 1856 858 1952 Sclistron].
898 1856 973 1921 :—
1005 1856 1227 1947 Aqnllos
1279 1874 1720 1946 chorepisc0pus.
1768 1901 1839 1912 —
1871 1856 2015 1923 3;.
2064 1856 2324 1953 δίηξηρίοη
2374 1884 2441 1939 de
2464 1883 2785 1955 Amibergo.
2828 1913 2895 1926 ___
2941 1886 3222 1956 Ascmpius
3263 1888 3332 1944 de
3376 1856 3539 1945 (iam.

248 1964 511 2031 Eusebius
556 1976 821 2046 parochias
862 1974 1095 2027 Isauria).

784 2067 1074 2121 Provincia:
1122 2062 1302 2133 Cypri.

318 2162 553 2235 Cyrillus
579 2162 768 2233 Paphi.
788 2189 859 2200 —
889 2158 1117 2213 Selanus
1146 2152 1479 2209 Salaminon.

779 2252 1068 2307 Provinciw
1107 2247 1383 2319 Bithyniw.
1510 2318 1513 2323 _

326 2350 589 2406 Eusebius
632 2347 988 2403 Nicomedias.
1014 2374 1085 2385 —
1109 2342 1445 2411 Tltengenius
1503 2337 1753 2394 Nicheas.
1774 2364 1847 2377 --

247 2443 417 2498 Maris
472 2432 947 2495 Chalcedonensis.
982 2467 1051 2477 —
1082 2436 1314 2507 Cyrilltts
1370 2433 1552 2488 Chios.
1605 2460 1675 2471 -—
1720 2428 1840 2483 Esi~

250 2534 403 2588 chius
447 2536 661 2587 l’ruses.
692 2562 761 2572 —
784 2528 1084 2595 Gorgonius
1110 2523 1532 2597 Appoloniados.
1558 2552 1630 2563 —
1672 2521 1843 2576 Geor-

253 2628 373 2696 gius
400 2626 661 2681 Nisiados.
684 2654 754 2664 -—
779 2606 999 2678 Ebetius
1029 2618 1558 2689 Adrianopolitanus.
1577 2642 1648 2655 -
1666 2613 1843 2667 Theo-

251 2721 461 2790 phanes
502 2719 941 2787 cliort'piscnpus.
978 2741 1050 2756 --
1094 2712 1320 2782 Rupltus
1376 2709 1746 2766 Caesariensis.
1774 2737 1847 2750 —-

255 2816 493 2871 Eulalius
530 2810 976 2883 chorepistptts.

919 2898 1166 2971 Europw.

329 2998 600 3054 Pedereus
646 2996 902 3050 Eractias.
924 3004 999 3035 -ι
1027 2994 1353 3060 Protogenes
1396 2986 1754 3043 Sardicensis.
1778 3014 1849 3025 —

254 3092 466 3149 Marcus
512 3090 984 3159 metropolitanus.
1010 3116 1080 3128 —
1127 3085 1306 3141 Pistos
1349 3079 1848 3139 Thessalonicensis

253 3186 371 3261 [G.,
435 3181 921 3255 metropolitanus].
961 3212 1029 3223 —
1077 3178 1344 3237 Scilianus
1397 3176 1745 3233 Macedoniae.
1776 3204 1881 3261 -λ

260 3280 362 3350 13
395 3276 695 3333 Alexander
725 3275 1068 3331 Atheniensis
1093 3270 1181 3346 [6.
1210 3266 1749 3350 Thessalonicensis].
1780 3298 1850 3308 —

256 3346 469 3425 Bactrus
509 3369 666 3441 Bojas
712 3367 825 3442 [G.,
852 3364 1219 3437 Macedoniae].
1272 3395 1341 3405 -—-
1373 3346 1549 3417 Pistus
1605 3346 1849 3417 Efésh'as.

256 3465 560 3517 —Marsus
617 3461 949 3518 Thessalias.
1000 3488 1071 3500 —
1118 3457 1419 3515 Stratedius
1471 3454 1704 3509 Strubon
1760 3452 1848 3526 [ϐ.

256 3552 536 3625 Efestias].
579 3552 903 3608 Claudianus
946 3550 1389 3620 tnetr0politanus
1430 3545 1518 3619 [0.
1548 3545 1845 3617 Tettalias].

259 3677 333 3690 -—
356 3647 558 3702 Budion
582 3643 786 3701 Duxias
942 3638 1223 3714 Strubon].
1246 3672 1309 3717 -έ
1348 3632 1580 3693 Domnus
1608 3637 1853 3693 Gutthias

260 3738 379 3814 [G.,
420 3718 903 3808 MetrOpolitanus].
931 3766 1001 3777 --
1032 3733 1267 3789 Nicheus
1296 3729 1854 3799 Mastrianopolitauus

258 3828 373 3907 [G.,
406 3826 1050 3901 Duxias].—'l'he0philus
1076 3826 1387 3896 Bosphoron
1415 3821 1531 3896 [G.,
1558 3818 1849 3893 Guttbias].

259 3951 333 3969 —--
362 3924 614 3988 Callidus,
647 3934 673 3961 ⁸⁸
692 3963 707 3978 .
730 3965 743 3978 .
771 3959 785 3975 .

335 4012 363 4051 ιν
391 4015 516 4068 Haec
563 4023 684 4067 sunt
710 4012 1062 4067 Orientalium
1111 4009 1489 4079 episcoporum
1520 4008 1735 4063 nomina
1766 4007 1854 4085 qui

262 4088 841 4166 conveneruntNicma
898 4103 963 4157 ad
1011 4102 1252 4156 sa‘nctuni
1301 4110 1354 4155 et
1400 4106 1645 4169 magnum
1678 4101 1857 4155 concio

258 4200 392 4258 lium
424 4198 491 4253 de
536 4188 767 4252 diversis
795 4194 1085 4265 provinciis
1141 4208 1233 4248 seu
1263 4190 1599 4255 civitatibus,
1629 4206 1855 4261 quorum

260 4292 478 4347 nomina
503 4288 636 4342 inira
673 4298 797 4341 sunt
829 4285 1132 4354 subscripta
1168 4283 1373 4352 absque
1396 4281 1561 4337 Italiae
1589 4292 1644 4337 et
1666 4281 1856 4350 Hispa-

267 4384 407 4448 niaa,
455 4395 680 4450 quorum
728 4379 945 4434 nomina
995 4378 1047 4431 in
1095 4375 1493 4446 exemplaribus
1539 4390 1604 4430 ex
1661 4373 1855 4444 quibus

258 4478 377 4534 hec
414 4476 678 4547 descripta
702 4484 826 4531 sunt
864 4491 970 4532 non
1017 4473 1371 4544 habebantur,
1410 4490 1509 4531 nec
1540 4468 1725 4530 Galliae
1756 4490 1853 4531 nec

260 4570 459 4628 Africa:
483 4613 497 4637 ,
548 4569 647 4623 nisi
680 4570 827 4624 solus
866 4570 1026 4624 Osius
1061 4568 1423 4638 Hispaniensis
1476 4569 1759 4640 episcopus
1784 4569 1851 4625 de
1883 4597 1943 4663 Ι)

261 4662 480 4718 civitate
530 4659 779 4717 Corduba
819 4661 1026 4715 Baetica:
1061 4660 1384 4729 provincias,
1443 4670 1497 4716 et
1552 4662 1849 4733 presbyteri

261 4760 411 4815 urbis
429 4758 631 4823 Romae,
654 4757 706 4811 id
730 4752 985 4812 estBicnn
1008 4765 1061 4809 et
1086 4755 1395 4809 Vincentius
1429 4755 1515 4823 qui
1533 4770 1630 4826 pro
1645 4757 1854 4825 episco-

261 4868 335 4926 po
359 4870 457 4909 suo
486 4853 767 4925 Sylvestro
817 4850 1275 4919 subscripserunt,
1328 4858 1383 4904 et
1409 4849 1713 4903 Orientales
1740 4851 1854 4906 sive

262 4944 429 5000 totius
494 4944 641 4999 orbis
704 4943 941 5011 episcopi
998 4939 1331 5011 temporibus
1372 4939 1709 4996 Constantini
1764 4956 1854 4996 xtv

262 5036 532 5093 Kalendas
555 5036 722 5092 Julias
745 5052 848 5090 a-ra
882 5050 1110 5090 ccccxn.

776 5125 985 5180 Primus
1008 5128 1070 5179 de
1096 5122 1351 5197 Egypto.

337 5210 655 5280 Alexander
676 5221 745 5276 de
775 5220 1124 5275 Alexandria.
1155 5252 1223 5261 —
1256 5220 1548 5276 Filoxemis
1577 5221 1645 5276 de
1674 5218 1854 5291 Napo-

268 5318 327 5373 li.
360 5347 430 5357 —
462 5315 790 5387 Papnuntius
819 5316 885 5369 de
910 5315 1169 5386 Ᾱῑςῃιιο.
1221 5344 1290 5355 ——
1319 5298 1580 5370 Macarius
1606 5320 1674 5370 de
1703 5314 1858 5369 .lero-

264 5412 495 5479 solyma.
549 5440 615 5451 —-
670 5404 879 5466 Arbitio
928 5408 995 5462 de
1044 5396 1285 5463 Ferbito.
1343 5438 1412 5449 —-
1462 5408 1760 5463 Germanus
1790 5392 1857 5461 de

343 5555 366 5580 κ
412 5546 495 5600 6..
542 5544 830 5599 Camdos...
892 5542 1218 5612 Bosphoron.
1247 5546 1475 5611 Apparet
1518 5558 1581 5599 ex
1616 5554 1761 5599 textu
1798 5554 1856 5600 et

270 5633 334 5669 ex
383 5617 710 5670 variantibus
753 5616 1071 5671 lectionibus
1118 5616 1569 5684 subscriptionum
1618 5618 1853 5671 inversio

269 5696 428 5753 atque
456 5689 748 5753 corruptio.

344 5758 370 5796 δ
412 5758 716 5811 Ρτειεῑθιὴυιιί
766 5758 1115 5812 conciliorum
1173 5756 1520 5820 imperfectus
1547 5765 1708 5820 atque
1732 5771 1853 5811 cor-

268 5839 458 5896 rnptns
489 5828 811 5896 pra'tmniluf
842 5830 893 5882 in
925 5826 1213 5883 Codiclbus
1245 5826 1521 5883 Toletanis
1554 5829 1849 5897 catalogus,

264 5900 513 5971 quaedam
556 5900 774 5958 nomine
804 5898 1028 5978 Patrum
1076 5898 1167 5971 qui
1213 5898 1441 5956 Nicaeum
1490 5900 1853 5958 interiueruut

1944 2005 2016 2015 —
2037 1976 2197 2031 Tirus
2230 1975 2297 2032 de
2324 1976 2597 2032 Paratoni.
2625 2008 2697 2017 —
2730 1978 2917 2032 Petrus
2946 1981 3013 2033 de
3041 1979 3290 2046 Majoma.

2372 2067 2451 2121 De
2482 2069 2749 2136 provincia
2787 2066 3101 2123 Pala’sliuw.

2019 2159 2279 2228 Antiopus
2327 2160 2394 2213 de
2425 2159 2785 2228 Capitoltada.
2815 2189 2886 2200 —-
2914 2146 3126 2214 iinheas
3156 2142 3223 2215 de
3252 2154 3541 2216 Ptolemai-

1950 2252 2037 2306 da.
2066 2282 2136 2293 —
2160 2253 2382 2322 Magnus
2401 2251 2469 2306 de
2494 2252 2773 2307 Damasco.
2798 2281 2871 2292 —
2890 2250 3209 2307 Theodorus
3230 2254 3297 2307 de
3318 2251 3540 2307 Sidona.

1948 2374 2020 2385 —-
2051 2345 2384 2400 Gellaonicus
2429 2347 2497 2399 de
2528 2345 2753 2415 Tripoli.
2796 2375 2881 2419 p—
2908 2345 3200 2416 Gregorius
3226 2347 3296 2402 (18
3347 2347 3539 2401 Birltu.

1949 2436 2183 2492 Marinus
2238 2436 2306 2491 de
2354 2436 2607 2491 Psaltnia.
2678 2466 2747 2478 —
2792 2437 3132 2494 Traddonius
3186 2438 3258 2494 de
3308 2437 3541 2496 Emisiat

1948 2529 2271 2585 Anatholius
2303 2528 2371 2585 de
2396 2528 2655 2585 Filocalo.

2380 2620 2453 2673 De
2482 2621 2740 2691 provincia
2793 2620 3075 2676 Phoenicis.

2020 2712 2191 2767 Zeton
2219 2713 2286 2768 de
2316 2712 2463 2768 Tiro.
2516 2741 2585 2753 ——
2631 2711 2899 2767 Filocalus
2929 2714 2996 2769 de
3021 2713 3242 2768 Panida.
3272 2742 3343 2755 --
3390 2714 3543 2768 Ana-

1951 2802 2154 2858 tholius
2181 2804 2248 2858 de
2294 2800 2505 2859 Edissa.
2544 2833 2615 2847 —-
2655 2801 2886 2859 Jacobus
2924 2804 2993 2883 de
3021 2803 3229 2862 Nezibi.
3255 2835 3328 2850 -
3354 2808 3545 2861 Antio-

1950 2898 2087 2951 chus
2114 2896 2179 2951 de
2205 2896 2448 2952 Resacia.
2502 2927 2574 2937 --
2604 2886 2799 2953 Marius
2828 2898 2895 2953 de
2924 2898 3167 2955 Macedo.
3212 2930 3283 2940 —
3310 2900 3543 2956 Joannes

1946 2989 2018 3045 de
2050 2989 2289 3043 Persida.
3536 2980 3539 2987 ’

2364 3077 2439 3131 De
2468 3078 2725 3146 provincia
2751 3076 2925 3151 Syria:
2950 3076 3130 3142 Celes.

2030 3167 2310 3224 Eustacius
2333 3168 2401 3224 de
2422 3169 2723 3224 Antiochia.
2752 3197 2823 3209 -
2851 3170 3106 3227 Narcisus
3127 3170 3196 3228 de
3214 3170 3544 3235 Neroniano.

1959 3289 2027 3300 —
2052 3260 2322 3316 Zenobius
2352 3261 2418 3316 de
2440 3260 2704 3316 Seleucia.
2733 3290 2801 3300 —
2830 3260 3155 3318 Theodorus
3181 3264 3248 3318 de
3287 3263 3543 3319 Audacia.

1955 3383 2025 3393 —
2056 3340 2226 3407 Alﬁus
2246 3350 2316 3407 ile
2338 3336 2582 3423 ApAmia.

2422 3445 2502 3501 De
2551 3447 2812 3517 provincia
2860 3445 3078 3504 Cilicen.

2027 3541 2344 3617 Theodorus
2396 3542 2463 3597 de
2522 3541 2735 3596 Aulion.
2800 3570 2870 3581 —-
2916 3540 3186 3598 Eril'auius
3233 3542 3301 3598 de

1954 3665 2027 3677 —
2074 3634 2283 3707 Moyses
2325 3630 2390 3691 de
2432 3635 2734 3690 Castabala.
2783 3664 2858 3677 —
2904 3618 3124 3691 Niceros
3171 3635 3239 3690 de
3267 3622 3542 3693 Flaviada.

1955 3756 2027 3769 -—
2054 3727 2352 3794 Eudemon,
2398 3712 2832 3798 citorepiscopus.
2857 3756 2930 3768 —
2958 3727 3208 3783 Paulinus
3228 3729 3298 3784 de
3332 3730 3545 3789 Adana.

1956 3848 2026 3860 —-
2054 3812 2359 3875 Silamanus
2389 3817 2458 3874 de
2489 3818 2851 3874 Gertnanicia.
2886 3847 2957 3861 —
2990 3819 3235 3889 Piperius
3262 3820 3332 3875 de
3358 3820 3549 3877 Samo-

1957 3914 2093 3971 sato.
2150 3928 2221 3957 —‘-
2252 3908 2550 3969 Archelaus
2600 3898 2667 3969 de
2698 3898 2976 3972 Dolica.—
3023 3914 3274 3969 Eufraten
3300 3916 3367 3969 de
3401 3916 3552 3970 Bala-

1959 4004 2106 4063 neas.
2151 4037 2221 4048 —-
2272 3988 2502 4061 Falattus
2546 4003 2635 4078 [Τ.
2687 4005 2743 4071 2,
2798 3988 3061 4075 Fiiaciis].
3110 3992 3551 4075 chorepiscopus.

1959 4132 2029 4142 —-
2088 4086 2311 4157 .loeleus
2371 4102 2439 4156 de
2494 4101 2718 4157 Gabala.
2767 4131 2837 4141 —
2892 4090 3088 4156 Bassus
3144 4100 3211 4156 de
3274 4100 3551 4157 Zcumate.

1960 4222 2029 4236 -
2193 4193 2450 4246 Bassinus
2476 4192 2543 4247 de
2596 4191 2851 4248 Baianeo.
2890 4219 2954 4232 —
2987 4178 3275 4248 Gerontius
3303 4193 3370 4259 de
3402 4174 3554 4248 Lari-

1958 4301 2039 4340 sa.
2067 4317 2139 4327 —
2161 4284 2424 4340 Manicius
2456 4286 2521 4341 de
2554 4268 2888 4355 Epiphamia.
2920 4315 2991 4326 —
3014 4284 3293 4363 Eustacius
3323 4287 3388 4342 de
3419 4289 3559 4357 Are-p

1971 4380 2110 4434 lusa.
2138 4408 2208 4421 —
2236 4378 2433 4434 Paulus
2454 4380 2519 4434 de
2542 4376 2880 4435 Neucesarie.
2915 4408 2986 4421 -—-
3013 4379 3285 4436 Siricicius
3312 4382 3377 4436 de
3403 4381 3549 4438 Ciro.

1971 4483 2027 4512 '—
2058 4472 2333 4543 Solacius,
2381 4470 2829 4542 chorepiscopus.
2880 4502 2950 4515 -—
2982 4473 3172 4529 Petrus
3202 4474 3270 4531 de
3291 4473 3549 4531 Jerunda.

2430 4588 2506 4643 De
2534 4588 2795 4659 provincia
2842 4588 3065 4650 Arabiae.

2027 4707 2259 4778 Sopater
2285 4705 2355 4761 de
2400 4706 2658 4762 Barasato
2684 4704 2770 4779 [T.
2801 4704 2860 4774 2,
2910 4704 3175 4777 Batauo];
3198 4702 3456 4785 Pagasius
3482 4705 3550 4759 de

1958 4801 2192 4857 Arbaco.
2228 4828 2297 4841 —
2330 4800 2662 4855 Demasonus
2682 4800 2750 4855 de
2774 4797 2988 4856 Ahboli.
3030 4810 3105 4842 ἐκ
3147 4796 3452 4854 Nicomatus
3482 4798 3550 4853 de

1961 4893 2186 4947 Bosdra.
2233 4923 2306 4934 —
2351 4894 2536 4947 Ciriou
2569 4894 2635 4948 de
2682 4892 2977 4948 Filadeitla;
3031 4904 3101 4933 -ι
3128 4891 3440 4949 Gennadius
3481 4886 3549 4944 de

1960 4982 2167 5041 Esbon.
2193 5014 2267 5026 —
2290 4985 2521 5041 Severus
2544 4984 2611 5040 de
2633 4983 2835 5040 Sodon.

2351 5099 2431 5155 De
2460 5101 2721 5170 provincia
2747 5084 3153 5173 Mesopotamiae.

2030 5217 2324 5275 Pancarius
2366 5219 2432 5275 de
2479 5218 2711 5292 Ancyra.
2765 5248 2835 5260 —
2910 5219 3169 5297 Decasius
3236 5196 3302 5294 de
3357 5196 3541 5265 Tabia.

1956 5340 2027 5351 -—
2072 5304 2359 5367 Arcontius
2387 5312 2453 5369 de
2482 5312 2793 5370 Cainmada.
2824 5342 2895 5355 —-
2918 5308 3209 5369 Filadclt‘us
3238 5304 3323 5378 [Τ.
3365 5304 3422 5371 2,
3460 5302 3547 5358 Fi-

1959 5402 2224 5477 ladeltiusj
2263 5407 2330 5461 de
2374 5406 2654 5477 Juliopoli.

1957 5545 2164 5615 synodo
2205 5545 2707 5611 comprehendens;
2760 5557 3013 5615 cumque
3039 5544 3367 5615 prmpostero
3397 5537 3543 5615 loca-

1960 5607 2071 5670 tum
2116 5617 2303 5670 ordine
2335 5607 2749 5679 invenissemus,
2779 5607 3186 5685 accuratissime
3236 5607 3545 5685 describere

1956 5698 2115 5755 atque
2165 5686 2228 5740 ad
2293 5687 2431 5740 huttc
2463 5674 2745 5747 aptiorem'
2784 5685 2958 5733 locum
3035 5674 3318 5758 traducere
3379 5691 3545 5735 satius

1956 5752 2223 5812 (lusimus.
2257 5758 2401 5811 Idem
2431 5760 2805 5822 episcoporum
2836 5760 2961 5804 ante
2994 5752 3361 5819 pra-lationem
3388 5762 3543 5807 eata-

1957 5829 2111 5901 logus
2137 5830 2323 5886 aderat
2354 5820 2517 5883 etiam
2547 5824 2602 5879 iu
2622 5820 2828 5877 Codice
2858 5824 3111 5879 Lucensi.
