4086 6358
552 371 655 433 105

1045 490 1126 545 De
1163 491 1423 562 provincia
1466 491 1620 546 Asia.

621 580 878 639 Theunas
918 581 986 638 de
1028 582 1228 638 Cizico.
1269 612 1339 623 ——
1381 582 1703 640 Minofantus
1750 583 1921 657 [122,
1952 582 2136 639 Mirio-

550 676 755 750 fentusj
787 677 855 733 de
877 676 1118 745 Epheso.
1142 705 1215 718 —
1238 675 1404 733 Orion
1431 676 1503 733 de
1531 677 1677 733 Ilico.
1704 708 1773 720 —
1801 679 2041 735 Enticius
2070 678 2138 735 de

550 774 726 833 Virsa.
778 806 847 816 —
891 774 1108 828 Mifrans
1151 773 1219 829 de
1269 772 1425 843 Epia.
1472 804 1545 817 --
1587 775 1781 831 Paulus
1822 776 1888 831 de
1928 778 2134 832 Annea.

1245 372 1627 434 COLLECTIO
1664 368 1999 432 CANONUM
2037 371 2097 430 S.
2143 368 2417 431 lSlDORO
2456 369 2729 431 HISPAL.
2770 371 3131 431 ASCRIPTA.

2162 492 2213 551 Δ

3737 373 3857 436 184

2716 488 2793 544 De
2830 488 3092 560 provincia
3130 486 3293 559 Lycia
3332 492 3358 522 ⁸

2598 582 2759 638 Fides
2788 584 2955 638 sancti
2975 582 3211 654 Gregorii
3236 580 3477 656 Hajoris.

2312 676 2460 734 Unus
2489 677 2630 733 Deus
2653 677 2971 747 principium
3018 686 3073 732 et
3102 677 3259 732 Pater
3286 674 3447 732 Verbi
3464 675 3715 746 viventis,
3750 694 3858 738 sa-

2246 770 2465 843 pientiae
2515 771 2795 828 esistentis
2847 781 2900 827 et
2947 771 3161 827 virtutis
3190 779 3247 827 et
3290 768 3540 841 imaginis
3582 774 3854 843 propriae,

554 897 626 909 ——
672 866 1017 922 Macedonius
1062 864 1131 920 de
1180 867 1432 922 Massata.
1488 898 1558 911 —
1587 867 2027 924 Tarcodimantes
2072 868 2140 925 de
2243 865 2515 937 perfectus
2556 864 2779 935 perfecti
2819 865 3007 936 geniti,
3052 864 3210 921 Pater
3288 864 3409 922 Filii
3480 866 3739 937 unigeniti
3798 879 3859 924 et

554 958 734 1031 Egias.
764 987 835 999 —
863 956 1086 1028 lpsicius
1116 957 1182 1014 de
1220 958 1499 1014 A‘landria.

971 1071 1051 1130 De
1066 1076 1329 1147 provincia
1345 1076 1708 1148 Cappadociae.

624 1185 885 1244 Leontius
904 1187 973 1245 de
1003 1188 1587 1247 Ctesarea.—Ursicius
1611 1192 1680 1247 de
1702 1191 1953 1249 Tremate
1973 1192 2060 1266 [Τ.
2082 1192 2139 1261 2,

550 1278 851 1353 Tremata].
887 1312 955 1323 —
985 1282 1239 1337 Euresius
1267 1283 1334 1337 de
1364 1278 1605 1339 Calonia.
1629 1313 1700 1326 -—
1725 1283 2040 1341 Timotheus
2078 1284 2145 1341 de

548 1367 793 1429 Tibersa.
844 1405 918 1417 —
949 1374 1266 1429 Ambrosius
1304 1374 1373 1430 de
1422 1376 1685 1434 Cumano.
1740 1407 1811 1417 —
1868 1376 2143 1446 Stefanus,

548 1462 997 1535 cborepiscopus.
1028 1494 1099 1507 —
1128 1465 1342 1533 Rodon,
1385 1466 1825 1538 cborepiscnpus.

881 1579 960 1635 De
987 1582 1253 1649 provincia
1294 1583 1548 1638 Armenia
1575 1582 1817 1639 Minoris.

622 1692 860 1749 Eulalins
885 1693 955 1750 de
972 1695 1214 1751 Sabasta.
1248 1726 1318 1737 —
1348 1699 1450 1769 ιθ
1479 1698 1734 1755 Eubetius
1756 1699 1823 1757 de
1844 1698 2152 1756 Satalia.—

551 1781 878 1851 Eutromius,
910 1785 1675 1858 cborepiscopus.—Tefanis,
1706 1792 2149 1863 chorepiscopus.

738 1896 817 1952 De
846 1899 1112 1969 provincia
1143 1898 1413 1970 Pontipoli
1450 1900 1539 1975 [T.
1567 1901 1623 1971 2,
1658 1900 1963 1974 Pentipoli].

624 2014 901 2089 Longinus
953 2019 1023 2073 de
1061 2017 1403 2075 Neucesaria.
1457 2049 1531 2060 —
1579 2020 1817 2079 Domnus
1861 2021 1930 2079 de
1965 2020 2155 2093 Trapi-

559 2105 752 2166 tionta.
784 2138 856 2150 —
881 2109 1124 2167 Domnus
1154 2111 1222 2167 de
1264 2111 1500 2167 Titensa.

988 2222 1067 2277 De
1098 2225 1361 2294 provincia
1390 2223 1725 2297 Palesgonia.

637 2335 937 2392 Filadelfus
978 2338 1047 2393 de
1101 2338 1491 2411 Pompeiopoli.
1534 2367 1597 2380 -
1633 2339 1919 2397 Petronius
1947 2342 2014 2398 de
2049 2342 2152 2399 La-

560 2428 770 2497 nopoli.
801 2456 871 2470 —
903 2429 1170 2485 Eusticius
1198 2431 1265 2487 de
1290 2435 1560 2488 Amastra.
1609 2463 1681 2474 —
1728 2434 2054 2492 Academius
2080 2438 2151 2495 de

563 2518 832 2579 Mustene.
890 2553 961 2563 —
1016 2523 1283 2580 Eraclitus
1313 2526 1380 2583 de
1408 2526 1583 2583 Varis.
1612 2556 1686 2569 —
1714 2527 2033 2586 Theodorus
2083 2527 2152 2586 de

558 2610 693 2669 Viis.

633 2753 666 2823 ξ
699 2745 764 2800 Τ.
783 2747 846 2823 -2,
870 2745 1065 2823 Lyciae.
1088 2746 1229 2823 _Post
1258 2749 1371 2804 htcc
1399 2749 1564 2804 verba
1592 2762 1815 2823 uterque
1854 2754 2152 2813 Toletanus

557 2815 737 2874 Codex
781 2815 966 2889 incipit
1013 2836 1027 2872 :
1076 2818 1303 2875 Canones
1352 2823 1671 2892 generalium
1726 2815 2064 2882 conciliorum
2117 2843 2152 2883 a

560 2963 2809 2992 M‘

2243 974 2383 1014 unus
2422 957 2681 1014 Dominus
2711 973 2777 1013 ex
2811 972 2919 1013 uno
2944 958 3193 1023 Domino,
3220 958 3361 1015 Deus
3381 957 3410 999 ιι
3440 959 3507 1015 de
3538 960 3670 1027 Deo,
3712 961 3858 1031 ligu-

2247 1066 2304 1106 ra
2332 1050 2647 1106 substantia:
2678 1050 2873 1117 Patris,
2903 1051 3079 1121 imago
3122 1050 3241 1120 Dei,
3278 1051 3418 1107 Deus
3441 1052 3674 1108 Verbum
3708 1055 3858 1110 vivi-

2246 1147 2373 1203 dum
2422 1156 2478 1203 et
2500 1147 2662 1202 totius
2687 1144 3003 1201 substantiae
3029 1144 3234 1214 opifex,
3266 1146 3531 1213 sapientia
3558 1148 3857 1205 continens

2246 1237 2425 1293 omnia
2453 1252 2572 1307 quae
2602 1237 2861 1306 existunt,
2918 1247 2971 1292 et
3006 1237 3177 1293 virtus
3208 1236 3369 1293 totius
3413 1239 3667 1295 cresbilis
3693 1253 3858 1297 crea-

2251 1338 2407 1393 turas,
2466 1329 2637 1385 Filius
2664 1345 2824 1385 verus
2850 1330 2918 1385 de
2947 1343 3077 1386 vero
3106 1329 3283 1393 Patre.
3313 1328 3595 1386 invisibilis
3643 1331 3715 1387 de
3758 1331 3857 1388 in-

2250 1423 2477 1487 visibili,
2507 1422 2934 1492 incorruptibilis
2979 1424 3045 1479 de
3078 1424 3488 1496 incorruptibili.
3525 1426 3856 1485 immortalis

2254 1514 2321 1570 de
2371 1515 2690 1582 immortali,
2737 1526 2790 1571 et
2836 1517 3197 1586 sempiternus
3240 1517 3307 1572 de
3352 1518 3685 1586 sempiterno
3740 1530 3852 1577 :et

2260 1622 2403 1663 unus
2448 1608 2679 1679 Spiritus
2708 1618 2949 1674 sanctus,
2995 1606 3286 1679 perfectus,
3345 1609 3581 1680 perfecta
3633 1612 3739 1667 vita
3773 1614 3858 1669 vi-

2252 1700 2516 1766 ventium,
2568 1698 2826 1755 sanctitas
2853 1708 2909 1755 et
2935 1698 3057 1755 fons
3083 1700 3385 1755 sanctitatis
3404 1740 3420 1766 ,
3447 1711 3502 1756 et
3544 1703 3856 1759 sanctiﬁca-

2256 1788 2413 1845 tionis
2462 1789 2829 1858 minislrator;
2883 1804 2981 1859 per
3029 1804 3188 1860 quem
3237 1789 3378 1845 Deus
3419 1790 3473 1846 in
3516 1806 3705 1848 omnes
3733 1807 3857 1851 cre-

2173 1879 2442 1950 Bdentes
2483 1886 2538 1935 et
2581 1894 2743 1947 super
2794 1893 3009 1949 omnes,
3054 1890 3108 1935 et
3154 1879 3322 1937 Filius
3368 1882 3458 1952 qui
3508 1898 3605 1950 per
3631 1899 3851 1953 omnes,

2258 1971 2496 2028 Trinitas
2543 1971 2803 2042 perfecta,
2834 1972 3002 2043 gloria
3053 1980 3107 2027 et
3149 1987 3374 2043 regnum
3433 1976 3854 2045 sempiternum,

2261 2063 2617 2132 individuum,
2666 2072 2731 2143 et
2772 2062 3115 2120 iualienabile
3147 2080 3161 2117 :
3194 2080 3369 2135 neque
3398 2067 3558 2136 igitur
3608 2078 3856 2125 creatum

2255 2157 2458 2227 aliquid
2480 2166 2536 2212 et
2568 2171 2784 2212 servum
2829 2171 2924 2211 seu
2950 2154 3209 2210 famulum
3241 2156 3297 2211 in
3326 2156 3613 2224 Trinitate,
3661 2175 3846 2230 neque

2257 2248 2616 2304 adventitium
2643 2247 2727 2303 vel
2751 2248 3241 2320 subintroductum,
3274 2260 3523 2321 tanquam
3551 2252 3691 2320 quod
3721 2259 3856 2308 ante

2255 2354 2362 2395 non
2410 2337 2697 2407 exstiterit,
2732 2348 2787 2394 et
2836 2341 3187 2396 novissimum
3232 2340 3643 2409 subintraverit;
3672 2359 3859 2413 neque

2254 2433 2399 2489 enim
2425 2432 2597 2487 deluit
2638 2431 2928 2504 aliquando
2960 2431 3127 2487 Filius
3158 2432 3300 2488 Patri
3335 2444 3425 2488 aut
3458 2434 3592 2490 Filio
3616 2434 3859 2506 Spiritus

2254 2537 2497 2591 sanctus,
2521 2526 2617 2582 sed
2642 2524 2989 2583 immutabilis
3009 2527 3499 2585 etincouvertibilis
3524 2529 3640 2585 haec
3657 2527 3855 2585 eadem

2262 2621 2501 2680 Trinitas
2539 2636 2778 2692 semper.

2261 2756 2576 2828 temporibus
2618 2754 2944 2828 Constantini
2969 2763 3243 2828 coeperunt,
3273 2761 3327 2808 et
3342 2763 3566 2828 caetera.

2330 2824 2375 2867 δ’
2397 2826 2515 2896 ΑΞ..
2543 2828 2604 2884 Ε.
2637 2828 2694 2897 3,
2715 2826 2779 2883 Τ.
2813 2825 2864 2895 1,
2886 2826 2944 2891 2,
2970 2827 3062 2891 υ.,
3093 2841 3156 2878 ex
3181 2840 3305 2893 uno,
3331 2824 3493 2881 Deus.

2062 3098 2255 3204 ΙΙ.

1402 3282 2065 3368 CONCILIUM
2140 3275 3013 3373 ANCYRITANUM

1634 3445 1672 3486 Δ
1702 3439 2037 3485 DUODECIM
2083 3441 2402 3489 EPISCOPIS
2450 3444 2769 3489 HABITUM.

560 3565 807 3639 ιιι-ιε
842 3562 935 3621 Isti
989 3564 1206 3636 quidem
1250 3577 1483 3620 canones
1534 3576 1631 3619 seu
1684 3564 1883 3634 regula
1932 3564 2144 3635 priores
2170 3578 2219 3643 α

549 3670 675 3715 sunt
702 3659 959 3727 Nicznis,
991 3660 1089 3716 sed
1114 3659 1232 3714 ideo
1260 3657 1461 3713 Nicmni
1510 3671 1744 3713 canones
1785 3658 1993 3729 priores
2009 3662 2146 3715 scri-

548 3749 749 3806 buntur
773 3762 995 3823 propter
1041 3748 1414 3804 auctoritatem
1455 3752 1633 3821 magni
1658 3761 1710 3806 et
1740 3754 1912 3809 sancti
1935 3755 2146 3810 concilii

548 3844 688 3912 apud
719 3843 952 3899 Nicaeam
970 3838 1560 3897 habiti.Convenerunt
1587 3852 1768 3900 autem
1798 3844 1852 3901 in
1883 3844 2145 3916 synodum

547 3946 903 3994 memoratam
927 3936 1151 4004 Ancyrrc
1173 3932 1475 3989 civitatishi
1500 3935 1584 4004 qni
1604 3936 1739 3991 infra
1773 3937 1957 4008 scripti
1980 3946 2105 3993 sunt
2129 3954 2144 3994 :

546 4027 1227 4099 MarcellusAucyritanus,
1269 4028 1581 4101 Agricolans
1628 4031 1993 4099 Caesariensis,
2038 4034 2147 4090 Lu-

551 4136 652 4191 pus
680 4121 992 4187 Tarsensis,
1028 4118 1251 4176 Vitalius
1279 4121 1678 4195 Antiochensis,
1707 4126 1935 4183 Basilius
1960 4127 2147 4184 Amas-

546 4225 744 4278 senus,
776 4210 1183 4282 Pbiladelphius
1209 4213 1659 4286 Juliopolitanus,
1694 4217 1945 4275 Festulus
1985 4218 2149 4275 Nico-

547 4302 868 4371 mediensis,
915 4303 1193 4359 Heraclius
1222 4305 1561 4375 Zelonensis,
1595 4310 1783 4364 Petrus
1818 4312 2144 4379 Iconiensis,

546 4394 813 4453 Nunecius
824 4394 1496 4470 Laudocenus,Sergianus
1510 4400 1876 4457 Antiochenus
1914 4401 2144 4470 Pisidiae,

546 4487 795 4545 Narcisus
815 4486 1185 4546 Nerodiensis.

787 4582 828 4637 Ι.
859 4581 940 4637 De
967 4584 1267 4654 presbyteris
1291 4583 1448 4653 lapsis
1469 4584 1523 4639 in
1543 4588 1919 4655 persecutione.

617 4671 969 4745 Presbyteros
1018 4674 1106 4743 qui
1155 4674 1573 4732 immolaverunt
1624 4687 1680 4732 et
1727 4690 1910 4749 postea
1952 4680 2146 4737 iterum

546 4776 818 4824 certamen
850 4765 1119 4833 inierunt,
1149 4767 1195 4821 si
1225 4767 1327 4823 hoc
1372 4767 1553 4837 ipsum
1587 4784 1653 4825 es
1685 4769 1789 4826 lide
1820 4781 1874 4826 et
1902 4787 2006 4828 non
2048 4771 2149 4828 ali-

547 4872 654 4929 quo
679 4866 994 4929 argumento
1018 4858 1234 4916 sibimet
1254 4872 1617 4931 przeparantes
1663 4875 1913 4935 egerunt,
1958 4874 2017 4922 ut
2046 4867 2149 4923 ite-

2532 3567 2595 3623 ΙΙ.
2620 3567 2699 3623 De
2727 3568 3023 3623 diaeonibus
3050 3565 3137 3638 qui
3156 3563 3570 3619 immolaverunt.

2324 3652 2586 3711 Diacones
2610 3652 2859 3710 similiter
2885 3655 2972 3726 qui
2998 3652 3437 3717 immolaverunt,
3462 3660 3645 3721 postea
3667 3661 3855 3711 autent

2248 3745 2441 3803 iterum
2472 3746 2658 3802 luctati
2688 3760 2709 3787 ο
2737 3755 2883 3813 sunt,
2914 3746 3046 3800 alias
3066 3743 3328 3815 siquidem
3355 3744 3615 3798 honorem
3649 3742 3857 3803 habere

2248 3847 2533 3910 oporteat,
2572 3854 2786 3895 cessare
2818 3854 2948 3894 vero
2974 3838 3171 3893 debere
3208 3837 3276 3891 ab
3303 3834 3449 3890 omni
3489 3849 3643 3891 sacro
3687 3838 3856 3894 mini-

2247 3933 2437 4003 sterio,
2476 3934 2546 3989 ita
2597 3946 2780 3989 utnec
2811 3948 3003 4003 panem
3037 3947 3135 3987 nec
3166 3930 3386 3986 calicem
3418 3928 3716 3996 offerant“,
3750 3929 3857 3988 nisi

2249 4024 2386 4083 forte
2411 4028 2572 4099 aliqui
2598 4029 2969 4099 episcoporum
2995 4025 3198 4081 conscii
3221 4023 3419 4079 fuerint
3440 4023 3641 4078 laboris
3663 4038 3853 4079 eorum

2249 4127 2301 4173 et
2331 4118 2646 4174 humilitatis
2671 4127 2726 4175 et
2754 4117 3182 4173 mansuetudinis
3212 4156 3228 4181 ,
3256 4123 3314 4170 et
3339 4113 3609 4169 voluerint
3634 4114 3714 4169 eis
3744 4115 3855 4169 ali-

2249 4213 2375 4283 quid
2404 4212 2636 4281 amplius
2668 4214 2904 4268 tribuere
2932 4211 3014 4267 vel
3041 4209 3332 4275 adbibere;
3367 4222 3531 4280 penes
3553 4207 3699 4278 ipsos
3722 4221 3851 4280 ergo

2249 4301 2317 4358 de
2339 4302 2421 4357 bis
2443 4305 2546 4359 erit
2584 4312 2841 4373 potestas.

2249 4418 2340 4477 ΙΙΙ.
2369 4419 2448 4476 De
2470 4421 2666 4476 clericis
2692 4422 2796 4475 sive
2821 4420 2968 4475 laicis
2988 4435 3205 4489 quorum
3229 4433 3411 4472 manus
3441 4415 3533 4469 alii
3566 4432 3681 4469 cum
3706 4415 3851 4487 inju—

2483 4494 2565 4546 ria
2590 4508 2742 4564 super
2761 4491 3021 4547 idolorum
3049 4491 3304 4558 sacriﬁcia
3330 4496 3630 4561 posuerunt.

2286 4583 2424 4651 “Qui
2455 4582 2722 4654 (rugientes
2752 4593 2996 4656 tempore
3040 4582 3430 4655 persecutionis
3471 4579 3849 4650 comprehensi

2249 4684 2377 4730 sunt
2396 4677 2483 4733 vel
2508 4692 2538 4731 a
2562 4677 2914 4733 familiaribus
2936 4692 3031 4733 seu
3060 4691 3089 4730 a
3119 4673 3431 4730 domesticis
3454 4673 3654 4738 traditi,
3683 4682 3737 4727 et
3764 4673 3849 4729 vel

2250 4772 2392 4828 bona
2442 4775 2657 4846 propria
2699 4775 2996 4830 amiserunt
3035 4772 3122 4828 vel
3169 4770 3537 4826 sustinuerunt
3581 4757 3849 4822 tortu'enta

2250 4865 2333 4921 vel
2361 4866 2521 4922 etiam
2534 4867 2842 4923 carceribus
2866 4864 3058 4921 inclusi
3081 4873 3209 4920 sunt
3230 4906 3244 4930 ,
3275 4872 3329 4917 et
3347 4870 3524 4916 tamen
3550 4874 3611 4915 se
3638 4860 3850 4929 procla—

547 4967 666 5009 rum
691 4951 859 5006 teneri
876 4951 1187 5008 viderentur
1208 4962 1232 4990 ι·
1256 4962 1311 5007 ut
1336 4950 1362 4991 δ
1381 4955 1663 5010 tormentis
1690 4955 1878 5027 subjici
1898 4967 2150 5029 tanquam
2177 4958 2232 5021 D
2256 4970 2538 5016 maverunt
2557 4974 2680 5016 esse
2702 4958 3066 5024 Christianos,
3107 4955 3237 5026 quin
3269 4955 3429 5009 etiam
3464 4962 3848 5022 perseverante

548 5053 804 5116 putentur
830 5045 1009 5113 inviti;
1039 5046 1085 5099 si
1127 5060 1256 5115 ergo
1300 5060 1367 5101 ex
1417 5044 1521 5103 fide
1562 5048 1743 5103 luctati
1771 5059 1892 5104 sunt
1921 5060 1976 5107 et
2027 5066 2136 5108 non

2254 5052 2503 5110 violentia
2534 5054 2603 5109 ad
2630 5054 2682 5109 id
2713 5067 2885 5122 usque
2916 5050 3157 5120 perducti
3177 5056 3331 5114 sunt,
3359 5056 3416 5101 ut
3447 5059 3637 5100 manus
3656 5060 3845 5100 eorum

548 5156 617 5199 ex
645 5149 925 5213 compacto
951 5140 1023 5196 ad
1047 5140 1462 5195 ostentationem
1492 5150 1550 5196 ut
1589 5142 1915 5199 otl‘errentur
1936 5143 2039 5213 ipsi
2069 5144 2145 5200 le-
2252 5150 2617 5217 apprehensas
2667 5155 2723 5201 et
2768 5145 3028 5199 violenter
3072 5149 3326 5197 attractas
3375 5155 3539 5209 super
3579 5137 3845 5193 sacrificia

552 5244 776 5300 cerunt,
809 5232 911 5289 bos
958 5232 1160 5302 placuit
1190 5232 1448 5289 honorem
1479 5235 1693 5304 quidem
1720 5235 1863 5291 sedis
1912 5238 2143 5306 propria
2249 5238 2615 5309 imponerent,
2691 5238 2800 5293 illis
2855 5237 3063 5293 scilicet
3109 5232 3577 5308 perseverantibus
3628 5232 3678 5284 in
3740 5230 3845 5285 lide

550 5328 811 5394 retinere,
833 5324 1031 5383 offerre
1052 5336 1227 5381 autem
1250 5325 1379 5393 illis,
1402 5336 1452 5383 et
1475 5340 1783 5385 sermonem
1797 5328 1863 5384 ad
1888 5329 2140 5400 populum
2250 5331 2582 5389 Christianos
2597 5339 2621 5369 ε
2643 5347 2703 5389 se
2722 5346 2845 5389 esse
2856 5332 3302 5394 vociferantibus;
3336 5329 3438 5383 hoc
3455 5339 3584 5396 ergo
3600 5322 3742 5394 quod
3765 5324 3845 5377 eis

505 5448 521 5503 ι
550 5419 749 5503 facere,
767 5424 865 5474 aut
883 5417 1150 5488 aliquibus
1172 5416 1595 5476 sacerdotalibus
1616 5419 1811 5477 ofliciis
1833 5416 2003 5492 fungi,
2032 5435 2140 5476 non
2248 5423 2433 5479 invitis
2462 5434 2517 5480 et
2536 5425 2658 5481 aliis
2678 5424 2994 5497 cogentibus
3012 5422 3259 5493 contigit,
3282 5420 3328 5475 si
3349 5420 3494 5475 luctu
3524 5426 3579 5473 et
3610 5429 3844 5471 maerore

506 5492 521 5513 ’
547 5492 726 5568 liceat.
2258 5516 2425 5573 animi
2455 5522 2647 5575 acerbe
2674 5534 2734 5577 se
2749 5492 2902 5576 i'erre
2930 5520 3321 5584 demonstrant,
3343 5510 3626 5584 ipsosque'
3652 5509 3841 5567 humili

622 5634 649 5663 ⁸
675 5626 759 5717 l'l‘b
777 5624 879 5717 Ibis
897 5626 1077 5685 verbis
1102 5626 1393 5684 viderentur
1412 5637 1467 5683 ut
1497 5628 1757 5683 tormentis
1785 5624 1972 5695 incipit
2005 5624 2117 5682 Co-
2302 5627 2329 5667 d
2588 5633 2688 5717 .R.,
2722 5634 2782 5690 E.
2812 5635 2869 5703 5,
2914 5634 2979 5690 Τ.
3011 5636 3065 5702 Ι,
3086 5633 3140 5701 2,
3170 5631 3260 5699 U.,
3294 5630 3535 5699 o/ferant,
3577 5643 3670 5683 nec
3719 5643 3840 5699 pro-

549 5699 652 5757 dex
683 5697 838 5753 B'R'
2238 5697 2471 5759 nuntient
2501 5707 2618 5760 nisi.
2674 5697 2685 5703 ⁷
2854 5697 2865 5703 ’
3051 5697 3061 5702 ’
3124 5697 3134 5701 ⁷
3244 5697 3253 5699 ’
3326 5697 3349 5699 ’“

618 5768 649 5809 δ
679 5768 859 5847 Ui.
910 5839 946 5847 ’·
1033 5839 1075 5847 -
1131 5840 1161 5847 -
1223 5839 1267 5847 -
1329 5839 1343 5847 -
1403 5837 1434 5847 ι-
1550 5839 1562 5847 ·
1711 5841 1722 5847 -
1776 5840 1820 5847 --
1960 5842 1970 5847 -
2120 5841 2131 5847 -
2316 5786 2339 5847 ’ἶ
2379 5776 2495 5842 Δία,
2526 5778 2582 5831 Β·
2617 5778 2705 5841 Βαν
2733 5776 2820 5839 υ..
2846 5777 2900 5829 in
2942 5777 3066 5847 ﬁde,
3097 5785 3144 5833 et
3176 5774 3525 5832 Christianos.

622 5852 645 5881 ο
679 5841 793 5905 ΑΞ..
825 5843 881 5894 Β.
910 5839 1000 5900 IL.
1033 5839 1097 5895 E.
1131 5840 1183 5905 5,
1203 5839 1286 5911 HT.
1322 5837 1459 5907 1,-2,
1484 5839 1744 5898 reluctati.
1776 5840 1867 5911 U.,
1895 5841 2131 5898 reluctali

2319 5844 2338 5885 ί
2383 5849 2445 5905 Τ.
2481 5849 2529 5913 1,
2561 5848 2617 5915 2,
2638 5848 2740 5919 ipsi
2767 5844 2983 5919 quoque.

548 5924 691 5983 sunt,
725 5913 853 5967 alios
880 5911 1087 5980 quidem
1115 5910 1358 5964 ordinare
1384 5919 1606 5982 oportet,
1852 5910 1855 5911 ν
1883 5969 1888 5972 _
2299 5923 2307 5932 .
