4086 6358
565 432 668 493 107

1285 435 1665 495 COLLECTIO
1702 429 2034 491 canonum
2073 429 2130 486 s.
2173 414 2445 490 tstnono
2487 430 2752 493 HISPAL.
2797 431 3162 496 ASCRIPTA.

3749 427 3858 497 108

561 556 720 612 nibus
749 567 811 612 se
839 555 1158 613 abstineant.
1191 555 1344 624 Quod
1376 555 1421 610 si
1451 555 1504 611 in
1533 564 1738 610 tantum
1783 567 1877 610 eas
1917 554 2148 607 immun-
2172 549 2226 610 Δ
2252 547 2582 621 invenerint,
2619 553 2911 611 seditiones
2954 549 3240 612 excitando
3281 547 3535 611 adsersus
3578 563 3670 610 eos
3692 596 3707 620 .
3752 553 3855 614 hoe

561 650 658 705 das
682 658 737 705 et
758 649 1141 705 abominabiles
1168 647 1548 719 judicaVerint,
1594 653 1657 705 nt
1706 663 1804 705 nec
1846 649 1992 703 olera
2023 659 2144 716 qua:

560 752 682 799 cem
712 744 964 799 carnibus
991 753 1295 813 coquuntur
1326 743 1596 799 aestiment
1641 739 1996 806 comedenda,
2031 745 2146 794 tan-

560 847 718 906 quam
749 850 853 890 non
882 835 1283 890 consentientes
1310 834 1436 890 huic
1465 835 1665 906 regular
1687 876 1701 902 ,
1732 847 1950 889 cessare
1971 839 1994 868 ἰ
2049 830 2148 885 hos

558 932 774 996 oportet
802 939 831 981 tt
878 925 1179 980 ministerio
1225 930 1282 980 et
1329 925 1519 980 ordine
1543 941 1656 980 suo.
1711 925 1768 980 Si
1823 926 1940 995 quis
1970 932 2146 977 autem

555 1017 696 1072 hanc
727 1016 963 1085 regulam
1009 1017 1250 1070 munitus
1290 1031 1399 1071 non
1428 1015 1453 1054 δ
1481 1017 1765 1083 obedierit,
1819 1015 1912 1071 sed
1955 1025 2148 1070 carnes

556 1118 616 1165 ut
644 1109 842 1164 dictum
873 1117 956 1163 est
985 1108 1298 1162 immundae
1325 1116 1378 1164 et
1408 1108 1796 1164 abominandi-5
1840 1109 2144 1164 :estimave-

562 1203 657 1271 rit,
689 1216 904 1258 cessare
931 1201 1092 1256 debet
1118 1202 1186 1256 ab
1213 1201 1406 1258 ordine
1433 1215 1554 1257 suo.

621 1302 738 1359 XV.
771 1301 894 1357 Non
913 1302 1092 1357 debere
1118 1301 1435 1374 presbyteros
1455 1300 1799 1356 ecclesiastica
1829 1300 2066 1356 vendere.

618 1397 678 1453 8i
706 1411 809 1468 qun
840 1396 907 1451 de
933 1395 1091 1452 rebus
1118 1396 1393 1460 ecclesiae,
1421 1409 1541 1451 cum
1567 1395 1855 1466 episcopus
1906 1408 2013 1449 non
2042 1398 2148 1460 est,

548 1488 858 1560 presbyteri
887 1487 1243 1554 vendiderint,
1287 1485 1488 1557 plabuit
1520 1485 1748 1542 rescisso
1778 1495 2051 1541 contractu
2082 1482 2151 1539 ad

545 1579 636 1649 jus
656 1579 1082 1635 ecclesiasticum
1109 1579 1347 1633 revocari
1374 1596 1386 1631 :
1412 1579 1462 1631 in
1485 1577 1686 1648 judicio
1715 1587 1893 1633 autem
1924 1575 2152 1646 eritepi-

545 1669 696 1736 scopi
718 1669 1062 1723 constitutum
1088 1670 1130 1722 sl
1153 1667 1376 1736 pretium
1398 1667 1592 1724 debeat
1631 1667 1796 1737 recipi
1819 1673 2009 1734 necne,
2031 1679 2154 1735 pro-

550 1771 670 1830 pter
691 1760 832 1828 quod
850 1773 996 1827 saepe
1026 1759 1673 1829 rontingitdistractarum
1705 1775 1885 1815 rerum
1914 1759 2153 1815 redditus

546 1849 862 1922 ampliorem
892 1857 1158 1905 summam
1203 1863 1298 1920 pro
1327 1857 1549 1920 accepto
1589 1852 1759 1919 pretio
1806 1847 2119 1906 reddidisse.

752 1943 894 2020 XVI.
923 1946 999 2004 De
1025 1949 1102 2003 Itis
1125 1949 1210 2020 qui
1230 1949 1653 2005 irrationabiliter
1678 1952 1932 2006 uixerunt.

624 2041 680 2094 in
708 2040 812 2096 hoc
842 2039 996 2096 titulo
1018 2041 1200 2096 Grazca
1231 2041 1397 2097 verba
1428 2044 1541 2098 htec
1577 2053 1704 2098 sunt
1731 2061 1744 2096 :
1772 2047 1893 2121 Περὶ
1915 2051 2014 2101 τῶν
2036 2043 2157 2100 ἀλο-

540 2131 865 2206 7ενσαμένων
890 2131 919 2190 ἦ
943 2135 1027 2186 καὶ
1057 2133 1444 2206 ἀλογευομένων,
1490 2147 1607 2200 quae
1645 2147 1744 2188 nos
1792 2133 1981 2189 Latine
2019 2148 2154 2204 pos-

541 2236 728 2276 sumus
775 2221 956 2276 ditere
994 2219 1141 2278 :.De
1189 2221 1270 2275 his
1325 2224 1412 2292 qui
1472 2221 1903 2278 irrationabiliter
1950 2221 2151 2280 versati

550 2325 678 2369 sunt
707 2317 819 2368 sive
847 2324 1149 2368 versantur.
1183 2315 1385 2370 Sensus
1421 2327 1599 2370 autem
1642 2296 1695 2371 in
1740 2315 1840 2371 hac
1887 2313 2154 2372 sententia

545 2408 744 2478 duplex
784 2419 907 2463 esse
954 2415 1156 2476 potest,
1205 2407 1292 2474 (ιυί
1317 2422 1383 2462 ex
1425 2407 1650 2479 objectis
1696 2409 2014 2481 conjicitur,
2064 2411 2156 2463 aut

545 2500 722 2556 dehis
752 2501 839 2570 qui
871 2513 992 2554 cum
1026 2500 1308 2570 pecoribus
1331 2501 1470 2556 coitu
1496 2501 1652 2556 mixti
1693 2507 1857 2569 sunt,
1888 2509 1980 2556 aut
2001 2515 2154 2557 more

545 2607 806 2661 pecorum
835 2593 1035 2648 incesta
1068 2601 1189 2648 cum
1219 2593 1532 2666 propinquis
1573 2596 1837 2666 sanguine
1864 2595 2154 2654 commise-

545 2691 688 2736 runt.
744 2683 1017 2753 Quotquot
1079 2683 1241 2752 igitur
1293 2693 1415 2739 ante
1457 2685 1770 2742 vicesimum
1828 2688 2001 2741 astatis
2041 2702 2154 2742 sua:

544 2787 746 2826 annum
800 2773 905 2827 tale
933 2774 1136 2830 crimen
1167 2774 1514 2843 admiserint,
1544 2775 1848 2847 quindecim
1901 2777 2052 2834 annis
2097 2780 2150 2834 in

544 2864 860 2934 paenitentia
887 2866 1110 2933 exactis,
1141 2867 1367 2922 orationi
1397 2873 1604 2923 tantum
1634 2870 1888 2942 incipiant
1908 2885 2151 2927 commu-

544 2959 762 3026 nicare,
795 2970 847 3014 et
876 2962 1243 3031 quinquennio
1271 2963 1438 3019 altero
1467 2963 1521 3018 in
1551 2967 1932 3022 communione
1959 2966 2152 3022 oratio-

544 3051 632 3107 nis
655 3051 821 3106 solius
850 3053 1201 3122 perdurantes
1241 3064 1358 3124 post
1382 3055 1698 3113 vicesimum
1725 3074 1844 3112 cum
1878 3057 2152 3115 oblatione

542 3143 608 3197 ad
641 3147 1072 3202 communionem
1098 3147 1483 3219 suscipiantur.
1514 3149 1840 3206 Discutiatur
1871 3157 2048 3204 autem
2094 3160 2150 3204 et

543 3237 646 3292 vita
674 3252 860 3294 eorum
885 3253 1003 3310 quae
1027 3239 1187 3297 fuerit
1213 3241 1266 3296 in
1296 3251 1538 3311 tempore
1565 3239 1897 3312 pmnitentia:
1916 3283 1930 3306 ,
1977 3249 2033 3296 et
2075 3242 2146 3296 ita
2173 3280 2222 3340 ς

439 3345 444 3349 '
542 3330 683 3385 hanc
711 3331 1094 3388 humanitatem
1125 3341 1522 3404 consequantur
1548 3351 1560 3386 :
1591 3331 1733 3404 quod
1753 3334 1798 3388 si
1842 3331 1932 3402 qui
1966 3346 2148 3402 perse-

540 3427 818 3484 verantius
865 3428 1018 3484 abusi
1049 3435 1175 3483 sunt
1200 3428 1302 3482 hoc
1328 3425 1586 3494 crimine,
1610 3428 1657 3495 te
1698 3423 1985 3496 prolixiore
2022 3435 2156 3482 tem-

543 3532 675 3588 pore
731 3517 786 3574 id
845 3527 932 3576 est
983 3517 1170 3589 viginti
1235 3527 1500 3574 annorum
1560 3520 1933 3590 paenitentiam
1985 3517 2154 3573 solam

541 3611 854 3681 suscipiant.
907 3612 1180 3680 Quotquot
1233 3623 1360 3665 vero
1406 3617 1601 3666 exacta
1648 3609 1833 3682 viginti
1888 3625 2152 3667 annorum

543 3714 700 3761 mtate
728 3711 783 3758 et
812 3716 1006 3758 uxores
1036 3701 1301 3757 habentes
1329 3702 1380 3757 in
1423 3701 1525 3758 hoc
1547 3701 1774 3760 crimine
1827 3698 2150 3774 inciderunt,

542 3796 731 3865 viginti
772 3797 1009 3867 quinque
1036 3795 1189 3848 annis
1227 3795 1538 3864 paenitentia
1567 3807 1684 3854 acta
1725 3797 1792 3853 ad
1818 3799 2154 3855 communio-

544 3907 666 3946 nem
729 3887 1032 3941 orationum
1079 3886 1465 3955 admittantur;
1515 3889 1568 3945 in
1618 3907 1722 3960 qua
1769 3889 2154 3948 communione

545 3981 851 4036 orationum
903 3977 1074 4034 altero
1117 3978 1477 4050 quinquennio
1525 3981 1884 4053 perdurantes
1927 3983 2144 4053 plenam

544 4069 974 4128 communionem
1023 4085 1145 4129 cum
1192 4071 1464 4129 oblatione
1509 4069 1536 4110 α
1563 4073 1873 4146 percipiant.
1918 4073 2070 4144 Quod
2099 4074 2146 4135 si

543 4164 707 4234 aliqui
733 4172 788 4220 et
818 4177 1012 4219 uxores
1041 4164 1301 4221 habentes
1342 4175 1396 4220 et
1425 4163 1731 4223 excidentes
1774 4167 2149 4241 quinquagesi-

543 4272 692 4312 mum
724 4255 898 4312 tetatis
924 4271 1033 4310 sua:
1075 4270 1274 4310 annum
1308 4256 1359 4310 in
1406 4256 1508 4311 hoc
1557 4258 1794 4326 prolapsi
1847 4261 1954 4332 22
1999 4273 2142 4331 sunt,

541 4349 608 4404 ad
635 4350 858 4405 exitium
883 4349 1010 4401 vitae
1043 4356 1249 4402 tantum
1282 4347 1712 4403 communionem
1747 4359 2072 4406 mereantur.

669 4440 828 4496 XVII.
867 4439 942 4492 De
967 4441 1045 4493 his
1069 4437 1158 4507 qui
1179 4437 1307 4492 sicut
1337 4433 1586 4492 animalia
1613 4449 1753 4492 muta
1781 4440 2028 4497 vixerunt.

613 4531 722 4586 llos
765 4531 984 4586 eosdem
1049 4541 1182 4584 sane
1243 4541 1348 4583 non
1398 4528 1569 4583 solum
1623 4538 1646 4566 ο
1690 4527 1832 4587 idem
1902 4530 2145 4603 leprosos

543 4624 767 4680 crimine
819 4622 1185 4692 hujuscemodi
1226 4621 1428 4688 iactos,
1479 4621 1576 4678 sed
1620 4631 1674 4678 et
1717 4623 1852 4679 alios
1898 4625 2000 4680 ieto
2047 4643 2144 4682 suo
2171 4645 2240 4708 Ι),

540 4715 733 4772 morbo
761 4716 1030 4784 replentes
1057 4754 1072 4780 ,
1106 4713 1302 4783 placuit
1329 4715 1470 4768 inter
1501 4728 1596 4770 eos
1628 4729 1784 4771 orare
1820 4717 1911 4785 qui
1943 4728 2144 4789 tempe-

541 4816 677 4863 state
701 4807 987 4875 jactantur,
1011 4805 1099 4876 qui
1129 4819 1159 4860 a
1186 4801 1340 4861 nobis
1368 4807 1714 4877 cnerguuteni
1750 4806 2140 4879 intelliguntur.

611 4898 795 4953 XVIII.
836 4897 908 4951 De
934 4899 1184 4968 episcopis
1204 4900 1293 4969 qui
1321 4901 1546 4953 ordinati
1576 4916 1678 4953 non
1699 4902 2069 4972 suscipiuntur.

614 4992 669 5046 Si
703 4991 792 5060 qui
819 4990 1053 5060 episcopi
1085 4993 1317 5060 suscepti
1346 5008 1452 5046 non
1483 5001 1606 5047 sunt
1639 5009 1667 5046 a
1698 5008 1791 5047 sua
1823 4995 2040 5052 dioecesi
2088 4996 2142 5054 in

540 5100 648 5153 qua
697 5085 906 5137 inerant
962 5080 981 5119 ί
1025 5085 1298 5150 denotati,
1348 5084 1416 5139 ad
1468 5083 1711 5140 eamdem
1741 5085 1933 5156 judicis
1963 5085 2142 5146 edicto

539 5173 720 5229 redire
746 5171 1168 5240 compellantur;
1201 5173 1345 5243 quod
1387 5174 1433 5228 si
1484 5176 1748 5230 voluerint
1788 5175 1920 5232 alias
1965 5179 2139 5237 eccle-

540 5269 649 5321 sias
677 5279 946 5336 occupare
973 5273 1028 5321 et
1057 5263 1164 5320 vim
1206 5264 1381 5322 facere
1409 5265 1531 5321 aliis
1560 5267 1863 5338 episcOpis,
1893 5285 2026 5340 quos
2067 5271 2139 5331 ibi

613 5435 639 5462 α
666 5426 736 5480 Τ.
768 5427 820 5490 i,
851 5424 910 5490 Ξ,
933 5440 1041 5480 eos.

613 5497 642 5536 ι’
671 5497 712 5550 U
726 5537 763 5562 .,
791 5495 1110 5550 custodierit.

615 5575 639 5606 ο
664 5565 767 5643 _U.,
793 5565 1082 5643 prolixiori
1111 5571 1336 5643 tempore
1375 5565 1472 5643 ipsi
1534 5585 1624 5638 per
1667 5569 1844 5643 viginti
1888 5586 2142 5627 annorum

539 5637 886 5705 paenitentiam
913 5647 1078 5691 actam
1108 5637 1178 5690 ad
1216 5637 1619 5694 communionem
1660 5637 1902 5696 orationis
1945 5645 2144 5698 admit-

543 5718 740 5762 tamur.

614 5780 639 5818 (ι
667 5778 753 5834 ΑΞ.
787 5778 848 5833 Β.
880 5777 945 5833 Β.
976 5781 1244 5849 recipiant.

618 5863 642 5890 ο
691 5852 748 5907 In
779 5851 1025 5905 omnibus
1075 5849 1360 5907 Codicihus
1408 5853 1684 5908 invenitur
1732 5853 1848 5912 hac
1875 5869 1974 5912 vox
2002 5855 2142 5911 idem

543 5941 659 5994 qua:
691 5921 959 5993 superﬂua
989 5919 1198 5978 videtur
1231 5940 1244 5978 :
1277 5922 1556 5981 Iortuassis
1579 5925 1723 5981 item.

2250 648 2518 717 segregari
2545 659 2780 718 oportet.
2813 647 2965 716 Quod
2994 650 3037 704 si
3089 646 3275 705 volunt
3318 647 3371 702 in
3420 646 3754 721 presbyterio
3798 650 3856 705 in

2249 743 2473 799 ecclesia
2493 743 2578 799 ubi
2605 747 2752 814 prius
2777 745 3252 814 fueranttanquam
3280 739 3576 816 presbyteri
3589 741 3852 812 residere,

2251 849 2356 888 non
2389 833 2716 902 repellantur
2748 851 2779 891 a
2820 837 3034 904 propria
3064 833 3356 903 dignitate:
3408 829 3552 904 quod
3595 831 3640 889 si
3692 836 3853 891 etiam

2253 928 2321 982 ibi
2349 927 2640 984 seditiones
2681 925 2954 986 concitare
2997 929 3290 1000 probantur
3333 929 3600 1000 episcopis
3656 929 3855 988 ibidem

2251 1021 2583 1088 constitutis,
2618 1024 2884 1094 segregari
2930 1033 3026 1080 eos
3058 1037 3279 1079 necesse
3306 1029 3392 1080 est
3417 1027 3472 1079 et
3509 1021 3856 1082 nihilominus

2258 1114 2578 1186 presbyterii
2609 1115 2866 1186 dignitate
2895 1116 3110 1186 privari.

2466 1205 2605 1262 XIX.
2638 1203 2717 1261 De
2741 1204 2818 1263 Itis
2838 1210 2925 1279 qui
2947 1209 3284 1282 virginitatem
3308 1213 3634 1284 proﬁtentur.

2324 1298 2596 1369 Quotquot
2644 1299 2998 1369 virginitatem
3070 1295 3288 1368 polliciti
3343 1301 3674 1372 prmvaricati
3736 1311 3862 1358 sunt

2255 1391 2591 1459 professione
2615 1395 2944 1464 contempta,
2977 1394 3117 1450 inter
3158 1391 3422 1466 digamos,
3473 1393 3525 1450 id
3555 1405 3640 1451 est
3669 1397 3758 1465 qui
3795 1395 3862 1452 ad

2255 1479 2519 1538 secundas
2549 1481 2764 1554 nuptias
2807 1487 3158 1556 transierunt,
3191 1481 3376 1544 haberi
3405 1483 3716 1545 debebunt:
3752 1490 3861 1546 vir-

2257 1575 2408 1644 gines
2455 1583 2631 1632 autem
2678 1577 2913 1648 puellas,
2972 1595 3092 1649 quae
3158 1586 3408 1650 tanquam
3463 1595 3680 1638 sorores
3740 1597 3862 1638 cum

2258 1661 2528 1722 nonnullis
2555 1669 2681 1725 viris
2711 1667 2954 1726 habitare
2997 1663 3216 1741 volunt,
3257 1671 3326 1728 ab
3363 1685 3552 1729 eorum
3589 1675 3864 1731 consortio

2257 1756 2624 1826 prohibemus.

2812 1851 2929 1908 XX.
2960 1847 3036 1908 De
3061 1851 3328 1909 adulteris.

2183 1919 2230 1984 Β
2331 1939 2389 1996 Si
2451 1941 2570 2010 quis
2607 1939 2926 1999 adulterium
2975 1943 3331 2013 cummiserit,
3381 1957 3585 2016 septem
3629 1945 3867 2004 annisin

2258 2034 2572 2105 paenitentia
2599 2035 2914 2108 completis,
2940 2037 3257 2108 perfectioni
3280 2037 3532 2096 reddatur
3571 2042 3868 2100 secundum

2258 2125 2515 2196 pristinos
2546 2128 2765 2199 gradus.

2294 2215 2435 2274 XXI.
2466 2220 2539 2274 De
2567 2219 2863 2276 mulieribus
2887 2237 3001 2292 qua:
3029 2219 3298 2292 fornicata:
3317 2232 3492 2293 partus
3519 2241 3636 2280 suos
3662 2235 3866 2281 necant.

2331 2307 2410 2365 De
2459 2307 2773 2368 mulieribus
2826 2327 2945 2382 qua:
3003 2311 3336 2369 Iornicantur
3386 2323 3446 2370 et
3503 2325 3690 2386 partus
3740 2331 3868 2374 suos

2259 2414 2488 2471 necant,
2537 2405 2630 2458 sed
2658 2412 2713 2458 et
2759 2403 2828 2458 de
2880 2405 2964 2458 his
3013 2419 3131 2474 quae
3172 2405 3338 2476 agunt
3385 2421 3564 2462 secum
3613 2417 3669 2461 ut
3709 2418 3869 2462 utero

2257 2503 2542 2563 conceptos
2572 2493 2874 2562 excutiant,
2907 2497 3122 2567 antiqua
3167 2491 3382 2566 quidem
3411 2495 3646 2552 delinitio
3697 2514 3871 2569 usque

2257 2585 2322 2639 ad
2375 2585 2572 2641 exitum
2611 2585 2732 2642 vita:
2767 2597 2861 2641 eas
2883 2585 2951 2641 ab
2983 2583 3221 2644 Ecclesia
3273 2589 3534 2645 removit:
3582 2590 3871 2649 humanius

2257 2689 2436 2733 autem
2460 2693 2600 2734 nunc
2623 2679 2907 2734 deﬁnimus
2928 2722 2943 2748 ,
2975 2687 3031 2736 nt
3053 2683 3130 2738 eis
3156 2682 3342 2739 decem
3365 2698 3628 2738 annorum
3655 2692 3870 2754 tempus

2255 2770 2587 2839 ρωηίιθιιιὶω
2615 2769 2900 2827 tribuatur.

2378 2859 2542 2916 XXII.
2573 2861 2647 2918 De
2669 2863 2750 2918 Itis
2775 2861 2862 2934 qui
2889 2861 3106 2920 volentes
3128 2863 3462 2921 homicidium
3484 2869 3735 2938 fecerunt.

2324 2953 2425 3021 Qui
2464 2954 2764 3012 voluntarie
2812 2955 3157 3014 homicidium
3201 2958 3444 3018 iecerunt
3493 2963 3558 3018 ad
3607 2964 3869 3034 paeniten-

2256 3049 2384 3102 tiam
2412 3049 2625 3119 quidem
2650 3050 2849 3120 jugiter
2877 3065 2996 3108 sese
3023 3054 3403 3110 committant:
3443 3057 3547 3128 23
3571 3055 3711 3113 circa
3748 3054 3869 3112 exi-

2257 3147 2366 3194 tum
2413 3151 2591 3197 autem
2638 3143 2760 3196 vitae
2813 3139 3192 3199 communione
3250 3139 3394 3215 digni
3436 3145 3769 3216 habeantur,
3819 3157 3870 3208 et

2255 3237 2280 3276 Β
2310 3229 2627 3286 decennium
2659 3229 2972 3302 pmniteant.

2356 3321 2547 3379 XXIII.
2583 3323 2659 3378 De
2687 3325 2765 3379 his
2791 3327 2877 3394 qui
2907 3322 3137 3381 nolentes
3162 3321 3494 3384 homicidium
3523 3333 3777 3402 fecerunt.

2331 3414 2439 3468 Eos
2464 3429 2593 3470 vero
2614 3416 2702 3487 qui
2727 3429 2833 3470 non
2878 3413 3150 3473 voluntate
3193 3415 3292 3475 sed
3334 3427 3462 3476 cas‘u
3514 3415 3870 3486 homicidium

2258 3503 2511 3574 fecerint,
2543 3505 2687 3578 prior
2713 3507 2926 3578 quidem
2967 3509 3146 3581 regula
3190 3515 3312 3582 post
3343 3519 3550 3586 septem
3599 3532 3869 3577 annorum

2259 3599 2628 3677 paenitentiam
2649 3601 3016 3660 communioni
3059 3606 3284 3664 sociavit
3327 3609 3619 3666 secundum
3665 3609 3869 3681 gradus

2257 3691 2621 3750 constitutos:
2655 3693 2769 3749 hzec
2797 3707 2926 3752 vero
2951 3693 3239 3756 humanior
3281 3696 3522 3758 deﬁnitio
3560 3703 3868 3775 quinquen-

2255 3783 2330 3839 nii
2363 3793 2572 3855 tempus
2599 3781 2631 3824 δ
2663 3785 2866 3842 tribuit.

2473 3874 2662 3933 χχιν.
2699 3873 2774 3933 De
2799 3877 2878 3934 Itis
2899 3879 2986 3951 qui
3018 3893 3156 3938 more
3171 3879 3436 3955 gentilium
3458 3887 3647 3943 vivunt.

2324 3967 2424 4035 Qui
2449 3969 2687 4042 auguria,
2703 3969 2959 4040 austticia,
2982 3971 3097 4030 sive
3120 3973 3352 4047 somnia,
3387 3975 3471 4034 vel
3499 3975 3866 4040 divinationes

2253 4063 2514 4131 quaslibet
2541 4063 2832 4119 secundum
2858 4076 3061 4123 morem
3093 4065 3370 4138 gentilium
3394 4069 3502 4142 24
3529 4071 3860 4143 observant,

2253 4165 2346 4209 aut
2367 4155 2417 4209 in
2445 4155 2636 4210 domos
2663 4169 2787 4210 suas
2833 4155 3200 4226 hujuscemodi
3228 4153 3470 4216 homines
3511 4159 3864 4222 introducunt

2251 4243 2306 4301 in
2347 4247 2692 4316 exquirendis
2726 4247 2988 4318 aliquibus
3034 4243 3144 4322 [υ.
3178 4251 3301 4306 add.
3337 4251 3528 4324 rebus]
3581 4258 3698 4313 arte
3742 4271 3863 4312 ma-

2251 4335 2435 4403 Ieilca,
2485 4347 2576 4392 aut
2625 4345 2686 4392 ut
2727 4338 2916 4393 domos
2959 4353 3082 4396 suas
3108 4335 3336 4398 lustrent
3363 4359 3376 4410 ;
3407 4343 3674 4414 confessi,
3702 4341 3865 4418 quin-

2251 4430 2487 4499 quennio
2524 4429 2538 4468 ί
2573 4431 2943 4500 paenitentiam
2973 4445 3131 4504 agant
3166 4437 3458 4492 secundum
3488 4439 3734 4510 antiquas
3775 4456 3865 4498 re-

2249 4521 2398 4590 gulas
2428 4521 2764 4577 constitutas.
2869 4599 2872 4602 j

2396 4613 2491 4667 ΧΧ
2503 4614 2560 4668 ν.
2595 4613 2671 4668 De
2695 4630 2756 4669 eo
2774 4613 2864 4686 qui
2891 4631 3116 4672 sororem
3143 4633 3343 4690 sponste
3372 4638 3480 4676 sure
3504 4617 3720 4678 vitiavit.

2322 4705 2378 4762 Si
2409 4707 2527 4776 quis
2554 4721 2804 4776 sponsam
2829 4708 3032 4766 habens
3059 4713 3230 4766 sorori
3261 4713 3378 4784 ejus
3407 4711 3631 4769 forsitan
3663 4707 3861 4772 intule-

2249 4799 2321 4854 rit
2359 4800 2579 4865 vitium,
2631 4800 2791 4870 eique
2832 4801 3107 4860 inhzcserit
3155 4813 3401 4877 tanquam
3451 4821 3594 4876 suae,
3635 4813 3690 4863 et
3753 4803 3862 4864 sibi

2249 4897 2607 4966 expetendam
2623 4909 2742 4954 esse
2769 4900 3224 4971 coniunctionem,
3247 4901 3346 4960 hac
3367 4914 3544 4960 autem
3566 4905 3579 4955 i
3607 4906 3862 4977 decepta,

2250 5001 2432 5058 postea
2457 5006 2676 5045 uxorem
2714 4992 2924 5047 duxerit
2971 4993 3389 5063 desponsatam;
3433 4993 3519 5050 illa
3567 5012 3696 5052 vero
3739 5012 3860 5065 qua:

2251 5083 2435 5138 vitium
2469 5095 2620 5152 passa
2643 5092 2756 5149 est,
2786 5085 2829 5138 si
2854 5083 2991 5140 forte
3013 5100 3196 5140 necem
3225 5083 3326 5142 sibi
3355 5085 3629 5144 intulerit:
3669 5103 3860 5145 omnes

2250 5179 2306 5236 hi
2337 5175 2426 5251 qui
2459 5178 2614 5248 hujus
2642 5177 2763 5232 l'acti
2790 5185 2913 5233 sunt
2941 5179 3143 5235 conscii
3175 5182 3360 5238 decem
3394 5183 3548 5238 annis
3590 5183 3641 5238 iu
3686 5184 3858 5254 paeni-

2253 5272 2472 5330 tentiam
2505 5267 2818 5341 redigantur
2845 5269 3140 5328 secundum
3162 5286 3399 5330 canones
3419 5271 3764 5330 censtitutos.

2326 5430 2344 5469 ι
2380 5431 2468 5486 At}.
2492 5471 2509 5495 ,
2545 5432 2603 5484 E.
2639 5431 2702 5494 3,
2731 5429 2796 5484 Τ.
2827 5431 2890 5494 i,
2923 5431 3357 5501 2,:denominati.
3917 5483 3931 5493 ,

2323 5511 2346 5549 8
2380 5503 2434 5556 In
2467 5503 2522 5556 li.
2565 5503 2661 5568 νυ,
2695 5501 2836 5573 E.3,
2866 5502 3116 5566 T.i.2.
3175 5503 3272 5570 υ..
3330 5504 3434 5573 (ἰσ,
3483 5505 3678 5563 desunt
3740 5511 3854 5565 btet:

2251 5573 2411 5643 verba
2441 5590 2454 5625 :
2489 5584 2535 5643 et
2568 5572 2867 5643 decennium
2892 5575 3188 5643 pwniteant.

2327 5639 2784 5720 hExT._2e_ttJ.
2820 5639 3106 5720 m'A.,_u.
3145 5646 3233 5713 ιι..
3266 5639 3463 5712 13.3.,
3516 5645 3576 5704 τ.
3631 5647 3650 5704 i
3699 5648 3814 5720 ,u.

2247 5717 2511 5782 temporis.
2543 5715 2600 5769 In
2628 5714 2716 5768 AS.
2745 5753 2760 5782 ,
2789 5716 3116 5783 temporibus.

2327 5787 2343 5862 ξ
2461 5827 2476 5851 ,
2506 5788 2720 5840 lustrant
2748 5801 2766 5848 ;
2790 5787 2900 5862 _qui
2940 5789 3172 5862 confessi
3217 5791 3436 5860 fuerint,
3481 5793 3850 5862 quinquennio.

2322 5857 2335 5908 i
2377 5859 2438 5913 U.
2472 5899 2486 5923 ,
2555 5857 2886 5927 expetendam
2933 5857 2987 5912 in
3027 5857 3382 5932 conjuristime
3435 5857 3503 5918 δι’
3528 5857 3845 5934 ρνοήεὸκνίι,

2150 5979 2151 5982 η
2245 5928 2342 5984 hac
2371 5941 2564 5984 autent.
