4086 6358
290 487 1835 527 w

1835 484 2837 496 υ--ι-ντυδ-ι--α--ψ-ωο--ο-

1838 484 2837 496 μ-νωκ-ι-ψ-Ψ--ο-ψ-
2843 481 3535 510 -ι--η--ι--Α-ι-ἓ

1779 615 2018 721 Ill.

1042 804 1727 893 CONCILIUM
1804 798 2796 887 NEOCESARIENSE

1208 988 1247 1028 Δ
1293 986 1513 1029 DECEM
1558 984 1639 1027 ΕΤ

1691 980 1910 1027 NOVEM
1965 981 2281 1025 EPISCOPIS
2338 981 2650 1024 HABITUM.

353 1109 421 1166 Et
447 1106 534 1164 isti
567 1100 784 1179 quidem
826 1123 1058 1165 canones
1107 1111 1331 1166 secundi
1380 1120 1506 1166 sunt
1552 1124 1738 1165 eorum
1783 1108 1869 1176 qui
1901 1112 1953 1170 Α
1984 1104 2106 1175 quia
2138 1105 2557 1174 uniuscujusque
2587 1105 2641 1159 in
2682 1104 2769 1159 illa
2798 1102 3141 1161 confessione
3170 1103 3391 1161 libertas
3422 1106 3567 1160 arb”

285 1194 334 1259 in
377 1205 585 1273 Ancyra
625 1210 680 1256 et
717 1198 958 1257 Caesarea
1004 1205 1232 1272 expositi
1276 1212 1431 1272 sunt,
1472 1201 1700 1257 Nicaenis
1745 1212 1871 1254 vero

280 1302 481 1371 priores
510 1299 871 1355 inveniuntur.
902 1298 1278 1355 Convenerunt
1308 1310 1484 1356 autem
1516 1301 1569 1353 in
1610 1288 1871 1369 synodum

278 1403 628 1449 memoratam
684 1392 1134 1448 Neocaesariensis
1191 1393 1422 1448 civitatis
1484 1392 1536 1447 hi
1595 1389 1685 1462 qui
1737 1388 1871 1444 infra

276 1486 459 1556 scripti
507 1494 670 1541 sunt:
725 1486 939 1550 Vitalis,
970 1486 1265 1541 Germanus
1292 1494 1317 1520 ⁸
1340 1527 1356 1555 ,
1383 1485 1588 1551 Sedus,
1623 1481 1871 1545 Eristius,

274 1578 481 1647 Lupus,
513 1577 821 1641 Gerontius,
874 1577 1149 1645 Leontius,
1191 1576 1474 1644 Sanctusy
1501 1574 1788 1630 Basiliscus
1810 1568 1872 1640 δ,

270 1671 623 1747 Valentinus,
654 1669 978 1741 Stephanus,
1028 1671 1339 1741 Gregorius.
1386 1669 1713 1734 Salaminus,
1743 1667 1876 1722 Nar-

270 1764 477 1833 cissus,
531 1763 831 1832 Leontius,
878 1764 1149 1833 Longinus
1180 1800 1195 1829 ,
1258 1764 1543 1832 Decasius,
1601 1762 1875 1819 lieraclius

267 1858 483 1927 Alipius
508 1873 522 1912 :
552 1873 583 1911 a
612 1858 802 1927 quibus
832 1859 914 1914 itte
938 1858 1135 1929 regqu
1158 1857 1383 1928 prolata:
1424 1866 1549 1913 sunt
1574 1872 1693 1930 quae
1739 1855 1876 1910 infra

266 1947 493 2020 scripta:
514 1956 659 2004 sunt.

488 2060 530 2115 1.
565 2059 888 2132 Presbyteris
916 2074 1129 2115 umorem
1158 2060 1344 2115 ducere
1367 2074 1470 2114 non
1492 2061 1663 2114 licere.

342 2164 637 2245 Presbyter
693 2166 737 2228 si
813 2188 1033 2229 uxorem
1084 2168 1329 2240 duxerit,
1374 2171 1443 2227 ab
1490 2172 1680 2229 ordine
1730 2171 1880 2227 illum

264 2258 475 2337 deponi
505 2265 739 2322 debere:
769 2258 908 2337 quod
940 2268 983 2322 si
1034 2262 1324 2322 fornicatus
1364 2266 1521 2322 fuerit
1551 2266 1633 2323 vel
1683 2265 1884 2321 adulte-

262 2361 417 2418 rium
444 2360 806 2431 commiserit,
838 2370 989 2417 extra
1021 2354 1320 2419 Ecclesiam
1350 2361 1508 2438 abjici
1533 2367 1590 2419 et
1617 2362 1683 2418 ad
1711 2358 1883 2434 poeni-

264 2453 503 2509 tentiam
532 2452 673 2508 inter
696 2451 861 2509 laicos
889 2453 1058 2526 redigi
1090 2461 1322 2523 oportet.

339 2564 413 2624 II.
456 2567 535 2622 De
564 2568 811 2625 muliere:
841 2568 1040 2625 duobus
1060 2570 1306 2640 fratribus
1330 2570 1518 2627 nubere
1549 2587 1651 2626 non
1673 2571 1846 2627 licere.

340 2680 543 2737 Mulier
560 2682 608 2737 si
634 2682 841 2739 duobus
872 2682 1128 2739 fratribus
1166 2684 1438 2754 nupserit,
1483 2684 1645 2755 abjici
1685 2681 1885 2741 debere

260 2788 448 2845 usque
477 2778 542 2830 ad
565 2776 706 2831 diem
751 2778 977 2844 mortis;
1030 2777 1125 2833 sed
1154 2786 1373 2848 propter
1401 2780 1786 2835 humanitatem
1833 2779 1886 2834 in

258 2868 536 2923 extremis
579 2867 689 2923 suis
733 2870 1090 2925 sacramentis
1132 2882 1153 2909 ο
1198 2870 1474 2926 conciliari
1522 2879 1762 2941 oportet,
1812 2870 1888 2925 ita

260 2967 457 3014 tamen
481 2966 541 3013 ut
567 2962 612 3015 si
642 2958 781 3017 forte
827 2962 1111 3018 sanitatem
1149 2964 1576 3033 recuperaverit,
1611 2965 1889 3019 matrimo—

260 3054 363 3109 nio
419 3053 633 3119 soluto,
689 3054 756 3109 ad
814 3055 1189 3123 paenitentiam
1256 3056 1587 3110 admittatur.
1639 3056 1792 3123 Quod
1842 3056 1889 3110 si

260 3146 531 3203 defuncta
586 3148 745 3205 fuerit
781 3146 977 3204 mulier
1006 3150 1059 3203 in
1107 3147 1414 3219 bujusmodi
1457 3150 1728 3204 consortio
1761 3162 1891 3205 coa-

259 3240 500 3306 stituta,
559 3238 796 3295 difficilis
834 3241 939 3295 erit
980 3241 1296 3312 pcenitentia
1370 3242 1713 3319 remanenti:
1768 3256 1889 3315 qua:

260 3330 549 3387 sententia
575 3340 680 3386 tam
704 3332 851 3388 viros
869 3347 1027 3403 quam
1057 3333 1309 3389 mulieres
1339 3342 1523 3389 tenere
1552 3333 1790 3391 debebit.

385 3442 484 3500 Ill.
512 3442 587 3497 De
614 3442 694 3498 Itis
720 3443 808 3515 qui
832 3444 1009 3500 multis
1044 3447 1237 3516 nuptiis
1259 3447 1781 3504 communicaverunt.

346 3554 437 3611 De
471 3554 551 3611 his
590 3556 683 3626 qui
727 3554 1037 3629 frequenter
1078 3568 1274 3616 uxOres
1322 3560 1526 3617 ducunt
1568 3570 1624 3618 et
1666 3560 1750 3619 bis
1800 3565 1892 3635 qui

261 3648 485 3720 saepius
516 3647 755 3720 nubunt,
810 3660 1020 3723 tempus
1064 3654 1278 3725 quidem
1329 3648 1470 3727 quod
1501 3656 1583 3714 his
1626 3656 1892 3714 constitu-

261 3748 393 3798 tum
430 3750 513 3798 est
532 3742 875 3800 manifestum
913 3753 998 3803 est
1042 3738 1069 3784 ἀ
1098 3748 1388 3806 observare
1420 3767 1436 3816 ;
1467 3751 1575 3823 25
1602 3767 1893 3810 conversa-

258 3836 349 3893 tio
372 3844 562 3893 autem
589 3847 644 3893 et
673 3834 804 3894 fides
831 3846 1017 3895 eorum
1045 3848 1254 3912 tempus
1280 3841 1637 3900 abbreviabit.

511 3947 602 4004 IV.
631 3948 709 4004 De
738 3953 1142 4022 concupiscentia
1165 3970 1268 4008 non
1295 3966 1664 4012 consummata.

346 4059 420 4118 Si
446 4059 567 4131 quis
586 4063 869 4131 concupita
899 4064 1143 4132 muliere,
1173 4066 1382 4121 etiamsi
1410 4066 1731 4122 concubitus
1759 4066 1878 4138 ejus

258 4154 619 4215 desiderium
650 4157 865 4226 habeat,
896 4168 1005 4213 non
1031 4168 1209 4215 autem
1251 4160 1607 4230 subsequatur
1634 4158 1880 4230 allectus,

255 4246 636 4309 manifestum
665 4258 747 4306 est
771 4249 916 4307 hunc
940 4248 1108 4308 fuisse
1128 4266 1226 4324 per
1247 4251 1483 4308 divinam
1504 4251 1729 4324 gratiam
1751 4252 1888 4310 libe-

258 4350 489 4401 ratum.

596 4434 663 4491 γ.
696 4433 775 4491 De
821 4436 1194 4493 catechumenis
1221 4438 1566 4507 peccantibus.

345 4527 814 4597 Catecbumenus,
833 4531 887 4585 id
916 4540 997 4587 est
1019 4532 1265 4599 audiens,
1290 4533 1377 4605 qui
1398 4532 1694 4603 ingreditur
1712 4534 1889 4590 eccle-

262 4623 422 4679 siam
460 4629 518 4676 et
546 4628 651 4675 stat
679 4637 800 4677 cum
832 4623 1253 4692 catechumenis,
1280 4627 1325 4680 si
1367 4641 1591 4694 peccare
1620 4628 1779 4683 fuerit
1807 4628 1887 4682 vis

263 4729 396 4783 sus,
434 4714 615 4785 ﬁgens
659 4730 831 4786 genua
877 4716 1058 4773 audiat
1084 4719 1326 4784 verbum,
1377 4721 1470 4775 sed
1514 4722 1781 4777 abstineat
1820 4722 1888 4778 ab

264 4807 373 4863 illo
398 4817 636 4878 peccato
662 4809 803 4879 quod
850 4809 1005 4877 fecit;
1038 4812 1180 4881 quod
1224 4813 1272 4867 si
1299 4812 1353 4867 in
1384 4827 1450 4869 eo
1477 4815 1757 4884 perdurat,
1790 4813 1887 4869 ab-

259 4900 374 4973 jici
408 4901 643 4958 omnino
672 4902 890 4960 debere.

612 4995 700 5051 \'l.
735 4996 813 5052 De
836 5000 1220 5069 prtegnantibus
1248 5000 1570 5073 baptizandis

350 5088 442 5144 De
466 5089 867 5157 praegnantibus
882 5107 895 5144 :
911 5092 1160 5161 quoniam
1175 5100 1389 5162 oportet
1409 5092 1471 5147 ba
1479 5091 1892 5164 ptizariquando

1913 3846 1965 3913 ο

1976 1197 2061 1251 trii
2094 1196 2417 1253 declaratur.

1976 1308 2088 1364 VII.
2144 1308 2223 1362 De
2267 1305 2987 1380 presbyteriuadhsecundas
3034 1306 3241 1376 nuptias
3286 1308 3409 1362 ires
3459 1323 3562 1363 non

2682 1377 2847 1431 licere.

2049 1471 2428 1545 Presbyterum
2469 1472 2724 1528 convivio
2753 1471 3111 1528 secundarum
3143 1470 3450 1541 nuptiarum
3486 1472 3568 1527 in-

1979 1573 2181 1623 teresse
2226 1575 2332 1621 non
2380 1566 2601 1633 debere,
2656 1565 2891 1620 maxime
2918 1572 3041 1619 cum
3072 1571 3287 1634 petatur
3317 1563 3568 1618 secundis

1978 1660 2176 1730 nuptiis
2208 1660 2582 1731 paenitentiam
2629 1658 2885 1714 tribuere.
2916 1656 3050 1723 Quis
3077 1668 3208 1726 ergo
3233 1664 3315 1710 est
3346 1655 3568 1726 presby-

1981 1764 2061 1811 ter
2092 1753 2183 1825 qui
2214 1763 2432 1825 propter
2461 1753 2767 1811 conviviqu
2797 1753 2906 1807 illis
2932 1749 3235 1806 consentiat
3261 1750 3497 1819 nuptiis?

1982 1845 2117 1902 VIII.
2153 1846 2344 1927 Uxoris
2369 1848 2620 1901 adulteris
2645 1847 2809 1899 uirum
2847 1843 3087 1898 clericum
3113 1842 3228 1911 ﬁeri
3258 1858 3359 1895 non
3398 1841 3568 1895 licere.

2052 1939 2081 1977 ιι
2108 1941 2167 1997 Si
2212 1945 2367 2012 cujus
2413 1955 2642 1995 uxorem
2683 1939 3003 1993 adulterium
3059 1935 3398 1993 commisisse
3450 1948 3572 1992 cum

1981 2044 2128 2090 esset
2157 2035 2327 2091 laicus
2352 2034 2517 2090 fuerit
2544 2032 2973 2103 comprobatum,
3005 2031 3095 2086 hic
3126 2031 3193 2085 ad
3219 2030 3573 2085 ministerium

1982 2124 2408 2180 ecclesiasticum
2440 2124 2649 2180 admitti
2683 2138 2789 2179 non
2821 2131 3017 2193 potest.
3046 2121 3199 2189 Quod
3227 2122 3294 2186 si,
3326 2121 3380 2175 in
3409 2121 3575 2176 cleri-

1982 2226 2103 2275 catu
2123 2220 2233 2287 jam
2266 2219 2557 2274 constituto
2577 2232 2641 2273 eo
2665 2216 2710 2283 ί,
2742 2216 3079 2285 adulteravit,
3103 2214 3229 2270 dato
3252 2214 3471 2285 repudio
3493 2215 3547 2270 di
3563 2244 3576 2256 ο

1983 2314 2197 2369 mittere
2222 2328 2341 2369 eam
2374 2314 2571 2369 debet:
2594 2314 2639 2368 si
2666 2327 2793 2367 vero
2816 2312 3049 2368 retinere
3086 2310 3204 2381 ejus
3235 2310 3569 2367 consortium

1983 2407 2135 2474 velit,
2168 2423 2275 2463 non
2297 2417 2472 2478 potest
2498 2417 2752 2477 suscepto
2773 2406 3075 2463 ministerio
3108 2406 3327 2475 perfrui.

1909 2476 1960 2537 Β
2044 2501 2135 2558 ΙΧ.
2172 2500 2251 2556 De
2280 2476 2589 2573 presbyteris
2616 2476 2874 2571 corporali
2902 2508 3112 2570 peccato
3138 2500 3528 2570 prreoccsspatis.

2057 2595 2159 2662 Qui
2210 2594 2488 2650 admiserit
2528 2595 2808 2665 corporale
2850 2603 3150 2664 peccatum,
3180 2602 3236 2649 et
3279 2593 3367 2648 hic
3398 2600 3579 2662 postea

1987 2688 2269 2757 presbyter
2296 2687 2575 2742 ordinatus
2602 2695 2707 2753 est,
2730 2689 2776 2740 si
2800 2684 3081 2741 confessus
3110 2685 3271 2740 fuerit
3292 2682 3435 2753 quod
3461 2688 3580 2736 ante

1989 2778 2383 2833 ordinationem
2412 2792 2564 2833 suam
2595 2776 2915 2846 peccaverit.
2947 2778 3056 2848 23
3086 2790 3191 2831 non
3213 2773 3430 2844 quidem
3454 2772 3583 2837 olfe-

1990 2877 2107 2937 rat;
2140 2880 2355 2926 maneat
2376 2882 2557 2925 autem
2588 2869 2643 2925 in
2673 2869 2795 2924 aliis
2820 2868 3011 2923 olilciis
3038 2875 3258 2938 propter
3284 2868 3402 2936 ejus
3427 2864 3583 2919 studii

1992 2962 2279 3018 utilitatem
2311 2979 2326 3017 t
2362 2974 2483 3016 nam
2515 2972 2571 3016 et
2596 2969 2792 3016 caetera
2822 2969 3040 3029 peccata
3070 2969 3397 3015 censuerunt
3426 2958 3584 3026 pluri-

1993 3056 2065 3108 mi
2110 3053 2273 3109 etiam
2304 3052 2645 3108 ordinatione
2674 3053 2887 3123 privare
2911 3050 2961 3105 ἱ.
2984 3050 3139 3119 Quod
3170 3052 3217 3105 si
3254 3050 3321 3106 de
3366 3048 3449 3104 itis
3477 3064 3584 3103 non

1995 3147 2156 3205 fuerit
2178 3148 2461 3205 conlessus
2490 3163 2591 3205 nec
2620 3149 2689 3205 ab
2715 3148 2896 3218 aliquo
2924 3148 3122 3218 poterit
3147 3144 3436 3201 manifeste
3459 3158 3587 3201 con.

1996 3241 2162 3311 vinci,
2202 3240 2328 3296 huic
2359 3240 2460 3311 ipsi
2492 3240 2562 3297 de
2592 3255 2650 3296 se
2685 3249 2924 3310 potestas
2954 3251 3037 3295 est
3067 3239 3444 3310 permittenda.

2068 3334 2140 3389 Χ.
2174 3334 2249 3389 De
2286 3334 2589 3390 diaconibus
2612 3335 2869 3406 corporali
2897 3342 3107 3407 peccato
3136 3337 3519 3407 pratoccupatis.

2070 3425 2332 3481 Similiter
2362 3428 2417 3483 et
2441 3423 2468 3464 ιι
2502 3425 2761 3482 diaconus
2789 3426 2839 3482 si
2868 3426 2921 3482 in
2949 3425 3143 3481 eodem
3185 3425 3353 3496 culpae
3396 3438 3588 3497 genere

1995 3516 2161 3573 fuerit
2190 3518 2484 3588 involutus,
2517 3533 2639 3575 sese
2664 3532 2693 3573 a
2726 3518 3022 3575 ministerio
3048 3517 3341 3573 cohibebit.

1998 3626 2087 3690 XI.
2120 3631 2479 3707 Presbyterem
2523 3628 2693 3707 minus
2732 3634 2946 3707 triginta
2975 3640 3228 3688 annorum
3275 3625 3480 3686 minime
3507 3644 3589 3687 or-

2639 3706 2947 3759 dinandunt.

2070 3796 2359 3868 Presbyter
2388 3807 2513 3855 ante
2538 3797 2755 3868 triginta
2778 3804 3045 3851 annorum
3072 3802 3284 3851 astatem
3314 3802 3420 3849 non
3441 3794 3590 3849 ordi-

1995 3894 2175 3951 netur,
2202 3888 2447 3956 quamvis
2473 3888 2542 3943 sit
2580 3887 2872 3957 probabilis
2899 3887 3052 3954 vitas,
3081 3884 3175 3941 sed
3217 3884 3467 3940 observet
3494 3899 3582 3939 us-

1997 3992 2101 4047 que
2130 3979 2194 4033 ad
2222 3979 2545 4048 praefinitum
2575 3987 2819 4048 tempus;
2853 3978 3113 4032 Dominus
3140 3977 3286 4032 enim
3313 3977 3586 4034 tricesimo

1998 4081 2141 4121 anno
2171 4068 2467 4136 baptizatus
2495 4076 2601 4133 est,
2632 4076 2687 4123 et
2716 4077 2841 4122 tunc
2870 4067 3203 4137 pradicavit.

2130 4158 2248 4214 XII.
2279 4159 2358 4213 De
2384 4159 2465 4213 his
2492 4161 2580 4230 qui
2602 4161 2654 4214 lu
2681 4160 2986 4231 aegritudine
3013 4170 3133 4216 sunt
3160 4160 3425 4229 baptismi.

2072 4254 2129 4309 Si
2155 4254 2276 4324 quis
2305 4254 2358 4310 in
2390 4254 2709 4325 aegritudine
2731 4255 3051 4310 constitutus
3078 4254 3240 4311 fuerit
3269 4256 3590 4325 baptizatus,

2000 4348 2281 4419 presbyter
2309 4348 2549 4404 ordinari
2592 4363 2698 4404 non
2740 4349 2935 4415 debet;
2966 4363 3071 4404 non
3117 4350 3261 4405 enim
3294 4350 3427 4404 ﬂues
3454 4349 3596 4405 Illius

1998 4442 2299 4496 voluntaria
2342 4442 2439 4498 sed
2492 4456 2560 4498 ex
2603 4445 2928 4499 necessitate
2956 4451 3040 4498 est
3070 4461 3080 4495 :
3113 4443 3216 4497 nisi
3245 4442 3383 4498 forte
3408 4450 3594 4513 postea

2001 4535 2159 4604 bujus
2202 4536 2371 4606 ipsius
2414 4535 2652 4591 studium
2681 4547 2735 4592 et
2765 4536 2900 4593 fides
2950 4535 3247 4605 probabilis
3289 4534 3467 4605 fuerit,
3500 4544 3595 4592 aut

1999 4627 2275 4684 hominum
2308 4628 2500 4684 raritas
2526 4636 2702 4700 cogat.

2249 4721 2391 4777 XIII.
2419 4722 2499 4776 De
2526 4721 2832 4793 presbyteris
2861 4712 3074 4775 alterius
3095 4719 3338 4792 regionis.

2073 4817 2381 4888 Presbyteri
2411 4818 2500 4885 qui
2530 4814 2942 4886 conregionales
2973 4828 3079 4868 non
3108 4822 3235 4870 sunt
3264 4814 3316 4868 in
3344 4811 3587 4880 ecclesia,

1998 4910 2356 4979 praesentibus
2376 4906 2640 4977 episcopis
2662 4907 2743 4962 vel
2768 4906 3097 4978 presbyteris
3118 4906 3372 4975 civitatis,
3396 4900 3593 4960 offerre

2003 5012 2109 5055 non
2140 5006 2392 5070 paterunt
2416 5014 2515 5055 nec
2550 5010 2738 5070 panem
2763 4999 2915 5067 dare,
2946 5000 3000 5055 in
3031 5001 3273 5055 oratione
3301 5006 3476 5052 autem
3503 5006 3593 5047 ca-

2002 5093 2156 5148 licem
2199 5092 2421 5149 dabunt.
2467 5090 2619 5162 Quod
2648 5095 2691 5149 si
2731 5094 2984 5151 absentes
3014 5094 3122 5150 sint
3148 5092 3380 5149 civitatis
3412 5100 3596 5141 sacer-

265 5181 511 5241 volttnt,
571 5177 702 5235 nihil
730 5182 875 5236 enim
903 5183 954 5236 in
984 5183 1087 5238 hoc
1115 5194 1454 5240 sacramento
1477 5201 1764 5241 commune
1785 5196 1889 5250 est,
1923 5225 1979 5287 Β
2003 5187 2155 5243 dotes
2196 5196 2249 5243 ct
2293 5188 2455 5245 fuerit
2502 5188 2774 5258 invitatus,
2824 5191 2877 5246 in
2925 5191 3168 5246 oratione
3198 5185 3343 5240 Solus
3378 5181 3577 5249 poterit

274 5280 299 5312 ε
340 5273 620 5343 pariturae
649 5280 703 5328 et
726 5270 805 5328 illi
832 5273 974 5344 good
1002 5275 1070 5332 de
1090 5275 1205 5347 ejus
1230 5288 1384 5335 utero
1412 5276 1569 5335 fuerit
1595 5274 1615 5318 ί
1649 5279 1890 5348 editum;

354 5420 383 5476 ει
421 5406 526 5475 1E.
554 5446 571 5472 ,
617 5405 945 5476 Germanus,
970 5408 1220 5465 lristrius.

352 5472 383 5518 δ
424 5472 897 5553 Ᾱ-ξηηϐενεηιίαε,
930 5472 1175 5536 Sanctus.
1222 5480 1314 5553 U.,
1369 5480 1677 5553 Gerontius,
1718 5484 1898 5541 Leon-

270 5553 408 5617 tius,
446 5548 754 5604 Basiliscus.

357 5634 384 5661 ι-
417 5622 493 5675 Αἱ
506 5658 521 5673 ,
533 5660 547 5684 ,
599 5621 937 5676 reconciliari.

354 5690 386 5729 ά
416 5690 517 5746 ίΕ.
548 5731 562 5755 ,
596 5691 866 5746 observari.

360 5774 388 5839 ε
431 5762 532 5829 U.,
575 5764 903 5839 parturientis
932 5774 980 5839 et
1027 5766 1167 5821 illius
1195 5768 1282 5836 qui
1335 5767 1399 5820 de
1425 5770 1539 5839 ejus
1575 5777 1721 5822 utero
1749 5769 1902 5839 fuerit

274 5837 514 5909 editus,
544 5833 666 5909 quia
705 5834 1105 5909 uniuscujusque
1132 5839 1185 5891 in
1208 5833 1317 5893 illa
1346 5833 1666 5909 confessione
1692 5833 1900 5895 libertas

274 5905 515 5960 arbitrii
553 5904 865 5977 declaratur,
896 5904 1091 5963 idcirco
1121 5920 1267 5965 natus
1299 5926 1389 5980 per
1433 5904 1485 5965 se
1530 5912 1895 5983 baptizabitur.

2004 5282 2163 5344 dare;
2193 5282 2376 5339 vicarii
2406 5292 2582 5340 autem
2609 5285 3010 5357 episcoporum,
3042 5295 3178 5353 quos
3203 5276 3373 5333 Graeci
3398 5275 3595 5332 chore-

2079 5418 2101 5460 ί
2130 5421 2244 5489 113.,
2273 5424 2519 5493 genitum.

2081 5501 2107 5561 ti
2136 5494 2215 5547 Ex
2245 5490 2305 5548 Τ.
2336 5494 2390 5547 2.
2423 5496 2478 5549 In
2510 5498 2577 5551 A.
2604 5505 2657 5551 et
2678 5495 2897 5561 reliquis
2926 5490 3211 5548 Codicibus
3238 5506 3252 5541 :
3277 5506 3379 5545 non
3416 5507 3583 5546 orare.

2078 5559 2110 5599 ιλ
2142 5564 2231 5630 U.,
2264 5565 2324 5619 Si
2351 5572 2499 5636 cujus
2537 5582 2667 5621 uxor
2694 5559 3000 5636 adulterium
3026 5562 3348 5636 cognoscitur
3377 5563 3579 5617 commi-

2007 5636 2154 5705 sisse.
2183 5647 2298 5690 'cum
2324 5632 2448 5691 esset
2472 5638 2656 5704 laicus,
2686 5647 2733 5691 et
2754 5634 2903 5702 fuerit
2933 5632 3336 5705 comprobatum.

2089 5704 2225 5782 ξυλ,
2254 5707 2629 5761 adulteraverit.
2732 5775 2742 5782 _
2842 5772 2853 5782 .

2082 5776 2095 5852 ξ
2137 5778 2253 5852 ᾧ,
2283 5789 2628 5852 promea..."
2660 5775 2872 5852 privari.

2077 5845 2103 5885 ιι
2136 5842 2245 5913 18.,
2273 5842 2628 5902 dracones...”
2662 5842 2851 5914 fuerint
2874 5842 3235 5904 inuoluti......
3270 5846 3592 5900 cehibebunt.
