4086 6358
548 379 645 438 ill
1228 380 1610 439 COLLECTIO
1646 379 1980 439 CANONUM
2022 381 2082 438 S.
2127 381 2402 439 lSlDOltO
2440 380 2710 440 HISPAL.
2751 378 3107 441 ASCRIPTA.

545 496 797 568 piscop‘os
817 503 1031 563 vocant,
1048 495 1320 552 constituti
1341 504 1464 549 sunt
1491 495 1708 564 quidem
1737 495 1800 550 ad
1829 495 2131 564 exetuplum
2160 502 2213 559 Α

543 588 886 658 septuaginta
945 591 1237 654 seniorum,
1283 587 1376 642 sed
1437 597 1690 659 tanquam
1728 592 2138 644 censacerdmes

549 687 770 748 pmpter
798 679 1212 734 sollicitudinem
1257 690 1312 734 et
1343 680 1576 734 studium
1623 682 1674 734 in
1721 694 1981 750 pauperes
2010 679 2145 736 olle-

545 779 670 825 rant
697 779 751 825 et
785 770 1124 827 honorabiles
1153 770 1474 826 habeantur.

615 914 640 941 ³
669 903 730 958 Β.
757 903 848 972 8.,
880 905 1045 975 cujus.

3729 382 3838 441 ΜΩ

2626 498 2766 552 XIV.
2795 497 2872 554 De
2899 499 3201 554 diaconibus
3225 505 3436 568 septem.

2317 588 2533 644 Diaconi
2579 600 2785 658 septem
2836 608 2956 646 esse
3003 591 3199 647 debent
3228 593 3520 648 secundum
3568 592 3834 662 regulam,

2245 682 2486 750 quamvis
2531 697 2718 750 magna
2767 684 2838 737 sit
2865 683 3054 738 civitas
3078 725 3093 750 ,
3126 692 3154 721 ⁸
3187 683 3273 740 cui
3315 684 3512 756 regula
3539 688 3836 742 auctoritas

2244 775 2349 832 erit
2383 775 2518 831 liber
2547 777 2775 831 Actuum
2804 779 3188 847 apostolorum.

635 1045 3830 1081 Μ

544 1045 1444 1074 β

2089 1178 2324 1283 Ν.

1421 1367 1659 1453 CON
1675 1367 2102 1451 CILIUM
2179 1364 2950 1450 GANGRENSE.

1112 1537 1266 1583 1³081⁸
1318 1539 1619 1584 NICENAM
1681 1541 1984 1584 BYNODUM
2035 1540 2117 1580 BD

2235 1539 2282 1582 Μ
2339 1539 2416 1580 ΔΒ
2476 1539 2791 1582 εριεοονιε
2854 1538 3234 1592 ρυιηυεοηι.

614 1647 860 1718 27-28
892 1645 1132 1702 Dominis
1153 1645 1556 1700 honorabilibus
1577 1646 2051 1701 consacerdotibus
2075 1646 2128 1700 in

2238 1662 2396 1716 quam
2446 1647 2656 1704 illicitos
2702 1647 2964 1706 refutasse
2994 1647 3136 1722 [Δῐη
3171 1647 3234 1706 Τ.
3280 1647 3361 1716 2.,
3405 1650 3828 1726 reputasseizin

543 1739 792 1794 Armenia
811 1739 1112 1792 constitutis
1125 1739 1404 1803 Eusebius,
1419 1737 1674 1806 Eulalius,
1697 1739 1974 1809 Olympius
1987 1737 2130 1810 [.IE.,
2165 1777 2212 1838 Β
2241 1739 2488 1795 domibus
2516 1741 2817 1812 coniugatis
2850 1739 2994 1816 [ΑΞἿ
3031 1739 3125 1809 U.,
3153 1741 3587 1816 coniugatorum]
3611 1760 3677 1801 ne
3704 1761 3826 1804 ora~

541 1829 839 1904 Olympus],
890 1830 1127 1888 Philetus
1172 1831 1260 1906 [T.
1297 1834 1347 1900 l,
1381 1833 1612 1899 Piletus;
1647 1832 1708 1888 Τ.
1731 1831 1786 1899 2,
1822 1831 2128 1906 Philestus].

539 1925 772 1996 Pappus,
792 1927 1040 1994 Basilius,
1064 1927 1374 1999 Bithynicus
1393 1926 1491 2000 [1E
1498 1967 1537 1993 .,
1559 1927 1812 2001 Binicus],
1831 1930 2128 1998 Hieracius,

537 2019 783 2089 Hipatius
814 2018 955 2091 [AE.,
989 2021 1214 2088 Ipanus:
1252 2020 1343 2086 U.,
1375 2021 1668 2094 Lipacius],
1704 2024 1918 2090 Bassus,
1951 2025 2127 2094 Euge-

535 2112 681 2179 nius,
715 2113 1027 2184 Gregorius,
1053 2112 1322 2179 IElianus,
1343 2113 1662 2187 Presius[B.
1695 2115 1788 2181 R.,
1822 2114 2126 2182 T.l,Pr(e-

533 2202 692 2274 sius],
729 2203 1024 2273 Eugenius,
1056 2203 1147 2273 qui
1177 2216 1550 2260 convenerunt
1578 2207 1630 2259 in
1660 2205 1973 2276 Gangrense
1997 2221 2125 2262 con-

533 2294 742 2360 cilium,
801 2294 855 2348 in
905 2293 1136 2349 Domino
1185 2295 1433 2349 salutem.
1487 2295 1749 2363 Quoniam
1795 2297 2125 2353 conveniens

537 2397 723 2441 sancta
770 2385 1007 2458 synodus
1045 2386 1419 2456 episcoporum
1463 2386 1517 2441 in
1556 2388 1918 2457 Gangrensem
1949 2391 2126 2446 eccle-

534 2481 669 2535 siam
700 2490 922 2551 propter
948 2481 1205 2551 quasdam
1253 2479 1646 2535 ecclesiasticas
1689 2491 1744 2535 et
1788 2482 2122 2538 necessarias

533 2587 725 2628 causas
751 2573 1120 2642 inquirendas,
1145 2583 1198 2626 et
1221 2587 1283 2627 ea
1308 2587 1426 2642 qua:
1451 2574 1744 2628 secundum
1774 2574 2122 2630 Eustachium

533 2679 687 2735 gesta
715 2676 841 2720 sunt
869 2665 1254 2735 dignoscenda,
1289 2663 1489 2720 invenit
1520 2667 1685 2720 multa
1718 2667 1836 2720 ﬁeri
1868 2668 2122 2722 indecen-

537 2765 621 2811 ter
647 2757 716 2811 ab
747 2757 831 2812 his
862 2757 989 2826 ipsis
1016 2756 1104 2826 qui
1139 2756 1279 2809 hunc
1307 2755 1556 2809 eumdem
1575 2755 1920 2810 Eustachium
1951 2756 2118 2812 secuti

536 2860 694 2917 sunt;
741 2849 1048 2904 necessario
1082 2849 1287 2914 statuit,
1336 2848 1507 2917 palam
1539 2846 1694 2903 factis
1719 2848 1964 2904 omnibus
1998 2848 2118 2922 [U.,

528 2937 782 3012 cunctis],
841 2948 1120 3008 amputare
1169 2939 1415 2992 universa
1461 2954 1578 3008 quae
1632 2938 1701 2993 ab
1740 2939 1929 2995 eodem
1980 2942 2120 2996 male

531 3033 821 3089 commissa
868 3041 1014 3088 sunt.
1069 3033 1406 3088 Declaratum
1437 3043 1520 3087 est
1563 3032 1706 3088 enim
1756 3033 1854 3088 hos
1899 3035 2118 3090 eosdem

2243 1833 2415 1889 tiones
2441 1833 2657 1904 quidem
2689 1833 2891 1892 debere
2934 1834 3190 1892 celebrari
3223 1837 3576 1906 persuasisse,
3619 1839 3672 1895 in
3702 1851 3826 1897 tan-

2241 1932 2349 1980 tum
2401 1936 2458 1980 ut
2499 1926 2714 1982 easdem
2747 1927 2862 1983 ﬁeri
2913 1938 3114 1997 vetent,
3148 1937 3203 1984 et
3230 1927 3593 1987 oblationibus
3623 1947 3743 2000 quae
3770 1933 3828 1990 in

2239 2015 2489 2072 domibus
2521 2017 2672 2073 tactae
2700 2017 2901 2074 fuerint
2923 2019 3145 2077 minime
3174 2022 3676 2078 communicandum
3706 2039 3828 2082 esse

2242 2106 2540 2164 decernant
2565 2125 2578 2161 :
2603 2109 2947 2180 presbyteros
2975 2126 3104 2167 vero
3128 2111 3218 2181 qui
3246 2114 3585 2169 matrimonia
3613 2124 3830 2170 contra-

2238 2208 2428 2254 xerunt
2454 2201 2635 2268 Sperni
2663 2199 2863 2256 debere
2888 2200 3090 2268 dicunt,
3122 2215 3219 2257 nec
3245 2214 3576 2260 sacramenta
3607 2221 3728 2275 qua:
3752 2205 3825 2263 ab

2236 2287 2320 2344 bis
2358 2291 2714 2345 coniiciuntur
2764 2291 2952 2361 attingi
2979 2310 2990 2344 :
3017 2291 3133 2347 loca
3182 2303 3486 2350 sanctorum
3517 2305 3820 2366 martyrum

2235 2381 2322 2436 vel
2352 2382 2600 2437 basilicas
2631 2369 3005 2449 contemnere,
3039 2395 3094 2441 et
3123 2400 3313 2441 omnes
3349 2387 3434 2456 qui
3466 2386 3590 2441 illuc
3614 2401 3820 2444 conve-

2234 2473 2387 2529 niuut
2407 2483 2462 2530 et
2483 2487 2818 2532 sacramenta
2849 2478 3142 2534 conliciunt
3168 2479 3562 2550 reprehendere
3585 2498 3600 2535 :
3623 2482 3825 2539 divites

2234 2567 2422 2622 ﬁdeles
2469 2571 2558 2637 qui
2611 2586 2714 2624 non
2755 2571 3008 2627 omnibus
3037 2572 3350 2629 renuntiant
3387 2590 3502 2644 qua:
3549 2575 3826 2644 possident

2231 2672 2382 2726 spem
2437 2675 2544 2714 non
2598 2660 2795 2717 habere
2819 2659 2846 2701 1³
2875 2679 2888 2715 :
2915 2669 2971 2717 et
2999 2663 3167 2718 multa
3200 2665 3324 2731 alia,
3370 2680 3488 2736 quae
3517 2668 3821 2723 enumerari

2231 2750 2363 2804 nulli
2389 2750 2645 2820 possibile
2674 2761 2774 2817 est,
2806 2751 3048 2824 singulos
3077 2770 3319 2826 quosque
3346 2754 3435 2829 [Τ.
3486 2755 3543 2825 2,
3569 2755 3630 2812 U.
3648 2797 3664 2823 ,
3689 2773 3822 2828 queo

2231 2840 2358 2912 que]
2399 2857 2584 2897 eorum
2615 2858 2713 2912 pro
2744 2859 2844 2898 suo
2873 2845 3101 2901 arbitrio
3148 2846 3495 2902 constituere.
3530 2847 3822 2918 Unusquis—

2231 2950 2336 3004 que
2363 2935 2505 2990 enim
2534 2950 2718 2990 eorum
2772 2954 2869 3007 per
2910 2937 3070 2994 talem
3126 2937 3516 2994 institutionem
3550 2940 3619 2994 ab
3647 2941 3820 2996 eccle-

2230 3030 2449 3086 siastico
2479 3046 2686 3086 canone
2716 3033 2976 3088 recedens
3007 3043 3258 3103 tanquam
3303 3033 3546 3103 proprias
3574 3032 3720 3101 leges
3750 3032 3819 3087 si-

531 3128 743 3196 nuptias
773 3141 1050 3193 accusare,
1084 3138 1134 3181 et
1167 3126 1364 3180 docere
1395 3126 1534 3194 quod
1562 3126 1740 3182 nullus
1769 3127 1821 3182 in
1851 3128 2118 3198 coniugali
2149 3153 2196 3214 ο
2234 3123 2400 3178 bimet
2444 3122 2706 3178 condidit.
2750 3122 2858 3179 Sed
2905 3138 3004 3178 nec
3043 3125 3343 3178 communis
3385 3123 3467 3214 his
3493 3125 3744 3180 omnibus
3767 3133 3820 3181 et

527 3218 735 3287 positus
763 3218 930 3288 gradu
958 3231 1108 3286 spem
1139 3216 1334 3270 habeat
1359 3217 1500 3284 apud
1522 3215 1686 3270 Deum
1719 3232 1734 3269 :
1760 3217 1900 3271 unde
1926 3217 2122 3273 factum

532 3320 616 3366 est
647 3319 704 3364 ut
735 3311 912 3365 multa:
943 3309 1201 3364 mulieres
1251 3309 1506 3375 seductas,
1540 3308 1742 3363 relictis
1785 3311 2016 3380 propriis
2045 3311 2124 3364 vi-

531 3405 628 3470 ris,
657 3412 714 3457 et
757 3403 856 3457 viri
899 3401 1153 3456 uxoribus
1200 3401 1474 3456 destitutis
1520 3400 1792 3457 vinculum
1841 3402 2124 3472 coniugale

530 3492 913 3558 dissolverent,
965 3491 1352 3546 continentiam
1405 3492 1742 3560 prolitentes,
1792 3507 1949 3562 quam
1999 3507 2121 3547 cum

530 3587 772 3643 retinere
799 3599 903 3640 non
936 3592 1175 3653 possent,
1201 3581 1465 3638 adulteria
1489 3582 1895 3638 commiserunt.
1915 3581 2118 3638 Inventi

529 3688 654 3733 sunt
682 3679 843 3732 etiam
875 3675 1240 3731 dissensiones
1281 3689 1344 3729 ac
1371 3675 1744 3743 separationes
1773 3691 1804 3730 a
1833 3674 2121 3730 dominicis

531 3769 841 3827 constitutis
891 3769 1250 3823 Ecclesiarum
1295 3766 1392 3822 Dei
1432 3768 1647 3832 docere,
1678 3768 1729 3823 id
1759 3779 1840 3823 est
1867 3777 1922 3822 et
1950 3767 2118 3822 tradi-

532 3863 708 3917 tiones
737 3859 1136 3916 ecclesiasticas
1165 3869 1219 3914 et
1265 3873 1328 3913 ea
1371 3875 1488 3929 qua:
1538 3861 1591 3914 in
1623 3861 1866 3915 ecclesiis
1893 3869 2121 3929 aguntur

528 3955 726 4010 debere
779 3954 1094 4019 contemni,
1146 3952 1366 4022 privatis
1407 3953 1795 4010 conventiculis
1840 3953 2117 4022 institutis,

525 4057 690 4118 atque
719 4046 786 4101 ad
815 4047 1171 4103 imitationem
1195 4062 1382 4102 eorum
1405 4063 1525 4117 quae
1558 4047 1609 4101 in
1639 4047 1800 4103 domo
1828 4048 1918 4103 Dei
1948 4063 2119 4118 agun-

526 4147 614 4192 tur
667 4140 845 4194 omnia
899 4154 1227 4208 praasumere
1275 4149 1330 4194 et
1378 4139 1659 4194 celebrare
1693 4156 1706 4192 :
1738 4140 1911 4194 adhuc
1955 4141 2117 4195 etiam

527 4228 768 4284 vestibus
796 4231 1172 4284 communibus
1201 4232 1396 4296 spretis
1428 4243 1596 4282 novos
1625 4238 1681 4283 et
1705 4229 1948 4284 insolitos
1970 4228 2118 4284 habi-

522 4331 608 4375 tus
635 4323 1025 4391 assumpsisse:
1054 4320 1317 4390 primitias
1338 4335 1552 4388 quoque
1583 4317 1853 4373 fructuum
1884 4329 1936 4373 et
1962 4319 2114 4374 obla-

531 4411 704 4466 tiones
732 4426 944 4476 eorum,
994 4424 1129 4480 quas
1173 4419 1414 4464 veterum
1461 4408 1721 4462 institutio
1749 4406 2117 4461 ecclesiisvtri-

2234 3228 2336 3267 uua
2367 3214 2634 3267 sententia
2661 3223 2772 3268 est:
2805 3212 3002 3282 singuli
3024 3213 3165 3268 enim
3199 3222 3355 3282 prout
3381 3213 3592 3269 videtur
3616 3225 3672 3271 et
3691 3217 3819 3272 libet

2228 3306 2294 3360 ad
2341 3307 2737 3361 accusationem
2786 3307 3033 3362 ecclesia:
3089 3307 3310 3362 nitendo
3355 3315 3609 3377 tanquam
3642 3319 3818 3366 rector

2227 3410 2330 3449 non
2379 3394 2475 3460 sit,
2518 3394 2601 3451 vel
2646 3395 2792 3451 addit
2838 3396 3054 3452 decreta
3084 3398 3166 3453 vel
3201 3397 3412 3453 minuit.
3445 3397 3676 3469 Propter
3705 3403 3816 3455 haec

2226 3503 2354 3558 ergo
2379 3498 2621 3543 coactum
2657 3486 2776 3561 [U.,
2809 3487 3013 3560 actum]
3042 3499 3126 3544 est
3151 3488 3256 3545 hoc
3285 3491 3568 3545 concilium
3593 3492 3646 3546 in
3669 3489 3813 3546 Gan-

2225 3581 2404 3650 grensi
2427 3581 2659 3638 ecclesia
2691 3582 2930 3640 habitum
2961 3598 3198 3640 canones
3226 3585 3669 3654 istosexponere,
3699 3588 3816 3657 qui-

2224 3673 2324 3728 bus
2353 3674 2720 3744 probabuntur
2743 3674 2860 3748 [U.,
2887 3674 2979 3741 6.,
3013 3675 3328 3749 probantur]
3358 3677 3638 3732 memorati
3663 3689 3811 3734 extra

2225 3764 2317 3838 [1E
2331 3755 2371 3834 .’,
2399 3766 2462 3820 Β.
2490 3767 2581 3835 8.,
2609 3767 2678 3824 Ε.
2713 3767 2766 3835 5,
2796 3767 2888 3835 U.,
2914 3766 3077 3839 intra]
3106 3769 3387 3824 ecclesiam
3417 3783 3536 3824 esse
3563 3771 3738 3838 :quod
3765 3771 3810 3826 si

2225 3873 2321 3928 per
2371 3861 2740 3928 paenitentiam
2789 3862 3267 3918 condemnaverint
3312 3862 3491 3916 omnia
3543 3861 3660 3918 haec
3694 3877 3811 3932 qua

2227 3951 2366 4006 male
2394 3961 2704 4022 senserunt,
2736 3963 2988 4023 tanquam
3019 3967 3048 4006 a
3073 3967 3132 4008 se
3157 3968 3266 4007 non
3296 3953 3434 4008 bene
3464 3952 3692 4023 prolata,
3723 3969 3810 4009 ac-

2222 4045 2518 4112 ceptabiles
2546 4044 2698 4114 liant,
2730 4055 2892 4115 atque
2939 4059 3005 4100 eo
3035 4044 3244 4118 singula
3275 4059 3394 4114 qua:
3426 4044 3657 4100 debeant
3679 4059 3811 4102 con-

2221 4135 2477 4192 demnare
2500 4137 2739 4206 synodus
2760 4136 2988 4191 credidit
3015 4135 3159 4208 [ΑΞ.,
3177 4133 3242 4189 Β.
3263 4135 3356 4202 R.,
3391 4133 3456 4191 Ε.
3484 4137 3536 4198 3,
3565 4134 3660 4203 U.,
3687 4152 3808 4190 cre-

2220 4222 2316 4293 dit]
2345 4226 2682 4292 exponenda.
2706 4226 2859 4292 Quod
2886 4226 2932 4280 si
2953 4226 3072 4294 quis
3094 4226 3334 4280 renuerit
3365 4225 3479 4280 bzec
3500 4241 3620 4294 qua:
3648 4226 3809 4284 hodie

2219 4313 2508 4366 constituta
2538 4323 2686 4378 sunt,
2731 4325 2981 4384 tanquam
3013 4315 3300 4373 haereticus
3327 4316 3806 4374 anathematizatus

2217 4414 2272 4461 et
2297 4407 2580 4462 damnatus
2609 4409 2892 4478 obiiciatur
2919 4421 2970 4466 et
3001 4411 3101 4466 erit
3146 4427 3251 4468 non
3304 4413 3477 4469 solum
3509 4414 3807 4470 incommu-

521 4503 663 4568 buit,
717 4501 937 4556 sibimet
993 4499 1298 4553 vindicasse
1349 4497 1495 4570 [/E.,
1535 4494 1892 4566 vendicasse],
1935 4495 1987 4551 id
2031 4504 2115 4551 est
2143 4515 2192 4576 ο
2222 4495 2450 4563 nicatus,
2485 4513 2675 4553 verum
2705 4499 2866 4554 etiam
2899 4502 2966 4556 ab
2995 4502 3221 4557 ecclesia
3257 4502 3516 4559 habeatur
3551 4506 3803 4572 extorris,

521 4591 738 4659 propria
765 4593 1174 4646 ratiocinatione
1225 4588 1312 4661 [T.
1349 4589 1405 4653 2,
1435 4587 1480 4643 U
1505 4628 1544 4654 .,
1596 4585 1825 4657 ratione]
1854 4589 2112 4644 doctrina:

527 4690 776 4749 tanquam
811 4683 1010 4736 sanctis
1038 4681 1140 4735 sibi
1170 4695 1264 4734 eas
1290 4679 1475 4734 oﬂ‘erri
1523 4679 1743 4742 debere,
1787 4681 1926 4748 apud
1971 4696 2031 4736 se
2059 4689 2114 4736 et

526 4772 666 4824 inter
694 4785 754 4825 se
781 4771 1166 4840 dispensandas
1192 4787 1206 4824 :
1230 4785 1416 4826 servos
1444 4785 1474 4824 a
1505 4770 1737 4826 dominis
1777 4771 2110 4840 recedentes,

523 4873 579 4917 et
609 4877 703 4930 per
739 4863 876 4917 hunc
924 4864 1236 4918 inusitatum
1282 4865 1557 4934 regionis“
1599 4879 1709 4919 sua:
1742 4865 1981 4922 habitum
2011 4868 2110 4924 sub

523 4953 706 5024 specie
755 4951 1032 5022 religionis
1087 4955 1335 5010 dominos
1385 4959 1822 5026 contempsisse:
1857 4960 2108 5015 mulieres

519 5061 732 5116 quoque
763 5054 958 5115 praeter
989 5049 1429 5104 consuetudinem
1455 5058 1506 5104 et
1535 5051 1614 5104 sui
1646 5066 1809 5106 sexus
1837 5062 2106 5117 ornatum,

524 5142 651 5194 hinc
680 5155 741 5194 se
767 5139 1051 5206 justilicari
1081 5142 1383 5207 credentes,
1414 5144 1622 5199 virilem
1654 5145 1890 5199 habitum
1922 5160 2106 5200 susce-

522 5234 684 5300 pisse,
739 5232 1026 5302 pluresque
1075 5247 1257 5288 earum
1291 5235 1578 5291 occasione
1625 5236 1897 5306 religionis
1929 5246 2108 5292 tonsas

519 5323 735 5389 genuini
783 5324 997 5380 decoris
1046 5339 1228 5380 comas
1275 5329 1486 5395 penitus
1534 5337 1840 5397 amputasse
1869 5347 1882 5383 :
1906 5330 2104 5400 ieiunia

521 5429 641 5476 qua:
691 5414 743 5468 in
793 5416 1020 5472 ecclesia
1071 5415 1431 5487 [medicantur
1479 5421 1891 5485 contemnendo,
1935 5421 2104 5477 ventri

519 5505 760 5562 servisse
792 5525 805 5561 :
831 5510 1120 5568 nonnullos
1149 5509 1311 5568 etiam
1341 5526 1530 5568 eorum
1555 5512 1705 5569 cibos
1725 5516 1962 5570 carnium
1991 5525 2106 5570 tan-

589 5695 614 5722 ι
640 5684 713 5739 Ex
745 5684 855 5754 .43.,
895 5687 956 5742 Β.
987 5688 1078 5759 8.,
1120 5690 1187 5747 Τ.
1238 5693 1292 5758 l,
1323 5689 1379 5759 2,
1413 5690 1504 5761 U.,
1546 5690 1613 5747 ϐ.
1660 5691 1714 5747 In
1756 5693 1820 5746 A.
1851 5699 1905 5748 et
1949 5691 2014 5746 E.
2049 5693 2103 5760 5,

572 5755 793 5808 liaionis.

503 5771 838 5906 ,ηιὲθξὲἷζεὶὶ
872 5830 962 5899 IL,
990 5832 1051 5888 Ε.
1089 5834 1145 5903 5,
1182 5833 1248 5888 Τ.
1278 5836 1331 5901 1,
1365 5835 1420 5904 2,
1471 5835 1559 5905 U.,
1592 5853 1733 5905 spem
1761 5834 1902 5906 apud
1942 5834 2106 5890 Deum

2216 4590 2392 4645 donec
2423 4591 2743 4660 deprecetur
2772 4593 3053 4663 episcopos
3085 4604 3139 4649 et
3168 4593 3237 4649 de
3266 4594 3528 4651 universis
3557 4613 3678 4666 qua:
3711 4613 3805 4666 pe-
3861 4589 3866 4592 ’

2214 4697 2309 4737 nes
2337 4698 2432 4738 eos
2461 4683 2796 4754 deprehensa
2848 4696 3009 4756 atque
3056 4687 3264 4741 detecta
3313 4695 3436 4742 sunt
3484 4688 3798 4757 prodiderit,

2212 4773 2340 4844 quid
2373 4785 2394 4812 ο
2419 4774 2609 4829 horum
2651 4775 2949 4846 susceperit
2998 4775 3396 4832 observandum
3429 4775 3518 4850 [Τ.
3548 4779 3606 4848 2,
3638 4778 3802 4834 obse-

2211 4867 2533 4941 quendum].

2489 4983 2597 5054 29
2626 4983 2664 5036 Ι.
2701 4982 2774 5036 De
2806 4983 2882 5038 his
2911 4982 2998 5052 qui
3028 4991 3233 5055 nupttas
3261 4955 3526 5038 damnant.

2280 5117 2334 5175 Si
2367 5119 2486 5189 quis
2513 5120 2722 5188 nuptias
2753 5119 2806 5175 iu
2838 5121 3232 5176 accusationem
3264 5119 3569 5184 deduxerit,
3606 5129 3660 5174 et
3687 5134 3798 5174 mu-

2209 5213 2393 5268 lierem
2427 5211 2639 5268 lidelem
2669 5227 2732 5267 ac
2763 5213 3073 5284 religiosam
3101 5229 3222 5269 cum
3249 5215 3364 5268 viro
3391 5227 3492 5268 suo
3521 5211 3800 5267 dormien-

2211 5311 2316 5358 tem
2339 5302 2749 5358 abominandam
2778 5303 3075 5359 crediderit
3104 5313 3195 5358 aut
3220 5304 3380 5358 etiam
3411 5299 3796 5366 accusandam,

2211 5403 2460 5466 tanquam
2505 5411 2610 5450 non
2655 5411 2816 5466 posse
2855 5397 3168 5468 coniugales
3211 5396 3265 5450 in
3305 5409 3532 5466 regnum
3576 5392 3672 5450 Dei
3714 5390 3796 5448 in-

2207 5489 2378 5559 gredi,
2409 5489 2690 5544 anathema
2721 5489 2809 5546 sit.

2207 5713 2310 5753 non
2337 5693 2539 5751 habere.

2281 5779 2302 5807 ο
2337 5767 2407 5824 Ex
2438 5761 2552 5836 AL,
2589 5765 2649 5820 Β.
2674 5765 2763 5831 8.,
2795 5761 2861 5821 U.
2890 5763 2945 5818 ln
2973 5763 3036 5820 A.
3069 5773 3120 5820 et
3150 5764 3372 5836 reliquis
3404 5781 3417 5822 :
3450 5775 3612 5836 quoa.
