4086 6358
1179 239 1580 300 ϐΒᾹΞΟΟΒΙΙΜ
1622 234 1961 295 CONCILIA.
2000 264 2071 279 --
2109 235 2546 294 GANGRENSE.

2157 348 2269 402 XII.
2297 348 2374 402 De
2401 346 2769 403 continentibus
2794 344 2961 400 et'usu
2988 346 3282 415 palliorntn.

1990 438 2049 494 Si
2088 439 2208 508 quis
2246 439 2482 494 virorum
2515 437 2776 508 putaverit
2805 449 2989 493 sancto
3021 439 3293 507 proposito
3325 436 3376 492 id
3407 446 3490 492 est

1922 528 2266 582 continentia:
2295 530 2582 583 convenire
2614 540 2669 583 ut
2697 529 2852 597 pallio
2883 527 3030 602 [.E.,
3052 527 3117 580 Β.
3149 527 3234 591 R.,
3265 527 3356 593 U.,
3388 528 3505 597 pal-

243 615 531 698 crediderit
570 635 1060 700 condemnandum,
1108 642 1359 703 tanquam
1401 643 1552 699 spem
1585 641 1691 681 non
1723 625 1819 679 ha-
1923 615 2034 689 leo]
2056 626 2260 682 utatur,
2291 627 2541 688 tanquam
2567 635 2630 673 ex
2655 636 2719 673 eo
2736 618 2997 687 justitiam
3027 618 3321 682 habiturus,
3347 627 3400 672 et
3422 634 3507 672 re-

244 733 460 789 δεηιεηι
494 738 520 766 ι
548 728 688 797 quod
720 742 812 783 eas
843 728 1149 789 manducet,
1182 724 1468 779 anathema
1500 722 1590 777 sit,
1924 709 2226 776 prehendat
2252 710 2337 762 vel
2366 709 2571 777 judicet
2598 710 2731 763 alios
2752 712 2840 780 qui
2872 726 2992 765 cum
3020 709 3321 765 reverentia
3346 709 3505 763 birris

246 823 331 879 IIl.
373 821 496 877 Non
537 821 716 876 debere
747 836 941 875 servum
969 819 1230 872 occasione
1259 816 1525 886 religionis
1557 813 1823 867 dominum

1950 808 2149 860 ttuufstr
2178 810 2232 856 et
2262 803 2363 856 alia
2396 814 2544 857 vcste
2575 803 2847 858 communi
2874 820 2993 873 quae
3023 805 3075 859 in
3106 819 3202 859 usu
3231 813 3346 872 est,
3376 818 3506 858 ana—

783 906 930 944 suum
962 898 1296 942 contemnere.
1927 892 2105 947 thema
2133 895 2225 946 sit.
2982 910 2987 919 ·
3534 888 3543 898 ’

1929 984 2069 1041 XIII.
2111 985 2233 1039 Non
2269 986 2446 1039 debere
2474 986 2746 1060 mulierem
2776 987 3102 1041 continentia:
3122 988 3291 1060 :causa
3313 987 3509 1041 uirilem

243 257 341 313 II3
994 268 995 271 η
1179 239 1580 300 ΟΒᾸΞΟΟΒΙΙΜ
1622 235 1851 295 CONCII

1950 271 1961 292 ι
2000 264 2071 279 --
2109 235 2546 294 GANGRENSE.
3398 233 3502 289 114

380 361 446 416 Il.
482 359 558 414 De
582 358 662 413 his
688 357 775 428 qui
800 371 978 410 carnes
1007 356 1365 409 manducantes
1392 354 1663 405 damnant.
1845 347 1902 409 Α

308 454 363 509 Si
394 452 510 525 quis
532 464 721 504 carnes
744 448 1151 503 manducantem
1176 462 1238 500 ex
1265 446 1369 499 ﬁde
1391 459 1511 498 cum
1535 441 1816 513 religione,

243 555 439 619 praeter
458 543 769 613 sanguinem
795 551 850 596 et
871 540 1011 595 idolo
1039 539 1369 595 immolatum
1399 546 1452 591 et
1475 534 1817 598 suﬁ‘ocatum,

261 985 264 989 ’
318 984 373 1040 Si
404 982 522 1053 quis
564 993 777 1035 servum
821 979 1053 1032 alienum
1093 976 1376 1032 occasione
1413 972 1688 1042 religionis
1730 970 1827 1026 do-

253 1083 371 1133 ceat
395 1073 668 1128 dominum
697 1086 851 1126 suum
882 1070 1081 1125 debere
1108 1079 1455 1125 contemnere
1496 1065 1697 1143 eteius
1735 1062 1828 1117 mi-

197 1162 205 1183 ⁸
258 1168 503 1224 nisteriun
532 1163 841 1227 destituere,
874 1176 937 1216 ac
962 1176 1068 1215 non
1102 1160 1276 1230 potius
1309 1157 1550 1213 docuerit
1577 1171 1697 1210 eum
1728 1168 1827 1209 suo

256 1260 467 1315 domino
500 1259 637 1312 bona
672 1256 774 1311 lide
799 1262 854 1311 et
882 1268 1003 1309 cum
1035 1252 1179 1307 omni
1208 1248 1613 1307 honoriﬁcentia
1642 1248 1827 1301 deser-

251 1351 383 1417 vire,
418 1348 701 1405 anathema
733 1348 822 1402 sit.
958 1350 961 1353 ’

416 1452 421 1457 ’
489 1439 580 1495 IV.
616 1439 692 1493 De
712 1437 966 1494 oblatione
992 1434 1272 1506 presbyteri
1302 1431 1589 1505 conjugati.

318 1532 376 1589 Si
398 1533 520 1604 quis
539 1531 801 1587 discernit
820 1528 1191 1600 presbyterum
1215 1525 1561 1594 conjugatum
1581 1531 1829 1589 tanquam

248 1624 530 1679 occasione
562 1622 871 1693 nuptiarum
890 1660 907 1686 ,
936 1619 1079 1689 quod
1108 1617 1300 1673 oﬁ'erre
1329 1632 1435 1670 non
1464 1615 1657 1679 debet,
1687 1624 1741 1668 et
1765 1613 1832 1668 ab

245 1715 366 1786 ejus
396 1715 665 1769 oblatione
692 1712 812 1768 ideo
841 1726 901 1765 se
930 1706 1197 1765 abstineat
1218 1709 1266 1773 δ,
1295 1708 1578 1762 anathema
1606 1705 1695 1761 sit.

423 1807 484 1862 V.
522 1805 785 1861 Orationes
812 1801 1057 1857 Ecclesiae
1076 1817 1177 1855 non
1198 1800 1377 1854 debere
1405 1799 1676 1853 contemni.

321 1901 378 1961 Si
407 1900 526 1975 quis
556 1899 715 1959 docet
742 1897 955 1956 domum
991 1895 1078 1953 Dei
1106 1892 1562 1965 Cautcntptibilen'.
1594 1906 1712 1950 esse
1741 1891 1836 1949 duo

248 2000 381 2056 here
418 2008 473 2056 et
513 1997 955 2069 congregationcs
997 2007 1115 2062 qua:
1158 1991 1210 2045 in
1251 2003 1314 2042 ea
1362 1990 1511 2052 liunt,
1553 1987 1835 2040 anathema

246 2100 342 2146 ⁸η.
428 2157 511 2213 VI.
545 2157 665 2212 Non
694 2158 845 2211 licere
870 2165 1015 2210 extra
1042 2152 1307 2210 ecclesiam
1336 2140 1654 2220 congregari.

328 2255 388 2310 Si
419 2253 538 2322 quis
575 2259 725 2306 extra
757 2247 1041 2304 ecclesiam
1078 2244 1322 2316 privatim
1357 2242 1580 2312 populos
1609 2252 1837 2310 congre-
1866 2303 1878 2317 ἢ

248 2360 390 2415 gans
418 2349 725 2397 contemnat
755 2350 777 2377 ο
810 2338 1208 2396 ecclesiasticas
1234 2336 1537 2389 sanctiones
1565 2332 1841 2402 ipsamque

247 2435 562 2501 ecclesiam,
595 2431 736 2503 apud
762 2446 822 2488 se
844 2440 1020 2486 autem
1049 2430 1170 2485 sine
1198 2428 1427 2483 consilio
1452 2426 1692 2495 episcopi
1719 2440 1839 2479 cum

250 2526 586 2599 presbyteris
616 2524 643 2562 (1
673 2532 815 2597 agat,
847 2521 1133 2576 anathema
1161 2520 1252 2574 sit.

325 2618 441 2674 VII.
472 2617 548 2672 De
569 2617 817 2688 fructibus
846 2617 899 2668 in
922 2616 1183 2669 ecclesiam
1205 2620 1252 2665 et
1280 2626 1381 2666 non
1408 2610 1532 2664 alibi
1562 2610 1768 2663 dandis.

324 2710 384 2766 Si
426 2710 544 2780 quis
584 2708 880 2764 oblationes
919 2704 1186 2761 fructuum
1209 2704 1295 2757 vel
1320 2702 1578 2773 primitias
1603 2700 1843 2755 ecclesia:

249 2804 468 2860 debitas
508 2800 601 2876 [υ.
632 2840 652 2869 ,
678 2796 908 2869 deditas]
946 2798 1178 2853 voluerit
1219 2806 1370 2849 extra
1412 2794 1694 2850 ecclesiam
1738 2793 1845 2861 30

250 2894 504 2963 accipere
548 2890 633 2946 vel
664 2891 812 2954 dare,
855 2898 1050 2957 praeter
1080 2884 1466 2940 conscientiam
1496 2882 1730 2951 episc0pi
1764 2880 1844 2935 vel

249 2986 374 3054 ejus
407 2982 491 3037 cui
518 2979 780 3051 ejusmodi
807 2977 982 3033 ofﬁcia
1012 2976 1302 3031 commissa
1328 2982 1473 3039 sunt,
1504 2983 1560 3028 et
1592 2986 1698 3026 non
1730 2984 1847 3025 ma-

249 3079 338 3150 gis
368 3090 491 3131 cum
518 3072 746 3129 consilio
768 3070 886 3142 ejus
911 3070 977 3126 de
1004 3070 1086 3124 his
1110 3067 1372 3138 agendum
1397 3065 1686 3137 putaverit,
1719 3078 1846 3117 ana-
1870 3074 1922 3140 ο
2024 3113 2151 3181 Qum

166 3182 169 3185 λ
253 3168 443 3222 thema
474 3165 564 3219 sit.

356 3277 494 3333 VIII.
532 3276 606 3330 De
634 3275 713 3329 his
739 3275 825 3346 qui
852 3275 907 3329 in
935 3290 1056 3329 usus
1086 3289 1366 3345 pauperum
1395 3272 1751 3343 conferuntur.

332 3389 396 3447 Si
437 3389 558 3459 quis
597 3387 803 3444 dederit
837 3387 922 3443 vel
946 3388 1211 3456 acceperit
1252 3388 1512 3441 tractuum
1554 3385 1851 3440 oblationes

253 3492 417 3540 extra
446 3484 760 3551 episcOpum
782 3483 864 3536 vel
887 3497 1007 3537 eum
1035 3483 1123 3549 qui
1147 3481 1467 3535 constitutus
1494 3487 1576 3533 est
1605 3480 1672 3533 ab
1697 3494 1763 3533 eo
1785 3478 1850 3531 ad

255 3574 681 3647 dispensandam
713 3574 1131 3629 misericordiam
1161 3572 1249 3647 [T.
1280 3573 1329 3638 I,
1358 3571 1688 3641 mercedem]
1725 3587 1854 3641 pau-

258 3665 490 3736 peribus
516 3682 531 3729 ;
561 3676 615 3720 et
642 3666 733 3734 qui
758 3665 845 3718 dat
877 3673 932 3719 et
957 3664 1048 3735 qui
1075 3665 1291 3733 accipit,
1323 3665 1608 3719 anathema
1637 3664 1725 3716 sit.

259 3778 363 3834 IX.
399 3776 696 3848 Virginitati
722 3777 1008 3832 studentem
1029 3793 1127 3831 non
1151 3776 1328 3831 debere
1353 3777 1559 3842 nuptias
1581 3776 1854 3830 exsecrari.

343 3890 406 3945 Si
432 3889 548 3957 quis
576 3890 661 3944 vel
686 3892 1043 3960 virginitatem
1067 3892 1152 3946 vel
1175 3878 1561 3947 contﬂentiam
1585 3890 1857 3960 professus

263 3990 536 4048 tanquam
568 3980 955 4035 abominabiles
988 3985 1199 4050 nuptias
1225 3981 1452 4049 judicat,
1486 3990 1538 4035 et
1568 3995 1674 4034 non
1702 3995 1861 4047 prop-

267 4082 363 4127 ter
396 4071 568 4125 solunt
600 4070 722 4139 hoc,
748 4071 889 4142 quod
914 4073 1243 4127 continentia
1273 4082 1326 4128 et
1353 4071 1632 4142 virginitas
1662 4071 1862 4126 bonum

264 4172 636 4234 sanctumque
668 4166 999 4235 propositum
1029 4165 1119 4231 sit,
1151 4164 1437 4220 anathema
1468 4164 1562 4219 sit.

498 4254 563 4309 X.
593 4253 668 4307 De
700 4254 779 4308 Itis
800 4257 888 4325 qui
910 4271 1004 4326 pro
1025 4256 1314 4324 virginitate
1336 4256 1655 4323 superbiant.

344 4347 412 4405 Si
464 4348 584 4411 quis
634 4356 850 4418 propter
886 4348 1053 4403 Deum
1095 4350 1456 4419 virginitatem
1502 4349 1771 4417 professus
1812 4349 1864 4403 in

262 4439 531 4509 coniugio
560 4440 757 4510 positos
786 4454 881 4509 per
908 4440 1263 4510 arrogantiam
1296 4440 1697 4509 vituperaverit,
1737 4454 1867 4495 ana-
1895 4435 1948 4497 D

264 4535 461 4589 thema
492 4532 580 4586 sit.

452 4620 545 4678 XI.
578 4623 803 4696 Agapem
835 4623 1052 4692 fratrum
1078 4639 1180 4677 non
1208 4624 1387 4677 debere
1414 4624 1685 4677 contemni.

348 4717 411 4773 Si
445 4715 565 4785 quis
592 4715 1016 4770 contemnendos
1043 4715 1258 4770 duxerit
1283 4729 1501 4785 agapem
1534 4715 1789 4769 facientes
1816 4723 1869 4769 et

269 4824 507 4883 propter
533 4810 792 4865 honorem
822 4809 1030 4864 Domini
1061 4809 1256 4863 fratres
1283 4822 1541 4877 pauperes
1570 4823 1870 4864 convocan-

271 4916 358 4961 tes
384 4946 399 4971 ,
448 4913 502 4956 et
542 4902 772 4956 noluerit
813 4902 1212 4956 communicare
1252 4901 1621 4954 vacationibus
1659 4916 1867 4966 eorum,

272 5007 541 5065 tanquam
569 4994 619 5047 in
651 4993 873 5048 nihilum
905 5002 927 5031 ο
957 4993 1096 5063 quod
1127 4991 1185 5046 ﬁt
1210 4991 1484 5050 deducens
1513 4990 1563 5058 ί,
1588 4992 1871 5047 anathema

271 5090 366 5144 sit.

548 5234 687 5285 spem
716 5218 853 5289 apud
883 5219 1044 5289 Deum
1070 5234 1171 5273 non
1201 5218 1485 5272 habentem.

503 5328 539 5353 .,
567 5290 735 5353 B.R..
770 5290 834 5343 Ε.
869 5291 924 5355 5,
953 5288 1039 5352 U.,
1071 5291 1300 5344 abstinet.

635 5360 783 5430 pulos
812 5370 1082 5430 congregat
1109 5370 1157 5412 et
1187 5360 1477 5430 contemnit.

877 5428 929 5492 ὅ.
960 5428 1021 5482 Τ.
1059 5430 1108 5494 I,
1135 5430 1191 5491 2,
1229 5428 1315 5493 U.,
1349 5431 1657 5500 presbytero.

881 5498 998 5552 1.9.
1032 5494 1122 5552 U..
1155 5509 1396 5552 tanquam
1424 5501 1657 5552 nihilum.

945 5498 998 5564 Ξ,
1032 5494 1122 5563 U.,
1155 5494 1396 5567 tanquam
1424 5494 1660 5554 nihilum.

784 5608 803 5637 ,
832 5569 889 5643 2,
916 5568 1008 5635 U.,
1039 5571 1353 5643 dijudicans.

531 5572 620 5631 IL.
656 5569 718 5624 Τ.
748 5569 803 5637 I,
832 5569 889 5632 2,
916 5569 1008 5635 U.,
1039 5571 1353 5643 dijudicans.

497 5681 513 5707 ,
542 5639 726 5710 Siqua
750 5642 931 5697 mulier
953 5642 1278 5699 continentia:
1297 5640 1612 5715 propositum
1632 5640 1880 5714 judicans

2464 1058 2693 1109 habitum
2721 1072 2987 1127 usurpare.

1998 1146 2053 1202 Si
2087 1162 2189 1216 qua
2220 1146 2413 1201 mulier
2443 1146 2545 1201 hoc
2575 1146 2847 1215 pr0posito
2873 1148 3004 1201 utile
3036 1157 3061 1194 ε
3085 1148 3334 1215 judicans
3364 1148 3509 1204 virilI

1932 1248 2076 1293 veSIe
2117 1248 2318 1304 utatur,
2356 1238 2422 1291 ad
2467 1238 2568 1292 hoc
2606 1245 2664 1291 ιιι
2702 1238 2800 1293 viri
2833 1237 3071 1293 habitum
3102 1240 3354 1306 imitetur,
3384 1255 3513 1295 ana-

1933 1331 2110 1385 thema
2142 1333 2231 1384 sit.

1932 1421 2037 1493 31
2066 1420 2207 1477 XIV.
2253 1421 2376 1477 Non
2421 1424 3059 1548 deberqrconddemnantem
3101 1424 3305 1493 nuptias
3336 1441 3367 1477 a
3404 1427 3515 1480 uiro

2619 1510 2718 1548 isce
2758 1511 2859 1548 ere.

2619 1510 2859 1549 tsceaere.

2006 1585 2063 1640 Si
2080 1568 2182 1656 qua
2207 1584 2399 1639 mulier
2421 1585 2675 1641 derelicto
2705 1587 2820 1640 viro
2849 1567 3127 1641 discedere
3148 1584 3403 1651 voluerit,
3425 1600 3515 1640 so-

1860 1712 1908 1772 Β
1937 1676 2048 1731 luto
2090 1679 2304 1733 vinculo
2344 1676 2631 1749 conjugali,
2679 1678 2889 1749 nuptias
2934 1678 3366 1743 condemnando,
3394 1694 3520 1732 ana-

1941 1771 2118 1823 thema
2148 1769 2235 1821 sit.

1938 1856 2048 1919 XY.
2080 1858 2200 1917 Non
2218 1857 2400 1918 debere
2415 1860 3065 1989 qtsemquautocantinentia'
3079 1876 3236 1918 causa
3249 1861 3386 1936 ﬁlios
3403 1839 3522 1919 suos

2592 1954 2685 1989 nea
2713 1953 2866 1989 were.

2592 1953 2866 2007 negttgere.

2016 2025 2072 2081 Si
2094 2024 2123 2061 ιι
2150 2027 2270 2095 quis
2293 2026 2638 2096 dereliqttcrit
2664 2028 2801 2081 ﬁlios
2824 2031 3070 2097 protirios
3092 2040 3144 2083 et
3168 2044 3272 2083 non
3296 2043 3389 2082 eos
3409 2029 3523 2094 alit,

1942 2127 1995 2172 et
2026 2119 2503 2190 secundumquod
2550 2122 2759 2190 pietatis
2789 2132 2873 2176 est
2912 2123 3212 2177 necessaria
3244 2136 3348 2176 non
3386 2138 3523 2191 prm-

1944 2211 2149 2279 buerit,
2183 2213 2277 2266 sed
2310 2213 2597 2269 occasione
2625 2216 2968 2271 continentiae
3000 2216 3346 2286 negligendos
3378 2226 3528 2287 puta-

1944 2305 2100 2370 verit,
2134 2307 2416 2360 anathema
2445 2308 2534 2361 sit.

1945 2398 2082 2454 XVI.
2126 2398 2208 2454 Ne
2234 2399 2332 2467 ﬁlii
2367 2402 2632 2456 occasione
2652 2402 2913 2526 religionis
2946 2412 3181 2473 parentes
3210 2421 3329 2460 suos
3356 2406 3530 2475 despi-

2661 2490 2775 2526 cian
2801 2513 2816 2526 .

2661 2490 2816 2527 erant.

2016 2561 2068 2615 Si
2100 2562 2189 2631 qui
2226 2562 2317 2616 ﬁlii
2349 2572 2601 2633 parentes
2635 2565 2865 2620 maxime
2896 2565 3084 2621 ﬁdeles
3112 2566 3448 2622 deseruerint
3475 2567 3528 2622 in

1944 2655 2225 2708 occasione
2267 2655 2444 2709 cultus
2480 2652 2525 2721 ί,
2568 2656 2669 2709 hoc
2706 2656 2908 2724 justum
2947 2671 3069 2712 esse
3106 2657 3436 2726 iudicantes,
3478 2667 3531 2713 et

1946 2763 2054 2802 non
2081 2751 2255 2816 potius
2283 2748 2522 2803 debitum
2551 2748 2810 2803 honorem
2841 2751 3148 2817 parentibus
3177 2751 3531 2815 reddiderint,

1947 2849 2008 2893 ut
2053 2842 2153 2893 hoc
2200 2843 2373 2909 ipsum
2413 2842 2467 2895 in
2505 2842 2584 2895 eis
2610 2851 2947 2911 venerentur
2993 2842 3135 2912 quod
3166 2842 3348 2898 ﬁdeles
3387 2855 3533 2909 sunt,

1949 2930 2231 2985 anathema
2264 2931 2353 2984 sit.

2181 3021 2343 3076 XVII.
2371 3021 2536 3093 Caput
2558 3023 2764 3077 tondere
2786 3022 2988 3077 mulieri
3017 3039 3118 3076 non
3142 3023 3311 3077 licere.
3577 3085 3583 3091 ,

2157 3129 2365 3182 cunque
2407 3114 2635 3169 mulieri
2680 3114 2924 3181 religioni
2967 3113 3215 3185 judicans
3250 3114 3539 3171 convenire

1952 3218 2161 3259 comam
2183 3205 2282 3258 sibi
2306 3204 2688 3273 amptttaverit,
2711 3220 2868 3275 quam
2902 3205 3038 3260 Deus
3065 3205 3130 3259 ad
3158 3192 3398 3259 velamen
3422 3204 3539 3272 ejus

1953 3306 2008 3349 et
2037 3296 2103 3349 ad
2137 3297 2447 3350 memoriam
2481 3295 2832 3363 subjectionis
2862 3296 2936 3350 illi
2965 3295 3134 3360 dedit,
3170 3305 3418 3366 tanquam
3449 3310 3539 3350 re-
3586 3306 3589 3325 ῖ

1953 3387 2171 3444 solvens
2199 3389 2317 3457 jura
2346 3389 2715 3457 subjectionis,
2742 3388 3030 3442 anathema
3059 3388 3148 3442 sit.

2135 3480 2320 3535 XVIII.
2357 3480 2478 3535 Non
2507 3482 2658 3536 licere
2684 3482 2765 3534 die
2792 3480 3062 3535 Dominico
3076 3482 3340 3553 jejunare.

2016 3574 2084 3635 Si
2115 3575 2257 3641 quis,
2293 3583 2555 3642 tanquam
2576 3574 2676 3627 hoc
2706 3574 3050 3629 continentia:
3080 3572 3373 3627 convenire
3402 3570 3543 3640 judi-

1957 3678 2116 3729 cans,
2150 3665 2237 3719 die
2269 3664 2547 3719 Dominico
2572 3665 2895 3735 jejunaverit
2927 3665 2981 3718 itt
3012 3664 3250 3733 ejusdem
3280 3663 3384 3718 diei
3413 3678 3543 3717 con-

1961 3766 2245 3825 temptum,
2278 3760 2564 3812 anathema
2596 3757 2685 3810 sit.

2130 3866 2265 3922 XIX.
2300 3867 2421 3921 Non
2451 3868 2604 3921 licere
2619 3868 2824 3939 jejunio
2849 3868 3141 3921 communia
3168 3867 3381 3921 solvere.

2033 3980 2091 4035 Si
2134 3982 2224 4049 qui
2264 3995 2451 4034 eorum
2497 3980 2587 4046 qui
2626 3980 2677 4031 itt
2726 3980 2997 4056 preposito
3040 3988 3168 4032 sunt
3198 3978 3543 4039 continentia:

1965 4084 2159 4143 praeter
2189 4073 2562 4127 necessitatem
2592 4072 2927 4139 corporalem
2963 4072 3237 4139 superbiat
3269 4080 3322 4126 et
3346 4070 3550 4140 jejuuia

1965 4166 2265 4222 communia
2309 4166 2472 4219 totius
2519 4163 2770 4218 Ecclesia:
2816 4164 3081 4232 putaverit
3120 4163 3548 4234 contemnenda,

1967 4259 2253 4329 perlectam
2286 4258 2335 4310 in
2364 4257 2470 4328 32
2497 4270 2593 4310 sua
2622 4255 2849 4310 scientia
2877 4255 3020 4328 [/E.,
3053 4254 3401 4327 conscientia]
3430 4259 3552 4312 vin-

1966 4351 2151 4407 dicans
2179 4350 2297 4424 [U.,
2323 4350 2590 4422 judicans]
2616 4352 2902 4415 rationem,
2932 4350 3216 4405 anathema
3244 4351 3334 4404 sit.

2106 4443 2226 4499 XX.
2261 4443 2757 4498 Communicandnm
2783 4444 2835 4496 in
2866 4444 3090 4497 basilicis
3116 4454 3416 4513 martyrum.

2038 4539 2091 4591 Si
2120 4540 2237 4607 quis
2264 4552 2355 4603 per
2380 4537 2685 4606 superbiam
2718 4546 2967 4603 tanquam
2994 4534 3022 4572 ιι
3053 4534 3346 4603 perlectum
3376 4550 3433 4589 se
3456 4549 3557 4589 aes-

1970 4630 2183 4695 timans,
2236 4636 2533 4683 conventus
2569 4628 2659 4695 qui
2696 4640 2792 4695 per
2823 4626 2935 4679 loca
2973 4634 3028 4680 et
3066 4624 3314 4678 basilicas
3344 4635 3558 4678 sancto-

1970 4737 2085 4775 rum
2118 4731 2409 4791 martyrum
2442 4719 2578 4773 ﬁunt
2610 4718 2691 4771 vel
2720 4719 3069 4781 accusaverit,
3103 4717 3185 4770 vel
3215 4717 3375 4771 etiam
3409 4716 3558 4769 ohla-

1973 4811 2144 4865 tiones
2182 4826 2299 4880 quae
2330 4810 2525 4864 ibidem
2564 4808 2903 4864 celebrantur
2935 4808 3264 4876 spernendas
3293 4823 3412 4863 esse
3443 4823 3560 4860 crc-

1971 4903 2186 4968 diderit,
2213 4902 2613 4969 memoriasque
2636 4908 2944 4955 sanctorum
2966 4900 3409 4963 contemnendas,
3436 4914 3560 4949 ana-

1975 4995 2152 5050 thema
2182 4994 2272 5047 sit.

2046 5083 2171 5138 llaec
2197 5093 2374 5138 autem
2407 5080 2724 5152 scripsimus
2753 5096 2861 5136 non
2891 5081 3229 5137 abscidentes
3259 5094 3351 5135 eos
3383 5077 3474 5148 qui
3508 5078 3559 5129 in

2047 5220 2073 5257 ιι
2109 5222 2187 5274 Ex
2212 5220 2278 5276 U.
2316 5222 2368 5274 in
2400 5222 2462 5274 A.
2487 5230 2540 5273 et
2568 5222 2775 5275 cteteris
2814 5219 3100 5276 Codicibus
3132 5236 3144 5269 :
3179 5217 3239 5271 Si
3266 5216 3380 5282 quis
3411 5214 3560 5268 dere-

1978 5292 2175 5365 liquerit
2200 5292 2451 5365 proprios
2493 5290 2625 5365 ﬁlios
2662 5301 2711 5365 et
2750 5308 2849 5365 non
2890 5308 2975 5345 eos
3015 5289 3119 5365 alat
3148 5298 3193 5339 et
3232 5282 3460 5365 quod.ab
3500 5301 3562 5339 eo

1980 5364 2092 5433 (A.,
2121 5364 2290 5431 habet)
2323 5362 2601 5415 secundum
2638 5363 2842 5429 pietatis
2885 5372 2975 5427 est,
3032 5360 3107 5410 his
3132 5360 3420 5408 necessaria
3462 5373 3564 5409 non

1977 5434 2261 5511 praebuerit.
3120 5496 3131 5508 .

2057 5515 2071 5541 ι
2104 5486 2220 5572 Ᾰεῖη
2247 5505 2308 5558 Β.
2332 5503 2419 5570 8.,
2446 5504 2510 5559 E.
2531 5504 2586 5569 ’5,
2611 5504 2674 5558 Τ.
2701 5503 2753 5569 l,
2781 5502 2838 5567 2,
2858 5501 3228 5572 U.,occas_ione
3246 5492 3349 5549 Dei
3375 5494 3569 5549 cultus.

2053 5576 2067 5626 l
2256 5576 2314 5630 Β.
2342 5566 2426 5639 IL,
2462 5566 2597 5640 [3.5,
2636 5566 2964 5640 Qutecu’nque
2990 5566 3279 5623 mulierum.

2049 5647 2078 5685 κ
2106 5647 2195 5713 U.,
2228 5648 2271 5700 si
2297 5649 2410 5717 quis
2437 5646 2677 5713 superbus
2710 5654 2968 5711 tanquam.
