4086 6358
449 276 557 342 ηδ

1154 267 1540 328 COLLECTIO
1572 265 1906 332 CANONUM
1947 265 2009 324 S.
2049 265 2063 327 Ι

2167 264 2328 325 D030
2365 265 2634 325 HISPAL.
2673 263 3033 325 ASCRlPTA.

3642 269 3766 329 “6

448 390 693 473 Ecclesia
729 388 821 451 Dei
852 387 1152 450 secundum
1183 388 1494 459 Scripturas
1519 393 1769 445 sanctum
1802 387 2046 457 proposi—
2073 389 2128 451 Α
2151 386 2268 444 mili
2308 403 2413 443 non
2442 387 2796 456 reprobamus
2829 403 2843 440 :
2877 385 3018 441 sicut
3048 386 3207 442 etiam
3246 394 3494 444 ornatum
3525 397 3765 460 propter

451 494 567 548 tum
597 481 946 545 continentia:
984 481 1211 553 eligunt,
1243 480 1340 539 sed
1368 494 1465 537 eos
1493 480 1585 550 qui
1610 480 1914 550 suspiciunt
1943 480 2043 535 ita-

451 577 623 639 bitum
663 574 784 648 ejus
812 584 868 635 et
896 574 951 636 in
982 572 1287 645 superbiam
1312 571 1611 634 oderantur
1647 574 1910 631 adversus
1950 587 2046 631 eos

447 668 543 739 qui
567 667 866 736 simplicius
891 667 1076 729 vivunt
1096 662 1240 741 [£.,
1268 663 1543 736 simplices
1563 663 1731 738 sunt].
1765 665 1871 723 Sed
1897 680 1992 722 eos
2018 673 2046 710 ι

453 759 886 825 condemnemus
924 759 1016 830 qui
1056 771 1118 820 ita
1153 756 1421 820 extollunt
1449 758 1708 817 adversus
1739 758 2047 830 Seripturas

458 865 515 911 et
553 854 949 917 ecclesiasticos
985 866 1227 917 canones
1264 861 1319 915 et
1348 866 1490 913 nova
1519 852 1867 908 introducunt
1904 866 2049 923 pra-

455 956 633 1018 cepta.
669 946 778 1001 Nos
798 954 975 1001 autem
1006 952 1063 1000 et
1083 944 1451 1015 virginitatem
1481 958 1605 998 cum
1633 943 1933 1000 humilitate
1951 943 2051 999 ad-

459 1041 739 1111 miramur,
769 1046 823 1101 et
849 1035 1238 1099 continentiam
1270 1050 1393 1099 cum
1436 1035 1682 1093 castitate
1708 1043 1764 1091 et
1791 1034 2056 1107 religione

462 1133 575 1189 Deo
597 1129 1030 1202 acceptissimam
1051 1127 1306 1195 dicimus,
1330 1135 1385 1181 et
1402 1126 1856 1181 renuntiationem
1877 1139 2052 1181 saccu-

459 1225 650 1287 i-trium
678 1223 1015 1293 negotiorum
1027 1228 1189 1290 atque
1214 1217 1557 1292 actuum[U.,
1583 1214 1787 1291 aptum]
1811 1231 1930 1272 cum
1958 1216 2059 1272 hu-

459 1315 688 1373 militate
716 1313 1015 1370 discessum
1047 1310 1392 1381 approbando
1421 1307 1729 1371 laudamus,
1757 1316 1813 1362 et
1841 1307 2052 1377 nuptia-

455 1423 578 1465 rum
605 1406 878 1463 vinculum
904 1405 1046 1475 quod
1074 1403 1370 1460 secundum
1393 1403 1692 1457 castitatem
1723 1413 1905 1455 secum
1931 1413 2055 1472 per-

458 1500 620 1561 durat
649 1501 1006 1566 honoremus,
1037 1508 1091 1554 et
1118 1496 1310 1554 divites
1340 1511 1462 1552 cum
1484 1494 1694 1568 iustitia
1720 1500 1777 1550 et
1801 1493 2054 1565 operibus

464 1595 620 1650 bonis
652 1610 758 1649 non
788 1593 1089 1665 abjicimus,
1122 1601 1176 1648 et
1203 1590 1591 1662 parcimoniam
1615 1605 1736 1647 cum
1765 1600 1916 1655 veste
1947 1589 2053 1654 hu-

535 1714 561 1742 ι
593 1705 712 1774 13.,
742 1705 847 1763 Sed
874 1714 923 1761 et
944 1721 1048 1769 eos.
1074 1680 1232 1775 BLK,
1257 1703 1349 1777 U.,
1378 1703 1486 1761 Sed
1510 1703 1697 1765 ethos.

2153 479 2399 550 corporis
2429 479 2763 551 diligentiam
2794 477 3086 534 infucatum
3119 477 3418 542 laudamus,
3451 479 3762 536 dissolutos

2154 582 2332 631 autem
2351 581 2408 630 et
2426 571 2623 629 fractos
2648 574 2701 627 iu
2722 572 2960 630 vestibus
2984 572 3225 628 incessus
3242 569 3268 611 ι’
3291 586 3398 627 non
3419 569 3752 644 recipimus;

2153 676 2209 726 et
2233 668 2425 725 domos
2465 666 2560 723 Dei
2601 667 2954 734 honoramus,
2994 674 3049 721 et
3085 674 3382 721 conventus
3420 666 3510 737 qui
3558 666 3614 722 in
3657 666 3758 721 his

2158 761 2290 816 iiunt
2328 770 2579 829 tanquam
2612 769 2829 814 sanctos
2863 766 2917 814 et
2946 757 3104 814 utiles
3131 755 3450 827 recipimus,
3491 757 3757 827 pietatem

2156 852 2211 908 in
2240 851 2462 923 privatis
2486 850 2738 907 domibus
2766 863 2874 906 non
2903 848 3311 915 concludentes,
3343 857 3398 904 et
3422 862 3639 904 omnem
3667 851 3754 903 lo-

2157 958 2279 1000 cum
2318 945 2370 999 in
2402 944 2620 1003 nomine
2660 943 2753 999 Del
2802 941 3124 997 aediﬁcatum
3161 941 3508 1011 honoramus,
3543 949 3599 997 et
3626 956 3760 999 con-

2158 1039 2523 1110 gregationem
2548 1039 2601 1095 in
2633 1038 2863 1096 ecclesia
2885 1038 3078 1097 factam
3101 1040 3167 1097 ad
3191 1038 3477 1097 utilitatem
3498 1052 3755 1099 commu-

2163 1148 2286 1189 nem
2324 1134 2642 1209 recipimus;
2682 1143 2737 1189 et
2776 1134 2915 1195 bona
2954 1148 3116 1207 opera
3146 1148 3267 1203 quae
3306 1146 3470 1207 supra
3521 1132 3668 1191 vires
3696 1130 3751 1190 in

2163 1226 2359 1283 fratres
2389 1240 2650 1297 pauperes
2676 1235 2997 1291 exercentur
3025 1224 3322 1289 secundum
3349 1221 3755 1283 ecclesiasticas

2161 1320 2474 1377 traditiones
2503 1319 2897 1386 beatiﬁcamus,
2940 1330 2996 1376 et
3046 1320 3228 1379 omnia
3257 1333 3378 1389 qua:
3418 1317 3759 1381 conveniunt

2160 1412 2535 1470 traditionibus
2571 1412 2888 1486 apostolicis
2910 1422 2967 1473 et
3006 1421 3313 1477 sanctarum
3345 1410 3753 1487 Scripturarum

2162 1506 2466 1576 pmeptis,
2499 1503 2552 1561 in
2582 1504 2807 1563 ecclesia
2833 1504 2946 1569 ﬁeri
2974 1514 3322 1578 escptamus.

2235 1699 2263 1740 ιι
2291 1700 2384 1771 υ..
2410 1702 2463 1761 in
2493 1703 2702 1763 vestium
2730 1702 2965 1771 incessu;

2016 1968 2189 2073 V.

1349 2155 2022 2242 CON-CILIUM
2096 2153 2228 2240 SA
2242 2156 2871 2247 RDICENSE.

1612 2337 2090 2391 TRECBNTOBUM
2158 2339 2599 2391 EPISCOPORUK

1573 2428 1666 2519 cr
1705 2463 1772 2519 tu
1811 2461 1901 2519 E0
1936 2462 2255 2523 canones
2291 2444 2660 2525 INSTITU'I‘I.

536 2592 645 2667 33
665 2619 693 2633 ο
719 2586 830 2660 35.
892 2585 1050 2641 Anno
1090 2587 1241 2638 sexto
1288 2577 1589 2635 Constantii
1619 2586 1646 2616 ι
1675 2577 2019 2655 imperatoris
2039 2617 2055 2644 ,
2088 2583 2135 2643 Β
2165 2579 2228 2636 ll.
2273 2581 2583 2661 Episcopum
2613 2581 2678 2666 de
2712 2581 3075 2667 ρξορὶςιοὶαμαμ
3104 2581 3423 2667 procinctam
3451 2597 3553 2639 non
3582 2590 3755 2640 trans-

475 2682 704 2741 Leoutio
739 2690 795 2737 et
828 2676 1085 2734 Sallustio
1108 2672 1422 2730 consulibus
1450 2668 1610 2729 terab
1642 2684 1903 2737 cccuxt,
1935 2667 2063 2724 Sar-

476 2773 715 2830 .iicensis
743 2768 981 2844 synodus
1010 2772 1332 2838 congregata
1365 2771 1485 2833 est,
1534 2762 1627 2817 ubi
1659 2775 1847 2815 omnes
1897 2756 2061 2832 [/E.,

483 2868 665 2935 il.ique
693 2860 903 2935 omnes]
952 2874 1046 2933 per
1094 2858 1368 2913 Orientem
1411 2854 1597 2910 Ariani
1643 2850 1882 2921 episc0pi
1928 2863 2063 2904 cou-

477 2953 716 3016 dcmuati
746 2959 901 3020 sunt,
950 2951 1041 3022 qui
1065 2949 1316 3005 conventi
1346 2944 1415 3001 ad
1446 2943 1736 3000 concilium
1774 2954 2065 2997 occurrere

478 3063 631 3110 reatu
661 3049 1005 3107 conscientiae
1039 3056 1061 3085 ο
1090 3047 1420 3103 noluerunt:
1451 3042 1503 3097 in
1534 3053 1641 3117 quo
1662 3036 1892 3099 concilio
1924 3037 2066 3090 inter

483 3154 679 3201 cattera
705 3142 788 3197 ba:
818 3140 1015 3212 regulae
1056 3153 1151 3221 pro
1182 3134 1469 3213 disciplina
1504 3127 1873 3189 ecclesiastica
1910 3126 2066 3189 insti-

483 3246 612 3293 tuta:
638 3245 782 3291 sunt.

476 3368 522 3427 l.
583 3368 898 3439 Epitmpttm
954 3380 1057 3427 non
1110 3361 1297 3501 debersf
1346 3357 1414 3413 ad
1472 3356 1632 3415 aliam
1698 3352 1950 3409 ciuitatem
2016 3369 2071 3409 se

1125 3443 1266 3491 trans
1294 3446 1424 3489 erre.

1125 3443 1424 3491 trattslerre.

557 3555 714 3611 ()sius
743 3553 1029 3625 episcOpus
1069 3545 1203 3604 dixit
1234 3560 1248 3597 ε
1276 3542 1394 3597 Non
1444 3539 1621 3595 minus
1665 3539 1801 3593 mala
1841 3553 2068 3594 consue-

483 3649 615 3711 tudo
633 3662 793 3718 quam
819 3640 1117 3715 Perniciosa
1145 3635 1450 3705 corruptela
1483 3632 1719 3686 funditus
1748 3631 2069 3687 eradicanda

483 3752 595 3809 est,
646 3757 712 3798 ne
731 3741 817 3797 cui
850 3740 1006 3798 liceat
1029 3730 1287 3800 episcopo
1310 3728 1380 3783 de
1422 3721 1645 3787 civitate
1682 3740 1778 3780 sua
1809 3725 1877 3780 ad
1909 3725 2067 3779 aliam

485 3835 758 3892 civitatem
783 3829 1033 3885 transire.
1068 3820 1347 3876 Manifesta
1371 3828 1456 3875 est
1484 3819 1628 3874 enim
1650 3832 1810 3873 causa
1838 3833 1940 3886 qua
1968 3817 2070 3871 hoe

2616 2654 2693 2707 ire
2720 2655 2819 2707 nisi
2848 2655 3002 2722 fuerit
3027 2654 3293 2711 invitatus.

2247 2741 2405 2798 Osius
2437 2745 2725 2815 episcopus
2756 2747 2888 2801 dixit
2916 2764 2928 2800 :
2966 2747 3098 2803 Illud
3132 2762 3344 2820 quoque
3371 2754 3625 2807 statutum
3654 2746 3755 2815 sit,

2173 2845 2232 2891 ut
2269 2836 2552 2907 episcopus
2582 2838 2650 2894 dc
2689 2854 2787 2894 sua
2827 2840 3098 2910 provincia
3136 2841 3203 2895 ad
3235 2841 3394 2895 aliam
3426 2840 3758 2913 provinciam

2173 2925 2227 2980 in
2257 2941 2360 2994 qua
2395 2937 2519 2981 sunt
2552 2928 2794 2998 episcopi
2827 2945 2933 2985 non
2967 2939 3241 2997 transeat,
3272 2930 3375 2985 nisi
3407 2928 3547 2987 forte
3579 2946 3606 2983 ιι
3642 2928 3759 2985 ira-

2175 3019 2348 3073 tribus
2386 3021 2496 3076 suis
2526 3021 2779 3079 invitatus
2807 3031 2831 3061 ⁸
2854 3066 2868 3092 ,
2906 3040 2972 3079 ne
3011 3024 3286 3079 videamur
3325 3023 3543 3099 ianuam
3579 3022 3760 3078 chari-

2173 3112 2295 3172 latls
2317 3112 2600 3169 clausisse.

2172 3204 2262 3261 l-ll.
2322 3205 2401 3262 De
2448 3209 2649 3264 duobus
2691 3209 2942 3281 episcopis
3002 3209 3154 3281 unius
3197 3207 3480 3281 provinciae
3526 3207 3662 3263 inter
3711 3209 3762 3263 sd

2606 3278 2979 3340 contentionem
3005 3278 3327 3336 habentibus.

2242 3370 2403 3429 Osius
2446 3372 2728 3447 episcopus
2759 3372 2898 3427 dixit
2926 3388 2938 3425 :
2974 3370 3370 3431 Providendum
3401 3378 3486 3426 est
3515 3371 3676 3433 etiam
3705 3379 3764 3431 ut

2171 3462 2216 3518 si
2250 3463 2302 3515 in
2332 3462 2509 3535 aliqua
2542 3462 2814 3532 provincia
2854 3463 2991 3521 forte
3014 3462 3208 3537 aliquis
3253 3464 3541 3532 cpiscopus
3574 3472 3763 3523 contra

2173 3554 2393 3610 fratrem
2448 3570 2602 3615 suum
2651 3556 2964 3627 episcopum
3015 3554 3163 3616 litem
3213 3553 3482 3623 habuerit.
3548 3571 3683 3616 unus
3729 3572 3763 3613 e

2174 3648 2386 3703 duobus
2421 3662 2487 3701 ex
2521 3647 2624 3707 alia
2658 3646 2935 3725 provincia
2979 3663 3085 3709 non
3118 3648 3343 3709 advocet
3384 3649 3667 3720 episcopos
3693 3648 3762 3711 ad

2171 3739 2451 3810 judicium.

2554 3831 2643 3889 IV.
2686 3831 2763 3906 De
2794 3835 3033 3904 episcopo
3056 3834 3376 3906 adjudicalo.

482 3927 667 3984 facere
705 3929 942 3985 tentant.
987 3931 1108 3977 cum
1150 3915 1328 3977 “illius
1355 3913 1411 4012 in
1463 3912 1566 4012 Ιιτιίξ
1603 3928 1671 4012 ι’θ-
1710 3912 1962 3969 iuvem“!
1999 3910 2069 3964 είῑ
2095 3949 2143 4012 ρ
2251 3925 2414 3982 Osius
2445 3900 2907 3996 epismpus’di‘xit
2940 3900 3141 3992 {Quod
3174 3925 3219 3981 si
3256 3925 3449 3997 aliquis
3479 3922 3764 3999 episcopus

488 4022 775 4091 episcopus
802 4014 890 4084 qui
933 4012 1001 4067 de
1029 4013 1231 4087 majore
1259 4010 1480 4065 civitate
1503 4007 1568 4071 ad
1600 4006 1863 4067 minorem
1889 4016 2068 4068 trans.

486 4116 589 4172 iret
612 4110 637 4151 ἀ
668 4108 847 4178 ;unde
869 4117 1090 4181 appaiet
1118 4106 1357 4161 avaritiae
1386 4118 1481 4165 eos
1513 4103 1708 4163 ardore
1747 4098 2072 4161 inﬂammari

488 4219 545 4266 et
584 4202 859 4271 ambitioni
894 4203 1121 4269 svrvire,
1153 4209 1205 4257 ct
1226 4210 1283 4259 ut
1305 4198 1727 4259 dominationem
1759 4201 2072 4255 exerceant.

487 4300 546 4357 Si
586 4313 716 4370 ergo
754 4293 1003 4349 omnibus
1035 4293 1206 4361 placet
1234 4300 1293 4347 ut
1327 4285 1631 4357 huiusmodi
1667 4283 1936 4354 pernicies
1976 4297 2073 4340 au.

492 4391 693 4449 sterius
720 4387 1043 4455 vindicetur,
1078 4398 1176 4439 urc
1206 4381 1395 4436 Iaicam
1417 4377 1853 4443 communionem
1882 4375 2078 4437 habeat

485 4485 574 4556 qui
606 4480 723 4538 talis
750 4490 853 4537 est.
882 4477 1125 4535 Universi
1153 4474 1403 4533 dixerunt
1441 4490 1455 4527 :
1489 4472 1673 4531 Placet
1695 4468 1858 4527 etiam
1888 4467 1933 4527 si
1957 4463 2077 4527 talis

487 4574 685 4645 aliquis
713 4570 982 4628 exstiterit
1008 4566 1325 4629 temerarius
1349 4573 1406 4619 ut
1427 4564 1649 4623 forsitan
1674 4561 2075 4621 excusationem

488 4665 701 4733 aii‘erat,
734 4663 877 4741 quod
912 4660 1090 4733 p0puii
1134 4659 1337 4719 litteras
1367 4655 1658 4725 acceperit,
1712 4667 1834 4713 cum
1863 4650 2079 4715 miniie-

490 4768 634 4814 stum
667 4756 733 4811 sit
754 4757 971 4827 praemio
1002 4762 1057 4809 et
1087 4749 1334 4809 mercede
1366 4763 1565 4827 paucos
1596 4749 1686 4823 qui
1713 4750 1981 4803 sinceram
2014 4746 2078 4805 ii-

488 4852 611 4907 dem
634 4865 743 4906 non
776 4848 974 4903 habent
1010 4844 1248 4917 pcluisse
1268 4843 1569 4915 corrumpi,
1610 4850 1669 4901 ut.
1693 4841 1996 4901 clamarent
2023 4840 2079 4899 in

436 5010 439 5013 λ
496 4942 728 4997 ecclesia
779 4948 836 4994 ut
885 4939 1058 5009 ipsum
1109 4944 1292 5013 petere
1339 4933 1652 4996 viderentur
1698 4934 2012 5005 episcopum
2058 4945 2075 4987 :

488 5034 711 5089 omnino
743 5030 839 5085 has
867 5028 1080 5084 fraudes
1110 5027 1441 5081 damnandas
1470 5040 1590 5081 esse
1620 5025 1873 5091 arbitror,
1917 5025 1990 5087 ita
2022 5033 2081 5083 ut

490 5143 591 5185 nec
613 5127 801 5180 Iaicam
825 5100 1258 5186 communionem
1288 5120 1344 5175 iu
1380 5120 1488 5183 line
1518 5121 1639 5184 talis
1660 5119 1911 5189 accipiat;
1934 5119 2078 5189 quod

496 5222 544 5276 si
574 5219 727 5275 vobis
756 5216 1005 5273 omnibus
1030 5215 1223 5285 placet,
1246 5212 1483 5270 statuite.
1514 5212 1762 5270 Universi
1784 5213 2074 5269 dixerunt:

492 5315 693 5373 Placet.

568 5478 594 5506 ι
618 5468 685 5523 ΔΞ
706 5507 720 5522 .
753 5467 814 5522 Β.
845 5466 937 5531 Β..
968 5464 1032 5520 Τ.
1066 5465 1125 5527 1.
1154 5462 1189 5518 2
1209 5504 1223 5528 ,
1266 5463 1356 5530 U.,
1390 5462 1729 5519 Constantini.
1755 5464 1810 5518 in
1844 5463 2073 5521 Luceusi

496 5539 699 5594 Codice
730 5537 871 5597 idem
910 5533 1613 5605 imperatorcoustautinus
1640 5534 2035 5605 assignabatur.

568 5610 594 5647 ι’
626 5610 740 5674 .43.,
775 5624 881 5661 (era
908 5604 1171 5663 ccCLxxtt.
1204 5604 1297 5675 U.,
1323 5609 1412 5675 G.,
1444 5622 1549 5660 (era
1572 5621 1863 5663 eccum.

571 5694 588 5721 ε
757 5679 1024 5734 convenire
1044 5680 1111 5733 ad
1130 5648 1412 5734 condiunt.
1426 5677 1487 5730 ob
1504 5686 1706 5739 reatum
1728 5674 2073 5745 conscientitz.

571 5753 597 5789 ⁶¹
631 5752 785 5818 Ii.R.,
812 5750 878 5806 δι’.
913 5751 973 5820 1,
1006 5750 1064 5821 2,
1093 5751 1180 5819 U.,
1217 5750 1497 5805 transierit.

2178 4017 2520 4089 adiudicatus
2546 4016 2709 4073 fuerit
2733 4019 2786 4073 iu
2809 4017 2984 4087 aliqua
3007 4031 3190 4084 causa,
3221 4025 3274 4072 et
3300 4025 3451 4087 putat
3478 4031 3536 4070 se
3562 4015 3763 4071 habere

2179 4109 2375 4165 bouem
2406 4124 2654 4174 cauum,
2698 4117 2753 4165 et
2800 4107 2907 4181 [Ε.
2938 4107 2991 4173 5,
3030 4107 3124 4174 (1.,
3159 4107 3254 4182 ut]
3282 4109 3474 4163 iterum
3503 4108 3762 4177 judicium

2179 4210 2494 4266 renovetur,
2526 4202 2572 4256 si
2600 4201 2753 4254 vobis
2786 4205 2982 4269 placet,
3017 4201 3190 4255 sancti
3224 4200 3364 4255 Petri
3396 4200 3625 4271 apostoli
3652 4215 3765 4256 me-

2179 4294 2402 4348 moriam
2452 4293 2810 4360 honoremus,
2863 4303 2921 4347 ut
2949 4293 3253 4359 scribatur,
3304 4295 3386 4348 vel
3435 4294 3503 4349 ab
3545 4294 3629 4350 his
3673 4293 3761 4365 qui

2180 4388 2571 4455 examinsruut,
2609 4389 2692 4444 vel
2724 4389 2886 4445 etiam
2919 4389 2988 4445 ab
3015 4389 3131 4445 aliis
3163 4388 3308 4464 [/E.,
3342 4389 3470 4462 illis]
3501 4391 3766 4465 episcopis

2180 4480 2271 4551 qui
2310 4481 2362 4535 iu
2403 4480 2676 4549 provincia
2724 4483 2970 4553 proxima
3024 4494 3324 4548 morantur,
3358 4484 3605 4539 Romano
3653 4484 3766 4557 epi-

2181 4586 2375 4641 scopo;
2407 4578 2463 4627 et
2492 4572 2537 4627 si
2571 4570 2591 4611 ι
2614 4572 2933 4642 iudicaverit
2954 4574 3315 4630 renovandum
3342 4574 3764 4647 essejudicium,

2183 4674 2503 4732 renovetur,
2530 4673 2588 4720 et
2615 4665 2706 4721 det
2733 4665 2943 4735 iudices
2972 4676 2998 4715 ι
3028 4667 3110 4723 :si
3144 4677 3328 4721 autem
3358 4667 3662 4736 probaverit
3688 4677 3767 4725 ta-

2181 4758 2288 4814 lem
2326 4771 2542 4813 causam
2573 4765 2633 4812 ttt
2654 4762 2734 4813 'ea
2764 4771 2871 4812 non
2896 4758 3222 4829 repiicentur
3246 4754 3273 4794 ιι
3304 4773 3422 4828 quae
3450 4768 3568 4812 acta
3598 4766 3763 4827 sunt,

2181 4866 2301 4924 qua
2315 4850 2615 4908 decreverit
2640 4852 2913 4907 Romanus
2930 4853 3216 4923 episcopus
3235 4851 3553 4907 conﬁrmata
3575 4859 3763 4908 erunt:

2180 4946 2226 5001 si
2263 4960 2392 5017 ergo
2421 4945 2524 5002 hoc
2547 4945 2800 5002 omnibus
2830 4944 3031 5015 placet,
3067 4953 3350 5000 statuatur.
3401 4942 3652 5021 Syaodus
3680 4957 3767 5000 re-

2180 5037 2395 5108 spondit
2429 5054 2447 5092 ι
2479 5037 2678 5092 Placet.

2443 5128 2509 5184 ν.
2553 5127 2630 5182 De
2662 5127 2912 5197 episcopis
2932 5143 2966 5181 α
2991 5127 3188 5198 synodo
3217 5126 3483 5199 depositis.

2254 5221 2586 5279 Gaudentius
2635 5219 2921 5291 episcopus
2961 5220 3097 5283 dixit
3144 5237 3161 5277 t
3207 5220 3529 5279 Addondum
3559 5228 3665 5289 est,
3715 5219 3767 5276 si

2109 5327 2163 5390 1)
2189 5315 2388 5386 placet,
2422 5312 2545 5368 huic
2576 5311 2862 5367 sententiae
2886 5327 3046 5383 quam
3083 5313 3294 5383 plenam
3323 5313 3610 5380 sanctitate
3637 5328 3765 5377 pro.

2251 5480 2275 5508 e
2308 5470 2367 5525 Β.
2401 5468 2492 5537 R.,
2524 5469 2631 5523 suis
2651 5468 2803 5537 fuerit
2816 5469 3076 5537 invitatus.

2253 5538 2273 5579 ί
2305 5541 2367 5595 Τ.
2395 5540 2449 5607 2,
2481 5542 2743 5609 episeopo,
2778 5542 2924 5597 utsi.
2989 5600 2995 5605 ,

2251 5621 2277 5683 β
2309 5610 2424 5679 ΙΕ..
2453 5613 2537 5666 det
2555 5611 2747 5683 judicit'
2776 5612 3100 5667 sententiam.

2248 5680 2279 5727 1·
2309 5683 2368 5740 in
2396 5680 2620 5754 reliquis
2639 5683 2949 5751 (iudicibus,
2977 5690 3179 5755 praeter
3205 5681 3299 5754 A.,
3326 5681 3638 5754 refricentur
