4086 6358
255 186 355 255 ’ᾳίῚ

1218 178 1631 247 GRECORUH
1668 178 2009 243 CONCILIA.
2047 209 2121 224 -—
2148 179 2598 245 SABDICENSE.

3436 191 3541 247 ΗΒ

262 299 453 360 mlistis
476 340 493 366 ,
539 306 597 354 ut
634 312 755 353 cum
802 294 1001 367 aliquis
1045 295 1334 369 episcopus
1375 296 1650 368 depositus
1681 294 1843 352 fuerit
1867 291 1924 363 Δ
1946 294 2129 362 scopi,
2180 302 2235 348 et
2266 294 2500 357 maxime
2527 291 2681 362 Afri,
2730 293 2820 363 qui
2846 293 3005 353 siculi
3049 298 3399 363 cognovimus
3421 315 3547 356 san.-

268 407 454 452 eorum
499 392 877 463 episcoporum
913 388 1117 460 judicio
1156 388 1251 459 qui
1290 387 1344 443 in
1372 387 1564 443 vicinis
1607 401 1848 453 commo-

263 498 449 548 rantur
475 488 629 555 locis,
652 494 715 541 et
742 484 1158 559 proclamaverit
1181 483 1446 555 agendum
1470 482 1572 537 sibi
1603 496 1725 543 esse
1755 495 1849 537 ne-

262 582 463 654 gotium
496 580 553 635 in
583 579 715 633 urbe
741 575 944 643 Roma;
973 574 1108 631 alter
1129 578 1416 645 episcOpus
1450 574 1502 629 in
1537 572 1725 629 eadem
1754 586 1848 628 ca-

265 674 450 731 thedra
484 670 591 745 35
623 679 745 741 post
775 668 1192 747 appellationem
1221 666 1339 736 ejus
1370 665 1461 736 qui
1492 664 1706 719 videtur
1730 677 1852 718 esse

267 765 543 840 depositus
574 764 796 818 omnino
818 746 926 816 non
954 761 1255 837 ordinetur,
1282 760 1385 823 nisi
1412 774 1575 823 causa
1607 757 1771 825 fuerit
1796 757 1853 825 in

267 857 466 931 judicio
495 853 726 911 Romani
755 852 996 933 episcopi
1028 850 1404 907 determinata.

749 945 836 1000 Vl.
878 944 956 1001 De
986 944 1167 1019 quibus
1196 960 1373 1016 supra.

343 1042 499 1096 Osius
526 1037 812 1115 episcopus
855 1034 994 1093 dixit
1023 1053 1035 1088 :
1065 1035 1120 1092 Si
1149 1034 1438 1106 contigerit
1480 1034 1534 1088 in
1578 1047 1682 1089 una
1727 1044 1855 1101 pro-

1950 382 2178 447 ctissimi
2222 384 2404 439 fratris
2449 392 2503 439 et
2541 384 2846 455 coepiscopi
2894 386 3067 447 nostri
3099 387 3247 444 Grati
3293 392 3547 455 salutaria

1954 476 2176 539 consilia
2215 486 2472 546 spernant
2507 487 2668 549 atque
2707 486 3091 546 contemnant,
3134 490 3325 538 etnon
3373 485 3549 540 solum

1952 571 2020 627 ad
2050 572 2365 637 comitatum
2392 572 2590 637 multas
2615 583 2671 629 et
2713 574 2960 637 diversas
2990 574 3253 633 Ecclesiae
3280 591 3387 633 non
3418 592 3547 647 pra,

1955 664 2164 720 futuras
2197 664 2468 735 perferant
2495 680 2711 732 causai.
2742 676 2804 727 ut
2830 666 2948 728 fleri
2970 668 3130 734 solet,
3184 678 3278 724 aut
3307 678 3549 738 oportet,

1957 769 2016 819 ut
2036 768 2127 817 aut
2152 758 2496 828 pauperibus,
2515 758 2816 827 autviduis,
2833 770 2924 815 aut
2944 761 3156 831 pupillis
3180 760 3550 829 subveniatur,

1956 850 2056 913 sed
2091 860 2145 909 et
2173 850 2461 920 dignitates
2495 851 2785 906 saecularcs
2808 861 2864 906 et
2904 852 3400 908 administrationes
3424 854 3539 923 qui.-

1957 943 2184 1005 busdam
2216 942 2516 1012 postulent.
2551 942 2678 1000 Haec
2706 944 2889 1012 itaque
2917 947 3150 1013 pravitas
3180 946 3308 1002 olim
3332 960 3437 1003 non
3468 956 3554 1000 so-

1962 1035 2073 1099 lum
2103 1034 2555 1091 murmurationes
2586 1034 2683 1090 sed
2716 1042 2773 1089 et
2818 1036 3071 1092 scandala
3099 1037 3357 1093 excitavit
3399 1053 3415 1092 t
3460 1036 3555 1092 ho-

280 1131 447 1189 vincia
474 1130 525 1187 in
558 1143 660 1202 qua
700 1127 901 1185 fuerint
922 1127 1074 1183 duot1
1105 1127 1367 1200 episcopi,
1399 1141 1564 1182 unum
1596 1125 1733 1185 forte
1751 1125 1858 1193 Ere-
1962 1139 2179 1187 nestum
2198 1136 2282 1183 est
2309 1135 2490 1187 autem
2519 1138 2577 1184 ut
2605 1129 2891 1198 episcopus
2926 1130 3375 1187 intercessionem
3403 1144 3557 1186 suam

281 1238 493 1281 manere
527 1222 837 1301 episcopum
860 1261 875 1287 ,
925 1220 1015 1275 ille
1041 1233 1172 1275 vero
1220 1234 1318 1290 per
1360 1218 1738 1291 negligentiam
1766 1229 1861 1281 uo-
1966 1222 2049 1279 his
2072 1230 2322 1293 praestet,
2364 1223 2457 1292 qui
2486 1222 2662 1291 aliqua
2694 1223 2874 1292 iniqua
2893 1224 2946 1278 vi
2974 1222 3355 1294 opprimuntur
3387 1233 3480 1279 aut
3507 1224 3554 1278 si

276 1316 435 1373 luerit
473 1311 1106 1391 οτᾱίηετθῐθρίεεορυω,
1149 1319 1204 1366 ει
1244 1310 1428 1383 Popilli
1472 1307 1858 1377 convenerint.
1968 1315 2132 1373 vidua
2159 1313 2412 1383 afﬂigitur
2435 1322 2526 1368 aut
2548 1314 2783 1385 pupillus
2805 1315 3158 1385 exspoliatur,
3186 1325 3365 1371 tamen
3386 1328 3438 1370 et
3461 1318 3559 1375 ista

274 1408 511 1489 episcopi
543 1406 569 1446 δ
602 1405 797 1463 vicina:
826 1402 1118 1479 provinciae
1149 1402 1349 1471 debent
1382 1404 1530 1465 illum
1560 1403 1706 1488 prius
1736 1418 1865 1469 COu-
1967 1409 2145 1465 omnia
2166 1447 2182 1473 ,
2228 1408 2274 1463 si
2293 1407 2495 1477 justam
2523 1409 2756 1464 habeant
2782 1423 3002 1465 causam
3028 1419 3084 1465 et
3108 1408 3445 1479 petitionem.
3501 1408 3559 1463 Si

273 1504 463 1559 venire
489 1501 801 1573 episcopum
829 1500 921 1573 qui
959 1500 1012 1555 in
1046 1498 1239 1555 eadem
1282 1498 1556 1568 provincia
1587 1504 1863 1565 moratur,
1969 1496 2125 1553 vobis
2169 1513 2298 1567 ergo
2318 1538 2334 1565 ,
2365 1498 2564 1555 fratres
2600 1500 2926 1567 charissimi,
2958 1501 3155 1570 placet,
3186 1499 3460 1555 decernite
3489 1515 3557 1555 ne

285 1606 339 1653 et
367 1593 658 1673 ostendere
687 1594 826 1673 quod
858 1594 1043 1669 populi
1071 1601 1258 1663 petant
1278 1593 1377 1647 sibi
1406 1600 1668 1655 rectorem
1693 1590 1869 1651 ethoc
1900 1662 1941 1673 _
1971 1591 2215 1661 episcopi
2245 1592 2311 1646 ad
2335 1592 2647 1647 comitatum
2667 1592 2946 1660 accedant,
2979 1592 3084 1647 nisi
3113 1593 3254 1650 forte
3281 1592 3332 1645 hi
3363 1592 3454 1661 qui
3476 1607 3562 1647 re-

275 1689 479 1761 justum
510 1668 637 1743 esse
662 1662 721 1741 ut
762 1694 818 1742 et
843 1662 961 1757 ipse
999 1662 1179 1753 veniat
1225 1695 1277 1741 et
1316 1701 1437 1751 cum
1468 1687 1583 1758 ipso
1611 1684 1865 1749 ordinent
1896 1662 1944 1734 Β
1970 1683 2295 1754 ligiosissimi
2320 1683 2660 1753 imperatoris
2686 1683 2881 1739 litteris
2901 1685 2984 1741 vel
3007 1684 3217 1739 invitati
3248 1682 3557 1738 fuerintvel

280 1780 619 1849 episcopum.
667 1776 821 1846 Quod
860 1777 907 1834 si
956 1786 1252 1833 conventus
1295 1777 1489 1841 litteris
1540 1778 1768 1835 tacuerit
1813 1786 1869 1833 et
1970 1778 2197 1835 evocati.
2252 1776 2358 1833 Sed
2388 1778 2641 1848 quoniam
2672 1793 2815 1847 saepe
2853 1777 3117 1848 contingit
3160 1785 3217 1831 ut
3246 1777 3312 1831 ad
3342 1777 3553 1833 miseri-

273 1868 705 1925 dissimulaverit
753 1868 996 1939 nihilque
1053 1868 1419 1940 rescripserit,
1468 1878 1594 1927 tunc
1650 1870 1866 1927 satisfa-

275 1960 529 2016 ciendum
560 1975 682 2016 esse
706 1961 918 2031 populis
942 1969 1000 2015 ut
1022 1961 1239 2016 veniant
1264 1977 1281 2000 ι·
1309 1976 1375 2019 ex
1397 1960 1568 2016 vicina
1594 1962 1867 2032 provincia

268 2038 328 2111 et
376 2052 627 2107 ordinent
668 2053 1015 2121 episcopum;
1058 2052 1153 2106 sed
1202 2052 1395 2106 iterum
1437 2053 1653 2119 licentia
1696 2054 1870 2111 danda

274 2148 487 2221 passim
519 2160 625 2201 non
654 2154 757 2200 est.
789 2145 845 2200 Si
876 2146 1019 2199 enim
1055 2146 1235 2201 subito
1264 2154 1353 2201 aut
1381 2146 1527 2205 vicus
1558 2147 1748 2217 aliquis
1780 2156 1871 2204 aut

256 2234 503 2293 ‘modica
535 2236 743 2305 civitas,
776 2235 860 2290 cui
895 2236 1022 2291 satis
1040 2246 1124 2292 est
1150 2251 1283 2292 unus
1307 2237 1607 2311 presbyter,
1644 2239 1874 2296 voluerit

273 2331 384 2386 sibi
429 2331 744 2400 episcopum
799 2330 1034 2385 ordinari
1075 2329 1141 2385 ad
1174 2334 1275 2385 hoc
1315 2340 1372 2385 ut
1412 2332 1634 2387 vilescat
1678 2348 1870 2399 nomen

275 2423 521 2494 episcopi
551 2432 604 2479 et
628 2425 944 2489 auctoritas,
978 2439 1082 2485 non
1114 2423 1312 2479 debent
1337 2424 1413 2479 illi
1438 2440 1505 2480 ex
1529 2426 1630 2479 alia
1659 2429 1873 2496 provin-

276 2516 361 2570 cia
392 2514 603 2579 invitali
635 2515 817 2573 facere
845 2515 1186 2586 episcopum,
1226 2514 1328 2571 nisi
1359 2524 1455 2579 aut
1484 2515 1540 2581 in
1571 2518 1653 2573 his
1681 2518 1873 2579 civita-

278 2607 427 2665 tibus
448 2622 567 2678 quae
590 2606 875 2680 episcopos
901 2607 1229 2673 habuerunt,
1259 2617 1351 2663 aut
1375 2608 1422 2673 si
1442 2624 1547 2680 qua
1571 2620 1677 2675 tam
1703 2627 1874 2683 popu-

278 2697 397 2754 losa
431 2706 514 2753 est
542 2697 733 2767 civitas
762 2699 848 2765 vel
892 2699 1040 2759 locus
1085 2698 1171 2769 qui
1204 2708 1478 2763 mereatur
1513 2702 1711 2765 habere
1757 2705 1874 2774 θρίφ

276 2807 529 2864 scopum.
554 2791 804 2867 Synodus
834 2792 1111 2862 reSpundit
1134 2808 1149 2846 :
1169 2792 1370 2851 Placet.

671 2884 785 2943 ΥΠ.
830 2884 907 2940 De
934 2885 1188 2954 episwpis
1216 2884 1491 2941 accusatis.

350 2979 518 3035 Osius
544 2977 827 3057 episcopus
848 2976 984 3037 dixit
1010 2993 1023 3032 :
1058 2976 1122 3037 Et
1151 2976 1251 3037 hoc
1276 2976 1477 3046 placuit
1506 2984 1562 3037 ut
1594 2976 1641 3032 si
1666 2977 1876 3047 episco-

276 3088 380 3145 pus
413 3082 701 3127 accusatus
732 3070 917 3136 fuerit,
942 3080 993 3125 et
1022 3069 1384 3143 iudicaverint
1405 3072 1717 3143 congregati
1763 3072 1877 3140 epi-

275 3166 437 3237 scopi
468 3165 700 3235 regionis
729 3164 871 3225 illius
892 3158 916 3199 ἀ
942 3171 995 3227 et
1020 3162 1088 3217 de
1113 3163 1279 3233 gradu
1300 3178 1397 3218 suo
1420 3162 1713 3232 dejecerint
1730 3179 1873 3229 eum,

283 3258 330 3313 si
363 3256 724 3327 appellaverit
756 3256 844 3325 qui
888 3253 1133 3329 deiectus
1159 3254 1371 3317 videtur
1399 3264 1451 3320 et
1483 3254 1782 3325 confugerit
1810 3257 1875 3321 ad

281 3350 663 3414 beatissimum
691 3350 945 3411 Ecclesia:
974 3351 1226 3413 Romanae
1252 3350 1588 3425 episcopum,
1614 3360 1666 3409 et
1692 3352 1877 3406 volue-

280 3447 352 3513 rit
373 3444 550 3509 audiri
574 3485 588 3511 ,
621 3444 668 3498 si
700 3442 902 3515 justum
933 3443 1199 3515 putaverit
1223 3454 1278 3503 ut
1305 3452 1598 3503 renovetur
1630 3460 1873 3511 examen,

282 3538 533 3595 scribere
581 3537 853 3613 episcopis
883 3536 1131 3606 dignetur
1165 3535 1439 3601 Romanus
1482 3537 1767 3609 episcopus
1797 3539 1877 3601 his

279 3630 376 3696 qui
422 3630 475 3683 in
506 3627 731 3683 finitima
774 3637 830 3682 et
873 3626 1170 3700 propinqua
1196 3627 1363 3692 altera
1412 3629 1684 3703 provincia
1720 3640 1875 3698 sunt,

281 3730 339 3793 et
373 3730 394 3756 ε
425 3720 527 3793 ipsi
576 3720 862 3797 diligenter
898 3721 1077 3781 eniuia
1119 3722 1397 3795 requirant
1436 3730 1491 3783 et
1526 3722 1679 3797 juxta
1722 3723 1878 3783 fidem

279 3817 536 3875 veritatis
582 3815 864 3877 deliniant.
920 3816 1074 3893 Quod
1119 3819 1166 3873 si
1216 3818 1297 3889 is,
1339 3817 1431 3886 qui
1461 3826 1614 3890 regat
1663 3832 1879 3879 causam

282 3924 453 3967 suam
508 3907 747 3973 iterum‘
799 3909 1014 3977 audiri,
1076 3910 1458 3981 deprecatione
1503 3925 1597 3975 sua
1655 3914 1883 3971 moverit

284 4002 609 4071 episcopum
644 4000 943 4053 Romanum
979 4007 1034 4051 ut
1075 4014 1104 4052 e
1145 4000 1311 4061 latere
1339 4014 1439 4055 suo
1485 3999 1830 4069 presbyteros
1854 4010 1879 4049 ε

284 4094 497 4158 mittat,
549 4092 651 4146 erit
699 4093 749 4145 in
792 4099 1055 4163 potestate
1108 4090 1279 4167 ipsius
1324 4091 1453 4161 quid
1483 4091 1613 4145 velit
1655 4100 1710 4147 et
1756 4092 1883 4161 quid

282 4176 531 4243 aestimet
561 4203 573 4239 :
607 4194 659 4239 et
702 4186 745 4240 si
777 4184 1076 4245 decreverit
1123 4184 1416 4245 mittendos
1444 4200 1565 4243 esse
1607 4184 1697 4255 qui
1749 4201 1886 4259 prae-

282 4288 481 4338 sentes
509 4294 628 4333 cum
659 4277 926 4351 episcopis
947 4278 1191 4347 judicent
1230 4286 1290 4332 ut
1321 4278 1483 4339 etiam
1514 4279 1747 4339 habeant
1790 4295 1884 4335 au-

1905 3026 1953 3095 C

1970 1869 2217 1925 cordiam
2254 1868 2517 1923 Ecclesiae
2539 1868 2849 1939 confugiant
2876 1870 2966 1939 qui
2994 1868 3245 1939 injuriam
3267 1866 3562 1938 patiuntur,

1971 1968 2029 2017 et
2060 1962 2150 2031 qui
2181 1970 2465 2030 peccantes
2488 1962 2543 2015 in
2572 1961 2819 2018 exsilium
2851 1962 2937 2017 vel
2968 1963 3020 2016 in
3054 1961 3258 2016 insulas
3302 1961 3565 2015 damnan-

1975 2059 2086 2120 tur,
2129 2060 2223 2106 aut
2243 2062 2392 2107 certe
2419 2053 2726 2122 quicunque
2745 2054 3067 2108 sententiam
3090 2052 3385 2121 excipiunt,
3416 2050 3566 2107 ideo-

1974 2160 2079 2214 que
2101 2145 2531 2201 subveniendum
2554 2156 2637 2201 est
2660 2155 2714 2201 et
2735 2147 2852 2202 sine
2878 2147 3211 2202 dubitatione
3234 2146 3315 2201 eis
3336 2144 3566 2216 petenda

1976 2254 2073 2310 per
2103 2239 2403 2294 Ecelesiam
2435 2240 2764 2308 indulgentia
2796 2260 2809 2293 :
2838 2239 2882 2294 si
2905 2256 3033 2311 ergo
3057 2240 3162 2296 hoc
3184 2239 3340 2296 vobis
3365 2240 3564 2310 placet,

1974 2339 2261 2388 statuatur.
2291 2330 2537 2388 Universi
2567 2332 2816 2387 dixerunt
2849 2349 2861 2385 :
2895 2332 3079 2387 Placet
3108 2339 3163 2388 et
3182 2332 3564 2387 constituatur.

2458 2425 2549 2481 IX.
2598 2425 2671 2480 De
2698 2427 2884 2498 quibus
2910 2444 3088 2498 supra.

2047 2517 2210 2574 Osius
2241 2518 2526 2590 episcopus
2556 2520 2696 2577 dixit
2726 2537 2741 2573 ι
2776 2521 2903 2576 Hcce
2929 2535 3144 2592 quoque
3172 2520 3454 2591 prudentia
3478 2534 3568 2576 ve-

1976 2617 2088 2663 stra
2122 2618 2355 2664 tractare
2383 2610 2579 2677 debet,
2628 2619 2685 2666 ut
2711 2612 2835 2681 quia
2873 2612 3183 2668 decrevistis
3225 2627 3295 2667 ne
3328 2611 3566 2682 episcopi

1978 2702 2293 2771 improbitas
2321 2712 2537 2758 notetur
2563 2703 2630 2758 ad
2662 2705 2975 2758 comitatum
3007 2704 3298 2774 pergendo,
3333 2706 3562 2773 quicun-

1977 2807 2083 2860 que
2119 2806 2250 2860 ergo
2291 2794 2479 2861 quales
2524 2792 2774 2862 superius
2814 2794 3231 2850 memoravimus
3260 2808 3447 2864 preces
3475 2794 3571 2850 ha-

1978 2882 2194 2937 buerint
2221 2884 2305 2937 vel
2332 2884 2667 2951 acceperint,
2702 2899 2798 2951 per
2824 2884 3109 2939 diaconum
3139 2901 3291 2940 suum
3326 2887 3567 2951 mittant;

1981 2975 2106 3044 quia
2138 2988 2368 3044 persona
2396 2974 2631 3030 ministri
2664 2989 2771 3031 non
2801 2976 2903 3032 erit
2930 2976 3192 3032 invidiosa
3214 3016 3230 3043 ,
3276 2991 3397 3047 quae
3426 2977 3569 3032 cele-

1985 3066 2096 3125 rius
2129 3067 2323 3135 poterit
2350 3082 2471 3137 qum
2494 3068 2865 3137 impetraverit
2886 3068 3094 3125 referre
3128 3088 3140 3123 ι
3171 3080 3225 3125 et
3252 3073 3353 3126 hoe
3381 3086 3573 3127 conse-

1983 3173 2154 3228 quens
2196 3172 2316 3214 esse
2348 3157 2592 3224 videtur,
2641 3167 2702 3219 ut
2738 3161 3101 3230 unusquisque
3137 3162 3227 3231 qui
3257 3175 3445 3231 preces
3477 3162 3574 3216 ha-

1982 3250 2160 3306 buerit
2198 3263 2290 3305 cas
2330 3248 2397 3303 ad
2428 3246 2626 3311 fratres
2657 3258 2711 3307 et
2740 3252 3093 3321 coepiscopos
3131 3267 3364 3319 nostros,
3396 3255 3488 3323 qui
3518 3254 3572 3309 in

1980 3343 2214 3403 maxima
2236 3342 2470 3409 civitate,
2511 3343 2565 3407 id
2610 3351 2693 3401 est
2733 3346 2827 3414 qui
2874 3344 3181 3413 metmpoli,
3230 3347 3569 3413 consistunt,

1982 3440 2163 3493 mittat
2190 3445 2248 3492 et
2286 3437 2363 3501 illi
2406 3452 2504 3507 per
2535 3452 2663 3497 suos
2692 3439 2950 3496 diaconos
2980 3440 3250 3504 destinet,
3291 3440 3573 3496 tribuendo

1981 3534 2448 3590 commendatitias
2484 3533 2739 3602 epistolas
2781 3535 2899 3604 pari
2944 3535 3154 3590 ratione
3194 3534 3264 3591 ad
3295 3534 3486 3593 fratres
3517 3546 3573 3590 et

1982 3630 2340 3699 coepiscopos
2370 3636 2609 3697 nostros,
2640 3629 2729 3697 qui
2750 3627 2807 3683 in
2827 3628 2921 3684 illo
2949 3635 3195 3697 tempore
3222 3628 3274 3681 in
3298 3628 3379 3683 his
3400 3631 3566 3700 regie

1983 3720 2143 3780 nibus
2166 3727 2222 3776 et
2252 3719 2490 3777 urbibus
2507 3728 2783 3777 morantur
2801 3762 2817 3788 ,
2848 3720 2905 3777 in
2929 3721 3124 3792 quibus
3151 3719 3279 3776 felix
3308 3728 3363 3776 et
3387 3721 3574 3779 beatus

1982 3817 2260 3884 Augustus
2294 3814 2683 3884 rempublicam
2704 3814 2989 3883 gubernat.
3020 3814 3076 3870 Si
3103 3829 3235 3870 vero
3264 3815 3425 3869 habet
3452 3816 3574 3884 quis

1984 3910 2356 3977 episcoporum
2387 3909 2491 3978 3'7
2524 3911 2726 3962 amicos
2754 3907 2810 3962 in
2838 3907 3034 3975 palatio
3060 3906 3149 3977 qui
3172 3907 3321 3975 cupit
3372 3907 3575 3977 aliquid

1985 4001 2128 4067 quod
2160 4010 2337 4054 tamen
2371 4000 2654 4055 honestum
2686 4012 2768 4054 est
2798 4001 3115 4070 impetrare,
3146 4015 3254 4055 non
3285 4001 3575 4070 prohibea-

1989 4102 2075 4148 tur
2104 4109 2200 4163 per
2252 4095 2532 4149 diaconem
2582 4109 2737 4150 suum
2788 4109 2978 4165 rogare
3023 4103 3080 4150 et
3116 4095 3420 4165 signiﬁcare
3457 4098 3572 4165 eis,

1986 4203 2121 4258 quos
2168 4187 2272 4243 scit
2314 4188 2544 4260 benigne
2571 4187 2587 4227 ί
2616 4188 3007 4245 intercessione
3054 4190 3157 4246 sibi
3200 4190 3407 4247 absenti
3437 4206 3576 4263 prm-

1986 4292 2129 4340 stare
2164 4298 2320 4354 posse
2344 4286 2389 4337 i.
2421 4283 2524 4351 Qui
2567 4298 2699 4338 vero
2744 4282 2971 4338 Romam
3002 4285 3239 4351 venerit,
3293 4286 3450 4342 sicuti
3494 4285 3577 4342 dl-

283 4372 601 4431 ctoritatem
646 4386 886 4441 persona:
927 4369 1067 4426 illius
1106 4386 1139 4433 It
1165 4384 1273 4440 quo
1303 4369 1552 4427 destinati
1584 4380 1736 4440 sunt.
1782 4373 1884 4429 erit
1915 4390 2136 4458 petum
2165 4388 2274 4446 est,
2334 4378 2679 4433 sanctissimo
2733 4377 2886 4433 fratri
2942 4386 2999 4433 et
3047 4379 3370 4460 coepiscopo
3389 4388 3577 4435 nostra

285 4466 344 4523 in
378 4463 500 4532 ejus
528 4461 751 4516 arbitrio
778 4478 797 4529 ί
844 4461 891 4521 si
921 4476 1046 4516 vero
1073 4459 1367 4527 crediderit
1392 4462 1639 4527 sufficere
1667 4463 1874 4532 episco-

1987 4475 2245 4530 llomauze
2272 4472 2531 4531 Ecclesiae
2571 4486 2758 4542 preces
2804 4486 2938 4541 quas
2980 4470 3139 4527 habet
3188 4459 3396 4541 tradat,
3441 4481 3498 4529 ut
3521 4482 3577 4529 et

284 4572 393 4635 pos
425 4553 789 4626 provinciales
822 4562 877 4608 ut
906 4554 1119 4624 negotio
1151 4555 1438 4621 terminum
1467 4555 1768 4626 imponant,
1798 4554 1883 4621 fa-

285 4652 397 4716 ciet
430 4647 575 4721 quod
604 4647 1001 4725 sapientissime
1025 4648 1252 4713 consilio
1282 4648 1743 4727 suejudicaverit.

286 4749 403 4821 36
424 4745 564 4799 Vlll.
585 4743 651 4800 Ut
679 4744 901 4819 episcopi
926 4744 1117 4816 passim
1134 4745 1202 4807 ad
1223 4746 1519 4805 comitatum
1534 4761 1636 4803 non
1647 4752 1883 4815 pergant.

276 4860 283 4906 ς
361 4838 534 4897 Osius
566 4839 853 4908 episcopus
906 4836 1044 4901 dixit
1078 4855 1091 4893 :
1126 4838 1545 4908 Importunitatis
1573 4849 1772 4905 nostrae
1807 4839 1888 4894 ni-

290 4931 401 4986 mia
446 4930 746 4997 frequentia
793 4935 848 4987 et
896 4926 1093 4999 injuste
1116 4929 1321 4998 judicio
1352 4926 1378 4967 ιι
1410 4930 1697 4999 petitiones
1742 4929 1887 4997 tece.

291 5031 425 5077 runt
471 5035 571 5084 nos
602 5034 710 5074 non
750 5025 953 5074 tantam
996 5020 1196 5076 habere
1219 5022 1447 5093 gratiam
1482 5030 1571 5076 aut
1602 5020 1849 5079 fiduciam
1870 5061 1889 5089 ,

291 5117 426 5172 dum
481 5112 698 5183 quidam
740 5127 850 5177 non
889 5122 1105 5179 cessant
1157 5115 1223 5171 ad
1269 5116 1575 5176 comitatum
1626 5115 1705 5172 ire
1770 5115 1888 5186 epi-

371 5258 399 5287 ⁸
434 5249 498 5305 ltt
528 5246 745 5318 caeteris
772 5245 1087 5314 Codicibus,
1120 5256 1317 5313 praeter
1348 5248 1436 5309 A.,
1481 5248 1711 5318 plurimi.
1798 5312 1801 5315 ,

365 5318 411 5376 δ.
434 5318 517 5372 Ex
546 5316 612 5388 U_.
647 5316 798 5388 lttA.
832 5323 907 5375 'et
949 5317 1172 5387 reliquis
1203 5336 1215 5370 :
1251 5316 1517 5386 episcopus
1559 5319 1737 5374 vicina?
1763 5335 1888 5388 pro-

292 5391 486 5470 vincia:
509 5386 651 5469 debet
676 5386 766 5441 ille
793 5386 1213 5471 prius‘conuen‘iri
1234 5391 1494 5459 episcOpos
1517 5391 1605 5459 qui
1632 5389 1687 5442 in
1712 5386 1888 5446 eadem

296 5460 575 5532 provincia
602 5468 869 5512 morantur
896 5466 942 5511 et
972 5458 1191 5513 ostendi.
1531 5458 1537 5459 ί

372 5545 395 5571 ε
434 5529 532 5600 U.,
563 5530 983 5600 satisfaciendum
1003 5538 1081 5600 est
1104 5529 1332 5597 pupulis;
1365 5531 1535 5600 sicque
1554 5530 1776 5586 veniant.

369 5600 396 5639 ἀ
436 5598 765 5675 ,ἓηοβκιξη
793 5601 855 5675 ξ.
886 5597 942 5675 ξ,
967 5599 1285 5675 _U.,_ipsius.

377 5682 402 5711 ο
436 5669 556 5737 ea,
586 5668 771 5737 u.'a.,
797 5668 860 5725 τ.
887 5669 939 5739 ι,
961 5671 1018 5741 a,
1052 5668 1142 5738 u.,
1177 5680 1253 5727 ul~

1987 4565 2103 4637 ipse
2146 4565 2296 4635 prius
2333 4562 2605 4619 examinet
2644 4563 2691 4617 si
2737 4562 2978 4617 honesta:
3024 4571 3078 4617 et
3119 4562 3279 4631 justas
3323 4571 3479 4629 sunt,
3521 4570 3576 4618 et

1987 4667 2203 4732 prestat
2226 4656 2356 4731 [U.,
2382 4655 2671 4730 procuret]
2699 4656 3032 4727 diligentiam
3065 4666 3224 4726 atque
3251 4658 3573 4714 sollicitudi-

1990 4766 2112 4807 nem
2142 4759 2204 4805 ut
2229 4748 2295 4804 ad
2319 4750 2633 4805 comitatum
2659 4747 2984 4818 perferatur.
3043 4747 3299 4805 Universi
3327 4750 3577 4806 dixerunt

1990 4842 2204 4912 placere
2224 4840 2324 4895 sibi
2353 4848 2407 4895 et
2434 4840 2720 4895 honestum
2745 4853 2865 4894 esse
2892 4838 3195 4896 consilium.

2493 4929 2560 4985 X.
2592 4929 2671 4985 De
2697 4931 2879 4999 quibus
2898 4948 3075 5001 supra.
3580 4999 3589 5008 '

2063 5022 2267 5094 Alipius
2295 5022 2577 5093 episcopus
2606 5020 2741 5077 dixit
2768 5039 2783 5077 :
2813 5022 2873 5079 Si
2902 5031 3119 5094 propter
3146 5022 3377 5094 pupillos
3415 5027 3468 5075 et
3494 5019 3572 5073 vi-

1992 5118 2128 5175 duas
2155 5118 2241 5175 vel
2270 5117 2596 5185 laborantes,
2630 5117 2722 5189 qui
2751 5131 2940 5175 causas
2968 5132 3073 5175 non
3104 5116 3313 5187 iniquas
3347 5114 3564 5180 habent,

2069 5258 2090 5299 ί
2122 5259 2223 5330 υρ,
2258 5260 2443 5313 iterum
2473 5260 2645 5315 audiri
2668 5260 2912 5330 uoluerit,
2956 5268 3005 5316 et
3026 5251 3346 5313 admonuerit
3370 5252 3569 5324 episco-

1992 5348 2113 5402 pum
2146 5328 2458 5402 ﬁomanum.

2063 5411 2091 5472 ρ
2120 5401 2235 5472 ᾼΞη
2274 5401 2338 5472 β.
2372 5402 2460 5471 8.,
2493 5404 2849 5472 presbyterem.

2062 5468 2091 5544 ξι
2254 5470 2424 5544 _E._3,
2553 5474 2605 5544 1,
2630 5466 2686 5538 ᾗ,
2713 5475 2921 5541 injuste
2944 5466 3231 5544 petitiones.

2068 5542 2219 5609 ίᾹΞη
2253 5542 2313 5597 Β.
2334 5542 2426 5608 3.,
2454 5542 2792 5612 U.,beniyna.

2063 5614 2078 5665 t
2117 5612 2208 5682 U.,
2239 5614 2433 5670 obserati
2462 5629 2608 5683 posse
2629 5627 2927 5682 procurare.
