4086 6358
550 253 653 311 H9

1252 249 1628 309 COLLECTIO
1664 251 1995 311 CANONUM
2032 254 2090 311 S.
2135 253 2409 315 ISIDORO
2450 260 2721 321 HISPAL.
2760 264 3119 326 ASCRIPTA.

3740 277 3847 335 1'20

548 364 887 435 susceperint
918 364 1355 435 peregrinationis
1385 365 1721 421 incommoda
1755 377 1781 404 ιι
1807 410 1822 435 ,
1859 368 2131 425 habebunt

2238 375 2373 431 betis
2414 386 2472 432 ttt
2509 383 2794 455 episcopus
2840 400 2906 441 ex
2952 386 3054 440 alia
3096 387 3335 455 civitate,
3369 405 3490 446 cum
3533 396 3738 450 venerit
3771 397 3845 453 ad

545 456 747 526 aliquid
774 456 933 525 justas
956 458 1220 518 rationis;
1266 470 1404 511 nunc
1435 471 1562 512 vero
1591 473 1711 512 cum
1742 472 1804 513 ea
1834 460 2129 529 postulent,

548 563 668 614 qua:
694 548 810 602 sine
835 546 1035 602 invidia
1062 547 1301 602 omnium
1332 557 1385 600 et
1424 547 1845 616 reprehensione
1875 565 1997 607 esse
2024 568 2135 608 non

549 651 794 713 possunt,
825 658 931 699 non
954 657 1175 699 necesse
1194 651 1279 697 est
1304 641 1381 699 ire
1408 643 1528 700 illos
1555 645 1622 699 ad
1651 647 1987 702 comitatum.

1031 734 1121 789 XI.
1157 734 1238 789 De
1265 735 1446 805 quibus
1477 734 1654 808 supra.

623 815 955 871 Gaudentius
992 814 1274 883 episcopus
1322 816 1456 871 dixit
1511 833 1526 871 :
1579 818 1654 873 Ea
1693 834 1813 889 qua:
1850 818 2137 877 salubriter

551 909 861 979 providistis
887 910 1262 965 convenientia
1301 919 1357 965 et
1384 912 1743 969 :estimatione
1771 915 2052 980 omnium,’
2073 928 2137 972 ac

548 1004 663 1061 Deo
691 1004 947 1074 placitura
976 1013 1031 1059 et
1064 1004 1389 1068 hominibus,
1422 1014 1606 1062 tenere
1638 1007 1895 1063 hactenus
1926 1008 2137 1064 fortitu-

546 1095 726 1151 dinem
758 1103 1021 1161 possunt,
1068 1094 1115 1149 si
1158 1104 1331 1150 metus
1368 1095 1496 1150 huic
1524 1098 1808 1152 sententiae
1838 1099 2134 1170 coniunga-

547 1196 649 1242 tur.
675 1185 886 1244 Scimus
924 1189 1067 1243 enim
1097 1190 1258 1245 etiam
1286 1190 1386 1259 ipsi
1419 1190 1719 1259 saepissime
1746 1202 1968 1260 propter
1999 1207 2134 1261 pau-

544 1294 728 1336 corum
762 1281 1148 1348 Impudentiam
1187 1296 1401 1337 sacrum
1433 1296 1497 1337 ac
1536 1282 1849 1351 religiosum
1881 1286 2130 1340 sacerdo-

544 1373 650 1428 tale
681 1390 876 1429 nomen
900 1375 1063 1430 I‘uisse
1082 1375 1490 1446 reprehensum.
1513 1374 1567 1431 Si
1598 1374 1758 1443 igitur
1787 1378 1981 1446 aliquis
2002 1391 2134 1432 con-

546 1475 623 1520 tra
655 1468 892 1522 omnium
921 1458 1242 1523 sententiam
1283 1468 1430 1522 nisus
1446 1468 1677 1523 voluerit
1702 1469 1981 1523 ambitioni
2011 1484 2134 1524 ma-

542 1559 624 1629 gis
654 1559 865 1630 placere
895 1575 1051 1627 quam
1085 1560 1214 1624 Deo,
1257 1558 1415 1614 debet
1442 1560 1584 1615 scire
1613 1601 1626 1623 ,
1669 1560 1844 1616 causis
1871 1560 2128 1628 redditis,

544 1648 804 1705 honorem
836 1660 996 1720 atque
1015 1650 1326 1719 dignitatem
1352 1664 1410 1704 se
1438 1651 1784 1705 amissurum.
1816 1652 1925 1706 lloc
1956 1660 2132 1707 autem

2240 468 2399 524 aliam
2423 470 2692 529 civitatem
2715 476 2798 531 vel
2829 493 2892 531 ex
2923 480 3191 546 provincia
3219 495 3313 535 sua
3340 482 3405 537 ad
3438 484 3597 540 aliam
3623 489 3841 555 provin-

2242 560 2401 628 ciam,
2432 573 2485 619 et
2506 565 2785 621 ambitioni
2818 568 2985 637 magis
3014 573 3216 626 serviat
3244 587 3407 642 quam
3440 574 3738 645 devotioni,
3769 578 3845 634 ita

2242 661 2299 708 ut
2327 654 2373 709 si
2397 656 2626 712 voluerit
2666 659 2717 713 in
2760 660 2935 716 aliena
2967 663 3185 720 civitate
3223 665 3389 720 multo
3436 675 3680 736 tempore
3712 671 3846 725 resi-

2240 745 2370 804 dere
2394 789 2411 815 ,
2452 760 2507 805 et
2545 753 2821 824 contingat
2860 763 2917 809 ut
2953 756 3240 827 episcopus
3265 759 3494 815 civitatis
3528 761 3698 831 ipsius
3730 780 3838 820 non

2241 851 2348 898 tam
2379 843 2670 901 instructus
2697 848 2766 902 sit
2795 863 2893 904 nec
2928 858 3033 905 tam
3063 851 3284 919 doctus,
3318 854 3363 908 is
3390 868 3521 909 vero
3544 856 3635 925 qui
3670 856 3841 913 adve-

2238 933 2319 989 nit
2342 936 2561 1006 incipiat
2587 947 2933 996 contemnere
2963 957 3084 997 eum
3117 951 3171 997 et
3195 944 3504 1013 frequenter
3526 946 3700 1001 facere
3721 963 3841 1003 ser-

2238 1040 2453 1081 monem
2480 1068 2495 1091 ,
2539 1040 2598 1083 ut
2637 1030 2956 1087 dehonestet
2986 1043 3039 1089 et
3070 1035 3305 1091 inﬁrmet
3344 1036 3486 1092 illius
3518 1054 3805 1107 personam
3825 1081 3841 1107 ,

2238 1131 2341 1187 qua
2372 1120 2658 1175 occasione
2690 1121 2747 1177 fit
2786 1134 2841 1177 ut
2871 1140 2973 1179 non
3019 1126 3225 1182 dubitet
3264 1128 3569 1199 relinquere
3595 1134 3844 1205 assigna-

2238 1217 2347 1264 tam
2370 1210 2469 1265 sibi
2493 1214 2775 1271 ecclesiam
2805 1226 2859 1272 et
2886 1217 3113 1274 transire
3143 1221 3210 1275 ad
3233 1221 3390 1277 aliam
3417 1232 3439 1258 ε
3466 1240 3480 1276 :
3507 1223 3731 1282 definite
3760 1243 3845 1282 er-

2236 1317 2305 1374 go
2335 1312 2567 1373 tempus,
2593 1308 2718 1377 quia
2740 1319 2793 1363 et
2824 1325 2928 1364 non
2963 1312 3206 1382 recipere
3226 1314 3539 1387 episcopum
3566 1319 3821 1389 coepisco

2236 1410 2365 1464 pum
2388 1410 2542 1452 suum
2574 1398 2920 1457 inhumanum
2945 1412 3048 1469 est,
3080 1414 3135 1460 et
3162 1405 3358 1463 diutius
3389 1409 3629 1467 residere
3652 1414 3835 1482 perni-

2235 1488 2445 1546 ciosum
2473 1506 2487 1544 :
2512 1506 2581 1546 ne
2614 1492 2707 1547 fiat
2731 1509 2859 1564 ergo
2882 1496 3270 1564 providendum
3299 1508 3383 1555 est
3423 1498 3468 1556 ί.
3508 1501 3723 1558 Memini
3750 1520 3844 1560 au-

2237 1588 2344 1638 tem
2392 1585 2658 1653 superiori
2703 1587 2933 1642 concilio
2963 1584 3154 1646 fratres
3203 1602 3416 1648 nostros
3445 1597 3796 1655 constituisse
3822 1641 3838 1665 ,

2238 1683 2297 1730 ut
2320 1675 2365 1731 si
2396 1677 2514 1747 quis
2542 1678 2709 1733 laicus
2746 1680 2798 1734 in
2828 1695 2891 1736 ea
2930 1696 3033 1750 qua
3076 1694 3442 1740 commoratur
3482 1686 3699 1743 civitate
3731 1699 3843 1745 tres

544 1741 669 1796 sciri
720 1750 775 1796 et
819 1741 1104 1810 comperiri
1152 1740 1366 1810 poterit,
1411 1742 1456 1795 si
1490 1744 1861 1811 unusquisque
1890 1755 2133 1802 nostrum

2242 1766 2572 1835 Dominicas,
2593 1770 2643 1824 id
2668 1779 2750 1825 est
2771 1785 2866 1839 per
2890 1782 2998 1828 tres
3023 1774 3350 1843 septimanas
3378 1791 3485 1831 non
3512 1779 3843 1836 celebrasset

545 1834 635 1903 qui
668 1833 719 1886 in
752 1832 925 1887 canali
956 1832 1273 1887 constitutus
1300 1841 1400 1892 est,
1428 1846 1550 1887 cum
1571 1833 1991 1903 progredientem
2017 1834 2133 1907 [U.,

542 1922 905 1997 prodentem]
944 1925 1252 1993 episcopum
1301 1924 1532 1991 viderit,
1576 1926 1804 1995 inquirat
1849 1928 2135 1984 transitum

540 2016 678 2086 ejus,
705 2032 892 2071 causas
914 2017 1111 2081 videat,
1135 2030 1241 2085 quo
1264 2016 1434 2070 tendit
1458 2024 1735 2085 agnoscat,
1763 2026 1817 2071 et
1844 2017 1889 2073 si
1918 2019 2135 2088 quidem

536 2124 660 2165 eum
693 2108 972 2179 agnoverit
1002 2109 1079 2164 ire
1107 2109 1172 2162 ad
1195 2110 1530 2171 comitatum,
1561 2112 1799 2177 requirat
1830 2110 1955 2166 illud
1987 2113 2129 2183 quod

512 2204 788 2272 ,superius
825 2202 1274 2272 comprehensum
1316 2211 1398 2258 est
1429 2245 1444 2268 ,
1488 2217 1557 2258 ne
1595 2200 1735 2257 forte
1766 2204 2018 2259 invitatus
2050 2213 2135 2262 est

538 2294 660 2369 [1].,
691 2293 819 2366 sit],
848 2304 907 2351 ut
935 2298 983 2350 ei
1012 2293 1239 2350 facultas
1267 2295 1425 2349 eundi
1450 2298 1790 2365 permittatur
1822 2314 1836 2352 :
1873 2297 1954 2351 sin
1982 2313 2129 2367 vero,

540 2398 601 2445 ut
628 2389 875 2459 superius
897 2390 1141 2445 meminit
1166 2390 1421 2444 sanctitas
1442 2398 1644 2455 vestra,
1677 2399 1893 2459 propter
1923 2390 2132 2447 deside-

538 2482 618 2536 ria
647 2490 702 2536 et
725 2482 1045 2537 ambitiones
1075 2482 1152 2537 ire
1176 2481 1241 2537 ad
1272 2483 1580 2536 comitatum
1614 2481 1920 2545 tentaverit,
1953 2496 2127 2551 neque

544 2573 737 2629 litteris
768 2572 884 2643 ejus
910 2574 1277 2629 subscribatur
1324 2588 1498 2643 neque
1528 2569 1555 2610 δ
1591 2574 1642 2628 in
1698 2575 2131 2631 communionem

541 2666 882 2734 recipiendus
910 2677 1012 2722 est.
1036 2667 1089 2722 Si
1130 2666 1280 2722 vobis
1321 2667 1513 2735 placet,
1545 2666 1704 2722 debet
1732 2667 1971 2722 omnium
2001 2684 2130 2723 sen-

545 2762 708 2816 tentia
756 2762 1081 2816 confirmari.
1137 2760 1380 2816 Universi
1422 2760 1673 2816 dixerunt
1710 2760 1812 2814 hoc
1842 2760 2129 2816 honestum

540 2870 663 2911 esse
686 2864 739 2911 et
768 2856 984 2925 placere
1010 2855 1109 2909 sibi
1137 2854 1576 2910 constitutionem
1606 2864 1655 2909 ε.

1004 2949 1116 3005 XII.
1164 2950 1237 3005 De
1258 2951 1446 3020 quibus
1484 2964 1663 3017 supra.

616 3046 775 3103 Osius
798 3047 1082 3116 episcopus
1110 3044 1245 3099 dixit
1276 3060 1291 3100 :
1321 3043 1425 3100 Sed
1463 3051 1515 3096 et
1545 3039 1843 3095 moderatio
1876 3052 2127 3095 necessa-

2239 1870 2585 1932 convcntum,
2619 1864 2999 1920 communione
3047 1867 3350 1936 privaretur
3385 1887 3397 1921 :
3447 1870 3492 1924 si
3549 1885 3681 1942 ergo
3721 1872 3842 1929 tunc

2239 1953 2382 2010 circa
2424 1955 2586 2011 laicos
2611 1958 2899 2012 constituta
2928 1969 3052 2014 sunt
3078 2001 3093 2024 ,
3143 1970 3344 2029 quanto
3382 1965 3549 2035 magis
3581 1981 3680 2021 nec
3713 1966 3838 2023 licet

2238 2064 2337 2104 nec
2368 2050 2523 2105 decet
2566 2059 2625 2105 ut
2661 2052 2769 2124 39
2810 2053 3113 2125 episcopus,
3146 2056 3188 2109 si
3239 2055 3437 2111 nullam
3468 2067 3574 2112 tam
3614 2074 3838 2130 gravem

2240 2143 2400 2199 habet
2422 2147 2820 2214 necessitatem,
2852 2162 2951 2204 nec
2982 2157 3086 2203 tam
3119 2149 3388 2207 difficilem
3407 2152 3692 2221 rationem,
3722 2164 3842 2212 tau-

2237 2237 2327 2292 diu
2356 2240 2497 2294 absit
2525 2240 2590 2295 ab
2614 2240 2849 2297 Ecclesia
2878 2256 2969 2297 sua
3000 2254 3053 2299 et
3079 2245 3331 2316 populum
3356 2248 3679 2304 contristet?
3714 2250 3841 2307 l’ni-

2237 2333 2373 2385 versi
2398 2330 2645 2387 dixerunt
2671 2333 2877 2400 placere
2898 2335 3022 2391 sibi.

2319 2420 2434 2476 XV.
2470 2423 2547 2477 De
2566 2424 2815 2495 episcOpis
2844 2427 2908 2503 ἱηΔ
2931 2427 3111 2503 aliena
3128 2430 3389 2495 provincia
3414 2433 3750 2503 possessiones

2887 2497 3208 2555 habentibus.

2306 2584 2464 2640 Osius
2488 2584 2770 2655 episc0pus
2798 2587 3117 2657 dixit:Quia
3149 2591 3281 2647 nihil
3316 2594 3650 2661 praetermitti
3676 2609 3841 2666 oporo

2236 2685 2333 2744 tet,
2374 2688 2497 2735 sunt
2527 2678 2740 2748 quidam
2775 2680 2964 2736 fratres
2993 2692 3047 2738 et
3076 2685 3380 2754 coepiscopi
3412 2687 3582 2741 nostri
3610 2671 3839 2758 quinon

2232 2770 2286 2827 in
2309 2785 2371 2826 ea
2401 2771 2618 2828 civitate
2646 2774 2926 2842 possident
2954 2778 3005 2831 in
3032 2792 3133 2847 qua
3164 2779 3400 2848 episcopi
3429 2780 3685 2835 videntur
3714 2795 3840 2837 esse

2233 2865 2536 2931 constituti,
2565 2865 2648 2921 vel
2669 2875 2817 2921 certe
2849 2882 3069 2938 parvam
3102 2886 3217 2926 rem
3251 2871 3359 2927 illic
3391 2871 3589 2927 habent
3611 2872 3699 2927 ubi
3734 2872 3838 2926 ha-

2232 2953 2423 3021 bitant,
2463 2956 2589 3012 alibi
2619 2966 2795 3012 autem
2827 2959 3015 3015 idonea
3047 2961 3245 3031 prmdia
3278 2962 3481 3021 habere
3512 2973 3832 3030 noscuntur,

2244 3048 2331 3103 vel
2362 3049 2672 3107 affectiones
2704 3056 3070 3123 proximorum
3096 3057 3287 3127 quibus
3314 3058 3625 3128 indulgeant
3655 3076 3671 3114 :
3707 3061 3837 3117 bac-

550 3142 630 3196 ria
684 3149 805 3207 est,
834 3110 1187 3195 dilectissimi
1245 3138 1437 3192 fratres
1461 3175 1477 3201 ,
1511 3149 1578 3189 ne
1606 3132 1782 3187 subito
1826 3134 1935 3204 38
1962 3132 2133 3187 adhuc

2250 3152 2405 3201 tenus
2434 3147 2593 3215 igitur
2624 3149 2704 3203 eis
2734 3151 2967 3218 permitti
2990 3160 3202 3219 oportet
3230 3160 3285 3205 ut
3314 3152 3579 3207 accedant
3606 3153 3674 3208 ad
3710 3168 3838 3223 pos-

550 3237 789 3305 quidam,
821 3238 1121 3292 nescientes
1151 3235 1277 3305 quid
1307 3232 1585 3287 decretum
1616 3230 1686 3285 sit
1716 3229 1767 3283 in
1792 3230 2017 3301 synodo,
2046 3246 2137 3286 ve-

545 3329 724 3381 nerint
746 3329 921 3382 subito
948 3329 1013 3382 ad
1036 3329 1280 3384 civitates
1311 3340 1404 3379 eas
1439 3338 1559 3392 qua:
1582 3323 1633 3377 in
1658 3322 1829 3377 canali
1858 3334 2001 3387 sunt,
2034 3324 2135 3379 de-

544 3419 636 3474 bet
661 3419 942 3489 episcopus
971 3420 1203 3475 civitatis
1242 3415 1410 3485 ipsius
1447 3415 1737 3469 admonere
1773 3425 1827 3470 et
1866 3415 2134 3472 instruere

549 3510 721 3578 illum,
749 3521 805 3566 ut
829 3527 895 3567 ex
921 3527 986 3567 eo
1013 3512 1131 3565 loco
1162 3510 1250 3564 ille
1275 3508 1451 3562 mittat
1479 3506 1758 3562 diaconem
1785 3524 1802 3574 ;
1832 3507 2134 3565 admonitus

547 3613 727 3660 tamen
754 3606 866 3676 ipse
891 3605 1077 3659 redeat
1098 3603 1163 3655 ad
1193 3600 1497 3670 parochiam
1528 3614 1702 3655 suam.

617 3698 754 3753 XIII.
801 3696 868 3753 Ut
894 3714 954 3751 ne
985 3710 1049 3749 ea:
1088 3694 1219 3747 laico
1239 3693 1445 3763 quilibet
1476 3692 1741 3764 episcopus
1769 3695 2055 3749 ordinetur.
2118 3722 2119 3725 η

617 3789 774 3843 Osius
816 3787 1098 3856 episcopus
1140 3783 1272 3839 dixit
1322 3801 1335 3837 :
1383 3783 1754 3840 Necessarium
1803 3784 2034 3839 arbitror
2074 3791 2133 3840 ut

547 3884 954 3955 diligentissime
1006 3886 1263 3932 tractetur
1312 3875 1365 3942 ἀ,
1405 3878 1450 3932 si
1504 3878 1639 3932 forte
1689 3886 1781 3932 aut
1835 3878 1985 3931 dives
2039 3885 2132 3933 aut

544 3973 896 4031 scholasticus
940 3971 1007 4026 de
1036 3969 1152 4024 foro
1177 3978 1269 4026 aut
1303 3985 1367 4025 ex
1391 3969 1823 4026 administratore
1847 3970 2132 4040 episcopus

543 4064 709 4120 fuerit
739 4062 1058 4133 postulatus.
1104 4077 1208 4117 non
1250 4063 1394 4132 prius
1430 4062 1740 4127 ordinetur,
1782 4061 1882 4115 nisi
1925 4070 2049 4116 ante
2078 4072 2133 4117 et

546 4160 763 4218 lectoris
793 4172 1014 4211 munere
1044 4164 1098 4213 et
1127 4157 1303 4212 officio
1331 4157 1561 4211 diaconii
1589 4166 1643 4210 et
1666 4156 1978 4227 presbyterii
2010 4154 2130 4210 fue-

543 4250 612 4305 rit
638 4249 976 4319 perfunctus;
1009 4257 1063 4303 et
1110 4249 1182 4303 ita
1211 4262 1304 4315 per
1331 4247 1570 4317 singulos
1598 4247 1815 4315 gradus,
1856 4246 1904 4299 si
1934 4245 2129 4314 dignus

540 4339 720 4404 fuerit,
748 4338 1001 4392 ascendat
1031 4337 1096 4393 ad
1127 4337 1340 4392 culmen
1369 4339 1727 4405 episcopatus.
1773 4334 1959 4388 Potest
1987 4334 2131 4388 enim

546 4446 641 4501 per
670 4430 765 4485 ltas
797 4429 1161 4500 promotiones
1187 4471 1203 4495 ,
1244 4442 1361 4497 qua:
1400 4423 1603 4481 habent
1642 4425 1821 4495 utique
1865 4424 2130 4491 prolixum

547 4530 776 4591 tempus,
819 4521 1034 4591 probari
1064 4536 1165 4592 qua
1197 4521 1300 4576 fide
1328 4521 1398 4576 sit
1422 4534 1593 4590 quave
1624 4518 1885 4573 modestia
1923 4527 1978 4573 et
2008 4533 2131 4587 gra-

549 4612 712 4666 vitate
738 4619 791 4665 et
819 4610 1163 4675 verecundia,
1190 4621 1246 4665 ut
1273 4610 1318 4664 si
1346 4609 1536 4678 dignus
1558 4609 1718 4664 fuerit
1748 4608 2023 4677 probatus,
2057 4608 2134 4662 di-

546 4705 671 4758 vino
700 4702 1001 4758 sacerdotio
1033 4702 1325 4758 illustretur
1356 4718 1370 4754 :
1402 4716 1524 4756 nam
1546 4715 1643 4755 nec
1673 4700 2003 4755 conveniens
2028 4708 2133 4769 est,

548 4810 648 4850 nec
676 4795 811 4848 ratio
836 4809 934 4849 nec
956 4794 1238 4862 disciplina
1269 4794 1489 4863 patitur,
1510 4856 1511 4859 η
1532 4806 1588 4847 ut
1617 4800 1821 4848 temere
1851 4808 1913 4847 ac
1943 4792 2135 4848 leviter

548 4889 825 4943 ordinetur
868 4897 958 4942 aut
992 4890 1274 4958 episcopus
1325 4894 1415 4942 aut
1446 4886 1726 4959 presbyter
1754 4894 1846 4941 aut
1874 4886 2131 4941 diaconus
2170 4956 2173 4959 η

549 4982 639 5049 qui
692 4981 761 5036 sit
804 4981 1126 5052 necpltytus,
1171 4980 1404 5035 maxime
1442 4994 1559 5033 cum
1600 4978 1943 5033 beatissimus
1992 4978 2134 5048 Apo-

545 5074 713 5129 stolus
734 5073 986 5144 magister
1012 5072 1254 5143 gentium
1276 5086 1347 5127 ne
1378 5072 1479 5128 hoc
1506 5069 1660 5126 fleret
1698 5069 2048 5127 denuntiasse
2077 5078 2133 5125 et

546 5165 879 5239 prohibuisse
925 5165 1170 5220 videatur
1197 5207 1214 5233 ,
1262 5164 1358 5220 sed
1407 5163 1461 5217 hi
1504 5177 1730 5235 quorum
1777 5177 1871 5233 per
1914 5162 2130 5233 longum

546 5272 759 5332 tempus
805 5262 1107 5316 examinata
1158 5258 1230 5314 sit
1276 5257 1381 5313 vita
1432 5266 1487 5313 et
1527 5256 1719 5314 merita
1763 5257 2128 5325 comprobata.

547 5347 791 5403 Universi
822 5348 1074 5402 dixerunt
1099 5345 1311 5414 placere
1341 5345 1441 5402 sibi
1465 5346 1597 5403 haec.

547 5440 687 5496 XIV.
737 5442 802 5495 Ut
834 5444 1097 5512 episcopus
1126 5440 1179 5494 in
1205 5441 1375 5495 aliena
1394 5441 1657 5512 provincia
1678 5456 1780 5495 non
1810 5440 2127 5493 immoretur.

616 5533 774 5586 Osius
803 5534 1087 5604 cpiscopus
1127 5532 1264 5588 dixit
1316 5549 1328 5587 :
1372 5532 1483 5589 Hoc
1520 5547 1734 5601 quoque
1774 5540 2009 5586 statuere
2038 5529 2131 5581 de-

619 5637 645 5699 ξι
677 5626 785 5693 A1,,
822 5631 1251 5699 peregrinationes
1278 5631 1645 5684 incommodus.

622 5696 647 5734 δ
681 5699 766 5773 [[ε,
797 5696 955 5773 neque
982 5702 1163 5757 littera:
1189 5704 1300 5773 ejus
1331 5701 1637 5773 scribantur,
1670 5712 1797 5753 non.

628 5777 649 5808 ο
823 5772 1017 5827 clarere
1037 5774 1133 5827 sibi
1164 5768 1294 5826 hanc
1323 5768 1760 5825 constitutionem.

2239 3240 2509 3295 sessiones
2540 3254 2665 3294 suas
2692 3249 2747 3295 et
2775 3240 3059 3311 disponant
3105 3253 3159 3297 et
3187 3243 3438 3298 ordinent
3484 3244 3717 3300 fructum
3755 3246 3839 3301 la-

2241 3332 2387 3388 boris
2425 3334 2530 3400 sui,
2571 3343 2628 3388 ut
2667 3341 2788 3403 post
2820 3343 2931 3390 tres
2962 3334 3286 3403 Dominicas,
3319 3336 3371 3391 id
3403 3345 3485 3393 est
3515 3346 3635 3407 post
3669 3339 3839 3407 septi-

2238 3442 2426 3482 manas
2455 3436 2564 3481 tres
2590 3424 2635 3481 si
2676 3428 2873 3483 morari
2901 3440 3123 3484 necesse
3152 3429 3243 3496 sit,
3284 3428 3336 3483 in
3368 3429 3482 3485 suis
3514 3430 3689 3500 potius
3711 3427 3839 3486 fun-

2237 3518 2321 3573 dis
2351 3527 2628 3573 morentur
2662 3534 2676 3571 :
2707 3525 2763 3574 et
2782 3519 2829 3573 si
2857 3528 2940 3574 est
2968 3520 3209 3589 proxima
3239 3521 3426 3576 civitas
3456 3521 3508 3576 in
3538 3536 3642 3588 qua
3668 3535 3838 3590 pres-

2237 3608 2392 3682 byter
2414 3619 2516 3675 est,
2541 3626 2607 3666 ne
2627 3610 2744 3667 sine
2765 3611 2992 3668 ecclesia
3016 3611 3191 3695 facere
3216 3613 3457 3668 videatur
3469 3612 3832 3679 Dominicum,

2235 3705 2514 3773 accedant,
2555 3712 2613 3759 ut
2640 3719 2738 3761 nec
2769 3721 2855 3761 res
2894 3708 3011 3777 ejus
3050 3706 3360 3763 domestica:
3402 3723 3495 3777 per
3525 3708 3830 3765 absentiam

2235 3797 2352 3868 ejus
2383 3796 2763 3853 detrimentum
2809 3800 3130 3866 sustineant,
3168 3808 3224 3856 et
3258 3816 3361 3857 non
3395 3801 3703 3871 frequenter
3735 3818 3831 3859 ves

2237 3887 2433 3943 niendo
2462 3888 2529 3943 ad
2558 3890 2718 3943 aliam
2746 3891 3019 3946 civitatem
3050 3892 3106 3946 in
3134 3906 3235 3961 qua
3265 3900 3346 3947 est
3370 3891 3677 3962 episcopus,
3706 3907 3833 3948 sus-

2236 3980 2504 4052 picionem
2529 3980 2803 4052 iactantia;
2823 3992 2881 4039 et
2915 3982 3223 4039 ambitionis
3253 3984 3545 4039 incurrant.
3579 3982 3831 4042 Universi

2233 4071 2483 4128 dixerunt
2507 4074 2716 4141 placere
2746 4073 2873 4131 sibi.

2455 4175 2593 4231 XVI.
2628 4176 2706 4231 De
2731 4177 3030 4233 clericorum
3056 4179 3596 4234 excommunicatione.

2305 4266 2462 4322 Osius
2490 4269 2775 4339 episcopus
2795 4271 2929 4326 dixit
2956 4287 2970 4325 :
2994 4271 3048 4327 Si
3074 4270 3173 4326 hoc
3196 4285 3408 4340 quoque
3430 4271 3677 4327 omnibus
3706 4273 3827 4343 pla;

2233 4367 2338 4423 cet,
2362 4361 2549 4415 utsive
2564 4361 2837 4424 diaconus.
2868 4366 2981 4419 sive
3004 4364 3303 4433 presbyter,
3334 4364 3445 4419 sive
3470 4364 3587 4431 quis
3607 4364 3829 4422 clerico-

2162 4474 2213 4535 ο
2239 4466 2355 4504 rum
2378 4451 2448 4506 ab
2473 4452 2725 4521 episcopo
2754 4468 2852 4508 suo
2878 4452 3254 4510 communione
3285 4453 3443 4510 fuerit
3476 4457 3734 4524 privatus,
3770 4468 3829 4515 ct

2238 4541 2305 4596 ad
2343 4542 2569 4597 alterum
2610 4546 2875 4613 perexerit
2916 4546 3219 4616 episcopum
3245 4587 3260 4611 ,
3292 4557 3346 4602 et
3395 4548 3582 4603 scierit
3620 4547 3711 4604 ille
3755 4550 3827 4615 ad

2237 4648 2392 4705 quem
2423 4635 2723 4707 confugerit
2762 4652 2886 4694 eum
2926 4638 2994 4694 ab
3031 4639 3286 4709 episcopo
3316 4654 3415 4694 suo
3446 4639 3610 4695 fuisse
3638 4640 3823 4708 abjece

2238 4737 2386 4795 tum;
2432 4745 2537 4784 non
2584 4739 2797 4799 oportet
2842 4739 2901 4787 ut
2944 4732 2994 4786 ei
3035 4734 3479 4795 communionem.
3506 4734 3819 4804 indulgeat:

2235 4823 2376 4892 quod
2405 4823 2448 4878 si
2478 4823 2698 4891 fecerit,
2739 4825 2873 4881 sciat
2912 4839 2973 4882 se
3006 4826 3315 4882 convocatis
3336 4826 3601 4895 episcopis
3630 4840 3822 4881 causas

2235 4928 2354 4970 esse
2383 4914 2669 4972 dicturum.
2712 4917 2956 4973 Universi
2987 4917 3237 4973 dixerunt
3281 4935 3294 4970 :
3341 4918 3450 4973 Hoc
3479 4927 3737 4973 statutum
3769 4929 3822 4975 et

2232 5020 2418 5076 pacem
2444 5009 2676 5064 servabit
2703 5016 2759 5062 et
2780 5010 3046 5066 custodiet
3068 5009 3438 5065 concordiam.

2232 5121 2399 5182 XVII.
2450 5124 2624 5178 Licere
2658 5124 2885 5187 clericis,
2933 5125 2979 5178 si
3021 5124 3208 5187 injuste
3250 5124 3439 5193 fuerint
3473 5123 3820 5177 excommuni-

2614 5195 2736 5260 cati,
2769 5195 2956 5248 vicinos
2981 5193 3126 5249 adire
3152 5194 3436 5265 episcopos.

2306 5311 2464 5365 Osius
2483 5311 2767 5379 episcopus
2806 5307 2939 5362 dixit
2969 5326 2984 5363 :
3016 5306 3151 5377 Quid
3180 5322 3266 5363 me
3286 5306 3464 5361 adhuc
3487 5314 3704 5363 moveat
3733 5322 3820 5364 re-

2237 5405 2401 5460 ticere
2430 5418 2535 5458 non
2565 5401 2735 5457 debeo
2766 5419 2777 5453 :
2812 5401 2855 5455 si
2888 5402 3170 5471 episcopus
3196 5400 3313 5470 quis
3339 5399 3478 5455 forte
3503 5398 3815 5466 iracundus,

2235 5502 2374 5572 quod
2418 5515 2539 5556 esse
2586 5513 2689 5554 non
2725 5499 2906 5562 debet,
2937 5499 3045 5554 cito
3068 5504 3162 5551 aut
3189 5509 3378 5564 aspere
3414 5502 3817 5551 commoveatur

2304 5613 2330 5654 ἀ
2359 5616 2469 5684 Ᾱῖη
2496 5615 2555 5669 Β.
2577 5615 2663 5675 Β..
2694 5611 2755 5666 Ε.
2782 5613 2836 5672 5,
2871 5609 2961 5684 ιζ,
2987 5611 3238 5684 _tra_cte_t_is.

2308 5698 2330 5725 ι’
2362 5679 2477 5753 Λῦξ,
2513 5685 2680 5748 B.II.,
2708 5685 2768 5739 Ε.
2801 5681 2947 5753 5,ΫΤ.
2979 5682 3028 5741 I,
3059 5680 3116 5746 2,
3146 5680 3235 5747 U.,
3266 5679 3505 5735 alienam.

2311 5757 2328 5796 ί
2463 5756 2602 5829 1,2,
2634 5755 2724 5822 U.,
2752 5752 3118 5832 prohibendum
3141 5759 3236 5806 est.
