4086 6358
259 243 349 298 121
1181 233 1579 292 ϐΒιΕΟΟΒυΜ
1615 232 1949 292 CONCILIA.
1984 264 2052 277 -
2092 235 2610 296 ANTIOCHENUM.

255 359 510 418 adversus
542 354 913 426 presbyterum
954 359 1044 408 aut
1080 352 1360 409 diaconum
1405 367 1554 408 suum
1580 362 1632 408 et
1659 359 1838 407 exter-
1867 350 1922 411 Α

256 452 461 507 minare
488 463 610 502 eum
647 446 714 501 de
747 445 982 501 Ecclesia
1010 447 1280 511 voluerit,
1328 444 1721 516 providendum
1762 454 1845 501 est

256 561 319 600 ne
348 543 606 598 innocens
635 540 920 594 damnetur
948 549 1038 595 aut
1069 541 1253 608 perdat
1275 539 1707 593 communionem
1737 556 1752 604 ;
1787 545 1844 594 et

255 639 374 694 ideo
406 637 599 690 habeat
627 643 946 705 potestatem
979 635 1068 704 qui
1101 633 1339 702 dejectus
1370 643 1472 696 est,
1506 641 1562 687 ut
1587 632 1842 687 finitimos

253 730 534 800 episcOpos
563 727 891 796 interpellet,
934 735 986 782 et
1015 715 1173 780 causa
1203 726 1320 793 ejus
1352 725 1600 779 audiatur
1629 733 1683 780 et
1715 724 1840 779 dili-

253 823 458 894 gentius
484 829 763 888 tractetur,
795 820 917 889 quia
945 834 1048 873 non
1081 827 1293 886 oportet
1324 817 1370 872 ei
1406 817 1587 888 negari
1617 815 1840 871 audien-

256 918 373 972 tiam
401 916 605 986 roganti
626 922 689 979 ⁸;
721 923 774 970 et
799 913 886 968 ille
906 914 1210 982 episcopus,
1235 911 1322 981 qui
1349 921 1438 966 aut
1463 912 1607 980 juste
1636 920 1727 967 aut
1754 911 1837 965 in-

254 1011 389 1080 juste
440 1005 636 1078 abjecit
675 1021 796 1062 eum
824 1047 839 1072 ,
891 1006 1155 1074 patienter
1195 1003 1417 1071 accipiat
1465 1012 1521 1057 ut
1563 1003 1835 1073 negotium

259 1099 363 1171 40
385 1098 692 1152 discutiatur
724 1107 782 1152 ut
804 1097 887 1152 vel
931 1096 1185 1166 probetur
1213 1094 1481 1150 sententia
1506 1095 1620 1163 ejus
1651 1110 1680 1148 a
1708 1095 1838 1164 plu-

261 1192 403 1247 rimis
431 1191 510 1246 veI
539 1192 853 1246 emendetur
883 1187 929 1243 δ.
964 1189 1166 1243 Tamen
1198 1187 1505 1260 priusquam
1539 1188 1718 1242 omnia
1750 1187 1835 1241 di-

258 1283 471 1355 ligenter
497 1294 550 1338 et
581 1282 807 1338 fideliter
839 1281 1037 1337 fuerint
1064 1282 1369 1336 examinata
1393 1323 1407 1346 ,
1448 1295 1569 1335 eum
1597 1281 1684 1350 qui
1716 1279 1832 1335 fue-

251 1385 329 1432 rat
355 1375 730 1430 communione
777 1383 1055 1444 separatus
1086 1416 1101 1441 ,
1146 1374 1322 1428 nullus
1351 1373 1486 1426 alius
1507 1372 1666 1427 debet
1700 1387 1831 1441 pras-

250 1485 458 1526 sumere
485 1479 540 1524 ut
569 1469 792 1539 recipiat
817 1477 872 1524 et
894 1469 1260 1524 communioni
1303 1467 1493 1522 societ.
1526 1465 1632 1534 Qui
1655 1477 1831 1520 autem

245 1564 590 1620 convenerint
614 1563 677 1618 ad
713 1563 1034 1619 audiendum
1061 1605 1076 1630 ,
1117 1563 1163 1617 si
1191 1561 1510 1617 clericorum
1533 1573 1653 1615 esse
1684 1560 1834 1614 fasti-

3433 242 3538 300 122

2401 353 2542 409 ΧΙΧ.
2589 353 2664 407 De
2691 352 2874 425 quibus
2902 371 3082 427 supra.

2015 441 2173 497 Osius
2210 431 2493 516 episcopus
2530 448 2664 504 dixit
2694 465 2707 504 :
2744 450 2809 504 Et
2851 452 2952 505 hoc
2979 449 3213 506 universi
3253 456 3535 512 constitui-

1945 550 2085 604 mus,
2116 547 2172 590 ut
2201 540 2504 611 quicunque
2533 558 2597 597 ex
2629 544 2734 599 alia
2761 545 3008 614 parochia
3043 547 3271 604 voluerit
3296 550 3530 608 alienum

1943 633 2248 688 ministrum
2287 635 2405 690 sine
2443 651 2712 693 consensu
2745 640 2980 710 episcopi
3025 641 3190 711 ipsius
3219 652 3274 698 et
3294 644 3410 699 sine
3437 660 3534 701 vo-

1943 724 2146 780 luntate
2195 725 2482 792 ordinare,
2527 743 2634 783 non
2682 731 2752 785 sit
2791 742 2906 788 rata
2944 732 3208 789 ordinatio
3236 735 3370 804 ejus.
3405 737 3531 804 Qui-

1941 833 2152 892 cunque
2180 829 2358 876 autem
2392 822 2492 876 hoc
2521 827 2881 893 usurpaverit,
2923 844 2954 882 a
2985 829 3236 886 fratribus
3264 839 3319 887 et
3341 834 3526 901 coepi-

1939 914 2116 984 scopis
2146 914 2344 969 nostris
2365 922 2419 968 et
2446 915 2721 970 admoneri
2753 916 2915 974 debet
2939 928 2992 974 et
3019 922 3236 992 corrigi.

2083 1007 2202 1063 XX.
2231 1007 2297 1064 Ut
2326 1010 2556 1063 extranei
2595 1008 2766 1062 clerici
2792 1014 2935 1080 apud
2973 1013 3386 1070 Thessalonicam

2543 1097 2647 1133 non
2688 1081 2910 1137 tardent.

2009 1169 2190 1227 IEtius
2228 1172 2509 1241 episcopus
2551 1171 2686 1226 dixit
2733 1189 2747 1227 :
2795 1173 2911 1227 Non
2953 1174 3210 1245 ignoratis
3255 1190 3450 1248 quanta
3477 1188 3530 1238 et

1937 1264 2110 1334 qualis
2140 1265 2211 1318 sit
2239 1264 2794 1320 Thessalonicensium
2834 1265 3021 1321 civitas
3066 1286 3077 1320 :
3121 1284 3264 1339 saepe
3309 1273 3375 1327 ad
3409 1288 3527 1330 eam

1936 1354 2158 1409 veniunt
2189 1371 2255 1409 ex
2286 1356 2408 1410 aliis
2438 1355 2745 1425 regionibus
2779 1356 3075 1426 presbyteri
3114 1370 3166 1413 et
3201 1361 3433 1430 diaconi,
3474 1373 3530 1421 et

1937 1463 2043 1501 non
2077 1456 2205 1501 sunt
2234 1447 2472 1502 contenti
2514 1456 2570 1501 ut
2600 1447 2779 1517 _brevi,
2813 1457 3051 1519 tempore
3073 1464 3412 1509 remorentur
3437 1467 3530 1512 aut

1938 1541 2210 1596 resideant
2252 1542 2362 1609 ibi,
2412 1553 2504 1598 aut
2546 1552 2693 1599 certe
2723 1543 2808 1598 vix
2852 1552 2970 1611 post
3015 1545 3168 1616 longa
3201 1549 3369 1617 spatia
3401 1549 3466 1603 ad
3503 1559 3527 1588 ο

245 1659 389 1714 diu",
417 1660 646 1714 viderim
664 1669 717 1714 et
746 1659 1072 1728 superbiam,
1099 1659 1220 1728 quia
1245 1672 1349 1713 non
1373 1657 1527 1712 decet
1549 1664 1607 1711 ιη
1628 1658 1834 1727 ερίερο,
1862 1717 1910 1728 _
1935 1647 2084 1686 suam
2117 1634 2294 1689 redire
2319 1645 2597 1705 cogantur.
2633 1636 2876 1692 Universi
2904 1637 3155 1693 dixerunt
3190 1658 3204 1693 :
3235 1655 3297 1695 ea
3327 1649 3530 1711 tempo-

243 1766 336 1818 pus
368 1757 459 1804 aut
489 1751 740 1823 injuriam
769 1762 858 1806 aut
882 1752 1262 1807 contumeliam
1289 1751 1542 1819 patiatur,
1575 1751 1830 1806 austerio-

1938 1743 1997 1784 ra
2026 1772 2039 1794 ,
2083 1744 2202 1799 qua:
2226 1731 2514 1786 constituta
2536 1741 2661 1787 sunt
2689 1733 2831 1789 circa
2863 1735 3163 1805 episcopos,
3196 1745 3246 1792 et
3273 1752 3398 1808 erga
3427 1737 3529 1794 ho-

242 1846 389 1899 ribus
419 1861 511 1901 eos
541 1846 716 1901 verbis
737 1847 1000 1917 castigent
1030 1854 1086 1900 ut
1111 1845 1362 1902 obediant
1391 1844 1616 1900 honesta
1643 1845 1830 1914 pracci-

240 1936 406 2004 pienti
455 1939 749 2009 episcopo;
794 1939 916 2009 quia
954 1939 1089 1993 sicut
1134 1939 1221 1993 ille
1272 1940 1542 1993 sincerum
1588 1953 1830 1994 amorem

237 2029 395 2085 debet
426 2031 636 2085 clericis
666 2030 920 2086 exhibere
945 2039 996 2085 et
1017 2031 1356 2096 charitatem,
1402 2031 1470 2084 ita
1501 2045 1712 2101 quoque
1743 2031 1832 2085 vi¢

235 2122 419 2177 cissim
450 2121 674 2177 ministri
699 2123 929 2178 inlucata
956 2122 1154 2178 debent
1175 2123 1429 2193 episcopo
1457 2137 1554 2177 suo
1576 2122 1830 2194 obsequia

235 2213 514 2268 exhibere.

235 2326 424 2382 XVIII.
468 2327 591 2384 Non
636 2329 790 2384 licere
809 2315 1050 2400 'episcapo
1096 2332 1310 2385 alterius
1348 2330 1592 2385 clericum
1636 2331 1689 2385 in
1735 2347 1833 2386 sua

757 2401 989 2456 Ecclesia
1028 2402 1289 2457 ordinare.

303 2508 592 2566 Ianuarius
632 2513 918 2583 episc0pus
948 2514 1082 2568 dixit
1114 2531 1127 2568 :
1162 2514 1292 2568 Illud
1333 2529 1544 2584 quoque
1569 2511 1825 2568 sanctitas

233 2610 413 2656 vestra
440 2610 662 2670 statuat,
695 2612 754 2657 ut
782 2604 910 2658 nulli
934 2603 1185 2673 episcopo
1205 2604 1366 2660 liceat
1387 2604 1606 2659 alterius
1636 2603 1827 2658 civita-

232 2697 302 2752 tis
327 2697 753 2752 ecclesiastieum
797 2699 1085 2753 sollicitare
1119 2709 1171 2772 et
1211 2700 1264 2754 in
1295 2715 1387 2753 sua
1418 2698 1639 2754 dioecesi
1670 2697 1823 2752 ordi-

232 2805 362 2845 nare
385 2790 666 2856 clericum,
698 2789 821 2859 quia
846 2806 910 2844 ex
946 2790 1027 2845 his
1055 2791 1486 2846 contentionibus
1507 2790 1646 2846 solet
1676 2789 1824 2845 nasci

232 2881 497 2940 discordia
532 2900 544 2936 :
577 2892 630 2937 et
660 2882 778 2936 ideo
822 2882 1072 2952 prohibet
1128 2881 1215 2955 [Β.
1242 2882 1329 2946 8.,
1368 2883 1433 2938 U.
1457 2925 1472 2950 ,
1520 2879 1822 2956 prohibeat]

230 2977 470 3031 omnium
493 2975 758 3032 sententia
792 2990 859 3031 ne
886 2976 1004 3044 quis
1045 2976 1146 3030 hoc
1173 2974 1354 3032 facere
1384 2977 1601 3032 audeat.

301 3111 478 3183 9.113.,
511 3113 568 3165 Β.
597 3111 683 3177 IL,
714 3110 852 3178 Τ.1,
879 3109 936 3174 2,
970 3111 1059 3178 G.,
1089 3111 1326 3181 rogandi.
1359 3182 1364 3183 ί
1677 3169 1696 3183 ρ

301 3182 328 3222 δ
361 3183 454 3250 U.,
485 3184 824 3254 abjeciteum,
858 3194 910 3235 ut
927 3184 1178 3254 patienter
1200 3182 1422 3250 accipiat
1442 3198 1543 3249 quo
1566 3186 1827 3254 negotium

231 3256 562 3320 discutiatur,
602 3264 651 3308 et
686 3254 945 3324 sententia,
971 3256 1082 3324 ejus
1115 3255 1159 3307 si
1189 3270 1371 3324 aspera
1404 3263 1479 3308 est
1515 3272 1548 3308 a
1591 3258 1828 3323 plurimis

1859 3061 1907 3124 C

1938 1839 2054 1878 rum
2087 1839 2344 1892 personas
2371 1825 2646 1881 observari
2669 1826 2885 1881 debent.

1938 1915 2079 1971 XXI.
2123 1915 2307 1970 Clerici
2354 1919 2453 1970 vim
2483 1919 2620 1986 passi
2646 1927 2734 1972 aut
2767 1920 3166 1989 persecutionem
3196 1923 3240 1976 si
3270 1924 3339 1977 ad
3368 1923 3530 1980 aliam

2007 1990 2332 2066 «cesserint
2352 1991 2604 2066 civitatem
2643 2007 2744 2044 non
2785 2001 3016 2045 vetentur
3045 1992 3112 2046 ibi
3143 1997 3335 2048 morari
3364 2012 3528 2066 quan-

2009 2059 2100 2111 diu
2130 2060 2389 2123 potuerint
2413 2061 2602 2114 redire.

2009 2150 2167 2207 Osius
2205 2155 2492 2224 episcopus
2531 2155 2667 2210 dixit
2708 2173 2720 2209 :
2764 2155 3094 2227 Suggerente
3125 2154 3290 2213 fratre
3316 2167 3370 2212 et
3394 2174 3528 2216 coe-

1939 2249 2162 2320 piscopo
2207 2261 2392 2305 nostro
2447 2251 2696 2322 Olympio
2742 2251 2827 2325 [T.
2870 2253 2924 2319 2,
2959 2250 3176 2324 Alipio],
3228 2253 3330 2309 hoc
3368 2256 3527 2311 etiam

1937 2340 2153 2412 placuit,
2184 2351 2243 2396 ut
2272 2341 2316 2396 si
2341 2343 2534 2413 aliquis
2565 2343 2670 2397 vim
2703 2358 2986 2413 perpessus
3013 2354 3098 2399 est
3125 2355 3179 2400 et
3202 2347 3381 2415 inique
3411 2348 3527 2412 pul-

1934 2447 2028 2488 sus
2067 2447 2168 2504 pro
2205 2434 2486 2504 disciplina
2530 2435 2609 2489 vel
2648 2436 2906 2490 catholica
2949 2435 3262 2491 defensione
3294 2437 3398 2509 41
3443 2439 3526 2496 vel

1935 2528 2278 2583 confessione
2298 2528 2557 2593 veritatis,
2587 2529 2793 2599 fugiens
2821 2529 3054 2597 pericula
3080 2529 3333 2585 innocens
3361 2541 3412 2585 et
3433 2530 3527 2586 de-

1936 2619 2146 2674 volutus
2176 2620 2240 2674 ad
2278 2620 2433 2675 aliam
2469 2623 2677 2677 venerit
2714 2622 3008 2688 civitatem,
3039 2639 3144 2677 non
3178 2624 3525 2694 prohibeatur

1935 2712 2208 2766 immorari
2242 2712 2474 2780 quandiu
2496 2722 2587 2766 aut
2616 2712 2792 2768 redire
2822 2713 3054 2782 potuerit
3074 2721 3166 2769 aut
3186 2713 3375 2783 injuria
3406 2713 3524 2783 ejus

1934 2801 2039 2873 42
2067 2802 2359 2856 remedium
2404 2803 2692 2871 acceperit;
2738 2802 2930 2858 durum
2974 2813 3056 2858 est
3093 2804 3234 2858 enim
3273 2804 3360 2873 qui
3405 2819 3525 2872 per-

1934 2896 2261 2948 secutionem
2307 2893 2508 2964 patitur
2533 2908 2637 2947 non
2681 2894 2844 2963 recipi
2888 2910 2904 2950 :
2944 2893 3106 2948 etiam
3149 2904 3201 2948 et
3243 2893 3389 2964 larga
3430 2895 3524 2948 be-

1936 2983 2237 3038 nevolentia
2266 2993 2321 3038 et
2350 2983 2654 3039 humanitas
2675 2993 2758 3039 est
2783 2985 2831 3038 ei
2861 2982 3178 3039 exhibenda.

1941 3119 2254 3175 emendetur.

2016 3201 2038 3229 ε
2068 3190 2183 3255 ιλΕη
2209 3189 2374 3257 8.8.,
2403 3188 2467 3246 Ε.
2499 3190 2555 3257 5,
2582 3183 2646 3240 Τ.
2681 3186 2732 3257 1,
2759 3188 2814 3256 ‘2,
2846 3188 2915 3242 ad
2938 3203 3051 3244 sua.

238 3393 3526 3430 Μ

1763 3531 1999 3636 Vl.

1035 3713 1704 3806 CONCILIUM
1786 3700 2703 3803 ANTIOCHENUM.

1272 3891 1574 3935 τιιιοιΝτΑ
1627 3893 1707 3935 ΕΤ
1765 3891 1951 3938 UNIUS
2009 3896 2473 3941 EPISCOPORUM.

304 4005 502 4060 Sancta
527 4007 582 4056 et
604 3999 938 4068 pacatissima
965 3995 1200 4066 synodus
1229 3996 1281 4049 in
1307 4010 1470 4049 unum
1497 4005 1821 4066 congregata
1848 4000 1900 4058 D
1926 4001 2232 4058 adnitentes
2261 4006 2432 4073 magis
2475 3998 2690 4066 muniti,
2738 4007 2793 4055 et
2844 4001 2896 4055 in
2942 3997 3146 4069 Spiritu
3176 4006 3361 4051 sancto
3389 4013 3527 4067 prae-

229 4096 316 4152 his
348 4095 436 4162 qui
469 4107 563 4163 per
583 4090 819 4161 singulas
849 4087 1153 4159 provincias
1185 4096 1308 4140 sunt
1336 4087 1672 4140 unanimibus
1701 4103 1829 4142 san-

227 4190 332 4246 ctis
364 4197 415 4242 et
463 4182 940 4241 consacerdotibus
987 4180 1040 4234 in
1084 4179 1310 4233 Domino
1341 4178 1589 4233 salutem.
1645 4178 1831 4235 Gratia

229 4293 282 4338 et
316 4282 516 4336 veritas
545 4277 672 4333 Jesu
723 4275 926 4331 Christi
982 4273 1194 4327 Domini
1244 4281 1298 4328 et
1343 4271 1636 4327 Salvatoris
1666 4273 1833 4327 nostri

231 4381 470 4429 sanctam
502 4366 889 4425 Antiochenam
924 4363 1221 4420 Ecclesiam
1242 4364 1465 4416 visitans
1497 4370 1551 4416 et
1582 4362 1634 4416 in
1666 4379 1832 4419 unum

231 4472 559 4520 connectens
615 4477 712 4531 per
766 4459 1110 4516 concordiam
1187 4457 1518 4528 pacatissimi
1577 4457 1827 4527 Spiritus,

235 4542 400 4613 multa
431 4556 648 4627 quidem
704 4565 759 4610 et
808 4555 908 4609 alia
950 4553 1218 4624 perfecit:
1249 4551 1306 4606 in
1357 4551 1608 4605 omnibus
1654 4560 1831 4606 autem

235 4659 554 4723 suggerente
604 4657 789 4703 sancto
844 4658 897 4704 et
947 4646 1172 4718 pacilico
1224 4646 1471 4714 Spiritu,
1514 4644 1676 4698 etiam
1728 4644 1832 4698 hoc

237 4745 483 4816 perfecit,
517 4753 574 4798 ut
613 4758 733 4812 quas
759 4752 784 4780 ει
810 4743 921 4796 visa
947 4752 1073 4797 sunt
1104 4748 1252 4794 recte
1278 4735 1534 4793 constitui
1563 4751 1686 4790 cum
1717 4738 1836 4806 plu-

237 4839 367 4892 rima
416 4836 852 4893 consideratione
897 4843 954 4888 et
1002 4833 1207 4903 judicio
1256 4847 1357 4885 una
1406 4847 1527 4885 cum
1585 4830 1833 4884 omnibus

240 4930 394 4983 nobis
427 4927 716 4984 Antiochia
760 4942 825 4983 ex
855 4924 1082 4981 diversis
1112 4923 1404 4992 provinciis
1435 4922 1488 4974 in
1521 4937 1681 4974 unum
1713 4922 1831 4976 col-

241 5018 391 5074 lectis
435 5019 726 5089 episcopis,
779 5018 830 5071 in
882 5025 1116 5072 vestram
1176 5013 1421 5068 notitiam
1467 5010 1830 5067 deferrentur.

242 5109 518 5166 Credimus
559 5119 736 5165 autem
783 5108 970 5179 gratiae
1028 5105 1238 5161 Domini
1283 5113 1338 5159 et
1385 5111 1572 5158 sancto
1603 5102 1830 5170 Spiritui

243 5201 386 5269 pacis
427 5200 569 5269 quod
623 5208 677 5254 et
706 5199 808 5268 ipsi
850 5196 1223 5267 conspirabitis
1274 5196 1430 5251 nobis
1486 5207 1730 5264 tanquam
1778 5195 1830 5250 in

244 5305 399 5346 unam
432 5291 668 5346 fuissetis
694 5290 944 5344 virtutem
979 5289 1035 5355 δ,
1082 5296 1137 5342 et
1182 5289 1461 5343 nobiscum
1493 5287 1831 5343 orationibus

316 5441 340 5468 ⁸
385 5433 462 5488 Ex
491 5433 606 5496 Ᾰζη
633 5434 691 5488 ϐ.
716 5433 803 5499 it,
836 5431 902 5487 U.
932 5431 986 5485 In
1020 5431 1081 5485 Δ.
1116 5438 1170 5485 et
1192 5429 1410 5499 reliquis
1439 5445 1452 5483 :
1484 5437 1658 5499 atque.

316 5501 342 5539 ι’
386 5503 589 5569 E.,'in
617 5520 782 5575 unum
801 5503 1022 5575 fuissetis
1051 5502 1252 5575 uirtute.
1287 5566 1292 5575 _

320 5586 343 5616 ι
383 5576 497 5643 AL,
528 5575 586 5627 Β.
614 5575 702 5640 R.,
748 5574 838 5637 U.,
872 5572 1184 5646 Hesychius.

319 5644 346 5682 ά
386 5646 475 5702 υ..
520 5645 732 5701 Passus.

325 5724 349 5753 ⁸
488 5686 542 5784 ιζ
565 5686 888 5786 Ξζυξξέίεἱυε.

1937 4100 2120 4146 sentes
2149 4091 2340 4147 iisdem
2391 4092 2522 4161 ipsis
2563 4106 2684 4160 qua:
2713 4088 2928 4145 deﬁnita
2977 4097 3100 4143 sunt
3128 4090 3524 4145 consentientes

1937 4194 1992 4240 et
2021 4198 2082 4238 ea
2115 4200 2234 4254 qua:
2257 4183 2370 4239 visa
2400 4190 2528 4238 sunt
2556 4191 2703 4237 recte
2733 4181 3073 4250 roborantes,
3107 4196 3226 4234 cum
3253 4195 3525 4237 consensu

1935 4278 2108 4333 sancti
2139 4278 2372 4348 Spiritus
2418 4276 2827 4347 consignabitis.
2869 4274 3005 4331 Sunt
3051 4284 3228 4330 autem
3276 4274 3526 4345 praelinitl

1936 4385 2172 4427 canones
2213 4370 2564 4427 ecclesiastici
2620 4367 2676 4422 hi
2725 4367 2813 4438 qui
2856 4366 2988 4420 infra
3036 4365 3224 4435 scripti
3273 4375 3417 4421 sunt.
3468 4366 3526 4422 In

1935 4463 2278 4535 quasynodo
2304 4461 2521 4518 fuerunt
2552 4459 2789 4530 episcopi
2823 4476 2835 4511 :
2871 4458 3154 4523 Eusebius,
3187 4458 3392 4520 Niceta,
3415 4459 3527 4512 An-

1937 4557 2165 4622 tiochus,
2197 4556 2516 4624 Archelaus,
2551 4553 2737 4609 Isicius
2775 4563 2822 4617 ο,
2851 4551 3104 4617 Iacobus,
3154 4550 3374 4615 Aiueas,
3403 4552 3528 4608 Bas-

1935 4665 2029 4706 sus
2058 4647 2109 4716 ἀ,
2143 4651 2376 4720 Moyses,
2408 4645 2772 4711 Macedonius,
2805 4642 3143 4708 Theodorus,
3187 4641 3322 4695 alius
3347 4641 3526 4697 Tbco-

1935 4741 2121 4806 dorus,
2155 4739 2372 4803 Paulus,
2400 4736 2745 4800 Eustachius,
2779 4733 3055 4795 Manicius,
3089 4732 3342 4799 Agapius,
3369 4734 3528 4788 Alex-

1935 4832 2122 4896 ander,
2165 4829 2442 4893 Patritius,
2468 4827 2681 4890 Petrus,
2712 4824 3050 4888 Theodorus,
3097 4823 3394 4888 Narcissus,
3427 4823 3528 4893 Sy-

1937 4927 2078 4979 ricus
2112 4931 2135 4959 ο
2158 4963 2173 4986 ,
2216 4920 2472 4974 Manicius
2514 4916 2534 4956 ι
2557 4959 2574 4985 ,
2604 4916 2904 4985 Etherius,
2947 4915 3189 4987 Magnus,
3219 4916 3426 4985 Alipius
3461 4923 3485 4959 ε
3507 4954 3523 4980 ,

1937 5012 2230 5069 Tarcodius
2278 5009 2343 5075 ιι,
2396 5010 2630 5076 Mantus,
2677 5008 2893 5074 Petrus,
2953 5007 3256 5071 Anatolius,
3307 5013 3361 5058 et
3402 5002 3528 5055 Chi-

1937 5106 2052 5161 riou
2101 5104 2152 5172 ί,
2195 5117 2258 5160 ex
2292 5103 2580 5173 provinciis
2622 5101 2793 5174 Syriae
2821 5099 3021 5166 Cteles,
3051 5100 3350 5159 Phoenices,
3378 5099 3526 5146 vete-

1939 5198 2012 5253 ris
2045 5196 2274 5260 Arabiae,
2321 5194 2742 5265 Mesopotamia,
2776 5191 3001 5260 Ciliciae,
3029 5188 3242 5246 Isauriae
3273 5202 3288 5240 :
3319 5193 3374 5238 et
3404 5180 3524 5238 haec

1938 5291 2335 5346 constituerunt
2363 5303 2484 5359 quae
2507 5287 2642 5343 infra
2680 5287 2884 5358 scripta
2913 5291 3058 5342 sunt.

2025 5427 2042 5466 ί
2085 5427 2202 5493 .43.,
2231 5427 2291 5482 Β.
2313 5426 2400 5493 R.,
2423 5426 2511 5490 U.,
2547 5425 2816 5480 Moeimus.

2017 5509 2042 5546 ε
2083 5496 2835 5566 ᾸΕ.,Β.Π.,υ.,ΑιρΙιὶιισ.Α
2902 5561 2942 5566 _
3040 5553 3051 5566 ,
3123 5552 3152 5566 ,,

2015 5567 2044 5607 h
2230 5569 2318 5634 U.,
2351 5552 2660 5635 T'harc'ordi:
2700 5566 2761 5618 Τ.
2811 5552 3379 5635 9,__1’ar£ltodimanttts.

2021 5639 2037 5680 ί
2080 5624 2198 5708 ᾸΕ.,’
2236 5624 2317 5696 Β(
2341 5639 2425 5705 8.,
2456 5639 2516 5692 E.
2546 5639 2600 5701 5,
2623 5634 2832 5703 Cyrion.
2855 5624 2961 5693 U.,
2993 5624 3189 5681 Sirion.
