4086 6358
610 366 650 423 Ι.
695 362 819 419 Non
848 362 1004 418 licere

1037 450 1153 494 cum
1191 431 1392 489 Judceis
1422 431 1696 495 celebrare.

643 550 846 606 Omnes
894 549 985 620 qui
1029 549 1226 604 audent
1277 548 1573 604 dissolvere
1623 546 1864 616 regulam
1907 543 2079 600 sanetl
2109 551 2166 599 et

573 642 754 714 magni
782 643 995 698 concilii
1024 642 1244 703 Nicmni,
1295 640 1438 710 quo’d
1467 641 1798 696 celebratum
1827 649 1910 695 est
1940 640 1994 693 in
2021 653 2163 707 prat-

572 737 746 794 aentia
771 736 862 792 Dei
891 744 946 792 et
975 734 1326 789 amantissimi
1349 743 1377 774 ι
1408 734 1749 790 Constantini
1797 732 2160 803 imperatoris,

574 828 646 884 de
673 837 858 884 saneta
888 838 944 883 et
981 827 1200 882 salutari
1251 827 1537 882 festivitate
1582 827 1822 898 paschali
1869 826 2165 884 Salvatoris

573 921 768 986 nostri,
807 919 1304 976 excommunicatos
1325 929 1380 974 et
1408 921 1650 990 abiectos
1675 921 1745 975 ab
1768 919 2008 976 Ecclesia
2039 935 2164 977 esse

574 1010 794 1078 debere,
826 1013 1059 1067 maxime
1095 1011 1142 1066 si
1187 1023 1554 1082 perseverent
1581 1013 1760 1068 studio
1802 1009 2163 1068 contentionis

572 1101 641 1156 ad
671 1101 1025 1156 subvertenda
1055 1118 1117 1158 ea
1165 1119 1283 1174 quae
1332 1104 1532 1173 optime
1561 1104 1850 1158 constituta
1895 1114 2060 1159 sunt:
2109 1111 2164 1158 et

572 1193 688 1251 haec
711 1195 924 1266 quidem
949 1197 1088 1250 dicta
1123 1208 1246 1251 sunt
1274 1198 1341 1251 de
1363 1197 1532 1252 laicis.
1557 1196 1612 1253 Si
1646 1205 1824 1252 autem
1855 1197 1924 1252 de
1957 1211 2161 1267 praepo-

571 1289 690 1344 sitis
714 1290 970 1345 Ecclesiae
1014 1291 1231 1361 aliquis,
1262 1292 1313 1346 id
1346 1301 1428 1346 est
1461 1293 1543 1346 vel
1568 1294 1854 1363 episcopus
1883 1294 1967 1347 vel
2015 1307 2163 1362 pres-

572 1380 730 1452 byter
764 1383 845 1437 vel
898 1383 1156 1439 diaconus
1187 1394 1328 1455 «post
1381 1386 1517 1440 hanc
1570 1386 1938 1442 deﬁnitionem
1998 1403 2162 1443 ausus

573 1471 738 1528 fuerit
773 1472 800 1510 δ
833 1474 884 1528 in
916 1475 1323 1532 subversionem
1360 1477 1679 1546 populorum
1725 1486 1780 1533 et
1808 1478 2163 1546 perturbatio-

573 1580 697 1620 nem
724 1567 1070 1622 ecclesiarum
1115 1578 1136 1606 ε
1170 1569 1402 1624 retinere
1438 1567 1464 1606 ἀ
1500 1579 1699 1625 etcum
1729 1568 1928 1625 Judaais
1971 1571 2160 1640 pascha

571 1657 809 1712 voluerit
834 1659 1144 1725 celebrare;
1179 1659 1321 1714 hunc
1351 1671 1535 1717 sancta
1565 1663 1803 1732 synodus
1830 1661 2163 1734 jamjamque

574 1751 807 1808 alienum
865 1753 932 1808 ab
985 1754 1221 1809 Ecclesia
1253 1769 1370 1810 esse
1407 1755 1687 1824 judicavit,
1741 1765 1992 1827 tanquam
2042 1773 2164 1812 eum

573 1841 666 1910 qui
693 1857 798 1896 non
822 1843 996 1896 solum
1025 1843 1228 1912 preprii
1275 1845 1476 1912 peccati
1517 1860 1640 1900 reus
1681 1847 1769 1912 sit,
1811 1847 1904 1900 sed
1942 1855 1997 1902 et
2034 1849 2167 1903 alio-

572 1946 692 1988 rum
733 1945 998 2002 eorrupta:
1031 1938 1226 1991 mentis
1255 1943 1310 1992 et
1336 1938 1760 1994 conversationis
1795 1939 2166 2009 supplantator

573 2027 845 2080 exstiterit
874 2043 887 2078 :
925 2036 978 2080 et
1021 2043 1126 2081 non
1162 2030 1334 2084 solum
1368 2031 1671 2101 hujusmodi
1703 2033 1899 2103 deponi
1929 2050 1957 2088 a
1985 2049 2165 2090 sacer-

569 2113 719 2170 dotio
741 2126 795 2172 et
837 2118 1162 2187 ministerio,
1209 2122 1304 2180 sed
1331 2132 1385 2177 et
1415 2123 1511 2178 ltos
1550 2125 1640 2194 qui
1672 2124 1749 2180 eis
1797 2125 1913 2180 ausi
1968 2125 2165 2192 fuerint

567 2211 966 2268 communicare
1007 2225 1126 2292 post
1174 2214 1610 2282 damnationem;
1663 2217 1942 2286 depositos
1981 2228 2160 2282 autem

569 2301 732 2357 etiam
764 2301 967 2359 honore
1011 2304 1102 2375 qui
1147 2307 1483 2364 extrinsecus
1535 2317 1618 2364 est
1674 2309 1872 2380 ρτίνειῐὶ
1926 2319 2158 2380 Oportet,

569 2411 729 2474 quem
758 2408 974 2492 sanctus
1004 2416 1176 2467 canon
1209 2413 1262 2458 et
1293 2404 1390 2460 Dei
1409 2407 1772 2466 sacerdotium
1799 2409 2014 2470 meruit.

563 2509 628 2576 Η.
686 2510 811 2568 Non
861 2513 1012 2569 licere
1065 2517 1473 2574 communionem
1519 2519 1767 2578 Ecclesia:
1815 2533 2156 2590 contemnere,

847 2593 937 2640 aut
968 2590 1425 2652 excontntunicatis
1469 2595 1866 2650 communicare.

632 2697 832 2754 Omnes
862 2701 953 2768 qui
983 2700 1359 2772 ingrediuntur
1389 2706 1440 2761 in
1483 2709 1769 2764 ecclesiam
1822 2709 1918 2765 Dei
1959 2719 2015 2764 et
2069 2725 2156 2766 sa-

563 2803 682 2846 cras
708 2790 1014 2862 Scriptores
1056 2797 1300 2864 audiunt,
1354 2815 1460 2856 non
1506 2810 1686 2856 autem
1719 2817 1839 2857 eum
1872 2802 2068 2872 popqu
2098 2803 2152 2861 in

561 2884 807 2948 oratione
843 2891 1260 2956 communicant,
1307 2893 1657 2949 adversantur
1680 2894 1786 2966 43
1829 2896 1992 2951 etiam
2021 2911 2151 2952 san-

561 2981 702 3028 ctam
732 2979 1152 3047 assumptionem
1185 2981 1442 3040 dominici
1490 2985 1816 3042 sacramenti
1851 2989 2148 3046 secundum

1261 225 1643 302 conserto
1678 238 2022 300 essanun
2060 240 2122 298 s.
2161 219 2436 296 tatooito
2478 218 2742 296 utesse.
2785 215 3149 297 iacntem.

1265 361 1464 416 diverso
1495 329 1719 430 tempore
1763 357 1933 430 facere
1961 373 2122 426 neque
2187 358 2241 419 Α
2267 351 2668 425 increpationis,
2741 359 2996 426 tanquam
3063 355 3431 415 ecclesiastica
3477 357 3600 429 jura
3664 361 3872 420 dieeo]-

2267 462 2420 502 νεησ.

2301 539 2391 594 IV.
2449 537 2573 593 Non
2607 539 2760 594 licere
2800 542 3040 611 episcOpo
3077 543 3157 598 ecl
3215 545 3497 612 cuicunque
3549 547 3738 604 clerico
3783 553 3832 606 si

2609 623 2975 672 exauctoratus
3009 615 3164 684 luerit
3195 617 3508 680 ministrare.

2338 701 2394 766 Si
2425 703 2545 774 quis
2569 703 2854 774 episcopus
2879 719 2909 758 a
2938 705 3145 778 synodo
3173 715 3195 744 ε
3227 705 3388 764 fuerit
3432 707 3734 780 depositus,
3782 713 3869 770 vel

2267 799 2552 871 presbyter
2581 800 2665 854 vel
2707 799 2966 860 diaconus
2995 815 3026 856 a
3058 802 3278 872 proprio
3321 802 3576 872 episcOpo
3604 806 3867 871 eandem.

2265 903 2444 959 natus,
2476 901 2532 956 et
2562 894 2966 964 praesumpserit
2992 896 3278 958 sacerdotii
3321 910 3418 956 seu
3445 899 3585 964 sacri
3616 900 3867 964 ministe~

2265 984 2330 1050 rii
2359 985 2656 1056 quidpiam,
2685 1002 2792 1044 non
2819 986 2871 1044 ei
2898 987 3126 1058 amplius
3157 987 3316 1046 liceat
3340 1005 3517 1059 neque
3537 990 3595 1053 in
3626 993 3733 1056 alia
3767 1010 3862 1065 sy-

2265 1078 2409 1138 nodo
2453 1093 2604 1149 spetn
2655 1079 3012 1140 restitutionis
3065 1081 3289 1149 habere,
3329 1099 3502 1155 neque
3546 1089 3868 1150 assertiottis

2264 1169 2496 1241 alicujus
2527 1171 2741 1238 locum;
2773 1173 2868 1236 sed
2907 1181 2962 1230 et
2988 1176 3448 1238 communicantes
3473 1178 3523 1234 ei
3552 1193 3743 1244 omnes
3772 1181 3871 1238 ab-

2258 1265 2352 1337 jici
2383 1267 2452 1324 ab
2480 1265 2744 1333 Ecclesia,
2768 1277 2823 1324 et
2853 1266 3150 1330 maximesi
3183 1278 3470 1340 postquam
3493 1285 3870 1342 cognoverunt

2264 1360 2590 1422 sententiam
2619 1358 2881 1418 adversus
2910 1375 3034 1416 eum
3067 1359 3235 1426 fuisse
3270 1361 3564 1432 prolatam.
3587 1365 3638 1423 ei
3669 1379 3868 1433 contu-

2265 1453 2491 1515 maciter
2520 1453 3084 1518 communicaverunt.

2265 1542 2333 1602 Υ.
2377 1544 2502 1601 Νοιι
2533 1545 2686 1608 licere
2713 1547 2915 1606 clericis
2943 1556 3234 1670 cqntcmpto
3258 1548 3502 1620 episcopo
3527 1559 3718 1610 semota
3757 1555 3870 1608 col-

3005 1634 3160 1670 ruere.

3005 1634 3160 1690 igere.

2196 1725 2244 1786 Β
2345 1709 2403 1766 Si
2435 1710 2553 1780 quis
2601 1709 2887 1786 presbyter
2936 1721 3028 1766 aut
3076 1711 3354 1779 diaconus,
3409 1723 3720 1786 contempto
3768 1731 3870 1773 suo

2269 1801 2543 1872 episcopo,
2573 1817 2632 1856 se
2660 1803 2832 1869 ipsum
2855 1801 2922 1855 ab
2951 1801 3190 1858 Ecclesia
3222 1805 3584 1876 segregaverit
3612 1817 3666 1861 et
3692 1809 3870 1876 priva-

2270 1893 2363 1947 tim
2393 1893 2532 1962 apud
2566 1895 2902 1949 se't-ollectis
2934 1895 3141 1966 populis
3169 1894 3286 1968 [U.,
3321 1897 3669 1973 presbyteris]
3699 1901 3871 1958 altare

2268 1987 2476 2058 erigere
2504 2003 2665 2043 ausus
2717 1987 2897 2054 fuerit,
2950 1996 3005 2042 et
3044 1989 3416 2060 nihilominus,
3459 1993 3718 2065 episcopo
3767 2011 3870 2050 suo

2265 2081 2584 2137 exhortante
2608 2089 2662 2136 et
2691 2084 2855 2138 semel
2885 2091 2941 2137 et
2970 2082 3162 2138 iterum
3187 2082 3297 2158 44
3337 2097 3645 2154 revocante,
3678 2087 3869 2144 inobe-

2265 2172 2421 2228 dieus
2446 2173 2747 2238 exstiterit;
2780 2174 2922 2228 hunc
2965 2175 3138 2228 modis
3183 2174 3430 2230 omnibus
3459 2176 3866 2249 deponendum,

2265 2279 2366 2322 nec
2397 2266 2684 2336 aliquando
2735 2266 2994 2336 consequi
3053 2267 3386 2322 curationem
3444 2277 3537 2322 aut
3585 2271 3865 2348 proprium

2264 2357 2524 2413 honorem
2549 2357 2788 2427 recipere
2817 2367 3020 2434 speret.
3063 2358 3214 2426 Quod
3261 2359 3307 2415 si
3349 2360 3506 2414 etiam
3539 2375 3868 2430 persevera-

2263 2449 2400 2504 verit
2427 2450 2749 2518 perturbans
2792 2461 2845 2504 et
2885 2451 3166 2504 concitans
3209 2449 3531 2517 Ecclesiam,
3579 2467 3700 2522 qua:
3728 2453 3869 2512 loris

2261 2552 2365 2608 est,
2398 2549 2650 2612 tanquam
2674 2541 2991 2597 seditiosum
3036 2543 3235 2614 corripi
3259 2552 3494 2612 oportet.

2701 2635 2734 2687 ν
2746 2635 2787 2689 l.
2846 2635 2924 2690 De
2955 2638 3431 2695 excommunicatis.

2328 2725 2384 2782 Si
2422 2726 2540 2797 quis
2571 2741 2600 2781 a
2641 2727 2860 2797 proprio
2899 2729 3155 2798 episcopo
3203 2732 3710 2788 excomtnunicatus
3751 2742 3861 2804 est,

2257 2835 2364 2874 non
2395 2835 2518 2874 eum
2551 2820 2696 2890 prius
2723 2821 2792 2876 ab
2842 2822 2962 2876 aliis
3011 2822 3212 2879 debere
3258 2825 3480 2894 suscipi,
3526 2826 3629 2882 nisi
3680 2842 3709 2880 a
3761 2844 3863 2885 suo

2255 2911 2418 2967 fuerit
2448 2923 2696 2982 receptus
2717 2913 2994 2984 episcopo,
3029 2926 3120 2971 aut
3149 2919 3378 2972 concilio
3412 2919 3553 2973 facto
3584 2933 3857 2990 occurrat,

2254 3013 2308 3060 et
2339 3008 2681 3076 reSpondeat,
2716 3017 2770 3063 et
2790 3009 2998 3080 synodo
3023 3011 3368 3079 satisfecerit,
3399 3020 3454 3067 et
3487 3018 3735 3070 statuerit
3758 3019 3862 3074 sub

558 3067 792 3137 aliquam
824 3073 1092 3141 prepriam
1124 3075 1455 3146 disciplinam
1489 3094 1502 3130 :
1539 3078 1637 3133 hos
1681 3077 1841 3147 abjici
1867 3080 1933 3136 ab
1961 3081 2149 3146 Eccle-

2259 3098 2358 3153 alia
2391 3101 2680 3168 sententia,
2717 3102 2886 3170 recipi
2931 3112 3164 3171 oportet.
3195 3103 3348 3172 Quod
3385 3106 3548 3162 etiam
3579 3109 3721 3164 circa
3755 3111 3856 3164 lai-

560 3163 642 3220 sia
696 3175 928 3236 oportet,
972 3170 1145 3238 donec
1185 3174 1502 3232 conﬁtentes
1544 3174 1773 3241 fructum
1832 3181 2159 3248 paenitentia:

559 3254 950 3328 demonstrent,
987 3273 1040 3318 et
1066 3265 1338 3334 deprecati
1383 3267 1575 3322 fuerint
1606 3278 1662 3323 ut
1698 3270 1818 3325 data
1883 3275 2034 3329 venia
2075 3291 2160 3330 sn-

559 3347 693 3422 scipi
727 3364 1050 3416 mereantur.
1086 3355 1199 3410 Non
1229 3366 1410 3422 autem
1455 3357 1616 3414 liceat
1637 3365 2034 3428 communicare
2063 3383 2157 3423 es.

559 3447 991 3513 communicatis,
1043 3462 1216 3514 neque
1243 3463 1337 3517 per
1379 3447 1568 3506 domos
1615 3451 1844 3522 ingredi,
1886 3471 1985 3511 nec
2031 3473 2152 3513 cum

559 3536 640 3591 eis
669 3553 826 3594 orare
864 3541 954 3607 qui
999 3538 1250 3593 Ecclesiae
1281 3555 1388 3594 non
1439 3543 1762 3612 participant
1801 3546 1853 3599 in
1885 3549 2152 3622 oratione,

559 3641 658 3683 nec
681 3629 733 3684 in
759 3631 980 3685 alteram
1012 3628 1309 3684 Ecclesiam
1351 3631 1518 3701 recipi
1558 3634 1648 3704 qui
1679 3636 1746 3690 ab
1776 3637 1877 3692 alia
1911 3655 2146 3695 excom-

559 3721 920 3775 municantur.
968 3717 1120 3784 Quod
1150 3719 1195 3773 si
1225 3717 1371 3776 visus
1410 3719 1571 3788 fuerit
1610 3725 1835 3794 quilibet
1871 3729 2152 3800 episeoqu

557 3827 699 3882 rum,
733 3815 816 3868 vel
858 3811 1314 3883 presbyterorum,
1348 3824 1439 3870 aut
1463 3815 1834 3886 diaconorum,
1864 3821 1949 3874 vel
1987 3823 2149 3876 etiam

556 3906 646 3977 qui
670 3907 720 3960 in
746 3919 950 3959 canone
981 3905 1304 3972 detinentur,
1334 3911 1812 3967 excommunicatls
1837 3917 2145 3968 communi-

555 4013 711 4065 care;
739 4007 794 4053 et
819 3997 959 4050 hunc
996 4006 1209 4066 oportet
1239 4001 1617 4059 communione
1646 4003 1864 4073 privari,
1897 4013 2147 4076 tanquam

557 4088 815 4147 Ecclesia)
843 4090 1054 4161 regulas
1092 4091 1530 4159 confundentem.

591 4202 679 4259 Ill.
724 4202 844 4259 Non
873 4205 1051 4261 debere
1089 4207 1331 4263 clericum
1370 4209 1440 4263 ad
1484 4185 1776 4265 Ecclesiam
1814 4211 1974 4267 aliam
2007 4215 2108 4268 mi-

910 4319 914 4325 .
975 4290 1207 4350 grantent
1250 4281 1320 4333 ibi
1366 4297 1712 4349 perseverare.

629 4391 684 4446 Si
708 4392 825 4462 quis
839 4394 1136 4466 presbyter,
1155 4394 1239 4450 vel
1261 4395 1540 4463 diaconus,
1554 4397 1638 4452 vel
1658 4396 2140 4466 quilibetclerictts,

556 4483 770 4542 deserta
813 4503 908 4542 sua
951 4486 1210 4554 Ecclesia,
1272 4487 1338 4543 ad
1381 4487 1543 4544 aliam
1591 4491 1980 4546 transeundum
2030 4506 2151 4548 esse
2180 4469 2232 4530 D

554 4579 867 4648 crediderit,
901 4589 955 4636 et
999 4581 1072 4635 ibi
1107 4580 1359 4651 paulatim
1405 4590 1575 4638 tentet
1618 4598 1725 4664 quo
1754 4584 2002 4655 migravit
2033 4601 2154 4654 per-

556 4680 719 4743 petuo
768 4685 1106 4743 permanere,
1160 4670 1386 4726 ulterius
1434 4673 1742 4728 ministrare
1805 4689 1911 4729 non
1969 4674 2149 4741 debet.

556 4765 858 4838 praesertim
888 4765 932 4820 si
963 4765 1032 4821 ab
1060 4765 1313 4836 episcopo
1352 4781 1448 4820 suo
1475 4767 1541 4821 ad
1570 4771 1949 4826 revertendum
1993 4769 2153 4826 fuerit

556 4855 984 4930 exhortatns[1‘.
1022 4857 1072 4924 1,
1115 4855 1410 4928 exoratus].
1449 4858 1600 4926 Quod
1629 4860 1675 4914 si
1719 4869 1773 4916 et
1819 4872 1937 4932 post
1961 4877 2153 4918 evoca-

557 4949 756 5006 tionem
778 4949 861 5004 sui
885 4949 1117 5022 episcopi
1142 4965 1247 5006 non
1275 4952 1558 5024 obcdlerlt,
1587 4953 1680 5009 sed
1705 4957 2148 5025 perseveraverit,

556 5039 910 5096 omnismodis
952 5041 1021 5095 ab
1050 5041 1233 5097 otticlo
1261 5056 1360 5100 suo
1397 5045 1594 5115 deponi
1642 5045 1864 5112 debere,
1923 5063 2024 5104 nec
2055 5048 2150 5102 ali-

556 5132 771 5213 quando
800 5148 952 5206 spem
982 5135 1335 5193 restitutionis
1365 5137 1586 5194 habere.
1633 5139 1687 5196 Si
1716 5141 1834 5210 quis
1858 5155 1989 5198 vero
2028 5156 2153 5212 pro-

556 5235 675 5294 pter
708 5225 851 5281 hanc
889 5225 1100 5296 culpam
1131 5227 1433 5298 depositum
1458 5228 1597 5284 alius
1643 5230 1929 5301 episcopus
1959 5246 2148 5287 susce-

557 5319 720 5387 perit,
747 5328 802 5374 et
840 5317 956 5389 ipse
993 5334 1023 5374 a
1055 5321 1324 5376 communi
1354 5321 1563 5392 synodo
1605 5335 1819 5390 pmnam
1855 5322 2149 5378 merebitur

633 5486 660 5552 ξι
694 5477 810 5552 illi,
841 5481 893 5536 in
923 5480 1194 5552 prwsentia
1215 5479 1408 5536 domini
1429 5477 1781 5552 amantissimi.

627 5545 661 5595 .b
701 5545 1170 5624 U_.,delinitionem
1205 5563 1252 5608 et
1291 5553 1427 5624 hunc
1467 5548 1942 5624 terminuniausus
1969 5549 2144 5624 fuerit.

629 5631 657 5692 ον
697 5620 811 5688 AL,
858 5620 1125 5690 E.~3,'U.,
1157 5624 1211 5676 in
1255 5620 1575 5676 subversione
1611 5622 1917 5689 portitorum
1959 5620 2007 5688 et
2032 5637 2149 5692 per-

556 5691 836 5751 turbatione
867 5695 1234 5749 Ecclesiarum.

631 5763 661 5804 ἀ
698 5764 792 5836 0.,
829 5768 1062 5823 resistere
1089 5765 1268 5841 initis,
1311 5770 1362 5818 et
1400 5777 1516 5819 cunt
1563 5760 1780 5826 Iudicis.
1830 5762 1894 5822 ϐ.
1953 5765 2145 5821 nitatur

2259 3206 2375 3255 eos,
2408 3193 2842 3264 etpresbyteros,
2867 3193 3189 3249 etdiaconos
3218 3204 3273 3250 et
3298 3211 3484 3253 omnes
3506 3202 3595 3270 qui
3627 3201 3679 3256 in
3709 3206 3859 3260 clero

2260 3293 2384 3338 sunt
2411 3285 2664 3338 convenit
2703 3285 3004 3339 observavi.

2298 3376 2407 3431 llll.
2459 3375 2681 3430 Nullum
2726 3377 3051 3448 peregrinatur
3090 3378 3277 3448 absque
3324 3381 3558 3453 epistolio
3596 3388 3820 3454 suscipi.

2328 3465 2539 3521 Nullum
2605 3467 2808 3537 absque
2857 3470 3126 3538 formata,
3183 3487 3342 3541 quam
3403 3469 3574 3530 Graeci
3635 3479 3850 3546 episto-

2257 3560 2386 3622 lium
2447 3557 2466 3597 ι
2528 3559 2735 3626 dicunt,
2796 3562 3205 3632 peregrinorum
3278 3567 3593 3622 clericorum
3651 3571 3857 3643 suscipi

2256 3661 2488 3723 oportet.

2368 3745 2500 3801 Vill.
2556 3745 2622 3800 Ut
2667 3747 2903 3814 epistolia
2945 3748 3043 3803 soli
3091 3751 3441 3824 chorepiswpi
3487 3755 3702 3824 faciant.

2325 3836 2509 3917 Neque
2541 3837 2883 3910 presbyteros
2924 3840 2987 3893 ad
3031 3842 3276 3910 regiones
3306 3844 3624 3914 longinquas
3652 3848 3856 3903 forma-

2255 3936 2357 3994 tas,
2391 3929 2443 3984 id
2485 3938 2570 3984 est
2596 3932 2883 3986 canonicas
2915 3932 3172 4003 epistolas
3218 3935 3369 4001 dare,
3404 3938 3504 3991 nisi
3550 3939 3614 3993 ad
3646 3942 3856 4010 episco-

2255 4039 2351 4094 pos
2391 4025 2649 4082 linitimos
2695 4028 2968 4098 simplices
3019 4030 3274 4100 epistolas
3324 4032 3570 4098 mittere;
3621 4037 3854 4092 vicarios

2251 4137 2380 4177 vero
2426 4123 2800 4192 episcoporum
2831 4135 2881 4192 8,
2912 4126 3060 4194 quia
3091 4126 3297 4180 Graecis
3339 4127 3710 4198 chorcpiscOpi
3753 4145 3854 4200 ap-

2250 4214 2543 4284 pellantur,
2573 4216 2830 4272 rormatas
2863 4216 3041 4271 facere
3072 4218 3251 4271 liccat.
3349 4254 3354 4262 ι

2572 4329 2663 4384 IX.
2705 4328 2784 4394 De
2820 4332 3218 4405 metropolitanis
3256 4335 3527 4406 episcopis.

2332 4445 2436 4506 Per
2485 4444 2724 4514 singulas
2773 4446 3079 4516 provincias
3115 4451 3398 4519 episcopos
3427 4453 3666 4524 singulos
3703 4457 3852 4518 scire

2256 4544 2470 4609 oportet
2498 4537 2813 4608 episcopum
2841 4539 3334 4610 metropolitanum,
3378 4545 3467 4610 qui
3509 4557 3724 4614 praest,
3754 4564 3853 4605 cn-

2255 4644 2369 4688 ram
2421 4637 2477 4688 et
2529 4629 2946 4690 sollicitudinem
2987 4634 3148 4692 totius
3177 4635 3465 4704 provinciae
3503 4640 3850 4709 suscepisse:

2254 4731 2476 4792 propter
2521 4724 2663 4795 quod
2703 4722 2772 4780 ad
2812 4725 3283 4797 metropolitanum
3332 4727 3603 4788 civitatem
3653 4730 3719 4786 ab
3765 4733 3851 4789 his

2251 4817 2346 4888 qui
2390 4833 2583 4882 causas
2625 4821 2826 4877 habent
2855 4821 2972 4878 sine
3003 4821 3166 4878 dubio
3192 4832 3562 4889 concurratur.
3598 4823 3849 4895 Quapro-

2253 4921 2374 4983 pter
2402 4914 2602 4983 placuit
2649 4929 2774 4970 eum
2819 4924 2873 4976 et
2905 4913 3115 4970 honore
3159 4915 3373 4985 praeire,
3425 4926 3477 4974 et
3526 4916 3658 4976 nihil
3706 4918 3848 4972 ultra

2251 5006 2370 5066 sine
2415 5005 2534 5077 ipso
2575 5007 2814 5077 reliquos
2853 5007 3137 5076 episcopos
3166 5021 3329 5077 agere
3375 5009 3668 5066 secundum
3698 5008 3846 5070 anti-

2249 5113 2415 5169 quum
2440 5105 2650 5168 patrum
2681 5105 2987 5167 nostrorum
3030 5099 3122 5168 qui
3161 5098 3390 5156 obtinuit
3427 5113 3710 5165 canonem,
3742 5100 3849 5166 nisi

2251 5189 2369 5248 haec
2399 5199 2603 5248 tantum
2635 5204 2754 5260 qua:
2785 5189 3205 5262 uniuscujusque
3247 5190 3363 5264 [δη
3410 5188 3722 5262 unicuique]
3752 5205 3844 5258 ec-

2248 5282 2429 5341 clesiae
2470 5297 2565 5351 per
2603 5296 2757 5344 suam
2794 5280 3075 5340 dioecesim
3104 5291 3438 5356 competunt.
3469 5280 3844 5355 Unumquem-

2246 5472 2480 5519 retinere.

2323 5545 2347 5617 ξ
2489 5535 2636 5617 1,},
2669 5550 2813 5617 astra
2834 5536 3052 5617 synodo.

2323 5607 2343 5644 ¹’
2387 5606 2466 5662 Ex
2495 5606 2739 5674 reliquis,
2774 5604 2970 5678 praeter
3000 5611 3089 5674 A.,
3123 5606 3174 5662 in
3205 5621 3333 5678 quo,
3365 5604 3658 5678 epistolam.

2321 5687 2346 5728 ε
2386 5680 2448 5736 Β.
2472 5679 2563 5751 R.,
2600 5670 2667 5736 Τ.
2701 5670 2838 5751 1,9,
2869 5670 2962 5749 U.,
3003 5670 3354 5736 vicarics'verc
3381 5670 3665 5749 episcopos,
