4086 6358
180 277 287 337 125

1074 274 1483 341 ΕΜΕΕΟΗΟΜ
1519 272 1857 341 GONCILIAo
1897 301 1969 317 —
2008 274 2527 345 ANTIOCHENUM.

3345 292 3449 347 126

177 403 285 461 que
310 386 453 447 enim
495 393 713 457 oportet
739 385 1052 457 episcopum
1102 395 1423 456 potestatem
1475 386 1675 443 habere
1702 392 1757 447 et
1783 390 1839 451 Α
1933 385 2045 460 46
2072 386 2209 445 XIII.
2243 389 2364 453 Non
2409 392 2562 466 licere
2602 390 2850 466 episcopis
2891 391 2945 445 in
2985 391 3157 448 aliena
3195 399 3459 466 provincia

172 498 290 541 suae
341 480 597 539 dioecesis
651 480 718 536 ad
802 478 941 536 hanc
999 480 1401 550 gubernandam
1466 479 1765 535 secundum

174 584 571 647 competentem
594 575 694 630 sibi
733 576 1110 639 reverentiam,
1146 574 1211 633 ad
1256 572 1646 643 providendum
1679 588 1765 629 res

174 672 317 747 gioni
348 685 470 739 qum
509 670 611 725 sub
636 670 803 739 ipsius
830 681 910 727 est
936 672 1176 735 civitate;
1212 669 1283 727 ita
1330 677 1389 727 ut
1423 668 1585 727 etiam
1616 669 1767 723 ordi-

176 783 301 823 nare
351 765 697 837 presbyteros
741 776 798 822 et
843 766 1100 821 diaconos
1148 766 1197 821 ei
1247 766 1511 836 probabili
1558 766 1765 835 judicio

177 860 348 927 liccat,
401 870 457 915 et
504 861 570 915 de
619 861 841 930 singulis
889 860 1260 917 moderatione
1288 870 1343 916 et
1373 860 1615 931 pondere
1644 860 1763 915 dis-

176 969 424 1026 ceptare:
475 956 619 1010 ultra
649 966 827 1011 autem
878 955 1010 1010 nihil
1053 956 1317 1025 agendum
1351 956 1590 1025 permitti
1641 954 1759 1027 [U.,

180 1047 520 1121 permittitur]
564 1049 696 1103 citra
743 1048 1141 1117 metrOpolitani
1192 1049 1430 1118 episcopi
1475 1048 1760 1103 conscien-

183 1142 327 1209 tiam,
371 1156 465 1197 nec
504 1140 981 1211 metropolitanus‘
1008 1141 1126 1196 sine
1181 1152 1505 1197 caeterorum
1558 1138 1760 1209 aliquid

181 1243 325 1305 gerat
349 1233 570 1289 consilio
610 1233 973 1288 sacerdotum.

575 1327 681 1399 45
717 1327 781 1381 Χ.
819 1326 894 1381 De
936 1327 1331 1399 chorcpiscopis.

240 1419 335 1488 Qui
376 1420 428 1474 in
460 1419 590 1475 vicis
618 1428 672 1474 et
713 1419 854 1473 villis
903 1419 1149 1474 coutituti
1197 1428 1319 1473 sunt
1362 1418 1754 1489 cborepiscopi,

172 1511 377 1566 tametsi
433 1524 623 1565 manus
684 1509 1082 1579 intpusitinnem
1134 1508 1202 1564 ab
1259 1507 1528 1578 episcopis
1578 1523 1759 1564 susce-

2408 464 2617 517 clcricos
2658 463 2917 517 ordinare.

1937 572 2151 635 Nullum
2175 573 2485 644 episcopum
2511 576 2707 632 audere
2729 576 2927 636 debere
2946 593 3013 634 ex
3045 578 3146 641 alia
3178 581 3453 649 provincia

1866 665 1933 733 ad
1962 669 2117 723 aliam
2151 668 2433 728 transitum
2457 667 2654 739 facere,
2687 680 2742 727 et
2768 670 3016 727 ordinare
3038 670 3247 741 aliquos
3272 670 3325 727 in
3350 672 3455 727 Ec-

1865 760 2063 831 clesiis,
2088 770 2179 819 aut
2212 760 2513 831 provehere
2541 761 2605 817 ad
2647 776 2859 821 sacrum
2905 763 3258 823 ministerium
3293 780 3305 816 :
3355 779 3455 821 nec

1864 856 1999 910 alios
2025 855 2153 917 illuc
2183 873 2363 914 secum
2398 854 2633 912 attrahat
2663 854 2782 928 [U.,
2826 856 3118 929 attrahere]
3147 858 3455 929 episcopos,

1866 950 1967 1007 nisi
2008 952 2147 1007 forte
2188 969 2284 1023 per
2310 953 2513 1009 litteras
2562 963 2779 1020 rogatus
2827 952 3039 1017 abierit,
3071 967 3177 1011 non
3206 954 3380 1007 solum
3424 967 3454 1007 a

1863 1048 2293 1117 metropolitano,
2322 1048 2415 1103 sed
2442 1048 2508 1103 ab
2534 1047 2617 1103 bis
2637 1046 2726 1118 qui
2756 1060 2877 1099 eum
2918 1062 2984 1102 eo
3016 1059 3140 1101 sunt
3171 1045 3455 1115 provincia:

1862 1140 2130 1209 episcopis
2166 1157 2177 1193 :
2212 1141 2352 1209 quod
2384 1141 2430 1194 si
2460 1140 2604 1195 nullo
2635 1141 2898 1195 invitante
2932 1138 3237 1193 inordinate
3265 1154 3454 1208 super-

1862 1231 2072 1297 veniat,
2123 1241 2179 1287 et
2226 1232 2432 1303 aliquos
2480 1233 2564 1287 vel
2613 1234 2865 1288 ordinare
2916 1231 3319 1303 praesumpserit
3369 1231 3452 1285 vel

1860 1323 2131 1392 quoslibet
2159 1333 2309 1379 actus
2332 1325 2403 1378 illi
2436 1324 2695 1380 Ecclesiae
2733 1320 3133 1395 competentes,
3162 1322 3230 1379 ad
3264 1338 3323 1377 se
3364 1322 3453 1386 qui

1862 1413 2006 1487 [$1,
2038 1413 2124 1470 'E.
2151 1417 2204 1486 5,
2242 1416 2334 1483 U.,
2363 1414 2521 1489 quae]
2572 1418 2792 1473 minime
2839 1418 3143 1486 pertinent,
3193 1430 3453 1486 usurpare

1861 1511 2166 1575 tentaverit,
2198 1525 2362 1565 vacua
2393 1511 2609 1581 quidem
2653 1521 2708 1566 et
2734 1512 2911 1566 inania
2942 1520 3099 1567 erunt
3125 1513 3303 1565 omnia
3333 1526 3449 1577 (inae

168 1614 394 1676 perunt,
440 1603 638 1673 placuit
686 1615 885 1659 sanctae
924 1604 1131 1676 synodo
1175 1603 1316 1659 scire
1358 1618 1455 1659 eos
1506 1613 1758 1673 oportere
1857 1603 2083 1671 gesserit
2114 1622 2127 1657 :
2157 1604 2272 1674 ipse
2301 1620 2429 1660 vero
2454 1606 2610 1675 hujus
2636 1605 3014 1676 indiscipliuati
3047 1621 3210 1661 ausus
3236 1615 3289 1659 et
3318 1603 3452 1659 irra-

168 1700 380 1754 modum
435 1698 708 1768 proprium
749 1700 986 1753 retinere
1039 1707 1093 1753 et
1149 1697 1450 1768 gubernare
1505 1697 1758 1768 adjacen-

169 1795 243 1848 tes
298 1792 405 1848 sibi
459 1792 729 1847 Ecclesiae
784 1793 1132 1858 commissas,
1187 1801 1239 1847 et
1296 1806 1417 1847 esse
1472 1800 1756 1846 contentos

165 1885 379 1955 propria
417 1884 775 1940 sollicitudine
799 1895 853 1939 et
892 1885 1279 1955 gubernatione
1320 1898 1477 1955 quam
1508 1899 1760 1954 suscepe-

162 1986 302 2032 runt.
336 1975 680 2031 Constituere
704 1983 882 2030 autem
914 1975 1052 2049 [U.,
1096 1974 1306 2046 etiam]
1357 1976 1441 2030 his
1483 1975 1760 2044 permitti-

162 2080 247 2125 tur
277 2071 510 2125 lectores
537 2078 593 2125 et
613 2069 968 2124 subdiaconos
998 2076 1053 2123 et
1079 2066 1395 2135 exorcistas,
1429 2067 1622 2136 quibus
1645 2068 1758 2121 sul-

160 2162 303 2217 ilciat
334 2163 562 2216 istorum
612 2169 817 2214 tantum
849 2160 1107 2229 graduum
1140 2157 1405 2213 licentiam
1452 2158 1756 2226 accepisse;

158 2269 270 2309 non
311 2261 494 2309 autem
538 2251 931 2323 presbyterum,
962 2266 1068 2305 non
1098 2250 1387 2304 diaconum
1417 2250 1647 2304 audeant
1671 2264 1760 2303 or-

159 2349 352 2405 dinare
385 2355 578 2416 praeter
601 2346 984 2402 conscientiam
1012 2342 1271 2414 episcOpi,
1294 2343 1373 2397 vel
1404 2341 1655 2407 civitatis,
1673 2341 1757 2396 vel

161 2439 446 2506 Ecclesiae,
475 2439 560 2493 cui
608 2437 864 2507 adiacens
908 2437 1177 2491 invenitur
1208 2450 1302 2490 seu
1336 2434 1451 2503 ipse
1480 2448 1574 2487 seu
1607 2432 1755 2502 regio

165 2535 215 2589 in
245 2548 349 2604 qua
381 2545 613 2603 praeesse
630 2530 976 2601 dignoscitur.
1007 2527 1159 2596 Quod
1186 2527 1373 2597 siquis
1400 2525 1755 2597 praevaricare

161 2639 319 2679 ausus
352 2624 512 2678 fuerit
538 2623 848 2689 constituta,
874 2621 1070 2689 deponi
1100 2638 1219 2676 cum
1264 2629 1321 2676 et
1349 2619 1609 2690 dignitate
1649 2632 1752 2688 qua

161 2718 419 2788 praeditus
442 2725 523 2772 est
544 2716 741 2771 debere
770 2715 967 2786 privari
991 2733 1004 2781 ;
1035 2715 1456 2785 chorepiscopus
1479 2722 1657 2768 autem
1685 2712 1752 2767 ab

160 2815 415 2883 episcopo
443 2812 677 2866 civitatis
718 2812 801 2868 vel
831 2811 935 2867 loci
968 2811 1054 2867 cui.
1087 2811 1225 2864 idem
1255 2808 1462 2874 adjacet
1487 2806 1605 2879 [U.,
1648 2806 1751 2861 loci

161 2907 247 2977 qui
272 2906 508 2978 adjacet]
539 2906 867 2961 ordinandus
898 2914 1001 2959 est.

160 3019 250 3083 XI.
285 3022 359 3075 De
382 3022 462 3081 Itis
489 3021 737 3093 episcOpis
761 3018 837 3093 vel
866 3018 1057 3073 clericis
1085 3017 1171 3090 qui
1196 3017 1306 3093 sine
1346 3015 1525 3070 litteris
1552 3014 1752 3086 episco-

504 3088 683 3163 porum
710 3094 777 3143 ad
813 3088 1168 3160 imperatorem
1198 3088 1410 3141 vadum.

226 3183 278 3238 Si
311 3185 434 3253 quis
458 3185 762 3254 episcopus,
797 3183 876 3236 vel
904 3179 1302 3253 presbyter,vel
1325 3178 1499 3235 omnis
1531 3177 1752 3231 omnino

160 3276 241 3346 qui
283 3286 367 3331 est
400 3277 499 3331 sub
527 3277 892 3331 ecclesiastica
938 3276 1119 3345 regula
1163 3274 1507 3341 constitutus,
1558 3281 1751 3343 praeter

160 3368 440 3422 consilium
474 3367 556 3421 vel
587 3366 792 3421 litteras
834 3380 1020 3422 eorum
1070 3366 1447 3436 episcoporum
1493 3364 1584 3435 qui
1625 3372 1750 3419 sunt

161 3456 292 3512 intra
328 3458 655 3528 provinciam
708 3467 762 3512 et
790 3457 1028 3511 maxime.
1075 3456 1509 3525 metropolitani,
1541 3456 1606 3510 ad
1638 3455 1749 3509 im-

160 3559 461 3620 peratorem
486 3554 803 3619 perrexerit,
835 3550 974 3604 hunc
1006 3549 1240 3604 abdicari
1270 3558 1323 3604 et
1354 3549 1477 3620 ejicl
1521 3564 1628 3603 non
1661 3563 1749 3604 so-

160 3640 267 3696 lum
294 3643 359 3697 de
383 3640 759 3697 communione
781 3642 997 3708 debere,
1030 3642 1123 3697 sed
1148 3644 1308 3697 etiam
1335 3642 1548 3712 propria
1579 3640 1749 3709 digni-

163 3740 269 3788 tate
303 3734 521 3801 privari,
557 3743 805 3803 tanquam
849 3735 1137 3789 molestum
1162 3742 1217 3788 et
1255 3734 1618 3804 importunum
1646 3733 1748 3786 im-

159 3831 452 3900 perialibus
476 3830 693 3886 auribus
722 3842 907 3887 contra
938 3832 1303 3887 ecclesiastica
1332 3830 1622 3886 constituta
1656 3845 1669 3882 :
1702 3829 1748 3882 si

157 3935 337 3980 autem
390 3926 682 3978 necessitas
718 3926 861 3992 cogit
904 3924 971 3978 ad
1018 3925 1398 3993 imperatorem
1459 3935 1750 3975 excurrere

157 4029 384 4092 propter
412 4021 643 4088 aliquam
669 4021 957 4086 actionem,
984 4034 1103 4072 cum
1132 4018 1520 4073 deliberatione
1542 4027 1596 4070 et
1622 4031 1752 4070 con-

156 4114 281 4167 silio
307 4110 729 4178 metropolitana:
762 4110 1049 4188 provinciae
1073 4109 1311 4187 episcopi
1343 4117 1397 4162 et
1421 4118 1747 4162 caeterorum

158 4205 481 4260 conscientia
514 4203 603 4273 qui
637 4204 686 4257 in
726 4203 913 4258 eadem
946 4202 1217 4279 provincia
1246 4210 1393 4271 sunt,
1427 4202 1620 4257 litteris
1669 4201 1748 4284 ire

160 4295 391 4351 debebit.
1533 4283 1543 4293 ’

401 4385 511 4440 ΧΗ.
545 4385 622 4439 De
642 4385 891 4454 episcOpis
914 4382 989 4438 vel
1018 4382 1214 4439 clericis
1247 4384 1512 4454 depositis.

1858 1697 2130 1752 tionabilis
2156 1700 2316 1769 ccepti
2343 1700 2529 1771 dignas
2567 1714 2757 1757 causas
2800 1701 3067 1771 expendat
3094 1709 3143 1767 δ,
3193 1711 3445 1769 tanquam

1785 1770 1835 1830 Β
1861 1791 2139 1861 depositus
2185 1806 2215 1847 a
2258 1770 2440 1848 sancta
2485 1794 2694 1865 synodo
2721 1800 2777 1848 et
2818 1802 3037 1875 propter
3078 1790 3447 1863 hujuscemodi

1861 1886 2335 1957 praesumptionem
2355 1887 2467 1958 jam
2502 1887 2915 1957 praedamnatus.
2973 1907 2995 1931 ο

2232 1982 2376 2038 XIV.
2411 1981 2490 2038 De
2518 1984 2768 2054 episcOpis
2799 1983 3072 2037 accusatis.

1932 2074 1990 2131 Si
2016 2076 2135 2144 quis
2164 2078 2449 2146 episcopus
2471 2077 2538 2132 de
2563 2078 2827 2148 aliquibus
2874 2079 3050 2132 causis
3080 2077 3447 2132 criminalibus

1860 2167 1913 2223 in
1957 2168 2159 2237 judicio
2200 2171 2575 2239 episcoporum
2622 2170 2781 2224 fuerit
2827 2179 3141 2233 accusatus,
3177 2170 3451 2237 contingat

1858 2267 2037 2315 autem
2070 2262 2138 2315 de
2167 2262 2298 2330 ipsis
2338 2261 2608 2331 episcopis
2634 2263 2924 2332 provincia:
2967 2262 3055 2330 qui
3086 2267 3451 2315 convenerunt

1857 2355 2099 2411 diversas
2122 2354 2323 2410 habere
2346 2356 2661 2423 sententias,
2700 2365 2754 2411 et
2779 2356 2915 2411 alios
2957 2355 3169 2426 quidem
3196 2354 3451 2409 innocen-

1860 2452 1965 2502 tem
1994 2461 2114 2501 eum
2141 2448 2505 2515 pronuntiare,
2527 2449 2663 2503 alios
2683 2463 2858 2513 reum;
2891 2458 3109 2517 propter
3139 2445 3447 2515 hujnsmodi

1855 2541 2038 2612 itaque
2083 2542 2507 2599 controversiam
2558 2542 2961 2613 amputandam,
2996 2540 3193 2609 placuit
3247 2549 3448 2595 sancta:

1854 2636 2063 2708 synodo
2118 2638 2591 2707 metropolitanum
2624 2638 2933 2707 episc0pum
2965 2636 3186 2692 alterius
3227 2635 3447 2703 provin-

1854 2728 1953 2783 cia:
1984 2729 2171 2783 vicina:
2198 2728 2453 2783 advocari
2493 2738 2547 2784 et
2574 2730 2877 2801 aliquantos
2906 2744 3028 2783 cum
3068 2742 3133 2782 eo
3161 2729 3448 2797 episcopos

1854 2820 2010 2885 alios,
2043 2821 2130 2889 qui
2167 2822 2364 2890 pariter
2410 2821 2709 2876 residentes
2752 2835 3083 2890 quascunque
3130 2820 3285 2873 fuerit
3314 2819 3448 2872 diri-

1856 2921 2005 2967 mant
2045 2914 2420 2982 quaestionem,
2471 2923 2691 2983 propter
2734 2913 2838 2967 hoc
2876 2923 2933 2967 ut
2977 2915 3184 2966 lirmnm
3213 2912 3280 2964 sit
3305 2910 3446 2981 judi-

1854 3004 1996 3058 cium
2019 3006 2159 3074 quod
2190 3006 2258 3060 ab
2287 3007 2447 3060 unius
2492 3006 2781 3077 provinciae
2824 3004 3093 3075 episcopis
3131 3003 3287 3057 fuerit
3324 3016 3447 3071 pro-

1858 3096 2172 3166 mu!galum.
2320 3167 2437 3223 XV.
2480 3167 2558 3222 De
2585 3168 2766 3237 quibus
2799 3185 2979 3237 supra.

1924 3261 1978 3316 Si
2008 3261 2124 3331 quis
2165 3262 2446 3332 episcopus
2477 3265 2831 3320 criminaliter
2858 3276 3142 3321 accusatus
3171 3267 3237 3320 ab
3270 3270 3448 3321 omni-

1852 3354 1953 3409 bus
1997 3356 2089 3426 qui
2134 3365 2261 3410 sunt
2298 3358 2437 3412 intra
2478 3361 2804 3427 provinciam
2850 3361 3117 3430 episcopis
3168 3362 3447 3427 exceperit

1854 3462 2011 3501 unam
2040 3462 2437 3519 consonamque
2474 3453 2818 3518 sententiam,
2852 3453 2919 3508 ab
2946 3454 3062 3508 aliis
3106 3454 3326 3510 ulterius
3352 3456 3446 3525 ju-

1852 3536 2021 3591 dicari
2063 3553 2169 3592 non
2205 3540 2435 3608 poterit;
2469 3542 2563 3597 sed
2615 3558 2832 3597 manere
2872 3544 3012 3598 circa
3060 3560 3180 3600 eum
3231 3554 3447 3615 oportet

1854 3636 2104 3699 tanquam
2128 3634 2559 3702 convenientem,
2592 3650 2710 3704 qua:
2735 3636 2802 3689 ab
2830 3638 3078 3691 omnibus
3109 3637 3314 3707 prolata
3338 3645 3442 3705 est,

1852 3721 2059 3775 ﬁrmam
2084 3731 2366 3793 ratamque
2395 3727 2735 3781 sententiam.

1923 3814 2063 3869 XVI.
2099 3815 2177 3869 De
2206 3819 2455 3887 episcopis
2486 3820 2779 3874 vacantibus
2810 3819 2895 3893 [Τ.
2928 3821 2982 3887 i,
3025 3822 3369 3894 vagantibus].

1923 3907 1978 3961 Si
2011 3908 2132 3977 quis
2163 3909 2448 3979 episcopus
2495 3926 2693 3965 vacans
2714 3911 2800 3983 [Τ.
2836 3915 2888 3976 1,
2931 3912 3151 3983 vagans]
3184 3914 3234 3967 in
3262 3915 3446 3969 Eccle-

1852 4000 1986 4055 slam
2018 4012 2293 4057 vacantem
2339 4005 2745 4071 supervenerit,
2780 4012 2833 4058 et
2882 4005 3018 4057 hanc
3066 4005 3387 4073 obrepenter
3416 4005 3443 4043 δ

1856 4104 2053 4161 praeter
2077 4095 2367 4163 plenariam
2399 4094 2664 4166 synodum
2695 4096 3056 4165 occupandam
3108 4111 3229 4150 esse
3259 4097 3441 4152 credi-

1855 4183 2015 4247 derit,
2051 4184 2192 4240 hunc
2236 4185 2392 4255 abjici
2425 4196 2656 4254 oportet,
2692 4188 2901 4242 tametsi
2927 4202 3046 4241 eum
3093 4187 3241 4254 plebs
3282 4203 3439 4260 quam

1854 4274 2075 4343 diripuit
2104 4277 2229 4330 velit
2253 4277 2350 4331 sibi
2381 4281 2693 4348 episc0pum
2724 4278 2974 4332 retinere.
3014 4278 3106 4337 Illa
3148 4288 3323 4333 autem
3358 4279 3441 4333 di-

1853 4374 2004 4421 cetur
2034 4367 2271 4445 synodus
2312 4367 2417 4447 47
2452 4368 2688 4439 plenaria
2720 4369 2773 4424 in
2811 4384 2912 4438 qua
2955 4369 3113 4424 etiam
3156 4373 3442 4448 episcOpus

233 4480 287 4537 Si
309 4482 428 4549 quis
457 4494 487 4533 a
521 4481 735 4551 preprio
759 4480 1011 4549 episcopo
1037 4478 1310 4550 depositus
1326 4478 1409 4533 vel
1442 4477 1746 4551 presbyter,

1857 4462 2299 4535 metrOpolitanus
2324 4462 2575 4520 adiuerit.

166 4577 243 4632 vel
272 4578 549 4642 diaconus,
575 4586 662 4631 aut
682 4577 894 4633 etiamsi
919 4591 947 4630 a
979 4577 1186 4647 synodo
1214 4577 1437 4648 quilibet
1465 4577 1749 4646 episc0pus

170 4672 319 4727 fuerit
354 4679 753 4745 exauctoratus,
787 4672 1087 4727 molestiam
1122 4672 1487 4740 imperialibus
1531 4672 1750 4728 auribus

172 4761 360 4818 inferre
394 4780 496 4818 non
527 4770 837 4835 praesumat,
865 4763 959 4818 sed
992 4764 1057 4817 ad
1083 4763 1340 4832 majorem
1372 4763 1747 4834 episcoporum

171 4858 425 4926 synodum
449 4872 569 4912 sese
588 4865 885 4925 convertat,
911 4865 965 4911 et
982 4871 1101 4929 qua:
1124 4870 1184 4910 se
1211 4865 1363 4934 putat
1390 4856 1585 4913 habere
1604 4855 1748 4927 jusla

174 4946 222 5000 in
242 4964 421 5003 eorum
457 4949 687 5005 concilio
713 4948 904 5020 alleget
926 4946 1045 5022 [U.,
1072 4948 1296 5003 consilio
1324 4946 1548 5021 alliget],
1589 4956 1749 5019 atque

174 5044 236 5096 ab
264 5045 343 5099 bis
371 5046 440 5100 de
484 5061 543 5101 se
581 5055 877 5119 exspectet,
924 5061 1042 5121 qua:
1072 5045 1229 5105 fuerit
1276 5045 1590 5118 deprompta
1621 5060 1749 5101 sen-

175 5140 346 5193 tentia.
378 5140 529 5206 Quod
559 5142 600 5194 si
631 5140 887 5195 deﬁciens
926 5139 1363 5211 pusillanimitate
1403 5140 1637 5197 noluerit
1672 5139 1749 5197 fa-

175 5246 305 5296 cere,
338 5234 431 5287 sed
477 5232 785 5303 imperatori
831 5234 981 5289 fuerit
1034 5233 1343 5305 hujusmodi
1386 5233 1745 5304 importunus,

179 5322 366 5377 nullam
395 5326 604 5378 veniam
656 5324 869 5389 habeat,
902 5339 1075 5393 neque
1105 5324 1281 5380 locum
1314 5326 1454 5380 illius
1495 5326 1748 5381 assertio-

180 5411 252 5464 nis
277 5413 355 5484 [Τ.
394 5416 445 5479 l,
475 5414 529 5482 2,
561 5413 917 5485 adversionis]
962 5430 1099 5485 sum,
1131 5430 1231 5472 nec
1258 5432 1406 5486 spem
1454 5419 1746 5487 recipiendi

179 5508 358 5570 gradus
391 5509 581 5563 habeat
610 5510 660 5563 in
689 5495 948 5565 futurum.

246 5647 269 5718 ξ’
390 5643 492 5718 BN7
513 5645 573 5701 Ε.
602 5648 655 5714 5,
692 5654 914 5717 expetat.
949 5647 1041 5714 U.,
1073 5655 1347 5718 exspectet,

178 5707 369 5848 "salii:
395 5716 450 5771 Β.
472 5717 611 5776 R.T.
642 5707 699 5791 ’1,
732 5707 785 5779 ἔ.
812 5719 864 5776 ln
894 5721 971 5778 Α.
994 5707 1049 5779 et
1075 5707 1316 5793 reliquis,
1342 5719 1633 5793 obrepente.
1656 5719 1741 5791 U.,

1923 4575 2089 4633 XVII.
2141 4575 2221 4631 De
2255 4577 2506 4649 episcopis
2536 4578 2626 4648 qui
2646 4586 2880 4643 suscepta
2903 4594 3085 4636 manus
3112 4563 3443 4649 impositione

2008 4656 2015 4664 ‘
2082 4664 2185 4702 non
2214 4652 2543 4718 acquiescant
2562 4650 2818 4721 suscipere
2841 4651 3205 4713 ministerium.

1921 4760 1981 4817 Si
2013 4762 2131 4833 quis
2156 4762 2440 4835 episcopus
2469 4772 2716 4833 suscepta
2743 4777 2932 4818 manus
2961 4764 3306 4839 impositiune
3339 4776 3360 4805 ο
3386 4774 3442 4822 et

1852 4853 2138 4923 deputatus
2167 4856 2377 4925 populis
2407 4870 2635 4924 praeesse
2663 4872 2768 4911 non
2796 4857 3052 4923 suscipiat
3079 4857 3435 4912 miniSIerium

1852 4949 2162 5014 sacerdotii,
2189 4963 2291 5014 nec
2309 4950 2611 5009 consentiat
2635 4950 2783 5006 abire
2825 4951 2881 5007 in
2916 4951 3210 5018 Ecclesium
3242 4953 3292 5009 in
3335 4967 3434 5021 qua

1852 5040 2027 5099 fuerat
2058 5043 2362 5109 ordinatus;
2401 5043 2542 5101 hunc
2587 5044 3141 5107 incnnuuupicabilem
3187 5060 3309 5101 esse
3335 5044 3433 5098 de-

1851 5134 2002 5205 bere,
2033 5136 2205 5193 donec
2234 5147 2452 5197 coactus
2481 5139 2783 5197 consentiat
2814 5140 3024 5219 plebem
3058 5140 3330 5207 suscipere
3356 5136 3431 5187 si-

1852 5228 2018 5289 bimet
2063 5230 2407 5301 deputatam,
2438 5241 2529 5289 aut
2572 5233 2866 5302 provinciae
2916 5232 3151 5302 pleuaria
3199 5226 3435 5297 synodus

1851 5324 2223 5394 episc0porum
2252 5324 2318 5379 de
2346 5339 2409 5379 eo
2441 5325 2637 5395 aliquid
2665 5334 2882 5381 statuat.

2229 5415 2415 5472 XVIII.
2446 5416 2522 5471 De
2549 5418 2629 5472 his
2666 5417 2850 5487 quibus
2872 5430 3049 5485 supra.

1920 5510 1976 5567 Si
2011 5509 2130 5582 quis
2160 5509 2441 5581 episcopus
2486 5511 2762 5566 ordinatus
2806 5522 2911 5563 non
2952 5502 3143 5561 abierit
3187 5500 3239 5565 in
3275 5512 3425 5569 paro-

1923 5663 1946 5691 ο
2004 5651 2096 5722 U.,
2133 5653 2469 5727 simpositione
2531 5660 2730 5709 recusat
2782 5643 3041 5710 deputatis
3090 5641 3183 5705 silli
3230 5640 3434 5712 populis

1848 5732 2085 5800 praeesse,
2118 5737 2173 5781 ut
2200 5745 2297 5784 non
2326 5727 2590 5795 suscipiat.
