4086 6358
604 314 702 370 19.7

1274 303 1652 364 COLLEC‘I'IO
1689 299 2016 361 CANONUM
2057 300 2117 360 S.
2161 295 2434 358 ISIDORO
2471 297 2740 357 HISPAL.
2780 298 3139 358 ASCRIPTA.

3772 301 3876 358 128

600 430 772 486 eniam
803 427 890 482 cui
917 425 1196 481 ordinatus
1224 432 1326 492 est,
1369 425 1412 477 si
1445 437 1549 476 non
1576 433 1674 474 suo
1710 419 1843 473 vitio
1883 427 1905 454 ο
1937 417 2030 472 sed
2063 416 2179 486 ple-
2211 416 2262 476 A
2291 419 2432 468 teres
2459 421 2552 467 aut
2572 412 2830 469 diaconos
2847 412 3173 468 constituere
3194 410 3259 467 ad
3284 409 3424 468 alios
3444 413 3727 485 episcopos
3750 430 3875 484 per-

547 559 550 562 .
601 523 683 576 bis
715 519 936 574 forsitan
979 513 1421 581 contradictione,
1463 515 1548 569 hic
1579 515 1833 568 honorem
1874 519 2181 579 susceptum

599 616 832 669 retinere
860 613 1151 667 debebitet
1171 610 1471 664 sacerdotio
1499 609 1679 678 fungi;
1722 607 1792 661 ita
1824 615 1881 660 ut
1907 605 2037 660 nihil
2071 621 2184 659 mo-

599 699 764 759 le'stire
796 703 980 759 alerat
1011 702 1251 758 ecclesiae
1281 701 1352 756 illi
1385 701 1439 755 in
1471 717 1574 770 qua
1607 701 1777 755 fuerat
1804 698 2131 754 constitutus
2164 713 2180 751 :

599 808 911 865 exspectare
937 804 1114 849 autem
1153 810 1275 848 eum
1314 802 1528 865 oportet
1554 791 1844 862 provincia:
1889 788 2180 858 plenariam

597 887 882 957 synodum,
915 885 1086 940 donec
1113 885 1181 939 de
1219 899 1284 938 eo
1315 885 1454 954 quod
1487 885 1740 953 competit
1762 892 2043 937 statuatur.

597 977 736 1033 ΜΚ.
775 978 893 1031 Νοη
934 976 1087 1032 licere
1127 978 1237 1030 sine
1277 978 1492 1030 consilio
1535 976 1914 1044 metropolitani
1959 974 2183 1044 episcopi

1091 1049 1388 1118 episcopum
1419 1049 1678 1101 ordinare.

667 1138 986 1208 Episcopum
1013 1153 1118 1193 non
1163 1139 1523 1194 ordinandum
1569 1150 1766 1208 praeter
1809 1137 2094 1193 consilium
2126 1144 2182 1193 et

2289 507 2550 572 tinentes,
2600 508 2699 562 nisi
2744 507 2881 562 forte
2919 521 3040 561 cum
3080 506 3310 562 consilio
3355 507 3584 576 propriae
3633 510 3874 577 regionis

2285 598 2520 667 episcopi
2547 615 2561 652 :
2590 598 2731 668 quod
2749 601 2793 651 si
2817 599 3080 669 quispiam
3099 597 3291 652 horum
3314 597 3418 652 tale
3445 597 3644 669 aliquid
3666 600 3822 656 adire
3848 594 3874 639 ὅ

2286 689 2536 754 voluerit,
2570 689 2720 743 irrita
2767 689 2883 762 [E.,
2925 689 3252 761 abjicienda]
3279 688 3497 760 quidem
3544 691 3643 746 erit
3691 691 3880 761 hujus-

2287 779 2428 834 modi
2457 780 2744 845 ordinatio,
2778 788 2833 835 et
2860 781 2903 834 is
2933 782 3022 851 qui
3053 781 3194 836 male
3223 782 3563 850 usurpaverit
3607 797 3635 836 a
3666 786 3878 854 synodo

2285 880 2562 941 arguatur.

2285 961 2473 1020 XXIII.
2536 961 2789 1035 Episcopo
2838 979 2941 1018 non
2986 964 3136 1088 licere
3174 979 3512 1021 successorem
3553 965 3649 1019 sibi
3690 968 3874 1020 consti-

3017 1052 3155 1088 uere.

3017 1052 3155 1092 uere.

2356 1124 2682 1195 Episcopum
2730 1141 2836 1180 non
2881 1126 3045 1182 licere
3083 1135 3337 1198 tanquam
3363 1140 3735 1184 successorem
3775 1128 3880 1184 sibi

593 1232 933 1302 ρτωςεηιίεηι
985 1232 1382 1302 metropolitani
1431 1231 1690 1302 episcopi,
1722 1233 1806 1288 cui
1859 1231 2050 1288 melius
2078 1232 2184 1286 erit,
2237 1214 2520 1273 afuturum
2553 1218 2881 1272 constituere
2912 1218 3166 1285 alterum,
3198 1220 3443 1290 quamvis
3493 1220 3637 1275 circa
3680 1219 3880 1278 vicinia

592 1323 636 1378 si
669 1339 732 1380 ex
759 1325 904 1378 omni
957 1324 1236 1393 provincia
1280 1332 1673 1394 congregemur
1719 1323 2002 1392 episcopi:
2038 1321 2181 1391 quod

590 1416 638 1470 si
667 1416 781 1469 ﬁeri
808 1429 912 1469 nou
941 1422 1134 1484 potest,
1161 1416 1213 1470 bi
1242 1417 1329 1483 qui
1354 1415 1545 1470 adesse
1571 1430 1676 1470 non
1700 1425 1924 1484 possunt
1954 1414 2180 1484 propriis

593 1505 784 1562 litteris
808 1520 1127 1562 consensum
1156 1522 1310 1562 suum
1338 1507 1410 1563 de‘
1457 1508 1575 1576 ipso
1603 1508 1924 1577 designent,
1953 1518 2006 1564 et
2054 1518 2182 1563 tunc

593 1598 807 1654 demum
839 1606 958 1666 post
1009 1598 1358 1667 plurimorum
1404 1598 1520 1653 sive
1564 1599 1901 1668 praesentiam
1947 1597 2063 1653 sive
2087 1614 2181 1667 per

594 1691 802 1746 litteras
849 1693 1169 1747 sententiam
1225 1708 1515 1748 consonam
1566 1695 1893 1750 ordinetur:
1944 1694 2086 1764 quod
2133 1693 2177 1748 si

2283 1311 2474 1364 mortis
2506 1310 2766 1364 habeatur
2800 1329 2811 1363 :
2841 1311 2982 1380 quod
3011 1312 3056 1366 si
3089 1313 3192 1368 tale
3223 1313 3422 1384 aliquid
3465 1316 3660 1370 factum
3691 1314 3877 1382 fuerit,

2282 1398 2429 1454 irrita
2452 1400 2522 1454 sit
2551 1399 2857 1469 hujusmodi
2881 1403 3166 1461 ordinatio.
3197 1402 3480 1460 Custodire
3513 1403 3532 1442 ί
3565 1415 3747 1461 autem
3779 1409 3880 1464 de-

2282 1491 2373 1547 bet
2402 1495 2769 1550 ecclesiastica
2812 1498 3124 1564 constituta,
3158 1514 3276 1570 quae
3328 1499 3397 1554 its
3439 1513 3498 1554 se
3547 1501 3878 1558 continent:

2281 1601 2387 1642 non
2415 1603 2575 1656 posse
2606 1589 2765 1645 aliter
2797 1588 3106 1660 episcOpum
3153 1593 3268 1648 Iicri
3289 1633 3306 1659 ,
3332 1593 3432 1648 nisi
3477 1595 3530 1648 in
3560 1595 3792 1650 concilio
3824 1605 3880 1652 ct

2281 1693 2401 1733 cum
2452 1694 2724 1736 consensu
2775 1683 3175 1754 episcoporum,
3227 1699 3413 1740 eorum
3460 1686 3740 1752 duntaxat,
3785 1689 3880 1758 qui

590 1787 752 1841 ,ιηπ
773 1802 927 1856 quam
951 1797 1144 1842 suum
1185 1798 1305 1844 sum
1333 1787 1451 1860 [ῃη
1477 1795 1735 1843 multum
1765 1787 1868 1864 ρει]
1901 1787 2010 1853 ηδε,
2045 1787 2176 1842 nihil
2212 1780 2256 1839 Β
2284 1781 2402 1841 post
2432 1774 2632 1828 obitum
2663 1774 2802 1829 illius
2832 1776 2920 1846 qui
2955 1784 2980 1823 8
3009 1778 3280 1846 princessit
3311 1778 3597 1835 habuerint
3641 1790 3881 1849 potestas

590 1877 773 1932 valere
796 1877 1094 1948 hujusmodi
1118 1879 1538 1934 ordinationem.
1559 1882 1614 1935 Si
1637 1895 1766 1936 vero
1793 1883 1954 1935 etiam
1985 1895 2179 1936 secun-

589 1969 718 2023 dum
749 1969 992 2025 delinitas
1022 1972 1233 2041 regulas
1259 1973 1524 2028 ordinatio
1547 1973 1870 2040 celebretur,
1904 1974 2179 2030 contradi-

588 2070 713 2116 cant
738 2075 914 2116 autem
939 2063 1101 2132 aliqui
1129 2073 1352 2133 propter
1383 2067 1627 2134 proprias
1669 2074 1725 2120 et
1757 2065 2082 2122 domesticas
2103 2067 2178 2121 si-

585 2152 877 2219 multates;
909 2153 993 2209 his
1039 2156 1384 2226 contemptis,
1416 2156 1687 2212 sententia
1729 2156 1798 2212 de
1839 2171 1904 2213 eo
1940 2157 2179 2214 obtineat

586 2245 963 2315 plurimorum.

805 2337 924 2394 XX.
957 2337 1025 2394 Ut
1051 2339 1126 2393 bis
1154 2340 1206 2394 in
1232 2357 1367 2396 anno
1394 2342 1623 2413 synodus
1655 2341 1950 2398 celebretur.

659 2428 885 2499 Propter
905 2431 1295 2487 ecclesiasticas
1318 2447 1503 2488 causas
1547 2440 1600 2488 et
1629 2449 1748 2504 quae
1787 2435 2020 2490 existunt
2047 2449 2174 2490 con-

585 2523 875 2576 troversias
923 2523 1314 2591 dissolvendas,
1360 2526 1611 2582 sufficere
1647 2529 1818 2582 visum
1869 2537 1951 2583 est
1997 2529 2077 2583 bis
2120 2530 2174 2582 in

582 2627 725 2671 anno
749 2627 846 2683 per
871 2612 1106 2685 singulas
1134 2615 1436 2685 provincias
1469 2619 1844 2690 episcoporum
1883 2624 2172 2678 concilium

584 2702 696 2757 fieri
733 2721 747 2758 :
792 2706 957 2759 semel
985 2707 1202 2776 quidem
1234 2718 1356 2777 post
1398 2711 1610 2765 tertiam
1657 2711 2045 2768 hebdomadam
2081 2729 2174 2783 pa-

581 2794 785 2850 schalis
832 2796 1159 2864 festivitatis,
1191 2799 1260 2852 ita
1291 2808 1348 2854 ut
1371 2799 1424 2856 in
1456 2811 1644 2872 quarta
1691 2803 2024 2859 hebdomada
2055 2821 2172 2876 quae

580 2889 952 2958 consequitur,
976 2889 1026 2944 id
1050 2901 1130 2945 est
1152 2892 1327 2948 media
1354 2893 1692 2960 Pentecoste,
1718 2896 2001 2950 concilium
2026 2912 2173 2951 com.

581 2980 824 3051 pleatur;
875 2983 1200 3038 admoneant
1245 2993 1424 3040 autem
1473 2986 1952 3054 comprovinciales
1981 2986 2008 3025 ι’
2057 2989 2171 3058 epi-

580 3069 772 3139 scopOs
817 3073 869 3127 hi
905 3075 991 3143 qui
1021 3075 1073 3129 in
1101 3076 1471 3145 amplioribus,
1504 3077 1556 3132 id
1599 3077 1709 3149 48
1735 3088 1818 3133 est
1847 3081 1935 3148 qui
1965 3081 2014 3134 in
2054 3096 2168 3136 mc-

580 3165 917 3235 tropolitanis
969 3168 1276 3223 civitatibus
1322 3170 1530 3239 degunt
1577 3187 1589 3222 :

578 3258 866 3313 concilium
898 3258 1075 3314 Idibus
1104 3259 1429 3315 Octubribus
1458 3262 1737 3327 habeatur,
1769 3264 1857 3330 qui
1885 3263 2001 3319 dies
2023 3268 2165 3334 apud

579 3347 796 3404 Graecos
824 3347 1228 3420 Hyperberetaei
1285 3351 1485 3404 mensis
1511 3350 1750 3406 decimus
1783 3353 2070 3409 invenitur.
2115 3357 2169 3412 In

582 3439 712 3509 ipsis
741 3450 917 3496 autem
949 3441 1189 3497 conciliis
1217 3447 1270 3496 et
1294 3441 1640 3513 presbyteros
1668 3451 1722 3497 et
1749 3443 2008 3500 diaconos
2035 3464 2170 3516 prte-

579 3542 760 3590 sentes
783 3548 905 3590 esse
930 3541 1166 3604 oportet,
1197 3543 1251 3588 et
1271 3548 1460 3588 omnes
1485 3543 1744 3602 quotquot
1766 3551 1826 3591 se
1846 3537 2001 3594 laesos
2025 3541 2170 3595 {csti-

581 3632 749 3691 rnant,
776 3635 830 3680 et
855 3623 1165 3694 synodicam
1197 3633 1514 3693 exspectare
1555 3629 1877 3683 sententiam
1911 3646 1926 3683 :
1975 3646 2074 3687 nec
2102 3633 2168 3688 li-

578 3725 698 3770 ceat
726 3715 992 3786 aliquibus
1021 3715 1160 3784 apud
1204 3715 1526 3786 semetipsos
1557 3721 1780 3776 concilia
1811 3723 1926 3778 sine
1968 3733 2169 3781 metro-

578 3808 936 3877 politanorum
968 3807 1338 3877 episcOporum
1367 3812 1698 3866 conscientia
1729 3813 1910 3870 Iacere
1929 3855 1944 3880 ,
1971 3817 2167 3885 quibus

579 3897 646 3952 de
672 3898 922 3953 omnibus
957 3899 1128 3952 cautis
1156 3907 1366 3954 constat
1398 3903 1717 3970 permissum
1739 3919 1861 3960 esse
1883 3904 2164 3973 judicium.

485 4049 494 4059 δ
579 3987 724 4044 XXI.
759 3986 1073 4058 Episcopum
1113 3989 1179 4044 de
1221 3989 1423 4045 diecesi
1451 3992 1518 4046 ad
1565 3993 1826 4054 diwcesem
1851 4012 1952 4049 non
1992 3997 2168 4051 debere

1245 4063 1482 4120 transire.

652 4151 973 4220 Episcopum
999 4149 1065 4206 de
1099 4151 1319 4207 dioecesi
1348 4154 1413 4207 ad
1457 4153 1751 4210 dimcesem
1801 4157 2021 4212 alteram
2059 4173 2166 4214 non

575 4239 773 4296 debere
799 4241 1049 4308 transire,
1083 4258 1258 4312 neque
1287 4244 1331 4297 si
1364 4259 1423 4299 se
1446 4244 1619 4314 ipsum
1649 4249 1956 4317 ingesserit,
1991 4265 2167 4321 neque

575 4332 620 4387 si
653 4347 682 4385 a
709 4331 916 4401 populis
945 4331 1101 4388 fuerit
1124 4335 1389 4390 violenter
1417 4347 1697 4406 attractus,
1727 4355 1901 4409 neque
1933 4343 1977 4397 si
2003 4345 2163 4400 etiam

577 4422 680 4477 hoc
709 4422 759 4478 ei
787 4424 854 4478 ab
892 4425 1160 4494 episcopis
1211 4425 1497 4481 suadeatur
1532 4444 1544 4480 :
1589 4443 1807 4484 manere
1833 4440 2009 4486 autem
2041 4449 2161 4490 eum

577 4516 776 4573 debere
799 4518 850 4572 in
876 4517 1116 4572 Ecclesia
1144 4518 1234 4572 Dei
1267 4534 1424 4588 quam
1455 4517 1522 4574 ab
1554 4521 1706 4576 initio
1729 4522 1951 4578 sortitus
1980 4535 2082 4591 est,
2111 4536 2166 4583 et

577 4622 680 4661 non
712 4607 780 4662 ab
808 4624 870 4662 ea
897 4608 1021 4662 alibi
1049 4609 1346 4679 demigrare
1378 4612 1673 4667 secundum
1718 4617 1957 4686 regulam
2005 4634 2036 4672 a
2067 4621 2166 4676 Pa-

580 4699 748 4752 tribus
778 4699 1122 4773 constitutam
1150 4710 1198 4754 ε.

579 4810 741 4864 XXII.
777 4809 1087 4881 Episwpum
1115 4826 1217 4865 non
1257 4790 1436 4866 debere
1471 4812 1522 4867 in
1562 4815 1780 4871 alienam
1822 4819 2014 4875 irruere
2043 4822 2163 4876 civi-

1277 4892 1452 4942 tatem.

654 4971 972 5039 Episcopum
1001 4988 1104 5028 non
1137 4975 1336 5033 debere
1382 4980 1434 5033 in
1465 4979 1709 5037 alienam'
1744 4984 1947 5041 irruere
1976 4985 2162 5043 civita-

578 5071 682 5116 tem
717 5079 836 5132 quae
866 5064 939 5118 illi
971 5067 1225 5133 probatur
1252 5085 1360 5125 non
1383 5086 1506 5128 esse
1533 5075 1827 5144 subjectam
1851 5119 1866 5142 ,
1900 5095 2073 5150 neque
2103 5082 2158 5138 in

578 5155 850 5226 regionem
899 5172 1018 5228 qua:
1060 5161 1126 5213 ad
1179 5162 1298 5232 ejus
1344 5179 1529 5222 curam
1577 5170 1795 5227 minime
1830 5172 2164 5244 dignoscitur

577 5252 849 5317 pertinere
874 5247 924 5315 ἀ,
966 5250 1033 5305 ad
1065 5252 1260 5324 aliquid
1305 5259 1686 5332 ordinandum,
1732 5281 1908 5336 neque
1941 5269 2163 5340 presby-

649 5410 672 5438 ⁸
705 5401 794 5466 U.,
829 5403 919 5470 (1.,
959 5415 1033 5461 est
1063 5423 1164 5462 non
1194 5427 1286 5468 suo
1313 5415 1449 5470 vitio.

649 5471 672 5506 δ
852 5475 910 5530 Β.
939 5477 1025 5551 IL,
1053 5478 1115 5533 Ε.
1147 5481 1200 5547 3,
1231 5488 1582 5551 provinciales.

653 5552 674 5580 ο
712 5543 798 5628 ψη
828 5549 1105 5605 secundum
1134 5543 1360 5625 regulam
1391 5574 1542 5626 super
1571 5559 1817 5616 hocolim
1845 5581 1876 5618 a
1917 5564 2160 5624 Patribus

577 5624 926 5668 consumtum.

641 5630 926 5676 nsututam.

647 5685 672 5767 εξ
709 5685 786 5767 Ελι
814 5687 1030 5767 reliquis
1052 5690 1355 5767 godicibus.
1390 5695 1443 5747 In
1474 5699 1564 5763 Α..
1597 5703 1874 5767 pervenire.

652 5764 674 5793 °
706 5755 824 5823 ΛΕ..
859 5755 1034 5828 Β.’Β.,
1060 5759 1123 5816 Τ.
1153 5764 1202 5829 1,
1233 5763 1322 5829 υ..
1351 5755 1563 5825 audere;
1597 5755 1634 5820 ⁷.

2281 1873 2388 1920 tem
2411 1879 2531 1919 eum
2559 1865 2650 1935 qui
2679 1865 2873 1936 dignus
2899 1864 3060 1922 fuerit
3093 1869 3451 1938 provehendi.

2388 1955 2580 2012 XXIV.
2611 1956 2686 2013 De
2716 1958 2865 2014 rebus
2907 1959 3262 2015 ecclesiasticis
3294 1971 3342 2016 et
3369 1962 3764 2033 episcOpalibus.

2355 2049 2699 2120 Quaecunque
2745 2065 2832 2106 res
2861 2051 3115 2108 Ecclesiae
3143 2062 3266 2126 sunt
3309 2055 3559 2110 convenit
3582 2071 3701 2111 cum
3726 2057 3879 2114 omni

2280 2139 2561 2210 diligentia
2590 2154 2640 2196 et
2685 2141 2823 2197 bona
2855 2143 2959 2198 fide
3003 2145 3230 2210 servari,
3261 2145 3372 2217 49
3401 2146 3490 2201 illa
3528 2148 3737 2204 scilicet
3770 2149 3880 2205 fide

2279 2250 2398 2304 quae
2427 2235 2539 2292 Deo
2563 2235 2792 2292 debetur
2816 2237 2996 2292 omnia
3027 2240 3344 2308 praevidenti
3374 2249 3536 2311 atque
3575 2240 3875 2310 judicanti;

2279 2343 2506 2398 quasque
2535 2330 2823 2400 gubernari
2846 2342 3060 2400 Oportet
3087 2341 3142 2388 et
3170 2333 3472 2404 dispensari
3503 2350 3622 2391 cum
3663 2335 3879 2405 judicio

2279 2429 2334 2477 et
2359 2433 2618 2492 petestate
2647 2425 2902 2495 episcopi,
2932 2430 3015 2482 cui
3042 2429 3201 2484 totius
3231 2431 3400 2500 plebis
3425 2431 3615 2485 animat
3655 2433 3861 2486 viden-

2279 2523 2364 2569 tur
2387 2530 2508 2570 esse
2557 2517 2879 2571 commissae.
2931 2517 3208 2575 Manifesta
3257 2531 3433 2577 autem
3483 2536 3604 2575 esse
3648 2532 3872 2591 oportet

2277 2621 2397 2677 qute
2448 2607 2706 2662 Ecclesiae.
2750 2618 3061 2680 competunt
3099 2627 3286 2668 eorum
3331 2613 3770 2685 presbyterorum
3817 2625 3877 2672 et

2278 2698 2624 2754 diaconorum
2658 2698 2705 2766 ιι,
2739 2701 2790 2756 id
2814 2713 2900 2758 est
2937 2705 3026 2773 qui
3071 2706 3209 2761 circa
3250 2707 3422 2776 ipsum
3471 2716 3618 2772 sunt,
3663 2717 3724 2763 ut.
3769 2708 3876 2778 ipsi

2279 2805 2382 2845 non
2414 2791 2662 2861 ignorent
2691 2808 2791 2850 nec
2832 2809 2928 2850 eos
2953 2797 3156 2868 aliquid
3186 2800 3346 2854 lateat
3374 2815 3559 2855 eorum
3591 2815 3712 2870 quae
3741 2809 3873 2856 sunt

2279 2883 2506 2952 propria:
2532 2884 2808 2953 Ecclesite,
2838 2896 2895 2942 ut
2924 2890 2970 2944 si
2999 2891 3287 2960 contigerit
3316 2893 3630 2964 episcopum
3661 2894 3730 2950 de
3769 2897 3873 2951 hac

2277 2974 2381 3028 vita
2407 2964 2663 3046 inigrare,
2686 2995 2806 3033 cum
2839 2983 3137 3038 manifestae
3159 2993 3282 3039 sunt
3309 2993 3362 3040 et
3401 2995 3540 3040 nota:
3580 3001 3671 3040 res
3694 2987 3872 3042 eccle-

2276 3065 2531 3132 siasticae,
2570 3085 2673 3124 non
2707 3071 3032 3128 intercidant
3073 3084 3232 3144 atque
3269 3075 3584 3145 depereant.
3629 3078 3736 3134 Sed
3771 3093 3872 3135 nec

1639 3131 1932 3225 ξξευηάιξτη
1982 3188 2170 3228 verum
2199 3131 2246 3196 (ἶ
2277 3172 2364 3214 res
2397 3163 2626 3230 propriae
2655 3163 2894 3233 episcOpi
2944 3173 3194 3233 tauquam
3237 3167 3502 3234 obnoxiae,
3552 3185 3730 3225 rerum
3780 3186 3868 3226 cc-

2272 3251 2693 3308 clesiasticarum
2733 3253 2747 3292 ί
2779 3255 3085 3322 occasione,
3116 3257 3296 3313 illiust
3332 3261 3612 3329 pulsentur
3634 3263 3866 3334 injurias;

2272 3345 2610 3415 quiajustum
2628 3357 2683 3402 et
2702 3348 2929 3402 decibile
2948 3360 3028 3404 est
3050 3353 3189 3419 apud
3207 3352 3485 3409 Dominum
3503 3356 3647 3430 [ίΕη
3676 3359 3867 3431 Deum]

2271 3438 2319 3492 ei
2349 3437 2614 3504 homines,
2648 3453 2769 3508 qua:
2817 3441 3030 3510 propria
3067 3453 3193 3498 sunt
3233 3444 3474 3516 episcOpi
3516 3451 3710 3519 quibus
3747 3452 3868 3521 ipse

2266 3527 2590 3595 judicaverit
2618 3530 2941 3602 derelinqui,
2967 3542 3022 3589 et
3049 3550 3168 3603 qua:
3195 3537 3442 3593 ecclesiae
3463 3551 3587 3594 sunt
3615 3542 3716 3609 ipsi
3747 3558 3867 3599 ser-

2272 3621 2384 3688 vari
2416 3638 2429 3674 :
2462 3621 2532 3674 ita
2565 3621 2708 3677 enim
2741 3622 2798 3677 fit
2844 3633 2904 3678 ut
2931 3640 3032 3681 nec
3073 3626 3309 3683 Ecclesia
3347 3629 3544 3686 damno
3574 3631 3754 3702 aliquo
3784 3635 3865 3689 af-

2270 3711 2502 3781 ﬂigatur,
2531 3727 2630 3769 nec
2661 3715 2946 3783 episcopus
2985 3719 3271 3776 occasione
3313 3735 3490 3776 rerum
3535 3725 3865 3781 ecclesiasti-

2269 3817 2450 3858 carum
2502 3807 2902 3874 pratscribatur,
2951 3825 3124 3880 neque
3155 3814 3484 3881 pertinentes
3521 3816 3587 3870 ad
3634 3833 3756 3874 eum
3806 3821 3863 3877 in

2269 3911 2457 3952 causas
2488 3898 2797 3969 incurrant,
2849 3918 2956 3972 quo
2994 3913 3118 3974 post
3159 3917 3389 3964 mortem
3442 3914 3699 3967 memoria
3741 3914 3862 3983 ejus

2269 3990 2566 4048 maledictis
2589 3993 2856 4066 aliquibus
2883 4008 3138 4055 oneretur
3168 4000 3288 4072 [U.,
3318 4002 3747 4078 dehonestetur].
3869 4011 3880 4112 ἱ

2269 4098 2434 4157 XXV.
2483 4102 2792 4180 Episcopum
2831 4110 3014 4164 habere
3057 4122 3355 4180 potestatem
3402 4117 3459 4173 in
3500 4119 3648 4174 rebus
3694 4121 3863 4176 scale.

2761 4180 2982 4235 siasticis
3010 4185 3368 4252 disponendis.
3869 4209 3877 4249 ι

2342 4261 2662 4335 Episcopum
2684 4267 2884 4325 habere
2904 4273 3388 4332 ecclesiasticarum
3414 4293 3594 4335 rerum
3625 4261 3878 4351 potesta:

2269 4361 2375 4409 tem
2427 4355 2491 4410 ad
2547 4357 2964 4428 dispensandum
3019 4368 3267 4425 omnibus
3322 4371 3681 4442 indigentibus
3734 4391 3866 4435 cum

2267 4447 2414 4501 omni
2446 4449 2636 4504 timore
2666 4461 2721 4506 et
2747 4457 3047 4512 reverentia
3079 4459 3172 4515 Dei
3198 4479 3210 4526 ;
3242 4464 3415 4532 ipsum
3443 4482 3656 4537 quoque
3680 4484 3742 4524 ex
3776 4471 3868 4528 eis

2272 4539 2548 4608 percipere
2574 4552 2735 4613 atque
2762 4548 2834 4601 uti
2879 4549 3079 4606 debere
3119 4553 3311 4622 quibus
3343 4556 3576 4627 indiget,
3601 4558 3646 4614 si
3677 4568 3863 4619 tamen

2267 4629 2472 4702 indiget
2499 4636 2584 4690 vel
2628 4637 2694 4692 ad
2724 4654 2852 4694 suas
2892 4645 3224 4702 necessarias
3253 4649 3338 4703 vel
3387 4649 3608 4706 fratrum
3648 4669 3863 4722 expen-

2267 4739 2374 4792 sas,
2407 4729 2494 4797 qui
2543 4731 2650 4800 50
2679 4733 2816 4802 apud
2843 4749 2965 4791 eum
2999 4737 3375 4810 hospitalitatis
3412 4746 3578 4814 gratia
3609 4761 3860 4804 commo-

2266 4828 2473 4886 rantur,
2504 4831 2561 4875 ut
2593 4823 2737 4879 nulla
2777 4840 2842 4881 ex
2873 4836 3024 4898 parte
3064 4845 3158 4898 per
3180 4832 3414 4902 inepiam
3446 4836 3857 4908 defraudeutur,

2265 4913 2558 4967 secundum
2606 4917 2921 4985 Apostolum
2972 4921 3237 4978 dicentem
3281 4943 3296 4980 :
3356 4926 3610 4983 Habentes
3665 4933 3858 4988 victum

2263 5007 2618 5073 quotidianum
2647 5019 2695 5063 et
2739 5018 3086 5083 tegumentum
3129 5020 3378 5088 corporis,
3403 5019 3482 5075 Itis
3513 5027 3733 5076 contenti
3766 5043 3859 5080 stt--

2264 5111 2376 5150 mus
2409 5097 2520 5169 [U.,
2547 5099 2749 5172 simus].
2782 5101 2932 5168 Quod
2958 5104 3000 5158 si
3031 5103 3112 5158 his
3143 5107 3362 5166 minime
3383 5122 3666 5168 contentus
3690 5124 3857 5185 atque

2264 5187 2540 5243 sufﬁciens
2582 5191 2868 5247 transferat
2908 5194 2962 5248 in
3005 5200 3356 5258 necessitates
3407 5203 3728 5261 domesticas
3761 5223 3858 5264 cc-

2263 5277 2595 5333 clesiasticas
2622 5294 2711 5336 res
2744 5283 2831 5338 vel
2858 5287 3140 5343 commoda
3166 5291 3414 5360 quaelibet
3444 5294 3722 5365 Ecclesiae,
3757 5309 3854 5356 aut

2337 5433 2356 5473 ι
2387 5435 2499 5501 [Εη
2532 5435 2626 5502 U.,
2655 5441 2902 5496 custodiri
2923 5455 3093 5500 autem
3120 5445 3321 5503 debent.

2335 5515 2360 5583 β
2485 5509 2565 5574 2.,
2595 5508 2733 5563 illius
2755 5511 2889 5566 alius
2918 5518 3024 5583 qui.

2336 5576 2359 5654 'f
2395 5577 2484 5655 9.,
2511 5591 2799 5655 competunt
2828 5576 3128 5655 presbyteris
3155 5599 3201 5644 et
3227 5590 3538 5648 diocombus.

2341 5647 2355 5684 ί
2395 5647 2484 5715 U.,
2513 5647 2660 5702 rebus
2685 5647 3053 5711 ecclesiasticis.

2315 5719 2352 5788 _I
2389 5717 2500 5790 .43.,
2536 5720 2596 5775 Β.
2631 5720 2721 5789 8.,
2754 5723 2904 5807 tua,
2931 5727 3105 5782 ullius.‘
