4086 6358
190 415 292 479 1:9

1121 394 1525 475 ammenti
1565 410 1902 472 eoscum.
1946 442 2016 458 —
2054 410 2523 474 LAODICENUM.

3369 409 3476 475 130

190 545 437 605 agrorum
478 527 971 587 ecclesiasticarum
1003 527 1208 584 fruetus
1238 528 1372 584 citra
1398 527 1784 583 conscientiam
1799 535 1866 605 ._A
1890 528 2272 585 ecclesiastica:
2320 529 2515 583 rationi
2568 541 2753 584 verum
2804 524 2966 581 etiam
3015 522 3476 596 dispensatoribus

190 625 627 699 presbyterorum
689 624 777 680 vel
844 624 1197 679 diaconorum
1261 620 1399 690 apud
1458 635 1518 676 se
1576 600 1816 692 redigat.

195 716 308 791 [U.,
334 712 689 787 degentium],
719 723 775 771 et
814 712 1125 770 domesﬁcis
1154 713 1287 779 suis,
1313 712 1397 767 vel
1421 712 1579 767 etiam
1608 711 1779 766 aitini-

193 808 310 875 bus,
338 814 432 862 aut
455 804 730 875 fratribus,
759 815 849 860 aut
880 805 1003 860 ﬁliis
1032 819 1217 861 eorum
1250 818 1428 859 rerum
1462 803 1658 857 tribuat
1688 818 1784 872 po-

194 908 460 965 testatem,
490 906 549 952 ut
595 912 690 967 per
714 911 900 953 eorum
929 905 1194 952 secretam
1240 895 1567 966 diligentiam
1598 895 1781 950 emteri

197 990 534 1048 ecclesiastici
567 989 689 1044 ltedi
720 980 1031 1053 videantur;
1066 996 1272 1043 reatum
1307 986 1450 1041 hunc
1471 986 1562 1056 qui
1594 984 1781 1054 hujus-

200 1086 342 1140 modi
370 1094 453 1139 est
488 1084 629 1151 apud
673 1082 1146 1151 metropolitanum
1191 1079 1479 1151 provinciae
1524 1088 1783 1149 praestare

204 1174 430 1232 debebit.
472 1174 625 1242 Quod
675 1174 722 1229 si
771 1173 950 1229 taliter
990 1173 1412 1244 reprehendatur
1442 1171 1463 1246 [
1493 1170 1557 1226 Τ.
1588 1172 1644 1237 2,
1673 1170 1817 1235 ,de-.

202 1265 571 1338 prehendatur]
594 1267 881 1336 episcopus
908 1266 987 1320 vel
1016 1266 1067 1319 hi
1099 1266 1186 1335 qui
1215 1281 1337 1321 cum
1362 1266 1477 1333 ipso
1509 1271 1634 1318 sunt
1662 1277 1784 1332 pre-

198 1358 409 1429 sbyteri,
429 1374 537 1430 quo
557 1359 765 1414 dicatur
792 1359 907 1414 haec
923 1373 1040 1429 quae
1066 1359 1132 1413 ad
1165 1357 1460 1413 Ecclesiam
1492 1356 1782 1426 pertinent,

196 1449 303 1506 sive
320 1450 384 1506 de
404 1452 570 1522 agris,
593 1452 706 1506 sive
731 1450 798 1506 de
827 1450 949 1505 aliis
975 1450 1383 1522 quibuscunque
1407 1446 1788 1504 ecclesiasticis

195 1545 365 1599 eausis
395 1558 465 1600 eo
487 1544 703 1601 sibimet
729 1559 1009 1615 usurpare,
1035 1560 1294 1615 pauperes
1320 1559 1447 1600 vero
1470 1543 1789 1600 necessitate

195 1644 249 1691 et
274 1637 496 1707 penuria
526 1638 800 1709 opprimi,
842 1646 1001 1710 atque
1042 1654 1106 1695 ex
1163 1638 1266 1694 hoc
1312 1638 1429 1707 ipso
1467 1652 1574 1692 non
1611 1637 1785 1692 solum

262 1754 285 1782 “
317 1748 393 1803 Ex
409 1750 662 1807 omnibus
687 1749 997 1807 Codicibus.
1021 1750 1077 1806 In
1102 1753 1192 1819 A.,
1221 1751 1543 1807 continentur
1563 1750 1778 1819 scripta.

1890 622 2007 692 ejus
2036 622 2345 678 maledictio
2374 622 2518 695 [ίΕη
2543 621 2605 675 Β.
2632 622 2720 689 R.,
2741 620 2803 677 Τ.
2834 621 2882 682 l,
2907 618 2964 685 2,
2983 618 3291 691 maledicta]
3318 633 3373 676 et
3395 638 3479 678 re-

1890 716 2179 786 prehensio
2203 726 2457 786 augeatur
2483 733 2495 770 :
2529 719 2626 770 hos
2657 716 2814 785 igitur
2841 718 3234 782 correptioiiem
3266 724 3481 782 Oportet

1891 807 2087 865 mereri
2117 823 2236 878 quae
2265 808 2547 873 condecet,
2578 817 2760 861 sancta
2784 807 2989 878 synodo
3020 813 3401 875 cognoscente.

1960 902 2225 957 Eusebius
2266 903 2515 957 omnibus
2552 917 2672 970 quae
2702 905 2988 956 eonsﬁtuta
3040 900 3143 974 [Β.
3176 901 3266 970 R.,
3305 899 3369 955 E.
3425 899 3479 968 Si,

1888 990 2308 1063 constituerunt]
2337 1003 2458 1047 sunt
2492 1007 2727 1059 praesens
2760 993 3100 1063 subscripsit.
3135 994 3479 1058 Theodorus,

1886 1086 2090 1153 Niceta,
2138 1086 2497 1149 Macedonius,
2554 1086 2853 1151 Anatolius,
2904 1086 3234 1142 Tharcodius
3281 1083 3388 1158 [T.
3426 1086 3475 1150 i,

1885 1180 1943 1249 2,
1990 1180 2523 1250 Tarchodimantus),
2557 1181 2795 1245 Mantus,
2828 1178 3138 1243 A‘Jtherius,
3172 1178 3479 1243 Narcissus,

1886 1272 2115 1344 Alipius,
2154 1274 2455 1329 Archelaus
2482 1314 2498 1339 ,
2544 1274 2775 1341 Bassus],
2819 1271 3040 1343 Syrieus
3062 1310 3078 1335 ,
3108 1269 3474 1339 ,Eustaehius.

1889 1365 2197 1433 Mauricius,
2248 1365 2570 1437 Hesychius,
2604 1364 2894 1431 Manieius,
2939 1361 3159 1423 Paulus,
3189 1370 3244 1415 et
3271 1358 3477 1425 caeteri,

1892 1474 2117 1529 quorum
2148 1461 2364 1515 nomina
2414 1462 2468 1515 in
2511 1458 2702 1517 Grazco
2742 1460 2853 1531 jam
2902 1455 3153 1528 superius
3200 1454 3481 1511 continen-

1893 1561 1980 1607 tur
2008 1558 2060 1622 ι,
2091 1551 2483 1608 consensimus.

195 1876 3474 1922 Μ

1681 2012 2007 2115 VII.

1070 2199 1741 2287 CONCILIUM
1815 2194 2632 2280 LAODICENUM.

1209 2357 1249 2398 Δ
1276 2355 1608 2398 ιΑουιοΕΑε
1641 2355 1665 2383 ⁸
1698 2349 2167 2395 SACERDOTIBUS
2199 2348 2468 2393 EDITUM.

253 2465 457 2525 Sancta
506 2459 743 2533 synodus
796 2459 1087 2516 secundum
1145 2459 1467 2517 Laodiceam
1530 2459 1777 2530 Phrygiae
1808 2468 1856 2527 Β
1882 2454 1957 2509 sis
1981 2470 2101 2508 eum
2133 2453 2335 2509 Judaeis
2368 2450 2564 2522 pascha
2603 2449 2903 2517 celebrant,
2929 2447 3023 2504 sed
3053 2455 3108 2504 et
3134 2446 3475 2508 catechume-

190 2557 517 2619 Paeatianze,
573 2563 863 2609 convocata
913 2570 977 2609 ex
1021 2554 1248 2609 diversis
1289 2551 1575 2624 provinciis
1618 2552 1817 2619 Λεύκῃ,

192 2650 403 2722 regulas
434 2648 686 2719 exposuit
711 2647 1139 2713 ecclesiasticas,
1172 2646 1314 2704 sicut
1350 2646 1486 2702 inira
1520 2644 1780 2713 scriptum

192 2751 293 2801 εει.

704 2809 809 2883 51
850 2810 892 2865 Ι.
922 2808 1001 2865 De
1028 2807 1268 2880 digamis.

266 2905 341 2961 De
378 2919 448 2961 eo
476 2903 617 2974 quod
640 2910 857 2973 oportet
899 2900 1193 2957 secundum
1236 2901 1662 2958 ecclesiasticum
1691 2916 1782 2957 ea-

199 3016 416 3068 nonem,
438 3013 547 3071 eos
575 3000 667 3070 qui
697 2997 866 3053 libere
914 3003 968 3050 et
1007 2994 1246 3065 legitime
1296 2994 1547 3050 secundis
1588 2994 1785 3063 nuptiis

196 3094 465 3164 conjuncti
497 3101 644 3157 sunt,
674 3105 777 3146 nec
819 3088 1084 3144 occultam
1135 3088 1545 3157 permixtionent
1582 3088 1784 3157 operati

196 3196 333 3253 sunt,
366 3201 536 3258 pauco
565 3193 804 3253 tempore
830 3190 1111 3251 exempto,
1146 3194 1341 3247 vacare
1368 3180 1705 3235 orationibus
1730 3188 1786 3235 et

192 3278 433 3351 jejuniis,
463 3289 516 3337 et
565 3278 861 3336 secundum
920 3276 1133 3333 veniam
1195 3274 1347 3332 reddi
1404 3276 1485 3331 eis
1542 3289 1785 3331 commu-

195 3371 430 3426 nionem.

196 3460 260 3519 Il.
296 3463 371 3519 De
396 3462 478 3518 his
497 3463 585 3532 qui
606 3464 923 3518 diversorum
943 3470 1271 3533 peccatorum
1293 3462 1468 3532 lapsus
1490 3461 1780 3516 incurrunt.

267 3546 383 3623 llis,
427 3556 517 3626 qui
544 3555 875 3611 diversorum
909 3563 1245 3621 peccatorum
1296 3552 1477 3622 lapsus
1508 3553 1785 3607 incurrunt

194 3652 245 3699 et
276 3644 481 3699 instant
507 3645 758 3709 orationi,
788 3643 1116 3700 confessioni
1139 3658 1200 3697 ac
1234 3643 1584 3711 paenitentia},
1618 3642 1785 3697 malo-

193 3749 310 3791 rum
362 3750 582 3792 suorum
616 3737 909 3806 perlectam
950 3737 1357 3792 conversionem
1404 3735 1784 3791 demonstran-

1883 2559 1983 2599 nos
2011 2559 2197 2599 eorum
2248 2546 2332 2598 vel
2376 2543 2560 2598 ﬁdeles
2610 2557 2715 2596 non
2756 2540 2946 2610 recipi,
2993 2539 3300 2609 priusquam
3342 2556 3474 2596 con-

1882 2634 2140 2689 demncnt
2186 2648 2403 2688 otnnem
2458 2632 2728 2699 haeresim,
2774 2629 3087 2701 plenissime
3125 2639 3304 2685 autem
3355 2642 3477 2687 ante

1884 2727 2087 2794 omnia,
2117 2727 2171 2780 in
2201 2741 2304 2795 qua
2350 2724 2730 2780 detinebantur
2762 2740 2775 2776 :
2826 2733 2882 2779 et
2913 2734 3039 2777 tunc
3082 2723 3173 2790 qui
3213 2725 3351 2792 apud
3381 2738 3478 2778 eos

1884 2818 2072 2875 ﬁdeles
2101 2818 2354 2872 dicuntur
2394 2817 2697 2887 symbolum
2730 2814 2848 2869 iidei
2876 2814 3192 2878 doceantur,
3225 2823 3386 2883 atque
3407 2814 3479 2868 ita

1886 2915 2074 2963 unctos
2106 2916 2294 2962 sancto
2339 2909 2499 2961 etiam
2549 2906 2877 2974 chrismate,
2910 2905 3090 2959 divino
3138 2912 3477 2959 sacramento

1885 3001 2291 3056 communicare
2314 2999 2621 3054 conveniet.

1888 3095 1993 3165 52
2023 3093 2151 3148 VIII.
2200 3094 2275 3147 De
2314 3090 2660 3162 Cataphrygis
2702 3089 2768 3143 ad
2810 3086 3097 3143 Ecclesium
3138 3083 3473 3141 venientibus.

1960 3190 2068 3243 Eos
2098 3187 2189 3258 qui
2233 3196 2622 3243 convertuntur
2659 3184 2727 3240 ab
2757 3184 2948 3241 haeresi
2993 3200 3113 3254 qua:
3155 3184 3350 3239 dicitur
3380 3184 3477 3241 Se-

1887 3280 2377 3351 cundumphrygas,
2396 3293 2562 3349 seque
2586 3280 2638 3333 in
2667 3278 2818 3335 clero
2841 3278 3163 3333 constitutos
3183 3277 3473 3344 aestimant,

1886 3375 2127 3444 quamvis
2158 3374 2335 3445 magni
2362 3373 2632 3440 dicantur,
2678 3371 2984 3441 hujusmodi
3021 3386 3142 3426 eum
3171 3372 3315 3425 omni
3352 3370 3474 3426 dili-

1885 3468 2064 3538 gentia
2095 3466 2419 3522 catechizari
2464 3472 2677 3535 oportet
2714 3473 2768 3519 et
2815 3464 3071 3534 baptizari
3117 3463 3185 3519 ab
3217 3461 3477 3519 Ecclesia

1886 3550 2163 3615 catholicae
2185 3558 2454 3629 episcopis
2481 3567 2537 3614 et
2560 3555 2912 3627 presbyteris.

1889 3656 1980 3713 IX.
2012 3642 2131 3712 Non
2163 3657 2346 3711 debere
2375 3655 2651 3708 catholicos
2682 3654 2733 3706 in
2759 3668 2818 3705 ea
2837 3666 2952 3723 qua:
2979 3647 3229 3718 martyrio
3257 3663 3349 3701 sua
3370 3644 3476 3699 Ιιω·

2388 3725 2533 3780 retici
2557 3725 2731 3779 dicunt
2760 3723 2968 3776 intrare.

195 3835 301 3895 tes,
336 3844 434 3898 pro
463 3830 722 3900 qualitate
770 3831 975 3900 peccati
1006 3830 1333 3900 paenitentiae
1378 3838 1585 3898 tempus
1623 3827 1779 3883 attri-
1809 3829 1856 3892 C
1957 3820 2071 3876 Non
2093 3818 2496 3876 concedendum
2528 3817 2580 3871 in
2611 3812 3040 3881 ccemeteria,vel
3071 3825 3191 3882 qum
3214 3810 3469 3879 martyria

192 3920 469 3975 buendum
518 3929 603 3976 est
641 3931 861 3991 propter
911 3921 1331 3977 misericordiam
1390 3929 1445 3976 et
1486 3920 1778 3975 bonitatem

191 4011 288 4067 Dei
317 4026 334 4066 :
368 4011 461 4080 qui
488 4027 616 4083 ergo
643 4012 948 4082 hujusmodi
980 4021 1127 4080 sunt,
1159 4013 1443 4068 revocandi
1469 4022 1523 4067 et
1549 4012 1615 4065 ad
1637 4026 1783 4067 com-

190 4103 509 4161 munionem
536 4115 661 4160 sunt
688 4102 1013 4175 applicandi.

193 4196 281 4253 III.
316 4197 394 4250 De
444 4198 713 4268 neaphytis
740 4214 844 4252 non
872 4197 1228 4266 promovendis
1267 4196 1334 4250 ad
1367 4195 1704 4251 sacerdotium
1732 4194 1780 4250 ι’.

263 4294 381 4350 Non
407 4302 616 4363 oportet
639 4295 964 4366 neophytum
991 4293 1291 4363 promoveri
1324 4293 1390 4347 ad
1421 4291 1780 4350 ordinemsa-

199 4386 543 4441 cerdotalem.

265 4476 355 4532 IV.
393 4476 513 4532 Non
548 4478 697 4533 licere
725 4493 897 4533 coram
928 4475 1298 4531 catechumenis
1328 4476 1538 4532 clericos
1574 4476 1709 4546 ﬁeri.

267 4569 379 4626 Non
420 4580 631 4638 oportet
663 4586 852 4631 manus
885 4567 1281 4638 impositionem
1319 4584 1480 4639 super
1508 4568 1782 4625 ordinatos

201 4661 554 4727 praesentibus
581 4661 979 4717 catechumenis
1009 4660 1289 4715 celebrari.

203 4750 264 4807 γ.
297 4754 414 4809 Non
467 4758 618 4811 licere
654 4755 854 4809 clericis
886 4769 1095 4807 usuram
1133 4753 1211 4807 vel
1253 4754 1499 4822 sexcupla
1535 4746 1781 4822 accipere.

267 4845 385 4903 Non
418 4848 817 4915 licetienerari
848 4844 1107 4901 ministris
1134 4843 1351 4910 altaris,
1382 4844 1464 4899 vel
1506 4844 1559 4897 in
1606 4858 1785 4899 sacer-

206 4935 359 4994 dotali
404 4939 594 4995 ordine
623 4936 925 4994 constitutis
956 4950 1147 4992 usuras
1197 4936 1280 4991 vel
1327 4936 1474 4991 lucra
1504 4949 1623 5004 quae
1653 4950 1784 4991 sex-

205 5031 348 5100 cupla
376 5032 630 5087 dicuntur
660 5031 924 5097 accipere.

358 5123 441 5178 Vl.
479 5122 603 5177 Non
630 5121 782 5175 licere
808 5119 1072 5174 luereticos
1094 5116 1296 5190 ingredi
1323 5115 1612 5171 ecclesiam.

275 5212 384 5269 Non
449 5211 857 5270 concedendum
917 5210 1183 5266 limretieis
1236 5209 1535 5279 ingressum
1590 5207 1781 5263 domus
1811 5192 1859 5253 Ι)

212 5299 295 5357 Dei
326 5304 375 5359 in
398 5304 597 5361 haeresi
620 5301 1081 5375 permanentibus.

409 5419 519 5476 VII.
550 5418 629 5474 De
650 5416 957 5473 Novatianis
986 5425 1032 5469 et
1068 5412 1567 5482 Quartodecimanis.

276 5508 614 5578 Novatianos,
661 5510 747 5565 vel
812 5507 979 5563 etiam
1043 5503 1588 5573 Quartodeeimanos,
1651 5513 1782 5569 quos

214 5594 373 5658 Crtcci
399 5601 911 5677 Τεσσαραδεκατίτας
957 5596 1078 5669 [U.,
1105 5598 1365 5669 Τέσσαρες
1385 5596 1470 5649 καὶ
1499 5588 1785 5665 δεκάτερες]

214 5694 489 5763 appellant,
534 5694 587 5749 id
612 5702 696 5749 est
726 5693 814 5763 qui
842 5687 1243 5760 quartadecima
1285 5687 1410 5741 luna
1441 5681 1601 5754 primi
1630 5696 1785 5738 men-

283 5817 307 5845 ⁸
332 5809 383 5864 1η
409 5809 697 5866 Codieibus
721 5828 735 5864 :
764 5807 1062 5864 Laudocire.

1885 3912 2156 3978 dicuntur,
2188 3909 2564 3966 haereticorum
2591 3907 2889 3963 catholicos
2937 3904 3197 3958 orationis
3226 3900 3394 3971 gratia
3420 3906 3477 3953 et

1887 4003 2129 4072 petenda:
2147 4000 2444 4056 curationis
2473 4002 2672 4053 intrare
2706 4016 2717 4052 :
2750 3996 2847 4052 sed
2877 4006 2930 4050 et
2959 3995 3046 4062 qui
3076 3993 3254 4059 ierint,
3285 3990 3330 4043 si
3353 3994 3480 4042 sunt

1887 4096 2072 4150 ﬁdeles
2104 4136 2119 4160 ,
2176 4091 2713 4149 incnmmunicabiles
2772 4089 2943 4143 factos
2990 4085 3058 4140 ad
3106 4080 3475 4155 paenitentiam

1888 4202 2057 4259 usque
2084 4187 2150 4242 ad
2174 4185 2387 4256 aliquod
2421 4184 2677 4253 temporis
2706 4180 2875 4252 redigi
2906 4197 2921 4235 :
2951 4178 3270 4249 poenitentes
3297 4186 3475 4229 autem

1886 4298 1981 4337 eos
2007 4292 2063 4337 et
2092 4294 2305 4336 errasse
2330 4278 2612 4333 confessos
2644 4275 2843 4343 suscipi
2875 4281 3110 4343 oportet.

1886 4374 1956 4432 Χ.
2009 4372 2136 4429 Νοη
2182 4372 2362 4428 debere
2396 4368 2703 4452 catholicam
2752 4368 3106 4423 hereticorum
3152 4361 3476 4419 matrimonio

2555 4458 2764 4496 806m”.

1958 4536 2064 4593 Eos
2090 4535 2181 4607 qui
2208 4535 2281 4613 ad,
2307 4534 2603 4590 Ecclesium
2636 4531 2908 4605 pertinent
2937 4528 3310 4584 indiil'crenter
3339 4524 3478 4581 ﬁlios

1885 4629 2132 4701 praprios
2174 4627 2553 4685 haereticorum
2604 4624 2803 4695 nuptiis
2859 4622 3085 4677 minime
3134 4619 3338 4675 sociare
3383 4616 3476 4672 de-

1887 4722 2033 4776 bere.
2300 4786 2387 4843 XI.
2415 4785 2496 4840 De
2524 4784 2785 4839 canonicis
2812 4780 3057 4837 ecclesice.

1958 4879 2231 4943 Mulieres,
2263 4892 2381 4944 quae
2401 4875 2544 4944 apud
2575 4873 2791 4929 Graecos
2830 4873 3159 4942 presbyteros
3190 4868 3472 4939 appellari.-

1888 4981 1992 5036 tur,
2024 4969 2161 5039 apud
2192 4982 2290 5022 nos
2323 4976 2505 5022 autem
2539 4965 2713 5021 viduae
2742 4962 3006 5030 seniores,
3028 4964 3249 5019 univira:
3279 4968 3334 5016 et
3360 4972 3474 5013 ma-

1888 5064 2177 5119 triculariaa
2206 5059 2568 5132 appellantur,
2602 5061 2653 5116 in
2703 5059 2937 5117 ecclesia
2974 5068 3222 5129 tanquam
3257 5052 3477 5110 ordina-

1888 5166 1968 5212 tas
1994 5155 2247 5212 constitui
2280 5169 2388 5209 non
2415 5153 2623 5210 licebit.

1890 5247 2005 5304 XII.
2033 5247 2111 5302 De
2134 5246 2439 5302 erdinandis
2460 5246 2707 5315 episcopis
2733 5261 2849 5299 cum
2879 5245 3092 5297 consilio
3127 5232 3477 5301 melmpolita-

2178 5332 2361 5371 norum
2388 5326 2432 5371 et
2461 5318 2800 5386 ﬁnitimorum
2822 5315 3188 5383 episcoporum.

1962 5407 2263 5479 Episcopos
2306 5421 2414 5463 non
2445 5414 2659 5474 oportet
2686 5412 2879 5475 praeter
2916 5400 3175 5469 judicium
3205 5401 3478 5461 metropo-

1892 5499 2180 5554 Iitanorum
2224 5506 2279 5554 et
2323 5497 2675 5554 ﬁnitimorum
2718 5496 3089 5563 episcoporum
3120 5483 3382 5556 constitui
3411 5485 3480 5538 ad

1893 5589 2144 5645 Ecclesiae
2176 5590 2586 5660 principatum:
2639 5598 2737 5640 nec
2779 5579 3047 5645 eligantur
3096 5579 3197 5634 nisi
3245 5576 3299 5630 hi
3348 5588 3480 5643 quos

1894 5682 2066 5737 multo
2099 5690 2225 5738 ante
2254 5679 2544 5754 probabilis
2566 5676 2675 5731 vita
2704 5669 3083 5745 commendat,
3113 5680 3169 5729 et
3206 5665 3483 5725 nihilomi-

278 5877 305 5919 δ
334 5862 773 5952 besem-plurimi
803 5862 995 5938 herum
1025 5892 1292 5935 canonum
1321 5874 1459 5932 tituli
1486 5867 1543 5929 iit
1578 5868 1643 5927 Δ.
1671 5864 1948 5938 Desumpti
1970 5876 2093 5923 sunt
2120 5880 2187 5922 ex
2227 5865 2288 5921 Β.
2321 5862 2388 5919 Β.
