4086 6358
589 405 687 464 131

1327 399 1704 459 COLLEC’I‘IO
1737 398 2068 458 CANONUM
2106 400 2170 458 S.
2208 396 2481 458 ISIDORO
2523 396 2792 456 IIISPAL.
2833 397 3197 456 ASCRIPTA.

3763 394 3901 460 £3!

589 534 686 576 nus
711 518 759 576 si
801 515 855 574 in
885 529 1135 574 sermone
1181 513 1303 570 fidei
1331 522 1385 569 et
1430 523 1577 570 recta
1625 513 1833 571 ratione
1870 527 1966 586 per
2013 527 2164 569 suam
2191 517 2247 576 Α
2272 509 2460 566 XXIII.
2495 510 2617 566 Non
2641 518 2872 583 oportere
2898 511 3110 567 lectores
3133 517 3224 565 aut
3248 509 3540 579 psalmistas
3571 515 3746 570 orario
3767 517 3894 571 uti.

587 611 1052 668 conversationem
1081 607 1274 662 iuerint
1301 606 1660 675 comprobati.

656 703 796 758 XIII.
829 703 954 756 Non
981 701 1136 756 licere
1162 697 1367 769 populis
1390 700 1653 755 ministros
1681 699 1864 754 altaris
1894 699 2098 770 eligere.

656 799 736 856 De
764 813 829 854 eo
851 797 992 868 quod
1023 810 1130 851 non
1159 795 1233 850 sit
1260 795 1472 866 pupulis
1510 795 1915 852 concedendum
1952 793 2172 849 electio-

586 908 708 948 nem
734 894 909 947 lacere
931 904 1114 944 eorum
1148 887 1242 960 qui
1269 889 1457 944 altaris
1499 887 1802 944 ministerio
1841 895 1966 942 sunt
2001 886 2171 958 appli-

584 986 737 1042 candi

587 1076 724 1132 XIV.
755 1075 975 1131 Sanctus
1015 1069 1294 1127 oblationes
1321 1089 1414 1143 pro
1459 1073 1671 1140 euloqiis
1698 1073 1750 1126 in
1792 1072 2063 1142 festiuitate
2149 1099 2172 1113 -

651 1148 811 1199 schali
834 1145 901 1198 ατι
925 1143 1053 1198 alias
1091 1144 1372 1199 m'evincias
1403 1157 1504 1199 non
1549 1130 1724 1198 debere
1753 1145 1884 1198 mitti
1932 1142 2044 1199 lU..

2133 1184 2170 1211 "

651 1130 811 1201 sc/tali
834 1145 901 1198 ad
925 1143 1053 1216 alias
1090 1130 1372 1213 provinciits
1403 1157 1504 1199 non
1549 1130 1724 1198 debere
1753 1130 1884 1198 iriitti
1932 1142 2044 1216 [U.,

656 1214 983 1286 transmitti].

655 1313 879 1369 Sanctus
907 1309 1207 1365 oblationes
1236 1307 1305 1364 ad
1333 1309 1504 1365 vicem
1531 1309 1864 1380 eulogiarum
1890 1319 1989 1380 per
2016 1307 2174 1366 festi-

584 1411 810 1466 vitatem
837 1408 1144 1479 paschalem
1187 1405 1256 1462 κ’ιί
1286 1403 1422 1462 alias
1447 1406 1728 1476 parochias
1751 1405 1905 1486 mitti
1953 1405 2177 1463 minime

585 1509 816 1575 oportet.

1055 1596 1159 1666 53
1182 1594 1299 1649 XV.
1324 1594 1401 1650 De
1421 1594 1716 1666 psalmistis’.

661 1689 778 1744 Non
807 1689 964 1743 liceat
1007 1696 1204 1756 praeter
1248 1689 1532 1742 canonicos
1558 1686 1860 1758 psalmistas
1888 1683 1917 1725 ι’
1948 1687 2037 1757 qui
2063 1685 2181 1754 pul-

585 1784 760 1854 pitum
806 1781 1100 1836 ascendunt
1143 1789 1198 1834 et
1223 1780 1290 1835 de
1335 1777 1531 1836 Codice
1563 1779 1764 1849 legunt,
1794 1778 1955 1833 alium
1996 1793 2181 1848 quem-

587 1875 718 1929 libet
747 1875 797 1928 in
829 1873 1051 1928 ecclesia
1081 1871 1330 1942 psallere.

584 1963 727 2020 XVI.
763 1964 828 2019 Ut
868 1973 1102 2018 sanctum
1144 1961 1483 2034 Evangelium
1529 1963 1682 2016 etiam
1712 1961 1936 2016 sabbatis
1965 1959 2181 2030 legatur.

658 2058 907 2114 Sabbatis
959 2057 1244 2127 Evangelia
1296 2071 1421 2112 cum
1470 2058 1588 2111 aliis
1633 2057 1920 2127 Scripturis
1960 2049 2184 2127 legenda

581 2162 886 2291 esse.XVII.
923 2234 1162 2291 Psalmos
1201 2238 1416 2308 sparsim
1445 2252 1547 2292 non
1577 2229 1730 2292 licere
1769 2235 2039 2308 confundi.

661 2330 715 2384 In
749 2331 1181 2398 processionibus
1209 2347 1313 2385 non
1343 2339 1683 2398 connectere,
1717 2329 1766 2385 id
1796 2339 1880 2386 est
1905 2346 1970 2386 ex
2002 2330 2184 2386 diver-

589 2421 666 2477 sis
695 2422 936 2476 vcrsibus
966 2430 1021 2477 et
1050 2422 1298 2476 sensibus
1329 2421 1449 2476 libri
1500 2423 1550 2476 in
1580 2438 1742 2476 unum
1787 2422 2052 2477 canticum
2085 2422 2186 2478 mi-

587 2514 736 2568 nime
766 2515 1092 2584 conjungere
1123 2511 1209 2586 [T.
1246 2513 1295 2579 I,
1331 2509 1666 2585 conjungere],
1713 2515 1808 2570 sed
1853 2515 2183 2584 singulorum

586 2608 921 2678 psalmorum
973 2601 1344 2664 ordinabiliter
1389 2607 1458 2664 de
1501 2607 1678 2665 medio
1722 2608 1920 2667 debere
1967 2608 2080 2666 ﬁeri
2110 2605 2186 2665 le-

585 2703 840 2758 ctionem.

875 2793 1060 2852 XVIII.
1096 2789 1175 2854 De
1217 2797 1531 2852 orationibus
1569 2797 1897 2868 quotidianis.

662 2887 736 2944 De
767 2905 832 2946 eo
862 2887 1005 2958 quod
1043 2906 1259 2961 semper
1297 2888 1716 2960 supplicationes
1765 2891 2069 2944 orationum
2114 2888 2181 2944 ad

588 2981 777 3038 horam
809 2999 1004 3039 nonam
1036 2995 1090 3040 et
1121 2999 1399 3054 vesperam
1432 2992 1676 3055 oporteat
1698 2982 1976 3039 celebrari.

584 3095 732 3161 XIX,
767 3099 844 3154 De
864 3099 1046 3153 ordine
1072 3099 1361 3152 orationum
1387 3101 1861 3154 catechumenorunt
1881 3107 2033 3170 atque
2056 3100 2184 3168 ﬁde-

1025 3171 1171 3234 lium,
1206 3181 1252 3223 et
1274 3171 1334 3223 de
1363 3172 1736 3225 communione.

2212 1889 2260 1948 B

2346 604 2609 672 Quoniam
2653 619 2758 659 non
2790 613 3003 673 oportet
3031 604 3263 660 lectores
3297 611 3389 660 aut
3414 599 3724 676 psalmistas
3749 620 3905 663 ora;

2275 695 2358 752 rio
2385 696 2462 752 uti
2492 705 2547 752 et
2570 696 2651 752 sic
2674 697 2852 766 legere
2879 705 2970 752 aut
3001 697 3250 766 psallere.
3367 705 3376 754 ξ

2275 785 2467 844 XXIV.
2499 787 2576 843 De
2601 786 2872 844 lectoribus
2910 797 2959 842 et
2995 787 3293 913 psalpristis,
3316 797 3372 844 ut
3399 789 3638 846 tabernas
3664 807 3770 847 non
3799 792 3903 848 iss-

3021 876 3107 913 ren
3136 899 3149 913 .

3021 876 3149 914 rent.

2347 952 2609 1019 Quoniam
2659 965 2764 1008 non
2809 961 3019 1022 oportet
3061 951 3248 1008 altario
3296 945 3590 1011 servientes
3632 945 3781 1030 [Ᾰῖη
3814 945 3896 1012 Β.

2277 1041 2369 1112 R.,
2400 1042 2491 1110 0.,
2511 1037 2896 1116 deservientes]
2924 1061 2953 1100 a
2983 1046 3311 1116 presbyteris
3336 1062 3505 1118 usque
3531 1047 3595 1101 ad
3618 1049 3898 1104 diaconos

2277 1145 2331 1190 et
2353 1135 2606 1206 deinceps
2634 1135 2838 1191 ordinis
2867 1135 3222 1190 ecclesiastici
3254 1152 3440 1192 omnes
3468 1152 3638 1207 uSque
3666 1138 3735 1194 ad
3770 1140 3899 1193 mi-

2279 1232 2497 1295 uistros,
2522 1238 2610 1285 aut
2628 1231 3320 1301 lectores,autpsalmistas,
3342 1234 3761 1298 autexorcistas,
3788 1239 3896 1287 aut

2279 1327 2554 1392 ostiarius,
2587 1333 2680 1379 aut
2700 1325 2862 1380 etiam
2886 1340 2980 1381 eos
3007 1323 3101 1397 qui
3128 1325 3182 1381 in
3223 1323 3499 1396 proposito
3528 1325 3893 1383 continentia:

2280 1426 2424 1486 sunt,
2453 1418 2699 1474 tabernas
2725 1415 2945 1474 intrare.

2283 1507 2448 1566 XXV.
2473 1509 2591 1566 Non
2619 1511 2768 1566 licere
2797 1509 3041 1636 ministgis
3067 1527 3220 1577 partes
3241 1511 3364 1566 dare
3383 1520 3470 1565 aut
3499 1501 3706 1565 calicem
3733 1510 3892 1567 bene-

3005 1598 3153 1636 icere.

3005 1598 3153 1636 ιεενε.

2355 1673 2468 1730 Non
2503 1679 2711 1746 oportet
2739 1675 3010 1730 ministros
3042 1685 3205 1746 panes
3233 1674 3366 1732 dare
3404 1681 3505 1730 nec
3533 1673 3758 1730 calicem
3786 1674 3890 1729 be-

2285 1768 2557 1826 nedlcere.

2773 1859 2966 1917 XXVI.
2994 1858 3073 1915 De
3100 1861 3386 1916 exorcistis.

2363 1953 2475 2007 Non
2507 1959 2719 2023 oportet
2747 1952 3056 2008 exorcizare
3087 1966 3180 2007 eos
3199 1953 3291 2024 qui
3323 1951 3549 2006 necdum
3580 1951 3648 2005 ab
3670 1953 3890 2020 episco-

2288 2036 2370 2117 pIs
2399 2055 2522 2101 sunt
2546 2045 2803 2116 provecti,
2829 2059 3004 2115 neque
3029 2045 3083 2100 in
3116 2044 3379 2110 ecclesiis,
3414 2059 3588 2114 neque
3619 2042 3759 2097 intra
3789 2043 3890 2097 do-

2288 2151 2425 2191 ﬂlOS.

2289 2222 2502 2284 XXVII.
2538 2227 2657 2283 Non
2684 2223 2864 2283 debere
2901 2224 3108 2282 clericos
3135 2227 3237 2280 sive
3261 2197 3432 2280 laicos.
3449 2228 3516 2280 ad
3555 2242 3774 2298 ngapem
3802 2241 3888 2280 ro-

2805 2311 2948 2354 calos
2974 2310 3144 2368 partes
3167 2297 3366 2353 tollere.

2356 2393 2472 2448 Non
2486 2399 2698 2462 oportet
2714 2390 2989 2446 ministros
3012 2391 3217 2460 altaris,
3231 2390 3315 2446 vel
3341 2390 3609 2462 quoslibet
3632 2390 3888 2456 clericos,

2285 2495 2376 2542 aut
2405 2483 2567 2541 etiam
2613 2485 2782 2540 laicos
2827 2481 2893 2539 ad
2943 2493 3167 2556 agapem
3213 2493 3432 2540 vocatos
3464 2493 3640 2555 partes
3672 2481 3888 2549 tollere,

2288 2589 2507 2650 propter
2553 2575 2802 2648 iniuriam
2834 2589 2952 2648 qua:
2981 2591 3045 2633 es
3079 2577 3180 2635 hac
3205 2578 3491 2634 occasione
3521 2576 3889 2634 ecclesiastico

2285 2671 2460 2727 ordinl
2489 2672 2686 2742 poterit
2711 2670 2977 2741 deputari.

2283 2763 2524 2822 XXVIII.
2575 2763 2699 2820 Non
2728 2765 2880 2820 licere
2919 2765 2973 2817 in
2998 2763 3219 2820 ecclesiis
3259 2765 3516 2820 accubitus
3545 2773 3768 2818 sternere
3810 2770 3886 2817 eet

2859 2851 3073 2906 agapem
3109 2837 3294 2906 facere.

2357 2928 2471 2983 Non
2503 2937 2528 2968 ε
2556 2927 2712 2984 decet
2739 2929 2791 2984 In
2817 2928 3100 2984 dominicis
3131 2928 3372 2984 ecclesiis
3402 2926 3428 2965 ιι
3452 2935 3673 2998 agapcm
3708 2926 3888 2983 facere

2285 3030 2339 3079 et
2362 3023 2504 3077 intus
2535 3023 2882 3090 manducare,
2908 3022 2993 3077 vel
3017 3021 3291 3077 accubitus
3317 3029 3576 3077 sternere.

2439 3114 2636 3169 XXIX.
2670 3113 2722 3169 Ν
2729 3131 2793 3168 οη
2824 3114 3004 3169 debere
3032 3111 3356 3170 Christianos
3379 3112 3720 3168 sabbatisare.

2365 3210 2481 3266 Non
2513 3218 2726 3281 oportet
2769 3209 3104 3266 Christianos
3145 3211 3420 3280 judaizare
3462 3217 3516 3263 et
3561 3210 3613 3262 in
3662 3207 3887 3262 sabbato

659 3281 920 3347 Quoniam
951 3282 1455 3338 eatechumenorum
1489 3284 1791 3340 orationem
1819 3283 2104 3354 separatim
2133 3293 2191 3340 et.
2215 3257 2263 3321 ο
2294 3317 2508 3371 vacare,
2539 3257 2634 3360 ξω
2658 3305 2870 3374 operari
2897 3315 2991 3361 ρο,
3013 3304 3064 3359 ιη
3089 3257 3278 3360 ριξάεηι
3307 3302 3394 3358 (ηε
3416 3312 3429 3367 ;
3455 3300 3728 3356 Domittica
3759 3311 3890 3355 vero

590 3375 738 3444 prius
769 3385 888 3444 post
929 3387 1210 3434 tractatum
1257 3377 1626 3447 episcOporum
1659 3386 1906 3448 oporteat
1951 3376 2186 3433 celebra-

591 3482 652 3522 re
684 3485 699 3520 :
729 3468 924 3538 quibus
953 3470 1186 3538 egressis
1215 3480 1370 3526 orent
1397 3473 1557 3526 etiam
1589 3470 1644 3526 lii
1673 3473 1762 3542 qui
1793 3471 1845 3526 in
1878 3470 2188 3540 poenitentia

593 3567 720 3613 sunt
769 3561 1084 3629 constituti,
1123 3570 1178 3616 et
1231 3570 1350 3631 post
1397 3577 1586 3617 manus
1635 3562 2056 3634 impnsitionem,
2103 3561 2189 3620 his

590 3667 802 3722 quoque
847 3652 1284 3724 abscedentibus,
1318 3665 1446 3712 tunc
1483 3654 1669 3712 ﬁdeles
1699 3671 1856 3712 orare
1893 3657 2185 3726 debebunt,

588 3758 814 3817 quorum
848 3754 956 3804 tres
981 3754 1252 3804 orationes
1285 3751 1411 3802 liant
1445 3766 1456 3802 :
1490 3763 1595 3802 una
1625 3749 1860 3818 quidem,
1893 3749 1943 3804 id
1969 3759 2050 3804 est
2082 3750 2190 3819 pri-

590 3855 700 3910 ma,
747 3857 841 3910 per
864 3841 1156 3908 silentium,
1188 3841 1422 3895 secunda
1453 3855 1580 3895 vero
1618 3848 1672 3895 et
1721 3842 1878 3895 tertia
1917 3857 2012 3911 per
2041 3842 2189 3898 vocis

590 3937 1080 4006 pronuntiationem
1105 3973 1120 3997 ,
1162 3947 1225 3987 ac
1254 3944 1380 3988 tunc
1426 3933 1640 3989 demum
1669 3934 1855 3990 osculo
1885 3949 2067 4004 pacem
2099 3933 2185 4008 [Τ.

590 4028 648 4095 2,
681 4028 772 4095 (1.,
804 4027 894 4095 6.,
919 4027 1160 4082 osculum
1191 4026 1356 4099 pacis]
1379 4026 1575 4083 debere
1596 4027 1733 4095 dari,
1762 4038 1814 4083 et
1839 4039 2188 4100 posteaquam

588 4122 892 4194 presbyteri
921 4122 1172 4192 episcopo
1203 4137 1385 4192 pacem
1417 4122 1683 4189 dederint,
1717 4133 1845 4180 tunc
1881 4125 2045 4180 etiam
2087 4122 2188 4179 lai-

590 4225 686 4267 eos
707 4212 856 4278 dare,
888 4220 943 4268 et
971 4213 1050 4267 sic
1089 4214 1290 4268 oblatio
1319 4213 1578 4270 offeratur
1610 4232 1622 4266 :
1654 4215 1786 4270 solis
1817 4224 1996 4270 autem
2026 4215 2188 4270 mini-

591 4302 718 4358 stris
751 4303 933 4358 altaris
968 4303 1128 4358 liceat
1158 4305 1361 4374 ingredi
1388 4305 1454 4360 ad
1485 4306 1656 4360 altare
1682 4316 1737 4360 et
1764 4307 2185 4373 communicare.

696 4391 816 4447 XX.
848 4392 925 4447 De
953 4394 1231 4462 disciplina
1276 4403 1429 4463 atque
1469 4396 1717 4452 modestia
1753 4397 2076 4453 clericorum.

661 4486 922 4552 Quoniam
973 4504 1077 4544 non
1124 4498 1336 4558 oportet
1387 4489 1664 4546 diaconem
1705 4492 1896 4548 sedere
1924 4501 2188 4562 prasente

593 4575 940 4650 presbytero,
978 4580 1071 4638 sed
1102 4595 1170 4638 ex
1209 4580 1452 4652 iussione
1497 4583 1794 4657 presbyteri
1839 4585 2024 4642 sedeat
2056 4603 2069 4640 :
2102 4589 2188 4642 si-

591 4670 792 4726 militer
821 4681 996 4728 autem
1045 4673 1431 4732 honoriﬁcetur
1477 4686 1531 4734 et
1559 4677 1816 4735 diaconus
1853 4689 1883 4735 a
1925 4677 2186 4738 ministris

590 4760 934 4819 inferioribus
965 4775 1018 4821 et
1048 4767 1261 4824 clericis
1287 4770 1557 4827 omnibus.

837 4882 982 4940 XXI.
1032 4886 1110 4943 De
1155 4889 1440 4946 ministerio
1481 4891 1930 4948 subdiaconorum.

663 4993 923 5062 Quoniam
966 5013 1072 5056 non
1104 5009 1317 5072 oportet
1365 5003 1639 5060 ministros
1685 5004 1955 5060 licentiam
1987 5005 2185 5064 habere

589 5086 643 5143 in
672 5089 1016 5144 secretarium
1041 5093 1153 5149 sive
1175 5097 1489 5166 sacrarium,
1511 5096 1650 5168 quod
1674 5096 1844 5153 Graeci
1869 5097 2184 5155 diaconicon

589 5177 662 5324 ΕΠ
671 5179 1048 5284 .,.‹1ἱαοοηὶοη]
1077 5186 1350 5256 appellant
1376 5188 1603 5258 ingredi,
1635 5199 1689 5244 et
1717 5189 2030 5260 contingere
2061 5205 2181 5247 rasa

627 5274 877 5324 ommica.
1693 5273 1700 5280 ’

627 5286 877 5331 omtntca.

699 5368 807 5441 54
845 5363 1010 5427 XXII.
1045 5367 1120 5426 De
1145 5374 1396 5442 ministro,
1433 5384 1487 5429 ut
1527 5376 1697 5431 orario
1741 5394 1841 5433 non
1879 5387 2071 5433 utatur.

589 5545 624 5602 r
662 5457 957 5520 Ministrum
997 5480 1104 5521 non
1139 5475 1352 5538 aperiet
1378 5463 1555 5526 orario
1584 5471 1682 5537 uti,
1715 5486 1814 5528 nec
1843 5472 1977 5528 ostia
2024 5459 2179 5527 dere-

610 5563 850 5602 mouere-

610 5563 850 5619 inquere.

661 5694 686 5766 ξι
719 5683 1070 5766 Expmnibus
1097 5691 1401 5749 Codicibus.
1433 5695 1486 5749 In
1519 5697 1610 5760 A.,
1639 5693 1908 5766 applicati.

657 5747 701 5836 δν
720 5757 774 5810 In
799 5756 1078 5836 Codieibus
1125 5778 1162 5836 :_
1186 5747 1811 5832 pshtmsijttifisdbws
1832 5747 1936 5835 ηιιὶ
1974 5764 2172 5836 publice

589 5835 860 5904 σηπία-’μην
898 5840 959 5904 et
982 5831 1043 5884 de
1067 5834 1239 5904 codice
1264 5837 1519 5904 leguntur,
1551 5831 1734 5890 alium.

663 5908 682 5937 ο
725 5897 789 5952 Τ.
823 5901 874 5967 I,
907 5899 1027 5954 Non
1055 5903 1191 5960 licet.
1220 5905 1284 5959 Τ.
1309 5895 1365 5972 ἒ,
1396 5895 1518 5962 Non
1551 5913 1766 5977 oportet.

2294 3396 2657 3469 prtcponendo
2684 3397 2929 3453 eamdem
2959 3397 3126 3462 diem,
3156 3397 3198 3450 si
3231 3394 3334 3450 hoc
3362 3394 3440 3449 eis
3472 3393 3667 3464 placet,
3698 3399 3892 3445 vacent

2294 3497 2543 3561 tanquam
2566 3486 2878 3546 Christiani.
2894 3488 3046 3560 Quod
3073 3488 3120 3545 si
3149 3486 3344 3554 Inventi
3369 3483 3558 3541 fuerint
3584 3481 3889 3555 judalzane,

2293 3584 2575 3638 anathema
2597 3583 2726 3638 sint.

2293 3676 2399 3750 55
2433 3676 2602 3734 XXX.
2638 3676 2789 3732 Nulli
2815 3676 3105 3732 Christiano
3140 3673 3290 3730 licere
3329 3687 3445 3729 cum
3473 3669 3774 3728 niulieribas
3800 3671 3891 3726 ltr-

2875 3764 3026 3803 oacra
3047 3761 3301 3804 exercere.

2362 3842 2628 3910 Quoniam
2657 3855 2764 3896 non
2810 3848 3023 3910 oportet
3067 3841 3338 3896 ministros
3367 3837 3576 3908 altaris,
3605 3837 3689 3893 vel
3718 3835 3890 3890 etiam

2290 3937 2520 3992 clericos
2559 3934 2829 4005 quoslibet
2879 3943 2971 3989 aut
3023 3933 3384 4000 continentes,
3415 3931 3510 3988 sed
3567 3940 3621 3986 et
3667 3937 3889 3985 omnem

2290 4029 2511 4082 omnino
2555 4027 2917 4083 Christianum
2961 4039 3084 4082 cum
3124 4023 3434 4080 mulieribus
3480 4022 3704 4079 lavacris
3743 4031 3768 4060 ο
3806 4018 3891 4078 uti

2293 4122 2667 4177 communibus
2719 4137 2736 4179 :
2786 4120 2902 4176 haec
2947 4128 3030 4176 est
3068 4119 3212 4177 enim
3261 4119 3401 4190 apud
3446 4118 3674 4190 gentiles
3711 4117 3890 4189 prima

2289 4214 2659 4286 reprehensio.

2431 4325 2629 4382 XXXI.
2672 4325 2752 4384 De
2792 4325 3030 4382 cavendis
3055 4325 3408 4381 hereticorum
3454 4323 3740 4381 connubiisl

2360 4442 2624 4509 Quoniam
2655 4455 2760 4497 non
2796 4448 3008 4511 oportet
3049 4455 3169 4495 cum
3200 4440 3450 4496 omnibus
3481 4438 3748 4495 haereticis
3784 4435 3892 4494 ml-

2287 4550 2440 4592 scere
2466 4533 2754 4600 connubia,
2807 4544 2859 4590 et
2886 4531 2967 4590 vel
3014 4533 3150 4589 lilios
3188 4533 3270 4589 vel
3305 4519 3442 4590 tilias
3467 4531 3616 4602 dare,
3650 4531 3742 4587 sed
3784 4545 3886 4603 po-

2216 4639 2266 4700 D
2297 4631 2400 4684 tius
2428 4627 2690 4700 accipere,
2734 4629 2778 4682 si
2824 4636 3001 4684 tamen
3047 4627 3398 4699 proﬁteantur
3444 4627 3777 4683 Christianos
3825 4640 3888 4683 se

2288 4721 2496 4778 futuros
2522 4736 2641 4778 esse
2667 4719 2983 4778 catholicos.

2358 4807 2572 4871 XXXII.
2606 4813 2730 4870 Non
2758 4816 2910 4871 licere
2935 4808 2996 4870 ab
3021 4811 3273 4871 htereticis
3310 4811 3540 4884 eulogias
3563 4811 3812 4883 accipere.

2361 4901 2476 4966 Non
2525 4909 2741 4980 oportet
2771 4909 3143 4964 haereticorum
3183 4903 3585 4963 benedictiones
3614 4905 3885 4974 accipere,

2289 5003 2540 5069 quoniam
2571 5002 2687 5058 ista:
2734 4999 3138 5058 maledictioues
3164 5007 3289 5057 sunt
3319 4999 3487 5070 magis
3515 5014 3674 5071 quam
3719 4997 3886 5054 bene-

2291 5093 2575 5149 dictiones.
3644 5091 3650 5097 ’

2287 5206 2528 5264 XXXIII.
2573 5206 2694 5262 Non
2733 5208 2915 5263 debere
2959 5224 3074 5262 cum
3122 5208 3371 5294 ltazreticis
3409 5217 3500 5264 aut
3545 5205 3885 5263 scltismoticis

3003 5296 3092 5335 ora
3095 5298 3137 5335 η
3145 5319 3160 5335 .

2357 5373 2474 5429 Non
2501 5381 2713 5441 oportet
2741 5388 2863 5428 eum
2897 5374 3169 5432 haereticis
3195 5375 3276 5431 vel
3315 5374 3668 5430 scbismaticis
3698 5387 3880 5430 orare.

2464 5463 2701 5522 XXXIV.
2734 5458 2856 5523 Non
2893 5470 3116 5524 eundum
3142 5463 3212 5523 ad
3241 5467 3401 5539 falsos
3428 5477 3701 5540 martyres.

2359 5557 2474 5617 Non
2506 5569 2717 5630 oportet
2744 5575 2958 5617 omnem
2987 5555 3349 5617 Christianum
3381 5557 3648 5617 derelictis
3679 5567 3879 5632 marty-

2350 5693 2377 5733 ά
2421 5696 2532 5760 AL,
2566 5698 2618 5751 in
2649 5699 2878 5753 domibus
2901 5699 3145 5754 ecclesiw.

2354 5775 2376 5804 θ
2421 5769 2493 5822 Ex
2526 5768 2638 5851 {En
2685 5771 2746 5826 U.
2778 5772 2834 5826 In
2861 5769 2926 5825 A.
2973 5781 3028 5827 et
3072 5773 3291 5844 reliquis
3319 5789 3331 5826 :
3361 5772 3560 5826 lavacra
3585 5770 3663 5826 uti
3699 5770 3876 5830 debere

2279 5855 2590 5894 communia.
