4086 6358
213 360 317 435 153

1147 372 1551 433 emensum
1588 372 1925 432 GONCILIA.
1965 346 2034 418 4—
2073 372 2536 436 LAODICENUM.

3395 388 3501 449 154

211 490 357 548 ribus
378 489 576 548 Christi
602 490 749 548 abire
775 490 840 547 ad
872 489 1031 547 falsos
1062 466 1326 565 martyres
1358 494 1545 560 factos,
1578 494 1630 549 bi
1660 495 1805 550 enim
1831 497 1885 555 A
1910 491 2013 564 57
2037 491 2219 550 XLVI.
2248 492 2558 552 Batisamtos
2588 498 2767 575 debere
2788 498 2907 569 ﬁdei
2930 503 3215 575 symbolum
3236 513 3284 562 et
3306 506 3497 569 discere

212 582 367 640 alieni
399 601 428 638 a
460 584 571 641 Deo
598 594 723 641 sunt
753 602 767 640 :
801 586 1104 658 quicunque
1141 597 1318 643 autem
1367 587 1514 643 abire
1555 588 1803 658 voluerit,

214 681 493 736 anathema
528 672 620 737 sit.

219 764 427 828 XXXV.
481 768 605 827 Non
642 774 791 828 licere
832 772 1133 830 Christianis
1171 776 1412 831 derelicta
1458 777 1691 833 Ecclesia
1739 780 1808 834 ad

280 844 487 916 angelos
509 840 630 917 [U.,
659 845 749 916 G.,
772 838 1014 917 angulos]
1037 850 1452 920 congregationes
1477 850 1732 919 colligere.

284 936 546 1004 Quasnam
575 950 678 991 non
712 946 920 1007 oportet
945 932 1305 1006 Christianos,
1339 941 1591 996 derelicta
1626 940 1809 999 Eccle-

226 1029 297 1082 sia
346 1026 458 1093 Del,
499 1028 649 1082 abire
697 1022 762 1083 ad
810 1032 1025 1099 angelos
1058 1028 1177 1105 [U.,
1208 1029 1299 1100 G.,
1334 1028 1604 1103 angulos],
1641 1032 1808 1087 idola-

233 1118 347 1171 tria:
389 1120 822 1189 congregationes
864 1120 1074 1191 tecm,
1126 1134 1244 1193 quia
1296 1122 1472 1179 omnia
1528 1125 1810 1181 interdicta

237 1212 351 1265 sntit
382 1228 393 1263 :
422 1212 721 1282 quicunque
750 1220 928 1268 antem
962 1214 1210 1269 inventus
1242 1214 1399 1271 fuerit
1438 1216 1645 1271 occulte
1686 1216 1811 1272 huic

234 1303 481 1357 idolatria:
533 1318 748 1369 vocaris,
791 1306 861 1360 sit
890 1309 1186 1377 anathema
1224 1309 1517 1380 :quoniam
1571 1310 1811 1365 derelin-

221 1404 384 1465 quens
430 1395 717 1452 Dominum
772 1410 1011 1455 nOSIrum
1063 1398 1245 1457 .lesum
1301 1403 1571 1459 Christum
1614 1404 1809 1461 Filium

220 1484 329 1549 Dei,
361 1489 589 1543 accessit
614 1484 679 1543 ad
714 1482 876 1547 idola.

216 1572 453 1630 XXXVI.
512 1572 633 1632 Non
675 1581 825 1633 licere
872 1582 1087 1637 clericos
1122 1600 1303 1654 magos
1346 1587 1422 1641 vel
1470 1580 1810 1644 incantatores

602 1665 731 1720 esse,
762 1663 850 1705 aut
882 1654 1198 1723 phytaeteria
1228 1658 1412 1724 facere.

286 1736 550 1804 Quoniam
580 1750 685 1795 nbn
719 1746 933 1811 oportet
960 1746 1235 1803 ministros
1255 1749 1442 1804 altaris
1464 1758 1555 1804 aut
1584 1751 1811 1808 clericos

2544 576 2591 625 et
2626 573 2857 628 reddere.

1981 656 2336 725 Baptizandos
2365 668 2581 729 oportet
2620 662 2744 720 fidei
2785 665 3085 737 symbolum
3116 668 3324 727 discere
3350 670 3373 709 ἀ
3398 714 3412 740 ,
3442 683 3499 731 et

1910 748 2093 817 quinta
2126 742 2261 803 feria
2290 749 2490 806 ultimas
2519 753 2830 822 septimanae
2866 758 2951 814 vel
2981 762 3232 831 episcopo
3263 765 3342 818 vel
3378 780 3498 835 pre-

1908 838 2126 909 sbytero
2157 839 2401 897 reddere.

2052 928 2259 987 XLVII.
2294 931 2372 988 De
2401 928 2479 989 his
2503 936 2662 1007 quiin
2688 943 2989 1009 wgritudine
3014 945 3354 1016 baptizantur.

1982 1021 2083 1089 Qui
2124 1022 2178 1076 in
2210 1027 2527 1094 aegritudine
2573 1032 2847 1087 constituti
2893 1036 3213 1105 baptismum
3246 1056 3501 1110 percepe'

1912 1123 2054 1178 runt,
2092 1116 2207 1169 sani
2247 1114 2371 1171 facti
2402 1118 2701 1190 symbolum
2734 1123 2853 1178 Iidei
2892 1125 3205 1196 doceantur,
3236 1139 3294 1184 ut
3338 1146 3501 1186 nove-

1910 1205 2017 1261 rint
2041 1206 2161 1281 [U.,
2196 1212 2441 1282 noscant]
2473 1229 2573 1281 qua
2602 1214 2891 1271 donatione
2919 1218 3062 1289 digni
3103 1223 3212 1276 sint
3237 1222 3426 1281 habiti.

2088 1298 2311 1355 XLVIII.
2344 1298 2471 1357 Post
2500 1305 2803 1375 baptismum
2831 1307 3050 1365 chrisma
3079 1312 3324 1369 dandum.

1981 1394 2204 1464 Oportet
2235 1394 2530 1465 baptizatos
2561 1410 2681 1469 post
2702 1394 3023 1473 baptismum
3045 1408 3351 1463 chrismatis
3370 1425 3502 1481 quo-

1911 1496 2017 1554 que
2046 1487 2283 1543 caelestis
2314 1497 2367 1543 et
2390 1491 2539 1561 regni
2569 1486 2770 1549 Christi
2800 1495 3250 1567 participes-ﬁeri.

1914 1573 2098 1631 XLIX.
2142 1576 2210 1633 lit
2253 1580 2658 1654 Quadragesima
2694 1587 2900 1643 sabbato
2944 1596 3139 1645 tantum
3169 1592 3217 1648 et
3246 1594 3504 1653 dominica

2539 1656 2876 1722 oﬂereudum.

1982 1738 2099 1795 Non
2133 1750 2343 1812 oportet
2377 1744 2430 1799 in
2475 1746 2890 1820 Quadringesinia
2943 1762 3134 1823 panem
3179 1753 3361 1812 oII'erri
3400 1750 3504 1817 nisi

215 1841 398 1898 magos
427 1836 513 1885 aut
541 1831 901 1891 incsntatores
931 1844 1072 1905 esse,
1096 1840 1187 1898 aut
1212 1838 1387 1895 lacere
1415 1852 1531 1909 quae
1559 1843 1809 1898 dicuntdr
1838 1859 1887 1919 B
1915 1832 2139 1887 sabbalo
2169 1845 2223 1888 ει
2252 1836 2513 1891 dominica
2549 1849 2773 1898 I3M1"!!-

211 1918 541 1989 phylacteria
568 1963 582 1991 ,
627 1940 746 1994 quas
786 1937 913 1981 sunt
951 1940 1157 1999 magna.
1187 1930 1543 2001 obligamenta
1595 1934 1806 1989 animoe

210 2023 329 2063 rum
366 2028 380 2063 :
416 2014 514 2068 hos
555 2017 733 2069 a'utem
782 2018 872 2087 qui
904 2020 1098 2074 talibus
1146 2021 1305 2075 rebus
1351 2031 1571 2077 utuntur
1620 2023 1810 2093 prbjicl

210 2102 279 2156 ab
311 2105 553 2160 Ecclesia
581 2108 861 2177 jussimus.

206 2191 320 2265 58
366 2194 629 2276 XXXVII.
680 2199 800 2276 lVon
832 2201 986 2276 licere
1014 2203 1075 2255 ab
1105 2202 1355 2257 luereticis
1382 2203 1461 2257 vel
1492 2203 1693 2261 Iudicis
1734 2210 1813 2276 fe-

571 2271 751 2323 rialica
778 2287 889 2338 qui}:
910 2275 1181 2326 mittuntur
1200 2276 1451 2343 accipere.

276 2355 397 2412 Non
448 2370 660 2429 oportet
702 2380 727 2415 a
778 2363 979 2419 Judaeis
1022 2375 1075 2420 et
1106 2368 1370 2422 hazreticis
1414 2367 1651 2424 leriatica
1692 2384 1811 2440 quae

209 2447 497 2506 mittuntur
523 2454 788 2524 accipere,
820 2472 994 2528 neque
1038 2472 1158 2512 cum
1201 2458 1281 2514 eis
1312 2458 1426 2513 dies
1456 2476 1615 2531 agere
1654 2458 1811 2515 teria-

209 2554 290 2599 IOS
320 2554 370 2602 ⁸ο

207 2634 499 2696 XXXVIII.
549 2640 668 2697 Non
707 2643 859 2699 licere
913 2662 943 2698 a
972 2644 1171 2727 luditis
1200 2662 1408 2716 azymas
1438 2637 1524 2717 [Τ.
1556 2645 1573 2700 I
1606 2636 1808 2719 azyrna]

886 2734 1132 2789 accrpere.

279 2796 397 2857 Non
427 2814 636 2874 oportet
664 2822 695 2862 a
724 2806 925 2864 .ludteis
964 2826 1181 2880 azymas
1232 2812 1476 2881 accipere
1523 2821 1616 2867 aut
1668 2826 1810 2868 com-

211 2896 485 2953 municare
514 2899 876 2968 impietatibus
902 2918 1114 2957 eorum.

279 2983 526 3044 XXXIX.
560 2991 679 3045 Non
711 2991 864 3047 licere
906 3008 1020 3047 cum
1059 2996 1279 3065 paganis
1310 2998 1438 3067 festa
1465 2997 1737 3051 celebrare.

278 3078 396 3134 Non
428 3092 639 3151 oportet
672 3100 789 3139 cum
822 3086 1037 3157 paganis
1088 3090 1219 3142 festa
1247 3089 1543 3157 celebrare,
1592 3099 1685 3144 aut
1712 3091 1812 3145 im-

216 3173 431 3239 pietatis
459 3186 644 3231 eorum
680 3178 876 3233 habere
901 3182 1237 3236 societatem.

214 3264 321 3320 XL.
359 3265 645 3337 Episcopos
685 3272 751 3324 ad
798 3274 1051 3342 synodum
1097 3283 1298 3328 vocatos
1343 3292 1443 3329 non
1476 3274 1655 3329 debere
1691 3289 1807 3328 con-

807 3389 814 3397 .
887 3352 1126 3399 temnere.

281 3431 398 3487 Non
449 3443 663 3503 oportet
708 3442 927 3491 vocatus
969 3439 1252 3509 episcopos
1292 3439 1359 3493 ad
1386 3437 1649 3511 synodum
1681 3448 1810 3496 οοιιι

215 3533 480 3593 tetnnere,
530 3533 623 3582 sed
671 3528 821 3584 abire
870 3539 924 3585 et
974 3538 1065 3587 aut
1112 3533 1309 3588 ducere
1351 3535 1439 3588 aut
1472 3534 1651 3590 doceri
1692 3546 1811 3607 quin

218 3629 347 3675 sunt
374 3620 441 3674 ad
473 3620 724 3677 Ecclesia:
754 3632 1182 3698 casterorumque
1212 3629 1625 3687 correctionem.
1657 3630 1810 3698 Quod

213 3709 260 3764 si
300 3714 707 3779 contempserit,
750 3729 809 3771 se
846 3715 1021 3786 ipsdm
1070 3719 1334 3775 videbitur
1375 3730 1661 3778 accusasse
1710 3718 1810 3778 nisi

214 3804 356 3860 forte
387 3821 480 3874 per
509 3807 869 3865 inﬁrmitatem
902 3813 980 3866 Ire
1015 3824 1118 3867 non
1152 3815 1338 3883 possit.

211 3894 350 3950 XLI.
380 3896 502 3951 Non
532 3899 710 3953 debere
750 3901 987 3955 clericum
1004 3904 1084 3986 rel
1108 3905 1300 3987 {uicum
1338 3904 1446 3961 sine
1471 3906 1704 3976 epistolio
1722 3922 1811 3977 pe-

882 3988 1152 4041 regrmart.

286 4054 407 4111 Non
456 4067 670 4129 oportet
706 4063 1013 4119 ministrum
1051 4066 1239 4122 altaris
1278 4067 1361 4121 vel
1412 4068 1572 4123 etiam
1618 4070 1811 4126 Iaicum

216 4150 339 4207 sine
367 4153 642 4211 canonicis
670 4155 887 4224 litteris,
921 4158 974 4214 id
1014 4168 1097 4216 est
1138 4158 1384 4229 formata,
1416 4163 1599 4234 aliquo
1630 4162 1657 4204 δ
1688 4173 1814 4237 pro—

213 4244 404 4301 Iicisci.

212 4336 376 4398 XLII.
413 4352 434 4380 °
469 4327 690 4398 Nullmst
714 4345 957 4401 clericum
987 4347 1170 4431 debere
1196 4348 1306 4403 sine
1325 4348 1561 4421 iussione
1585 4353 1814 4424 episeopi

841 4435 1179 4490 peregrinari.

1834 3227 1881 3291 C

1915 1920 1978 1977 Ι...
2006 1921 2056 1977 Ν
2063 1940 2129 1979 οη
2145 1925 2299 1981 licere
2316 1929 2495 1997 quinta
2514 1932 2640 2013 feria
2665 1935 2965 2058 septilnrattta
2986 1938 3178 1995 ultimm
3197 1942 3503 2016 Quadringe-

2517 2017 2700 2056 simam
2727 2023 2783 2058 so
2810 2025 2874 2058 vi.

2517 2017 2700 2056 simam
2727 2017 2874 2061 solvi.

1986 2084 2100 2139 Non
2133 2100 2345 2156 oportet
2372 2093 2848 2165 Quadragesimam
2894 2101 3076 2170 quinta
3130 2104 3254 2161 feria
3302 2108 3503 2167 ultimm

1914 2177 2268 2238 Itebdomadm
2296 2186 2538 2255 dissolvi,
2571 2196 2623 2242 et
2652 2200 2813 2245 totam
2847 2195 3315 2268 Quadragesimam
3346 2201 3503 2259 inho-

1914 2271 2118 2338 norari,
2143 2275 2235 2328 sed
2269 2291 2363 2344 per
2394 2285 2535 2332 totos
2575 2282 2688 2336 dies
2712 2283 2955 2353 jejunarc
2979 2298 3033 2343 et
3072 2292 3207 2345 escis
3236 2292 3502 2350 abSIincn~

1914 2361 2004 2416 tite
2028 2368 2487 2436 Convenientibus,
2522 2372 2571 2425 id
2601 2383 2684 2427 est
2713 2377 3033 2435 aridioribus
3060 2382 3156 2437 uti.

1912 2450 1998 2509 LI.
2031 2455 2155 2512 Non
2184 2460 2365 2515 debere
2394 2463 2446 2516 in
2480 2464 2879 2537 Quadragesima
2905 2472 3003 2525 nisi
3032 2474 3240 2530 sabbato
3269 2486 3314 2531 et
3336 2480 3501 2533 domi-

2193 2536 2307 2585 nico
2353 2538 2590 2588 natalilia
2630 2536 2912 2610 martyrum
2954 2545 3214 2602 celebrari.

1982 2612 2100 2677 Non
2133 2630 2351 2695 Oportet
2394 2629 2446 2683 in
2480 2624 2894 2703 Quadragesima
2928 2647 3224 2710 martyrum
3265 2644 3501 2701 natalitia

1911 2714 2195 2783 celebrari,
2228 2720 2323 2773 sed
2353 2736 2539 2777 eorum
2566 2725 2619 2780 in
2666 2726 2889 2784 sabbato
2918 2741 2974 2785 et
3002 2733 3267 2791 dominica
3301 2747 3503 2796 tantum

1912 2809 2225 2863 memoriam
2257 2808 2393 2867 ﬁeri.

2018 2899 2129 2955 LII.
2166 2902 2286 2956 Non
2330 2906 2478 2960 licere
2504 2909 2556 2962 in
2589 2910 2993 2983 Quadragesima
3017 2920 3224 2989 nuptias
3261 2922 3393 2990 ﬁeri.

1986 2991 2101 3046 Non
2135 3004 2348 3063 oportet
2369 2998 2421 3051 in
2449 3001 2861 3073 Quadragesima
2894 3018 2987 3063 aut
3013 3011 3227 3080 nuptias
3250 3024 3338 3068 aut
3361 3028 3501 3084 quae-

1915 3084 2045 3141 libet
2070 3090 2310 3144 natalltia
2339 3091 2631 3150 celebrare.

1913 3178 2044 3235 LIII.
2082 3181 2202 3237 Non
2237 3182 2389 3239 licere
2415 3184 2828 3316 Christiqizosuzd
2870 3194 3074 3266 nuptias
3098 3205 3273 3252 euntes
3299 3208 3504 3257 cantare

2550 3275 2607 3315 se
2680 3278 2712 3315 α
2788 3280 2857 3316 re.

2550 3275 2627 3315 set
2649 3275 2857 3320 bellare.

1982 3346 2096 3402 Non
2148 3359 2362 3418 oportet
2412 3351 2748 3411 Christianos
2793 3358 2859 3412 ad
2906 3360 3115 3429 nuptias
3171 3374 3360 3419 euntes
3418 3364 3501 3422 vel

1912 3438 2115 3497 hailare
2142 3444 2225 3498 vel
2255 3445 2454 3501 saltare
2487 3456 2534 3513 ε,
2564 3448 2660 3503 sed
2690 3458 2839 3506 caste
2863 3456 3077 3510 creuere
3107 3456 3191 3509 vel
3216 3458 3499 3528 prandere,-

1911 3536 2051 3588 sicut
2080 3539 2334 3606 competit
2361 3538 2703 3595 Christianis.

1912 3626 2043 3682 LIV.
2097 3628 2221 3683 Non
2261 3631 2410 3686 licere
2455 3633 2719 3688 ministros
2772 3638 2954 3694 altaris
2995 3641 3299 3710 spectaculis
3348 3645 3502 3699 inter-

2642 3723 2771 3762 κιο.

1983 3793 2098 3848 Non
2130 3803 2344 3865 oportet
2373 3799 2650 3854 ministros
2676 3802 2884 3870 altaris,
2919 3805 3000 3860 vel
3042 3806 3306 3873 quoslibet
3344 3809 3502 3864 cieri--

1912 3900 2023 3954 cos,
2055 3889 2374 3957 spectaculis
2401 3891 2665 3961 aliquibus
2691 3908 2809 3963 quat
2838 3905 2929 3952 aut
2951 3898 3003 3951 in
3035 3898 3143 3969 58
3164 3900 3377 3967 nuptiis,
3410 3906 3503 3960 aut

1914 3981 2082 4032 omnis
2126 3982 2446 4038 exhibentur
2488 3985 2783 4052 interesse;
2833 3990 2926 4043 sed
2964 3998 3247 4060 antequam
3297 3994 3503 4064 thymea

1915 4070 2002 4125 lici
2054 4071 2072 4109 ί
2102 4074 2466 4145 ingrediantur
2513 4090 2734 4151 surgere
2761 4088 2856 4137 eos
2897 4082 2964 4138 de
3000 4086 3244 4141 Convivio
3272 4096 3325 4142 et
3353 4084 3503 4147 abire

1914 4162 2132 4220 debere.

1914 4257 2026 4314 LV.
2081 4259 2203 4314 Non
2244 4261 2425 4316 debere
2468 4264 2708 4319 clericum
2739 4263 2814 4323 vei
2850 4268 3039 4324 laicum
3066 4269 3409 4330 Christianum
3436 4283 3501 4332 εει

2300 4335 2541 4403 symbolis
2571 4340 2800 4394 convivia
2838 4341 3107 4399 celebrare.

1984 4427 2099 4483 Non
2122 4439 2334 4499 oportet
2351 4431 2625 4488 ministros
2643 4435 2850 4502 altaris,
2869 4439 2947 4491 vel
2967 4439 3231 4507 quoslibet
3248 4440 3498 4511 clericos,

284 4501 400 4558 Non
427 4513 638 4574 oportet
666 4508 964 4565 ministrum
990 4511 1181 4567 altaris
1212 4514 1297 4567 vel
1327 4515 1621 4583 quemlibet
1645 4517 1809 4572 cleri-
1836 4591 1881 4602 _
1912 4529 2004 4575 aut
2032 4522 2192 4577 etiam
2224 4523 2389 4578 laicos
2417 4525 2752 4583 Christianos
2802 4501 2864 4583 es
2907 4501 3187 4600 symbolis,
3237 4548 3356 4602 quae
3384 4534 3500 4589 rul~

216 4606 334 4649 cum
378 4608 578 4664 przcter
600 4594 899 4668 jnssionem
928 4602 1161 4672 episcopi
1205 4603 1271 4657 ad
1318 4607 1597 4674 peregrina
1630 4605 1717 4678 [T.
1746 4609 1802 4677 2,
1836 4591 1887 4652 Ῐ)
1910 4629 2011 4683 gus
2037 4616 2395 4670 comniissalia
2424 4620 2675 4687 appellat,
2708 4622 2952 4675 convivia
2985 4623 3279 4679 celebrare.

216 4689 724 4764 peregrinationem]
756 4692 1048 4760 proficisci.

319 4779 504 4837 XLIII.
530 4782 804 4838 Ministros
844 4801 945 4838 non
975 4785 1154 4841 debere
1182 4784 1244 4839 ab
1267 4786 1407 4841 ostiis
1446 4788 1696 4845 recedere.

285 4870 399 4928 Non
450 4884 661 4942 Oportet
705 4877 1001 4943 ministros,
1035 4877 1088 4931 id
1115 4885 1197 4932 est
1224 4874 1495 4949 ostiarios,
1539 4880 1624 4935 Vel
1651 4881 1804 4938 brevi

220 4970 459 5034 tempore
483 4967 550 5021 ab
575 4968 727 5022 ostiis
750 4969 940 5025 dee~se
964 4980 1020 5025 et
1048 4969 1275 5026 orationi
1311 4984 1518 5028 vacare.

219 5049 393 5111 XLIV.
432 5055 482 5111 Ν
491 5074 552 5138 on
584 5070 813 5138 oportere
841 5070 958 5138 post
986 5060 1127 5138 duas
1156 5063 1467 5138 septimanos
1508 5063 1804 5138 Quadrage-

481 5130 624 5183 simw
650 5130 867 5199 aliquem
893 5134 959 5185 ad
990 5135 1297 5202 baptismum
1325 5137 1535 5205 suscipi.

288 5216 398 5275 Non
430 5226 643 5290 oportet
672 5234 791 5292 post
816 5224 946 5279 duas
974 5225 1409 5297 Quadragesimaa
1440 5220 1804 5285 hebdomadas

224 5323 537 5383 quemquam
566 5314 631 5369 ad
662 5315 983 5385 baptismum
1014 5317 1231 5388 suscipi.

345 5400 504 5461 XLV.
541 5407 663 5463 Non
694 5410 872 5463 debere
898 5410 1132 5464 mulieres
1161 5411 1360 5482 ingredi
1385 5416 1453 5467 ad
1485 5408 1664 5469 altare.

289 5490 401 5555 Non
429 5509 643 5570 Oportet
672 5503 925 5559 mulieres
957 5502 1163 5574 ingredi
1200 5504 1266 5559 ad
1298 5505 1484 5562 altare.

293 5666 316 5734 ᾗ
432 5663 485 5730 ‘2,
515 5669 686 5733 festos.
711 5666 797 5727 (3.,
831 5667 1108 5734 ferialicos.

293 5728 319 5768 δ
347 5731 408 5785 Τ.
446 5728 588 5801 1,-2,
621 5736 708 5805 G.,
736 5728 941 5791 alicubi.

296 5811 316 5839 ε
352 5805 504 5859 Deest
535 5810 617 5861 hic
643 5824 812 5862 canon
837 5808 889 5862 in
919 5808 981 5864 U.

292 5868 316 5907 ἀ
348 5873 419 5928 Ex
450 5876 565 5943 ΑΕ..
598 5879 660 5934 Τ.
693 5882 744 5946 l,
775 5878 832 5945 ‘2,
867 5879 954 5947 U.,
1002 5880 1065 5936 ϐ.
1118 5881 1173 5936 ln
1210 5882 1275 5936 Α.
1327 5888 1381 5937 et
1426 5879 1682 5952 reliquis:
1713 5880 1798 5937 di-

1906 4709 2039 4767 LVI.
2073 4711 2197 4767 Non
2220 4723 2453 4783 oportere
2469 4715 2788 4840 presbyteri:
2811 4727 2930 4772 ante
2957 4717 3241 4789 ingressum
3269 4722 3496 4793 episcopi

2587 4802 2732 4840 inore
2770 4804 2807 4840 ι.

2587 4802 2807 4842 ιιιατεσι.

2587 4803 2642 4840 us
2707 4803 2807 4842 eas.

1977 4876 2092 4933 Non
2147 4887 2360 4949 oportet
2398 4803 2741 4950 presbytcibs
2771 4891 2898 4937 ante
2926 4880 3225 4956 ingressum
3257 4888 3493 4956 episcopi

1906 4971 2115 5041 ingredi
2140 4984 2193 5027 et
2225 4974 2417 5028 sedere
2445 4974 2499 5027 in
2531 4974 2906 5044 tribunalibus,
2942 4980 3034 5033 sed
3078 4990 3198 5034 cum
3238 4981 3493 5049 episcopo

1906 5063 2135 5133 ingredi,
2170 5065 2270 5120 nisi
2303 5064 2444 5122 forte
2474 5066 2555 5121 vel
2599 5077 2820 5138 mgrotat
2850 5069 2966 5141 [U.,
3006 5068 3250 5142 aegrotet]
3279 5071 3494 5139 episco-

1906 5171 2028 5227 pus,
2052 5166 2144 5211 aut
2170 5157 2224 5212 in
2254 5161 2550 5229 peregrinis
2574 5174 2696 5218 esse
2724 5175 2843 5217 eum
2871 5166 3189 5221 constiterit.

1904 5249 2061 5307 LVII.
2096 5251 2220 5307 Non
2258 5253 2439 5308 debere
2477 5256 2529 5311 in
2570 5256 2693 5310 vicis
2722 5266 2771 5341 et
2798 5260 2852 5312 in
2889 5256 3323 5327 villis‘episcopos
3352 5252 3467 5311 ordi

2634 5344 2767 5384 ΜΠ.

1974 5417 2092 5473 Non
2134 5427 2346 5490 Oportet
2392 5421 2446 5476 in
2477 5420 2612 5479 vicis
2656 5433 2711 5480 et
2756 5422 2896 5479 villis
2922 5423 3202 5490 episcopos
3233 5419 3491 5491 ordinent,

1902 5513 1997 5569 sed
2031 5512 2352 5582 visitatores,
2388 5515 2443 5572 id
2484 5519 2678 5588 estqui
2709 5517 3041 5573 circumeant
3078 5514 3357 5583 constitui;
3390 5514 3492 5571 hos

1901 5691 2092 5801 “'58.
2122 5745 2215 5811 R.,
2246 5746 2310 5800 Τ.
2343 5747 2393 5811 I,
2423 5745 2479 5807 2,
2516 5744 2605 5809 U.,
2641 5744 2729 5807 G.,
2764 5748 2995 5795 cantare.

1977 5816 1994 5854 ί
2031 5818 2092 5872 Τ.
2130 5819 2182 5884 I,
2209 5817 2263 5885 2,
2292 5817 2383 5884 G.,
2414 5814 2714 5884 thymelicw.
