  <div class='ocr_page' id='page_1' title='image "/cluster/home/n/w/nwhite01/storage/ocr_20150623/84/hvd.32044015547136/073.png"; bbox 0 0 4086 6358; ppageno 0'>
   <div class='ocr_carea' id='block_1_1' title="bbox 569 420 671 482">
    <p class='ocr_par' dir='ltr' id='par_1_1' title="bbox 569 420 671 482">
     <span class='ocr_line' id='line_1_1' title="bbox 569 420 671 482; baseline -0.029 0"><span class='ocrx_word' id='word_1_1' title='bbox 569 420 671 482; x_wconf 65' lang='lat'><strong>1‘55</strong></span> 
     </span>
    </p>
   </div>
   <div class='ocr_carea' id='block_1_2' title="bbox 1269 425 3159 495">
    <p class='ocr_par' dir='ltr' id='par_1_2' title="bbox 1269 425 3159 495">
     <span class='ocr_line' id='line_1_2' title="bbox 1269 425 3159 495; baseline 0.005 -13"><span class='ocrx_word' id='word_1_2' title='bbox 1269 425 1653 486; x_wconf 77' lang='lat' dir='ltr'><strong>COLLECTIO</strong></span> <span class='ocrx_word' id='word_1_3' title='bbox 1694 428 2027 488; x_wconf 77' lang='lat' dir='ltr'><strong>CANONUM</strong></span> <span class='ocrx_word' id='word_1_4' title='bbox 2067 428 2124 489; x_wconf 90' lang='lat' dir='ltr'><strong>S.</strong></span> <span class='ocrx_word' id='word_1_5' title='bbox 2167 431 2443 490; x_wconf 82' lang='lat' dir='ltr'><strong>ISIDORO</strong></span> <span class='ocrx_word' id='word_1_6' title='bbox 2483 432 2752 494; x_wconf 82' lang='lat' dir='ltr'><strong>HISPAL.</strong></span> <span class='ocrx_word' id='word_1_7' title='bbox 2797 430 3159 495; x_wconf 73' lang='lat' dir='ltr'><strong>ASCRIPTA.</strong></span> 
     </span>
    </p>
   </div>
   <div class='ocr_carea' id='block_1_3' title="bbox 3738 437 3851 499">
    <p class='ocr_par' dir='ltr' id='par_1_3' title="bbox 3738 437 3851 499">
     <span class='ocr_line' id='line_1_3' title="bbox 3738 437 3851 499; baseline 0 0"><span class='ocrx_word' id='word_1_8' title='bbox 3738 437 3851 499; x_wconf 71' lang='lat'><strong>136</strong></span> 
     </span>
    </p>
   </div>
   <div class='ocr_carea' id='block_1_4' title="bbox 568 538 3848 626">
    <p class='ocr_par' dir='ltr' id='par_1_4' title="bbox 568 538 3848 626">
     <span class='ocr_line' id='line_1_4' title="bbox 568 538 3848 626; baseline 0.006 -29"><span class='ocrx_word' id='word_1_9' title='bbox 568 552 748 598; x_wconf 89' lang='lat' dir='ltr'><strong>autem</strong></span> <span class='ocrx_word' id='word_1_10' title='bbox 796 541 888 614; x_wconf 87' lang='lat' dir='ltr'><strong>qui</strong></span> <span class='ocrx_word' id='word_1_11' title='bbox 932 542 1160 599; x_wconf 89' lang='lat' dir='ltr'><strong>antehac</strong></span> <span class='ocrx_word' id='word_1_12' title='bbox 1201 544 1427 600; x_wconf 96' lang='lat' dir='ltr'><strong>ordinati</strong></span> <span class='ocrx_word' id='word_1_13' title='bbox 1476 557 1600 602; x_wconf 92' lang='lat' dir='ltr'><strong>sunt</strong></span> <span class='ocrx_word' id='word_1_14' title='bbox 1650 550 1780 605; x_wconf 87' lang='lat' dir='ltr'><strong>nihil</strong></span> <span class='ocrx_word' id='word_1_15' title='bbox 1831 567 1987 621; x_wconf 88' lang='lat' dir='ltr'><strong>agere</strong></span> <span class='ocrx_word' id='word_1_16' title='bbox 2035 553 2151 607; x_wconf 90' lang='lat' dir='ltr'><strong>sine</strong></span> <span class='ocrx_word' id='word_1_17' title='bbox 2179 556 2225 615; x_wconf 75' lang='grc' dir='ltr'><strong>Α</strong></span> <span class='ocrx_word' id='word_1_18' title='bbox 2256 552 2457 622; x_wconf 81' lang='lat' dir='ltr'><strong>Regum</strong></span> <span class='ocrx_word' id='word_1_19' title='bbox 2511 565 2537 591; x_wconf 85' lang='grc' dir='ltr'>ι</span> <span class='ocrx_word' id='word_1_20' title='bbox 2586 554 2706 608; x_wconf 88' lang='lat' dir='ltr'><strong>libri</strong></span> <span class='ocrx_word' id='word_1_21' title='bbox 2759 554 2847 613; x_wconf 85' lang='lat' dir='ltr'><strong>IV.</strong></span> <span class='ocrx_word' id='word_1_22' title='bbox 2899 556 3343 626; x_wconf 79' lang='lat' dir='ltr'><strong>Paralipomenon</strong></span> <span class='ocrx_word' id='word_1_23' title='bbox 3390 538 3514 612; x_wconf 82' lang='lat' dir='ltr'><strong>libri</strong></span> <span class='ocrx_word' id='word_1_24' title='bbox 3554 554 3612 613; x_wconf 85' lang='lat' dir='ltr'>II.</span> <span class='ocrx_word' id='word_1_25' title='bbox 3660 558 3848 617; x_wconf 70' lang='lat' dir='ltr'><strong>Esdrte</strong></span> 
     </span>
    </p>
   </div>
   <div class='ocr_carea' id='block_1_5' title="bbox 565 635 2151 710">
    <p class='ocr_par' dir='ltr' id='par_1_5' title="bbox 565 635 2151 710">
     <span class='ocr_line' id='line_1_5' title="bbox 565 635 2151 710; baseline 0.004 -20"><span class='ocrx_word' id='word_1_26' title='bbox 565 635 895 690; x_wconf 86' lang='lat' dir='ltr'><strong>conscientia</strong></span> <span class='ocrx_word' id='word_1_27' title='bbox 926 636 1164 706; x_wconf 86' lang='lat' dir='ltr'><strong>episcopi</strong></span> <span class='ocrx_word' id='word_1_28' title='bbox 1206 636 1483 693; x_wconf 77' lang='lat' dir='ltr'><strong>civitatis:</strong></span> <span class='ocrx_word' id='word_1_29' title='bbox 1517 640 1766 696; x_wconf 76' lang='lat' dir='ltr'><strong>similiter</strong></span> <span class='ocrx_word' id='word_1_30' title='bbox 1794 643 1956 697; x_wconf 80' lang='lat' dir='ltr'><strong>etiam</strong></span> <span class='ocrx_word' id='word_1_31' title='bbox 2001 658 2151 710; x_wconf 84' lang='lat' dir='ltr'><strong>prcs-</strong></span> 
     </span>
    </p>
   </div>
   <div class='ocr_carea' id='block_1_6' title="bbox 564 725 2151 805">
    <p class='ocr_par' dir='ltr' id='par_1_6' title="bbox 564 725 2151 805">
     <span class='ocr_line' id='line_1_6' title="bbox 564 725 2151 805; baseline 0.004 -23"><span class='ocrx_word' id='word_1_32' title='bbox 564 726 739 798; x_wconf 82' lang='lat' dir='ltr'><strong>byteri</strong></span> <span class='ocrx_word' id='word_1_33' title='bbox 804 725 934 782; x_wconf 87' lang='lat' dir='ltr'><strong>nihil</strong></span> <span class='ocrx_word' id='word_1_34' title='bbox 1000 726 1113 782; x_wconf 88' lang='lat' dir='ltr'><strong>sine</strong></span> <span class='ocrx_word' id='word_1_35' title='bbox 1176 739 1447 798; x_wconf 66' lang='lat' dir='ltr'><strong>prmeepto</strong></span> <span class='ocrx_word' id='word_1_36' title='bbox 1509 740 1566 787; x_wconf 91' lang='lat' dir='ltr'><strong>et</strong></span> <span class='ocrx_word' id='word_1_37' title='bbox 1606 733 1858 788; x_wconf 84' lang='lat' dir='ltr'><strong>consilio</strong></span> <span class='ocrx_word' id='word_1_38' title='bbox 1914 734 2151 805; x_wconf 85' lang='lat' dir='ltr'><strong>episcopi</strong></span> 
     </span>
    </p>
   </div>
   <div class='ocr_carea' id='block_1_7' title="bbox 565 827 744 888">
    <p class='ocr_par' dir='ltr' id='par_1_7' title="bbox 565 827 744 888">
     <span class='ocr_line' id='line_1_7' title="bbox 565 827 744 888; baseline 0.011 -17"><span class='ocrx_word' id='word_1_39' title='bbox 565 827 744 888; x_wconf 85' lang='lat' dir='ltr'><strong>agant.</strong></span> 
     </span>
    </p>
   </div>
   <div class='ocr_carea' id='block_1_8' title="bbox 563 913 2151 992">
    <p class='ocr_par' dir='ltr' id='par_1_8' title="bbox 563 913 2151 992">
     <span class='ocr_line' id='line_1_8' title="bbox 563 913 2151 992; baseline 0.004 -23"><span class='ocrx_word' id='word_1_40' title='bbox 563 913 741 970; x_wconf 81' lang='lat' dir='ltr'><strong>LVIII.</strong></span> <span class='ocrx_word' id='word_1_41' title='bbox 768 913 889 969; x_wconf 86' lang='lat' dir='ltr'><strong>Non</strong></span> <span class='ocrx_word' id='word_1_42' title='bbox 911 921 1151 992; x_wconf 74' lang='lat' dir='ltr'><strong>aporlere</strong></span> <span class='ocrx_word' id='word_1_43' title='bbox 1166 916 1220 969; x_wconf 88' lang='lat' dir='ltr'><strong>in</strong></span> <span class='ocrx_word' id='word_1_44' title='bbox 1244 916 1474 992; x_wconf 60' lang='lat' dir='ltr'><strong>flantibus</strong></span> <span class='ocrx_word' id='word_1_45' title='bbox 1498 919 1559 992; x_wconf 66' lang='lat' dir='ltr'><strong>alt</strong></span> <span class='ocrx_word' id='word_1_46' title='bbox 1580 918 1827 992; x_wconf 79' lang='lat' dir='ltr'><strong>episcopis</strong></span> <span class='ocrx_word' id='word_1_47' title='bbox 1848 920 1924 974; x_wconf 79' lang='lat' dir='ltr'><strong>vel</strong></span> <span class='ocrx_word' id='word_1_48' title='bbox 1947 919 2151 992; x_wconf 79' lang='lat' dir='ltr'><strong>presby-</strong></span> 
     </span>
    </p>
   </div>
   <div class='ocr_carea' id='block_1_9' title="bbox 1030 986 1650 1058">
    <p class='ocr_par' dir='ltr' id='par_1_9' title="bbox 1030 986 1650 1058">
     <span class='ocr_line' id='line_1_9' title="bbox 1030 986 1650 1058; baseline 0.005 -17"><span class='ocrx_word' id='word_1_49' title='bbox 1030 1034 1035 1041; x_wconf 94' lang='lat'><strong>.</strong></span> <span class='ocrx_word' id='word_1_50' title='bbox 1058 987 1178 1040; x_wconf 85' lang='lat' dir='ltr'><strong>teris</strong></span> <span class='ocrx_word' id='word_1_51' title='bbox 1207 986 1488 1043; x_wconf 70' lang='lat' dir='ltr'><strong>oblationes</strong></span> <span class='ocrx_word' id='word_1_52' title='bbox 1518 986 1650 1058; x_wconf 76' lang='lat' dir='ltr'><strong>ﬁeri.</strong></span> 
     </span>
    </p>
   </div>
   <div class='ocr_carea' id='block_1_10' title="bbox 632 1075 2152 1153">
    <p class='ocr_par' dir='ltr' id='par_1_10' title="bbox 632 1075 2152 1153">
     <span class='ocr_line' id='line_1_10' title="bbox 632 1075 2152 1153; baseline 0.007 -23"><span class='ocrx_word' id='word_1_53' title='bbox 632 1075 744 1131; x_wconf 86' lang='lat' dir='ltr'><strong>Non</strong></span> <span class='ocrx_word' id='word_1_54' title='bbox 776 1085 986 1145; x_wconf 76' lang='lat' dir='ltr'><strong>Oportet</strong></span> <span class='ocrx_word' id='word_1_55' title='bbox 1014 1077 1066 1133; x_wconf 91' lang='lat' dir='ltr'><strong>in</strong></span> <span class='ocrx_word' id='word_1_56' title='bbox 1100 1077 1346 1134; x_wconf 87' lang='lat' dir='ltr'><strong>domibus</strong></span> <span class='ocrx_word' id='word_1_57' title='bbox 1375 1079 1674 1137; x_wconf 75' lang='lat' dir='ltr'><strong>oblationes</strong></span> <span class='ocrx_word' id='word_1_58' title='bbox 1712 1082 1779 1137; x_wconf 90' lang='lat' dir='ltr'><strong>ab</strong></span> <span class='ocrx_word' id='word_1_59' title='bbox 1803 1082 2068 1153; x_wconf 80' lang='lat' dir='ltr'><strong>episcopis</strong></span> <span class='ocrx_word' id='word_1_60' title='bbox 2098 1093 2152 1140; x_wconf 89' lang='lat' dir='ltr'><strong>et</strong></span> 
     </span>
    </p>
   </div>
   <div class='ocr_carea' id='block_1_11' title="bbox 559 1171 1056 1242">
    <p class='ocr_par' dir='ltr' id='par_1_11' title="bbox 559 1171 1056 1242">
     <span class='ocr_line' id='line_1_11' title="bbox 559 1171 1056 1242; baseline 0.014 -22"><span class='ocrx_word' id='word_1_61' title='bbox 559 1171 887 1242; x_wconf 76' lang='lat' dir='ltr'><strong>presbyteris</strong></span> <span class='ocrx_word' id='word_1_62' title='bbox 917 1173 1056 1227; x_wconf 81' lang='lat' dir='ltr'><strong>ﬁeri.</strong></span> 
     </span>
    </p>
   </div>
   <div class='ocr_carea' id='block_1_12' title="bbox 554 1282 2150 1358">
    <p class='ocr_par' dir='ltr' id='par_1_12' title="bbox 554 1282 2150 1358">
     <span class='ocr_line' id='line_1_12' title="bbox 554 1282 2150 1358; baseline 0.006 -20"><span class='ocrx_word' id='word_1_63' title='bbox 554 1282 691 1340; x_wconf 69' lang='lat' dir='ltr'><strong>MK.</strong></span> <span class='ocrx_word' id='word_1_64' title='bbox 724 1283 845 1340; x_wconf 88' lang='lat' dir='ltr'><strong>Non</strong></span> <span class='ocrx_word' id='word_1_65' title='bbox 876 1286 1029 1358; x_wconf 77' lang='lat' dir='ltr'><strong>licere</strong></span> <span class='ocrx_word' id='word_1_66' title='bbox 1054 1287 1276 1358; x_wconf 81' lang='lat' dir='ltr'><strong>psalmos</strong></span> <span class='ocrx_word' id='word_1_67' title='bbox 1297 1288 1360 1341; x_wconf 84' lang='lat' dir='ltr'><strong>ab</strong></span> <span class='ocrx_word' id='word_1_68' title='bbox 1382 1288 1556 1343; x_wconf 87' lang='lat' dir='ltr'><strong>idiotis</strong></span> <span class='ocrx_word' id='word_1_69' title='bbox 1584 1292 1888 1358; x_wconf 87' lang='lat' dir='ltr'><strong>compositos</strong></span> <span class='ocrx_word' id='word_1_70' title='bbox 1914 1290 1970 1345; x_wconf 88' lang='lat' dir='ltr'><strong>in</strong></span> <span class='ocrx_word' id='word_1_71' title='bbox 1991 1292 2150 1347; x_wconf 87' lang='lat' dir='ltr'><strong>eccle-</strong></span> 
     </span>
    </p>
   </div>
   <div class='ocr_carea' id='block_1_13' title="bbox 844 1357 1861 1426">
    <p class='ocr_par' dir='ltr' id='par_1_13' title="bbox 844 1357 1861 1426">
     <span class='ocr_line' id='line_1_13' title="bbox 844 1357 1861 1426; baseline 0.007 -18"><span class='ocrx_word' id='word_1_72' title='bbox 844 1358 921 1409; x_wconf 86' lang='lat' dir='ltr'><strong>sia</strong></span> <span class='ocrx_word' id='word_1_73' title='bbox 952 1357 1051 1411; x_wconf 87' lang='lat' dir='ltr'><strong>dici</strong></span> <span class='ocrx_word' id='word_1_74' title='bbox 1081 1373 1101 1411; x_wconf 89' lang='lat'><strong><em>:</em></strong></span> <span class='ocrx_word' id='word_1_75' title='bbox 1121 1368 1168 1412; x_wconf 85' lang='lat' dir='ltr'><strong>et</strong></span> <span class='ocrx_word' id='word_1_76' title='bbox 1197 1360 1284 1426; x_wconf 85' lang='lat' dir='ltr'><strong>qui</strong></span> <span class='ocrx_word' id='word_1_77' title='bbox 1322 1360 1420 1413; x_wconf 84' lang='lat' dir='ltr'><strong>sint</strong></span> <span class='ocrx_word' id='word_1_78' title='bbox 1451 1359 1570 1413; x_wconf 82' lang='lat' dir='ltr'><strong>libri</strong></span> <span class='ocrx_word' id='word_1_79' title='bbox 1610 1357 1861 1415; x_wconf 87' lang='lat' dir='ltr'><strong>canonici.</strong></span> 
     </span>
    </p>
   </div>
   <div class='ocr_carea' id='block_1_14' title="bbox 624 1462 2151 1541">
    <p class='ocr_par' dir='ltr' id='par_1_14' title="bbox 624 1462 2151 1541">
     <span class='ocr_line' id='line_1_14' title="bbox 624 1462 2151 1541; baseline 0.008 -21"><span class='ocrx_word' id='word_1_80' title='bbox 624 1462 739 1521; x_wconf 85' lang='lat' dir='ltr'><strong>Non</strong></span> <span class='ocrx_word' id='word_1_81' title='bbox 770 1476 984 1537; x_wconf 84' lang='lat' dir='ltr'><strong>oportet</strong></span> <span class='ocrx_word' id='word_1_82' title='bbox 1014 1467 1082 1523; x_wconf 92' lang='lat' dir='ltr'><strong>ab</strong></span> <span class='ocrx_word' id='word_1_83' title='bbox 1117 1467 1297 1524; x_wconf 85' lang='lat' dir='ltr'><strong>idiotis</strong></span> <span class='ocrx_word' id='word_1_84' title='bbox 1328 1470 1560 1539; x_wconf 82' lang='lat' dir='ltr'><strong>psalmos</strong></span> <span class='ocrx_word' id='word_1_85' title='bbox 1598 1474 1926 1541; x_wconf 89' lang='lat' dir='ltr'><strong>compositos</strong></span> <span class='ocrx_word' id='word_1_86' title='bbox 1953 1481 2009 1529; x_wconf 92' lang='lat' dir='ltr'><strong>et</strong></span> <span class='ocrx_word' id='word_1_87' title='bbox 2037 1474 2151 1531; x_wconf 90' lang='lat' dir='ltr'><strong>vul-</strong></span> 
     </span>
    </p>
   </div>
   <div class='ocr_carea' id='block_1_15' title="bbox 553 1558 2149 1631">
    <p class='ocr_par' dir='ltr' id='par_1_15' title="bbox 553 1558 2149 1631">
     <span class='ocr_line' id='line_1_15' title="bbox 553 1558 2149 1631; baseline 0.007 -20"><span class='ocrx_word' id='word_1_88' title='bbox 553 1570 712 1627; x_wconf 86' lang='lat' dir='ltr'><strong>gares</strong></span> <span class='ocrx_word' id='word_1_89' title='bbox 740 1558 793 1612; x_wconf 92' lang='lat' dir='ltr'><strong>in</strong></span> <span class='ocrx_word' id='word_1_90' title='bbox 830 1558 1074 1614; x_wconf 91' lang='lat' dir='ltr'><strong>ecclesiis</strong></span> <span class='ocrx_word' id='word_1_91' title='bbox 1122 1560 1249 1627; x_wconf 78' lang='lat' dir='ltr'><strong>dici,</strong></span> <span class='ocrx_word' id='word_1_92' title='bbox 1280 1575 1451 1631; x_wconf 90' lang='lat' dir='ltr'><strong>neque</strong></span> <span class='ocrx_word' id='word_1_93' title='bbox 1494 1561 1659 1616; x_wconf 88' lang='lat' dir='ltr'><strong>libros</strong></span> <span class='ocrx_word' id='word_1_94' title='bbox 1705 1563 1793 1629; x_wconf 87' lang='lat' dir='ltr'><strong>qui</strong></span> <span class='ocrx_word' id='word_1_95' title='bbox 1839 1573 1963 1619; x_wconf 89' lang='lat' dir='ltr'><strong>sunt</strong></span> <span class='ocrx_word' id='word_1_96' title='bbox 1997 1575 2149 1622; x_wconf 81' lang='lat' dir='ltr'><strong>extra</strong></span> 
     </span>
    </p>
   </div>
   <div class='ocr_carea' id='block_1_16' title="bbox 554 1653 2150 1723">
    <p class='ocr_par' dir='ltr' id='par_1_16' title="bbox 554 1653 2150 1723">
     <span class='ocr_line' id='line_1_16' title="bbox 554 1653 2150 1723; baseline 0.008 -19"><span class='ocrx_word' id='word_1_97' title='bbox 554 1666 820 1706; x_wconf 88' lang='lat' dir='ltr'><strong>canonem</strong></span> <span class='ocrx_word' id='word_1_98' title='bbox 851 1653 1050 1723; x_wconf 80' lang='lat' dir='ltr'><strong>legere,</strong></span> <span class='ocrx_word' id='word_1_99' title='bbox 1076 1655 1178 1710; x_wconf 90' lang='lat' dir='ltr'><strong>nisi</strong></span> <span class='ocrx_word' id='word_1_100' title='bbox 1205 1656 1349 1711; x_wconf 89' lang='lat' dir='ltr'><strong>solos</strong></span> <span class='ocrx_word' id='word_1_101' title='bbox 1377 1657 1665 1712; x_wconf 87' lang='lat' dir='ltr'><strong>canonicos</strong></span> <span class='ocrx_word' id='word_1_102' title='bbox 1693 1654 1827 1713; x_wconf 83' lang='lat' dir='ltr'><strong>Novi</strong></span> <span class='ocrx_word' id='word_1_103' title='bbox 1859 1668 1914 1714; x_wconf 91' lang='lat' dir='ltr'><strong>et</strong></span> <span class='ocrx_word' id='word_1_104' title='bbox 1942 1657 2150 1716; x_wconf 79' lang='lat' dir='ltr'><strong>Veteris</strong></span> 
     </span>
    </p>
   </div>
   <div class='ocr_carea' id='block_1_17' title="bbox 553 1738 2149 1818">
    <p class='ocr_par' dir='ltr' id='par_1_17' title="bbox 553 1738 2149 1818">
     <span class='ocr_line' id='line_1_17' title="bbox 553 1738 2149 1818; baseline 0.006 -21"><span class='ocrx_word' id='word_1_105' title='bbox 553 1738 904 1799; x_wconf 80' lang='lat' dir='ltr'><strong>Testamenti.</strong></span> <span class='ocrx_word' id='word_1_106' title='bbox 932 1744 1062 1813; x_wconf 64' lang='lat' dir='ltr'><strong>Quae</strong></span> <span class='ocrx_word' id='word_1_107' title='bbox 1090 1756 1269 1802; x_wconf 88' lang='lat' dir='ltr'><strong>autem</strong></span> <span class='ocrx_word' id='word_1_108' title='bbox 1300 1755 1545 1817; x_wconf 85' lang='lat' dir='ltr'><strong>oporteat</strong></span> <span class='ocrx_word' id='word_1_109' title='bbox 1570 1747 1671 1818; x_wconf 91' lang='lat' dir='ltr'><strong>legi</strong></span> <span class='ocrx_word' id='word_1_110' title='bbox 1700 1757 1754 1804; x_wconf 91' lang='lat' dir='ltr'><strong>et</strong></span> <span class='ocrx_word' id='word_1_111' title='bbox 1782 1750 1833 1804; x_wconf 92' lang='lat' dir='ltr'><strong>in</strong></span> <span class='ocrx_word' id='word_1_112' title='bbox 1860 1749 2149 1807; x_wconf 84' lang='lat' dir='ltr'><strong>auctorita-</strong></span> 
     </span>
    </p>
   </div>
   <div class='ocr_carea' id='block_1_18' title="bbox 552 1839 1213 1908">
    <p class='ocr_par' dir='ltr' id='par_1_18' title="bbox 552 1839 1213 1908">
     <span class='ocr_line' id='line_1_18' title="bbox 552 1839 1213 1908; baseline 0.011 -18"><span class='ocrx_word' id='word_1_113' title='bbox 552 1841 660 1891; x_wconf 87' lang='lat' dir='ltr'><strong>tem</strong></span> <span class='ocrx_word' id='word_1_114' title='bbox 690 1840 856 1908; x_wconf 89' lang='lat' dir='ltr'><strong>recipi</strong></span> <span class='ocrx_word' id='word_1_115' title='bbox 886 1839 1002 1895; x_wconf 66' lang='lat' dir='ltr'><strong>hac</strong></span> <span class='ocrx_word' id='word_1_116' title='bbox 1041 1850 1166 1896; x_wconf 90' lang='lat' dir='ltr'><strong>sunt</strong></span> <span class='ocrx_word' id='word_1_117' title='bbox 1197 1856 1213 1898; x_wconf 86' lang='lat'><strong>:</strong></span> 
     </span>
    </p>
   </div>
   <div class='ocr_carea' id='block_1_19' title="bbox 2254 641 3848 716">
    <p class='ocr_par' dir='ltr' id='par_1_19' title="bbox 2254 641 3848 716">
     <span class='ocr_line' id='line_1_19' title="bbox 2254 641 3848 716; baseline 0.008 -21"><span class='ocrx_word' id='word_1_118' title='bbox 2254 641 2372 715; x_wconf 75' lang='grc'><strong>[1]..</strong></span> <span class='ocrx_word' id='word_1_119' title='bbox 2408 642 2584 716; x_wconf 81' lang='lat' dir='ltr'><strong>Ezra].</strong></span> <span class='ocrx_word' id='word_1_120' title='bbox 2620 644 2779 701; x_wconf 88' lang='lat' dir='ltr'><strong>Liber</strong></span> <span class='ocrx_word' id='word_1_121' title='bbox 2809 648 3139 702; x_wconf 89' lang='lat' dir='ltr'><strong>Psalmorutn</strong></span> <span class='ocrx_word' id='word_1_122' title='bbox 3172 662 3394 704; x_wconf 90' lang='lat' dir='ltr'><strong>numero</strong></span> <span class='ocrx_word' id='word_1_123' title='bbox 3419 648 3527 704; x_wconf 85' lang='lat' dir='ltr'><strong>CL.</strong></span> <span class='ocrx_word' id='word_1_124' title='bbox 3556 649 3848 707; x_wconf 81' lang='lat' dir='ltr'><strong>Proverbia</strong></span> 
     </span>
    </p>
   </div>
   <div class='ocr_carea' id='block_1_20' title="bbox 2252 736 3846 801">
    <p class='ocr_par' dir='ltr' id='par_1_20' title="bbox 2252 736 3846 801">
     <span class='ocr_line' id='line_1_20' title="bbox 2252 736 3846 801; baseline 0.006 -10"><span class='ocrx_word' id='word_1_125' title='bbox 2252 736 2576 793; x_wconf 88' lang='lat' dir='ltr'><strong>Salomonis.</strong></span> <span class='ocrx_word' id='word_1_126' title='bbox 2625 739 3000 796; x_wconf 83' lang='lat' dir='ltr'><strong>Ecclesiastes.</strong></span> <span class='ocrx_word' id='word_1_127' title='bbox 3049 739 3267 797; x_wconf 84' lang='lat' dir='ltr'><strong>Cantica</strong></span> <span class='ocrx_word' id='word_1_128' title='bbox 3311 742 3663 798; x_wconf 90' lang='lat' dir='ltr'><strong>canticorum.</strong></span> <span class='ocrx_word' id='word_1_129' title='bbox 3720 744 3846 801; x_wconf 91' lang='lat' dir='ltr'><strong>Job.</strong></span> 
     </span>
    </p>
   </div>
   <div class='ocr_carea' id='block_1_21' title="bbox 2254 831 3846 905">
    <p class='ocr_par' dir='ltr' id='par_1_21' title="bbox 2254 831 3846 905">
     <span class='ocr_line' id='line_1_21' title="bbox 2254 831 3846 905; baseline 0.007 -20"><span class='ocrx_word' id='word_1_130' title='bbox 2254 831 2467 887; x_wconf 89' lang='lat' dir='ltr'><strong>Estlter.</strong></span> <span class='ocrx_word' id='word_1_131' title='bbox 2501 833 2747 890; x_wconf 88' lang='lat' dir='ltr'><strong>Sedecim</strong></span> <span class='ocrx_word' id='word_1_132' title='bbox 2796 834 3180 905; x_wconf 87' lang='lat' dir='ltr'><strong>prophetarum</strong></span> <span class='ocrx_word' id='word_1_133' title='bbox 3226 835 3371 902; x_wconf 89' lang='lat' dir='ltr'><strong>libri,</strong></span> <span class='ocrx_word' id='word_1_134' title='bbox 3416 836 3469 891; x_wconf 88' lang='lat' dir='ltr'><strong>id</strong></span> <span class='ocrx_word' id='word_1_135' title='bbox 3515 845 3637 894; x_wconf 83' lang='lat' dir='ltr'><strong>est:</strong></span> <span class='ocrx_word' id='word_1_136' title='bbox 3667 837 3846 904; x_wconf 69' lang='lat' dir='ltr'><strong>08cm.</strong></span> 
     </span>
    </p>
   </div>
   <div class='ocr_carea' id='block_1_22' title="bbox 2242 923 3852 995">
    <p class='ocr_par' dir='ltr' id='par_1_22' title="bbox 2242 923 3852 995">
     <span class='ocr_line' id='line_1_22' title="bbox 2242 923 3852 995; baseline 0.004 -18"><span class='ocrx_word' id='word_1_137' title='bbox 2242 924 2441 990; x_wconf 76' lang='lat' dir='ltr'><strong>Amos,</strong></span> <span class='ocrx_word' id='word_1_138' title='bbox 2473 923 2611 989; x_wconf 89' lang='lat' dir='ltr'><strong>Joel,</strong></span> <span class='ocrx_word' id='word_1_139' title='bbox 2642 925 2863 993; x_wconf 87' lang='lat' dir='ltr'><strong>Abdias,</strong></span> <span class='ocrx_word' id='word_1_140' title='bbox 2911 925 3098 994; x_wconf 87' lang='lat' dir='ltr'><strong>Jonas,</strong></span> <span class='ocrx_word' id='word_1_141' title='bbox 3148 926 3418 995; x_wconf 68' lang='lat' dir='ltr'><strong>Michzas,</strong></span> <span class='ocrx_word' id='word_1_142' title='bbox 3471 927 3705 995; x_wconf 82' lang='lat' dir='ltr'><strong>Nahum,</strong></span> <span class='ocrx_word' id='word_1_143' title='bbox 3737 930 3852 984; x_wconf 87' lang='lat' dir='ltr'><strong>lla-</strong></span> 
     </span>
    </p>
   </div>
   <div class='ocr_carea' id='block_1_23' title="bbox 2251 1013 3846 1090">
    <p class='ocr_par' dir='ltr' id='par_1_23' title="bbox 2251 1013 3846 1090">
     <span class='ocr_line' id='line_1_23' title="bbox 2251 1013 3846 1090; baseline 0.004 -20"><span class='ocrx_word' id='word_1_144' title='bbox 2251 1013 2440 1085; x_wconf 87' lang='lat' dir='ltr'><strong>bacuc,</strong></span> <span class='ocrx_word' id='word_1_145' title='bbox 2491 1015 2828 1086; x_wconf 83' lang='lat' dir='ltr'><strong>Sophonias,</strong></span> <span class='ocrx_word' id='word_1_146' title='bbox 2875 1018 3122 1088; x_wconf 71' lang='lat' dir='ltr'><strong>Aggarns,</strong></span> <span class='ocrx_word' id='word_1_147' title='bbox 3171 1017 3493 1088; x_wconf 85' lang='lat' dir='ltr'><strong>Zacharias,</strong></span> <span class='ocrx_word' id='word_1_148' title='bbox 3535 1019 3846 1090; x_wconf 74' lang='lat' dir='ltr'><strong>Malacltias,</strong></span> 
     </span>
    </p>
   </div>
   <div class='ocr_carea' id='block_1_24' title="bbox 2251 1104 3323 1175">
    <p class='ocr_par' dir='ltr' id='par_1_24' title="bbox 2251 1104 3323 1175">
     <span class='ocr_line' id='line_1_24' title="bbox 2251 1104 3323 1175; baseline 0.006 -16"><span class='ocrx_word' id='word_1_149' title='bbox 2251 1104 2459 1173; x_wconf 85' lang='lat' dir='ltr'><strong>Esaias,</strong></span> <span class='ocrx_word' id='word_1_150' title='bbox 2491 1105 2776 1175; x_wconf 87' lang='lat' dir='ltr'><strong>Jeremias,</strong></span> <span class='ocrx_word' id='word_1_151' title='bbox 2810 1108 3079 1174; x_wconf 80' lang='lat' dir='ltr'><strong>Ezechiel,</strong></span> <span class='ocrx_word' id='word_1_152' title='bbox 3113 1108 3323 1165; x_wconf 89' lang='lat' dir='ltr'><strong>Daniel.</strong></span> 
     </span>
    </p>
   </div>
   <div class='ocr_carea' id='block_1_25' title="bbox 2324 1198 3858 1275">
    <p class='ocr_par' dir='ltr' id='par_1_25' title="bbox 2324 1198 3858 1275">
     <span class='ocr_line' id='line_1_25' title="bbox 2324 1198 3858 1275; baseline 0.006 -24"><span class='ocrx_word' id='word_1_153' title='bbox 2324 1198 2475 1253; x_wconf 89' lang='lat' dir='ltr'><strong>Item.</strong></span> <span class='ocrx_word' id='word_1_154' title='bbox 2514 1198 2648 1253; x_wconf 82' lang='lat' dir='ltr'><strong>Novi</strong></span> <span class='ocrx_word' id='word_1_155' title='bbox 2680 1199 3033 1267; x_wconf 85' lang='lat' dir='ltr'><strong>Testamenti,</strong></span> <span class='ocrx_word' id='word_1_156' title='bbox 3056 1199 3109 1255; x_wconf 93' lang='lat' dir='ltr'><strong>id</strong></span> <span class='ocrx_word' id='word_1_157' title='bbox 3140 1211 3223 1256; x_wconf 90' lang='lat' dir='ltr'><strong>est</strong></span> <span class='ocrx_word' id='word_1_158' title='bbox 3263 1201 3673 1273; x_wconf 85' lang='lat' dir='ltr'><strong>Evangeliorum</strong></span> <span class='ocrx_word' id='word_1_159' title='bbox 3723 1202 3858 1275; x_wconf 17' lang='lat' dir='ltr'><strong>libri,</strong></span> 
     </span>
    </p>
   </div>
   <div class='ocr_carea' id='block_1_26' title="bbox 2251 1292 3843 1368">
    <p class='ocr_par' dir='ltr' id='par_1_26' title="bbox 2251 1292 3843 1368">
     <span class='ocr_line' id='line_1_26' title="bbox 2251 1292 3843 1368; baseline 0.004 -22"><span class='ocrx_word' id='word_1_160' title='bbox 2251 1292 2669 1347; x_wconf 86' lang='lat' dir='ltr'><strong>tv:secundum</strong></span> <span class='ocrx_word' id='word_1_161' title='bbox 2717 1293 3048 1361; x_wconf 69' lang='lat' dir='ltr'><strong>Matthmum,</strong></span> <span class='ocrx_word' id='word_1_162' title='bbox 3095 1294 3387 1351; x_wconf 88' lang='lat' dir='ltr'><strong>secundum</strong></span> <span class='ocrx_word' id='word_1_163' title='bbox 3439 1297 3547 1368; x_wconf 81' lang='lat'><strong>59</strong></span> <span class='ocrx_word' id='word_1_164' title='bbox 3583 1297 3843 1363; x_wconf 76' lang='lat' dir='ltr'><strong>Marcum,</strong></span> 
     </span>
    </p>
   </div>
   <div class='ocr_carea' id='block_1_27' title="bbox 2250 1386 3848 1460">
    <p class='ocr_par' dir='ltr' id='par_1_27' title="bbox 2250 1386 3848 1460">
     <span class='ocr_line' id='line_1_27' title="bbox 2250 1386 3848 1460; baseline 0.004 -21"><span class='ocrx_word' id='word_1_165' title='bbox 2250 1386 2545 1441; x_wconf 88' lang='lat' dir='ltr'><strong>secundum</strong></span> <span class='ocrx_word' id='word_1_166' title='bbox 2577 1386 2796 1453; x_wconf 87' lang='lat' dir='ltr'><strong>Lucam,</strong></span> <span class='ocrx_word' id='word_1_167' title='bbox 2830 1388 3124 1443; x_wconf 88' lang='lat' dir='ltr'><strong>secundum</strong></span> <span class='ocrx_word' id='word_1_168' title='bbox 3170 1388 3453 1446; x_wconf 80' lang='lat' dir='ltr'><strong>Joannem.</strong></span> <span class='ocrx_word' id='word_1_169' title='bbox 3503 1390 3668 1446; x_wconf 91' lang='lat' dir='ltr'><strong>Actus</strong></span> <span class='ocrx_word' id='word_1_170' title='bbox 3710 1405 3848 1460; x_wconf 59' lang='lat' dir='ltr'><strong>apo.</strong></span> 
     </span>
    </p>
   </div>
   <div class='ocr_carea' id='block_1_28' title="bbox 2250 1474 3845 1548">
    <p class='ocr_par' dir='ltr' id='par_1_28' title="bbox 2250 1474 3845 1548">
     <span class='ocr_line' id='line_1_28' title="bbox 2250 1474 3845 1548; baseline 0.004 -19"><span class='ocrx_word' id='word_1_171' title='bbox 2250 1474 2529 1529; x_wconf 87' lang='lat' dir='ltr'><strong>stolorum.</strong></span> <span class='ocrx_word' id='word_1_172' title='bbox 2558 1474 2845 1533; x_wconf 70' lang='lat' dir='ltr'><strong>Canonica:</strong></span> <span class='ocrx_word' id='word_1_173' title='bbox 2876 1478 3128 1545; x_wconf 62' lang='lat' dir='ltr'><strong>Epistolas</strong></span> <span class='ocrx_word' id='word_1_174' title='bbox 3154 1494 3225 1534; x_wconf 89' lang='lat' dir='ltr'><strong>vtt</strong></span> <span class='ocrx_word' id='word_1_175' title='bbox 3259 1497 3272 1532; x_wconf 90' lang='lat'>:</span> <span class='ocrx_word' id='word_1_176' title='bbox 3305 1478 3487 1535; x_wconf 87' lang='lat' dir='ltr'><strong>Jacobi</strong></span> <span class='ocrx_word' id='word_1_177' title='bbox 3530 1479 3573 1546; x_wconf 87' lang='lat' dir='ltr'><strong>I,</strong></span> <span class='ocrx_word' id='word_1_178' title='bbox 3601 1480 3745 1536; x_wconf 88' lang='lat' dir='ltr'><strong>Petri</strong></span> <span class='ocrx_word' id='word_1_179' title='bbox 3776 1480 3845 1548; x_wconf 93' lang='lat' dir='ltr'><strong>Il,</strong></span> 
     </span>
    </p>
   </div>
   <div class='ocr_carea' id='block_1_29' title="bbox 2252 1568 3849 1643">
    <p class='ocr_par' dir='ltr' id='par_1_29' title="bbox 2252 1568 3849 1643">
     <span class='ocr_line' id='line_1_29' title="bbox 2252 1568 3849 1643; baseline 0.006 -22"><span class='ocrx_word' id='word_1_180' title='bbox 2252 1568 2422 1636; x_wconf 89' lang='lat' dir='ltr'><strong>prima</strong></span> <span class='ocrx_word' id='word_1_181' title='bbox 2448 1577 2502 1622; x_wconf 91' lang='lat' dir='ltr'><strong>et</strong></span> <span class='ocrx_word' id='word_1_182' title='bbox 2532 1570 2788 1635; x_wconf 86' lang='lat' dir='ltr'><strong>secunda,</strong></span> <span class='ocrx_word' id='word_1_183' title='bbox 2813 1570 3031 1626; x_wconf 88' lang='lat' dir='ltr'><strong>Joannis</strong></span> <span class='ocrx_word' id='word_1_184' title='bbox 3074 1572 3159 1639; x_wconf 91' lang='lat' dir='ltr'><strong>Ill,</strong></span> <span class='ocrx_word' id='word_1_185' title='bbox 3189 1573 3383 1643; x_wconf 88' lang='lat' dir='ltr'><strong>prima,</strong></span> <span class='ocrx_word' id='word_1_186' title='bbox 3414 1584 3467 1630; x_wconf 90' lang='lat' dir='ltr'><strong>et</strong></span> <span class='ocrx_word' id='word_1_187' title='bbox 3503 1575 3759 1643; x_wconf 87' lang='lat' dir='ltr'><strong>secunda,</strong></span> <span class='ocrx_word' id='word_1_188' title='bbox 3789 1588 3849 1631; x_wconf 88' lang='lat' dir='ltr'><strong>et</strong></span> 
     </span>
    </p>
   </div>
   <div class='ocr_carea' id='block_1_30' title="bbox 2252 1660 3845 1736">
    <p class='ocr_par' dir='ltr' id='par_1_30' title="bbox 2252 1660 3845 1736">
     <span class='ocr_line' id='line_1_30' title="bbox 2252 1660 3845 1736; baseline 0.008 -23"><span class='ocrx_word' id='word_1_189' title='bbox 2252 1660 2430 1726; x_wconf 89' lang='lat' dir='ltr'><strong>tertia,</strong></span> <span class='ocrx_word' id='word_1_190' title='bbox 2458 1660 2612 1717; x_wconf 75' lang='lat' dir='ltr'><strong>Juda:</strong></span> <span class='ocrx_word' id='word_1_191' title='bbox 2652 1661 2693 1717; x_wconf 92' lang='lat' dir='ltr'><strong>I.</strong></span> <span class='ocrx_word' id='word_1_192' title='bbox 2726 1663 2979 1732; x_wconf 58' lang='lat' dir='ltr'><strong>Epistolas</strong></span> <span class='ocrx_word' id='word_1_193' title='bbox 3011 1664 3161 1720; x_wconf 82' lang='lat' dir='ltr'><strong>Pauli</strong></span> <span class='ocrx_word' id='word_1_194' title='bbox 3201 1667 3427 1736; x_wconf 87' lang='lat' dir='ltr'><strong>apostoli</strong></span> <span class='ocrx_word' id='word_1_195' title='bbox 3459 1684 3685 1724; x_wconf 91' lang='lat' dir='ltr'><strong>numero</strong></span> <span class='ocrx_word' id='word_1_196' title='bbox 3713 1685 3799 1724; x_wconf 90' lang='lat' dir='ltr'><strong>xtv</strong></span> <span class='ocrx_word' id='word_1_197' title='bbox 3825 1685 3845 1725; x_wconf 91' lang='lat'><strong>:</strong></span> 
     </span>
    </p>
   </div>
   <div class='ocr_carea' id='block_1_31' title="bbox 2249 1752 3843 1835">
    <p class='ocr_par' dir='ltr' id='par_1_31' title="bbox 2249 1752 3843 1835">
     <span class='ocr_line' id='line_1_31' title="bbox 2249 1752 3843 1835; baseline 0.009 -29"><span class='ocrx_word' id='word_1_198' title='bbox 2249 1752 2360 1824; x_wconf 68' lang='grc' dir='ltr'><strong>σο</strong></span> <span class='ocrx_word' id='word_1_199' title='bbox 2389 1753 2467 1809; x_wconf 89' lang='lat' dir='ltr'><strong>Ad</strong></span> <span class='ocrx_word' id='word_1_200' title='bbox 2499 1754 2771 1813; x_wconf 80' lang='lat' dir='ltr'><strong>Romanos</strong></span> <span class='ocrx_word' id='word_1_201' title='bbox 2799 1758 2840 1823; x_wconf 92' lang='lat' dir='ltr'><strong>I,</strong></span> <span class='ocrx_word' id='word_1_202' title='bbox 2868 1759 2934 1815; x_wconf 90' lang='lat' dir='ltr'><strong>ad</strong></span> <span class='ocrx_word' id='word_1_203' title='bbox 2966 1760 3273 1817; x_wconf 86' lang='lat' dir='ltr'><strong>Corinthios</strong></span> <span class='ocrx_word' id='word_1_204' title='bbox 3302 1762 3365 1828; x_wconf 93' lang='lat' dir='ltr'><strong>ll,</strong></span> <span class='ocrx_word' id='word_1_205' title='bbox 3395 1764 3461 1819; x_wconf 92' lang='lat' dir='ltr'><strong>ad</strong></span> <span class='ocrx_word' id='word_1_206' title='bbox 3505 1763 3768 1835; x_wconf 87' lang='lat' dir='ltr'><strong>Ephesios</strong></span> <span class='ocrx_word' id='word_1_207' title='bbox 3796 1765 3843 1831; x_wconf 90' lang='lat' dir='ltr'><strong>I,</strong></span> 
     </span>
    </p>
   </div>
   <div class='ocr_carea' id='block_1_32' title="bbox 2249 1846 3845 1928">
    <p class='ocr_par' dir='ltr' id='par_1_32' title="bbox 2249 1846 3845 1928">
     <span class='ocr_line' id='line_1_32' title="bbox 2249 1846 3845 1928; baseline 0.007 -28"><span class='ocrx_word' id='word_1_208' title='bbox 2249 1846 2316 1902; x_wconf 91' lang='lat' dir='ltr'><strong>ad</strong></span> <span class='ocrx_word' id='word_1_209' title='bbox 2344 1846 2858 1907; x_wconf 83' lang='lat' dir='ltr'><strong>Thessalonicenses</strong></span> <span class='ocrx_word' id='word_1_210' title='bbox 2890 1852 2955 1920; x_wconf 91' lang='lat' dir='ltr'><strong>Il,</strong></span> <span class='ocrx_word' id='word_1_211' title='bbox 2988 1852 3056 1909; x_wconf 94' lang='lat' dir='ltr'><strong>ad</strong></span> <span class='ocrx_word' id='word_1_212' title='bbox 3083 1853 3301 1912; x_wconf 85' lang='lat' dir='ltr'><strong>Galatas</strong></span> <span class='ocrx_word' id='word_1_213' title='bbox 3342 1855 3384 1923; x_wconf 90' lang='lat' dir='ltr'><strong>I,</strong></span> <span class='ocrx_word' id='word_1_214' title='bbox 3428 1856 3495 1912; x_wconf 82' lang='lat' dir='ltr'><strong>ad</strong></span> <span class='ocrx_word' id='word_1_215' title='bbox 3536 1857 3845 1928; x_wconf 87' lang='lat' dir='ltr'><strong>Philippen-</strong></span> 
     </span>
    </p>
   </div>
   <div class='ocr_carea' id='block_1_33' title="bbox 623 1920 3843 2018">
    <p class='ocr_par' dir='ltr' id='par_1_33' title="bbox 623 1920 3843 2018">
     <span class='ocr_line' id='line_1_33' title="bbox 623 1920 3843 2018; baseline 0.007 -33"><span class='ocrx_word' id='word_1_216' title='bbox 623 1929 849 1988; x_wconf 88' lang='lat' dir='ltr'><strong>Genesis</strong></span> <span class='ocrx_word' id='word_1_217' title='bbox 875 1933 1084 1989; x_wconf 90' lang='lat' dir='ltr'><strong>mundi.</strong></span> <span class='ocrx_word' id='word_1_218' title='bbox 1118 1933 1336 1990; x_wconf 86' lang='lat' dir='ltr'><strong>Exodus</strong></span> <span class='ocrx_word' id='word_1_219' title='bbox 1378 1934 1619 2007; x_wconf 65' lang='lat' dir='ltr'><strong>Egypti.</strong></span> <span class='ocrx_word' id='word_1_220' title='bbox 1670 1937 1989 1994; x_wconf 87' lang='lat' dir='ltr'><strong>Leviticum.</strong></span> <span class='ocrx_word' id='word_1_221' title='bbox 2033 1937 2145 1995; x_wconf 84' lang='lat' dir='ltr'><strong>Nu-</strong></span> <span class='ocrx_word' id='word_1_222' title='bbox 2173 1920 2221 1981; x_wconf 83' lang='grc' dir='ltr'><strong>Β</strong></span> <span class='ocrx_word' id='word_1_223' title='bbox 2251 1956 2340 1997; x_wconf 88' lang='lat' dir='ltr'><strong>ses</strong></span> <span class='ocrx_word' id='word_1_224' title='bbox 2368 1942 2413 2008; x_wconf 93' lang='lat' dir='ltr'><strong>l,</strong></span> <span class='ocrx_word' id='word_1_225' title='bbox 2444 1942 2511 1997; x_wconf 91' lang='lat' dir='ltr'><strong>ad</strong></span> <span class='ocrx_word' id='word_1_226' title='bbox 2542 1942 2891 2003; x_wconf 87' lang='lat' dir='ltr'><strong>Colossenses</strong></span> <span class='ocrx_word' id='word_1_227' title='bbox 2914 1946 2955 2012; x_wconf 93' lang='lat' dir='ltr'><strong>I,</strong></span> <span class='ocrx_word' id='word_1_228' title='bbox 2988 1948 3054 2003; x_wconf 90' lang='lat' dir='ltr'><strong>ad</strong></span> <span class='ocrx_word' id='word_1_229' title='bbox 3102 1920 3441 2007; x_wconf 85' lang='lat' dir='ltr'><strong>Timotheum</strong></span> <span class='ocrx_word' id='word_1_230' title='bbox 3470 1949 3533 2018; x_wconf 93' lang='lat' dir='ltr'><strong>ll,</strong></span> <span class='ocrx_word' id='word_1_231' title='bbox 3567 1951 3633 2007; x_wconf 88' lang='lat' dir='ltr'><strong>ad</strong></span> <span class='ocrx_word' id='word_1_232' title='bbox 3664 1920 3843 2007; x_wconf 79' lang='lat' dir='ltr'><strong>‘l‘itum</strong></span> 
     </span>
    </p>
   </div>
   <div class='ocr_carea' id='block_1_34' title="bbox 550 2019 2140 2087">
    <p class='ocr_par' dir='ltr' id='par_1_34' title="bbox 550 2019 2140 2087">
     <span class='ocr_line' id='line_1_34' title="bbox 550 2019 2140 2087; baseline 0.008 -13"><span class='ocrx_word' id='word_1_233' title='bbox 550 2019 706 2074; x_wconf 85' lang='lat' dir='ltr'><strong>meri.</strong></span> <span class='ocrx_word' id='word_1_234' title='bbox 745 2022 1239 2081; x_wconf 89' lang='lat' dir='ltr'><strong>Deuteronomiunt.</strong></span> <span class='ocrx_word' id='word_1_235' title='bbox 1290 2025 1418 2081; x_wconf 91' lang='lat' dir='ltr'><strong>Jesu</strong></span> <span class='ocrx_word' id='word_1_236' title='bbox 1458 2026 1622 2082; x_wconf 83' lang='lat' dir='ltr'><strong>Nave.</strong></span> <span class='ocrx_word' id='word_1_237' title='bbox 1678 2027 1945 2086; x_wconf 89' lang='lat' dir='ltr'><strong>Judicum.</strong></span> <span class='ocrx_word' id='word_1_238' title='bbox 1975 2029 2140 2087; x_wconf 82' lang='lat' dir='ltr'><strong>Ruth.</strong></span> 
     </span>
    </p>
   </div>
   <div class='ocr_carea' id='block_1_35' title="bbox 618 2130 1789 2209">
    <p class='ocr_par' dir='ltr' id='par_1_35' title="bbox 618 2130 1789 2209">
     <span class='ocr_line' id='line_1_35' title="bbox 618 2130 1789 2209; baseline 0.007 -23"><span class='ocrx_word' id='word_1_239' title='bbox 618 2138 647 2169; x_wconf 76' lang='grc' dir='ltr'>ι</span> <span class='ocrx_word' id='word_1_240' title='bbox 673 2130 789 2204; x_wconf 57' lang='grc' dir='ltr'><strong>Αἰ,</strong></span> <span class='ocrx_word' id='word_1_241' title='bbox 822 2134 882 2190; x_wconf 85' lang='grc' dir='ltr'><strong>Β.</strong></span> <span class='ocrx_word' id='word_1_242' title='bbox 909 2136 1000 2203; x_wconf 69' lang='grc'><strong>8.,</strong></span> <span class='ocrx_word' id='word_1_243' title='bbox 1027 2135 1089 2191; x_wconf 80' lang='grc' dir='ltr'><strong>Ε.</strong></span> <span class='ocrx_word' id='word_1_244' title='bbox 1124 2136 1177 2204; x_wconf 74' lang='lat'><strong>5,</strong></span> <span class='ocrx_word' id='word_1_245' title='bbox 1208 2137 1271 2193; x_wconf 89' lang='grc' dir='ltr'><strong>Τ.</strong></span> <span class='ocrx_word' id='word_1_246' title='bbox 1306 2136 1357 2207; x_wconf 80' lang='grc'><strong>1,</strong></span> <span class='ocrx_word' id='word_1_247' title='bbox 1389 2138 1445 2207; x_wconf 91' lang='lat'><strong>2,</strong></span> <span class='ocrx_word' id='word_1_248' title='bbox 1474 2139 1789 2209; x_wconf 82' lang='lat' dir='ltr'><strong>Regnorum.</strong></span> 
     </span>
    </p>
   </div>
   <div class='ocr_carea' id='block_1_36' title="bbox 552 2277 717 2312">
    <p class='ocr_par' dir='ltr' id='par_1_36' title="bbox 552 2277 717 2312">
     <span class='ocr_line' id='line_1_36' title="bbox 552 2277 717 2312; baseline 0.006 -1"><span class='ocrx_word' id='word_1_249' title='bbox 552 2277 717 2312; x_wconf 49' lang='lat' dir='ltr'><strong>Ern-1::</strong></span> 
     </span>
    </p>
   </div>
   <div class='ocr_carea' id='block_1_37' title="bbox 1523 2284 1857 2297">
    <p class='ocr_par' dir='ltr' id='par_1_37' title="bbox 1523 2284 1857 2297">
     <span class='ocr_line' id='line_1_37' title="bbox 1523 2284 1857 2297; baseline 0.009 -10"><span class='ocrx_word' id='word_1_250' title='bbox 1523 2284 1857 2297; x_wconf 50' lang='grc' dir='ltr'>ᾜἭ</span> 
     </span>
    </p>
   </div>
   <div class='ocr_carea' id='block_1_38' title="bbox 1892 2285 2355 2297">
    <p class='ocr_par' dir='ltr' id='par_1_38' title="bbox 1892 2285 2355 2297">
     <span class='ocr_line' id='line_1_38' title="bbox 1892 2285 2355 2297; baseline 0.004 -2"><span class='ocrx_word' id='word_1_251' title='bbox 1892 2285 2355 2297; x_wconf 55' lang='lat' dir='ltr'><strong>...————I—___~</strong></span> 
     </span>
    </p>
   </div>
   <div class='ocr_carea' id='block_1_39' title="bbox 2252 2033 3313 2109">
    <p class='ocr_par' dir='ltr' id='par_1_39' title="bbox 2252 2033 3313 2109">
     <span class='ocr_line' id='line_1_39' title="bbox 2252 2033 3313 2109; baseline 0.008 -19"><span class='ocrx_word' id='word_1_252' title='bbox 2252 2033 2294 2101; x_wconf 90' lang='lat' dir='ltr'><strong>l,</strong></span> <span class='ocrx_word' id='word_1_253' title='bbox 2324 2033 2391 2091; x_wconf 89' lang='lat' dir='ltr'><strong>ad</strong></span> <span class='ocrx_word' id='word_1_254' title='bbox 2416 2035 2785 2096; x_wconf 87' lang='lat' dir='ltr'><strong>Philemonem</strong></span> <span class='ocrx_word' id='word_1_255' title='bbox 2819 2041 2863 2109; x_wconf 89' lang='lat' dir='ltr'><strong>I,</strong></span> <span class='ocrx_word' id='word_1_256' title='bbox 2893 2040 2959 2096; x_wconf 92' lang='lat' dir='ltr'><strong>ad</strong></span> <span class='ocrx_word' id='word_1_257' title='bbox 2990 2041 3242 2099; x_wconf 63' lang='lat' dir='ltr'><strong>Hebraeos</strong></span> <span class='ocrx_word' id='word_1_258' title='bbox 3273 2042 3313 2099; x_wconf 92' lang='grc'><strong>1.</strong></span> 
     </span>
    </p>
   </div>
   <div class='ocr_carea' id='block_1_40' title="bbox 2438 2288 2965 2298">
    <p class='ocr_par' dir='ltr' id='par_1_40' title="bbox 2438 2288 2965 2298">
     <span class='ocr_line' id='line_1_40' title="bbox 2438 2288 2965 2298; baseline -0.002 -1"><span class='ocrx_word' id='word_1_259' title='bbox 2438 2296 2445 2297; x_wconf 33' lang='grc' dir='ltr'><em>κ</em></span> <span class='ocrx_word' id='word_1_260' title='bbox 2462 2288 2965 2298; x_wconf 66' lang='lat'><strong>__-_________.—</strong></span> 
     </span>
    </p>
   </div>
   <div class='ocr_carea' id='block_1_41' title="bbox 2124 2289 3839 2326">
    <p class='ocr_par' dir='ltr' id='par_1_41' title="bbox 2124 2289 3839 2326">
     <span class='ocr_line' id='line_1_41' title="bbox 2124 2289 3839 2326; baseline 0.009 -16"><span class='ocrx_word' id='word_1_261' title='bbox 2124 2289 3839 2326; x_wconf 44' lang='grc' dir='ltr'>Ἥ</span> 
     </span>
    </p>
   </div>
   <div class='ocr_carea' id='block_1_42' title="bbox 2043 2415 2412 2524">
    <p class='ocr_par' dir='ltr' id='par_1_42' title="bbox 2043 2415 2412 2524">
     <span class='ocr_line' id='line_1_42' title="bbox 2043 2415 2412 2524; baseline 0 -3"><span class='ocrx_word' id='word_1_262' title='bbox 2043 2415 2352 2524; x_wconf 84' lang='lat' dir='ltr'><strong>VIII</strong></span> <span class='ocrx_word' id='word_1_263' title='bbox 2374 2481 2412 2521; x_wconf 85' lang='grc'><strong>.</strong></span> 
     </span>
    </p>
   </div>
   <div class='ocr_carea' id='block_1_43' title="bbox 748 2584 3636 2698">
    <p class='ocr_par' dir='ltr' id='par_1_43' title="bbox 748 2584 3636 2698">
     <span class='ocr_line' id='line_1_43' title="bbox 748 2584 3636 2698; baseline 0.006 -17"><span class='ocrx_word' id='word_1_264' title='bbox 748 2596 1413 2687; x_wconf 85' lang='lat' dir='ltr'><strong>CONCILIUM</strong></span> <span class='ocrx_word' id='word_1_265' title='bbox 1494 2584 3045 2694; x_wconf 72' lang='lat' dir='ltr'><strong>CONSTANTINOPOLITANUM</strong></span> <span class='ocrx_word' id='word_1_266' title='bbox 3118 2611 3636 2698; x_wconf 83' lang='lat' dir='ltr'><strong>PRIMUM-</strong></span> 
     </span>
    </p>
   </div>
   <div class='ocr_carea' id='block_1_44' title="bbox 550 2777 3834 2842">
    <p class='ocr_par' dir='ltr' id='par_1_44' title="bbox 550 2777 3834 2842">
     <span class='ocr_line' id='line_1_44' title="bbox 550 2777 3834 2842; baseline 0.004 -18"><span class='ocrx_word' id='word_1_267' title='bbox 550 2777 873 2826; x_wconf 74' lang='lat' dir='ltr'><strong>snvansus</strong></span> <span class='ocrx_word' id='word_1_268' title='bbox 918 2783 1232 2827; x_wconf 69' lang='lat' dir='ltr'><strong>HERESEM</strong></span> <span class='ocrx_word' id='word_1_269' title='bbox 1310 2786 1737 2831; x_wconf 69' lang='lat' dir='ltr'><strong>MACEDONIAM</strong></span> <span class='ocrx_word' id='word_1_270' title='bbox 1783 2786 1810 2816; x_wconf 75' lang='grc' dir='ltr'>ι</span> <span class='ocrx_word' id='word_1_271' title='bbox 1863 2784 2123 2830; x_wconf 73' lang='lat' dir='ltr'><strong>mc&#39;wat</strong></span> <span class='ocrx_word' id='word_1_272' title='bbox 2168 2785 2249 2827; x_wconf 68' lang='lat' dir='ltr'><strong>an</strong></span> <span class='ocrx_word' id='word_1_273' title='bbox 2322 2783 2635 2829; x_wconf 76' lang='lat' dir='ltr'><strong>EPISCOPIS</strong></span> <span class='ocrx_word' id='word_1_274' title='bbox 2708 2784 2973 2829; x_wconf 70' lang='lat' dir='ltr'><strong>NUIEBO</strong></span> <span class='ocrx_word' id='word_1_275' title='bbox 3025 2786 3285 2833; x_wconf 67' lang='lat' dir='ltr'><strong>caurum</strong></span> <span class='ocrx_word' id='word_1_276' title='bbox 3354 2788 3834 2842; x_wconf 64' lang='lat' dir='ltr'><strong>numquam“</strong></span> 
     </span>
    </p>
   </div>
   <div class='ocr_carea' id='block_1_45' title="bbox 824 2850 3549 2929">
    <p class='ocr_par' dir='ltr' id='par_1_45' title="bbox 824 2850 3549 2929">
     <span class='ocr_line' id='line_1_45' title="bbox 824 2850 3549 2929; baseline 0.004 -26"><span class='ocrx_word' id='word_1_277' title='bbox 824 2861 940 2904; x_wconf 83' lang='lat' dir='ltr'><strong>sun</strong></span> <span class='ocrx_word' id='word_1_278' title='bbox 982 2862 1344 2911; x_wconf 75' lang='lat' dir='ltr'><strong>THEODOSIO</strong></span> <span class='ocrx_word' id='word_1_279' title='bbox 1390 2868 1667 2929; x_wconf 72' lang='lat' dir='ltr'><strong>manus,</strong></span> <span class='ocrx_word' id='word_1_280' title='bbox 1719 2864 1971 2913; x_wconf 74' lang='lat' dir='ltr'><strong>IIAGBIO</strong></span> <span class='ocrx_word' id='word_1_281' title='bbox 2010 2867 2090 2909; x_wconf 74' lang='lat' dir='ltr'><strong>nr</strong></span> <span class='ocrx_word' id='word_1_282' title='bbox 2121 2863 2446 2908; x_wconf 76' lang='lat' dir='ltr'><strong>EUCHERIO</strong></span> <span class='ocrx_word' id='word_1_283' title='bbox 2491 2864 2895 2919; x_wconf 76' lang='lat' dir='ltr'><strong>CONSULIBUS,</strong></span> <span class='ocrx_word' id='word_1_284' title='bbox 2954 2867 3095 2910; x_wconf 69' lang='lat' dir='ltr'><strong>astu</strong></span> <span class='ocrx_word' id='word_1_285' title='bbox 3142 2868 3463 2915; x_wconf 83' lang='lat' dir='ltr'><strong>ccccxvnt</strong></span> <span class='ocrx_word' id='word_1_286' title='bbox 3498 2850 3549 2913; x_wconf 70' lang='grc' dir='ltr'><strong>ι’.</strong></span> 
     </span>
    </p>
   </div>
   <div class='ocr_carea' id='block_1_46' title="bbox 616 2991 2141 3071">
    <p class='ocr_par' dir='ltr' id='par_1_46' title="bbox 616 2991 2141 3071">
     <span class='ocr_line' id='line_1_46' title="bbox 616 2991 2141 3071; baseline 0.005 -25"><span class='ocrx_word' id='word_1_287' title='bbox 616 2991 831 3063; x_wconf 76' lang='lat' dir='ltr'><strong>Regula:</strong></span> <span class='ocrx_word' id='word_1_288' title='bbox 883 2996 998 3051; x_wconf 90' lang='lat' dir='ltr'><strong>sive</strong></span> <span class='ocrx_word' id='word_1_289' title='bbox 1048 2997 1390 3056; x_wconf 76' lang='lat' dir='ltr'><strong>deﬁnitiones</strong></span> <span class='ocrx_word' id='word_1_290' title='bbox 1447 3000 1708 3071; x_wconf 60' lang='lat' dir='ltr'><strong>exposita!</strong></span> <span class='ocrx_word' id='word_1_291' title='bbox 1755 3000 1824 3055; x_wconf 90' lang='lat' dir='ltr'><strong>ab</strong></span> <span class='ocrx_word' id='word_1_292' title='bbox 1874 2997 2141 3071; x_wconf 87' lang='lat' dir='ltr'><strong>episcopis</strong></span> 
     </span>
    </p>
   </div>
   <div class='ocr_carea' id='block_1_47' title="bbox 546 3088 2137 3163">
    <p class='ocr_par' dir='ltr' id='par_1_47' title="bbox 546 3088 2137 3163">
     <span class='ocr_line' id='line_1_47' title="bbox 546 3088 2137 3163; baseline 0.005 -23"><span class='ocrx_word' id='word_1_293' title='bbox 546 3096 760 3141; x_wconf 90' lang='lat' dir='ltr'><strong>centum</strong></span> <span class='ocrx_word' id='word_1_294' title='bbox 802 3088 1179 3161; x_wconf 79' lang='lat' dir='ltr'><strong>quinquaginta</strong></span> <span class='ocrx_word' id='word_1_295' title='bbox 1230 3094 1319 3163; x_wconf 91' lang='lat' dir='ltr'><strong>qui</strong></span> <span class='ocrx_word' id='word_1_296' title='bbox 1372 3094 1425 3149; x_wconf 92' lang='lat' dir='ltr'><strong>in</strong></span> <span class='ocrx_word' id='word_1_297' title='bbox 1476 3110 1640 3150; x_wconf 90' lang='lat' dir='ltr'><strong>unum</strong></span> <span class='ocrx_word' id='word_1_298' title='bbox 1673 3094 2137 3163; x_wconf 88' lang='lat' dir='ltr'><strong>Constantinopoli</strong></span> 
     </span>
    </p>
   </div>
   <div class='ocr_carea' id='block_1_48' title="bbox 549 3183 2140 3256">
    <p class='ocr_par' dir='ltr' id='par_1_48' title="bbox 549 3183 2140 3256">
     <span class='ocr_line' id='line_1_48' title="bbox 549 3183 2140 3256; baseline 0.006 -25"><span class='ocrx_word' id='word_1_299' title='bbox 549 3190 935 3248; x_wconf 82' lang='lat' dir='ltr'><strong>convenerunt,</strong></span> <span class='ocrx_word' id='word_1_300' title='bbox 968 3183 1185 3252; x_wconf 88' lang='lat' dir='ltr'><strong>quando</strong></span> <span class='ocrx_word' id='word_1_301' title='bbox 1218 3184 1406 3240; x_wconf 86' lang='lat' dir='ltr'><strong>beatus</strong></span> <span class='ocrx_word' id='word_1_302' title='bbox 1435 3185 1713 3241; x_wconf 80' lang='lat' dir='ltr'><strong>Nectarius</strong></span> <span class='ocrx_word' id='word_1_303' title='bbox 1742 3189 2027 3256; x_wconf 82' lang='lat' dir='ltr'><strong>episcopus</strong></span> <span class='ocrx_word' id='word_1_304' title='bbox 2056 3194 2140 3241; x_wconf 90' lang='lat' dir='ltr'><strong>est</strong></span> 
     </span>
    </p>
   </div>
   <div class='ocr_carea' id='block_1_49' title="bbox 544 3268 2136 3348">
    <p class='ocr_par' dir='ltr' id='par_1_49' title="bbox 544 3268 2136 3348">
     <span class='ocr_line' id='line_1_49' title="bbox 544 3268 2136 3348; baseline 0.006 -25"><span class='ocrx_word' id='word_1_305' title='bbox 544 3268 837 3343; x_wconf 83' lang='lat' dir='ltr'><strong>ordinatus,</strong></span> <span class='ocrx_word' id='word_1_306' title='bbox 870 3273 1125 3331; x_wconf 88' lang='lat' dir='ltr'><strong>damnato</strong></span> <span class='ocrx_word' id='word_1_307' title='bbox 1173 3276 1404 3332; x_wconf 84' lang='lat' dir='ltr'><strong>Maximo</strong></span> <span class='ocrx_word' id='word_1_308' title='bbox 1435 3275 1640 3348; x_wconf 84' lang='lat' dir='ltr'><strong>Cynico</strong></span> <span class='ocrx_word' id='word_1_309' title='bbox 1674 3287 1723 3345; x_wconf 76' lang='grc' dir='ltr'><strong>ο,</strong></span> <span class='ocrx_word' id='word_1_310' title='bbox 1767 3291 1994 3347; x_wconf 88' lang='lat' dir='ltr'><strong>quorum</strong></span> <span class='ocrx_word' id='word_1_311' title='bbox 2040 3291 2136 3333; x_wconf 91' lang='lat' dir='ltr'><strong>no-</strong></span> 
     </span>
    </p>
   </div>
   <div class='ocr_carea' id='block_1_50' title="bbox 545 3368 1772 3439">
    <p class='ocr_par' dir='ltr' id='par_1_50' title="bbox 545 3368 1772 3439">
     <span class='ocr_line' id='line_1_50' title="bbox 545 3368 1772 3439; baseline 0.003 -18"><span class='ocrx_word' id='word_1_312' title='bbox 545 3368 685 3422; x_wconf 86' lang='lat' dir='ltr'><strong>mina</strong></span> <span class='ocrx_word' id='word_1_313' title='bbox 713 3377 767 3422; x_wconf 90' lang='lat' dir='ltr'><strong>et</strong></span> <span class='ocrx_word' id='word_1_314' title='bbox 796 3371 1085 3439; x_wconf 70' lang='lat' dir='ltr'><strong>provincia:</strong></span> <span class='ocrx_word' id='word_1_315' title='bbox 1113 3372 1166 3426; x_wconf 91' lang='lat' dir='ltr'><strong>in</strong></span> <span class='ocrx_word' id='word_1_316' title='bbox 1195 3370 1383 3427; x_wconf 82' lang='lat' dir='ltr'><strong>Graeco</strong></span> <span class='ocrx_word' id='word_1_317' title='bbox 1411 3374 1772 3427; x_wconf 92' lang='lat' dir='ltr'><strong>continentur.</strong></span> 
     </span>
    </p>
   </div>
   <div class='ocr_carea' id='block_1_51' title="bbox 2247 2993 3834 3071">
    <p class='ocr_par' dir='ltr' id='par_1_51' title="bbox 2247 2993 3834 3071">
     <span class='ocr_line' id='line_1_51' title="bbox 2247 2993 3834 3071; baseline 0.007 -22"><span class='ocrx_word' id='word_1_318' title='bbox 2247 2993 2407 3050; x_wconf 90' lang='lat' dir='ltr'><strong>beant</strong></span> <span class='ocrx_word' id='word_1_319' title='bbox 2437 3008 2654 3061; x_wconf 89' lang='lat' dir='ltr'><strong>curam;</strong></span> <span class='ocrx_word' id='word_1_320' title='bbox 2680 2996 2922 3054; x_wconf 65' lang='lat' dir='ltr'><strong>Thraciae</strong></span> <span class='ocrx_word' id='word_1_321' title='bbox 2945 3013 3072 3056; x_wconf 87' lang='lat' dir='ltr'><strong>vero</strong></span> <span class='ocrx_word' id='word_1_322' title='bbox 3088 3000 3257 3071; x_wconf 89' lang='lat' dir='ltr'><strong>ipsius</strong></span> <span class='ocrx_word' id='word_1_323' title='bbox 3279 3002 3647 3059; x_wconf 83' lang='lat' dir='ltr'><strong>tantummodo</strong></span> <span class='ocrx_word' id='word_1_324' title='bbox 3664 3003 3834 3060; x_wconf 85' lang='lat' dir='ltr'><strong>Thra-</strong></span> 
     </span>
    </p>
   </div>
   <div class='ocr_carea' id='block_1_52' title="bbox 2247 3099 2367 3143">
    <p class='ocr_par' dir='ltr' id='par_1_52' title="bbox 2247 3099 2367 3143">
     <span class='ocr_line' id='line_1_52' title="bbox 2247 3099 2367 3143; baseline 0 -1"><span class='ocrx_word' id='word_1_325' title='bbox 2247 3099 2367 3143; x_wconf 50' lang='lat' dir='ltr'><strong>Cia.</strong></span> 
     </span>
    </p>
   </div>
   <div class='ocr_carea' id='block_1_53' title="bbox 2240 3178 3830 3312">
    <p class='ocr_par' dir='ltr' id='par_1_53' title="bbox 2240 3178 3830 3312">
     <span class='ocr_line' id='line_1_53' title="bbox 2240 3178 3830 3312; baseline 0.007 -77"><span class='ocrx_word' id='word_1_326' title='bbox 2240 3178 2334 3236; x_wconf 89' lang='grc'><strong>111.</strong></span> <span class='ocrx_word' id='word_1_327' title='bbox 2368 3178 2491 3236; x_wconf 86' lang='lat' dir='ltr'><strong>Non</strong></span> <span class='ocrx_word' id='word_1_328' title='bbox 2523 3182 2720 3237; x_wconf 81' lang='lat' dir='ltr'><strong>invitati</strong></span> <span class='ocrx_word' id='word_1_329' title='bbox 2742 3182 3121 3312; x_wconf 57' lang='lat' dir='ltr'><strong>episcOpidultrla</strong></span> <span class='ocrx_word' id='word_1_330' title='bbox 3155 3187 3393 3243; x_wconf 74' lang='lat' dir='ltr'><strong>diaeceses</strong></span> <span class='ocrx_word' id='word_1_331' title='bbox 3419 3205 3538 3245; x_wconf 83' lang='lat' dir='ltr'><strong>suas</strong></span> <span class='ocrx_word' id='word_1_332' title='bbox 3565 3206 3667 3246; x_wconf 85' lang='lat' dir='ltr'><strong>non</strong></span> <span class='ocrx_word' id='word_1_333' title='bbox 3691 3206 3830 3246; x_wconf 84' lang='lat' dir='ltr'><strong>acce-</strong></span> 
     </span>
     <span class='ocr_line' id='line_1_54' title="bbox 3002 3273 3110 3311; baseline 0 0"><span class='ocrx_word' id='word_1_334' title='bbox 3002 3273 3067 3311; x_wconf 89' lang='lat' dir='ltr'><strong>an</strong></span> <span class='ocrx_word' id='word_1_335' title='bbox 3099 3299 3110 3311; x_wconf 93' lang='lat'><strong>.</strong></span> 
     </span>
    </p>
   </div>
   <div class='ocr_carea' id='block_1_54' title="bbox 3002 3273 3110 3311">
    <p class='ocr_par' dir='ltr' id='par_1_54' title="bbox 3002 3273 3110 3311">
     <span class='ocr_line' id='line_1_55' title="bbox 3002 3273 3110 3311; baseline 0 0"><span class='ocrx_word' id='word_1_336' title='bbox 3002 3273 3110 3311; x_wconf 79' lang='grc' dir='ltr'><strong>αηι.</strong></span> 
     </span>
    </p>
   </div>
   <div class='ocr_carea' id='block_1_55' title="bbox 2311 3344 3830 3420">
    <p class='ocr_par' dir='ltr' id='par_1_55' title="bbox 2311 3344 3830 3420">
     <span class='ocr_line' id='line_1_56' title="bbox 2311 3344 3830 3420; baseline 0.009 -20"><span class='ocrx_word' id='word_1_337' title='bbox 2311 3344 2426 3401; x_wconf 86' lang='lat' dir='ltr'><strong>Non</strong></span> <span class='ocrx_word' id='word_1_338' title='bbox 2453 3345 2660 3403; x_wconf 89' lang='lat' dir='ltr'><strong>invitati</strong></span> <span class='ocrx_word' id='word_1_339' title='bbox 2690 3349 2925 3420; x_wconf 87' lang='lat' dir='ltr'><strong>episcopi</strong></span> <span class='ocrx_word' id='word_1_340' title='bbox 2978 3352 3115 3408; x_wconf 91' lang='lat' dir='ltr'><strong>ultra</strong></span> <span class='ocrx_word' id='word_1_341' title='bbox 3162 3352 3437 3410; x_wconf 76' lang='lat' dir='ltr'><strong>dimcesim</strong></span> <span class='ocrx_word' id='word_1_342' title='bbox 3473 3366 3495 3392; x_wconf 75' lang='grc' dir='ltr'>ε</span> <span class='ocrx_word' id='word_1_343' title='bbox 3527 3373 3633 3412; x_wconf 92' lang='lat' dir='ltr'><strong>non</strong></span> <span class='ocrx_word' id='word_1_344' title='bbox 3680 3371 3830 3414; x_wconf 86' lang='lat' dir='ltr'><strong>acce-</strong></span> 
     </span>
    </p>
   </div>
   <div class='ocr_carea' id='block_1_56' title="bbox 541 3434 3829 3533">
    <p class='ocr_par' dir='ltr' id='par_1_56' title="bbox 541 3434 3829 3533">
     <span class='ocr_line' id='line_1_57' title="bbox 541 3434 3829 3533; baseline 0.006 -19"><span class='ocrx_word' id='word_1_345' title='bbox 541 3453 580 3515; x_wconf 85' lang='lat' dir='ltr'><strong>I.</strong></span> <span class='ocrx_word' id='word_1_346' title='bbox 610 3434 1005 3517; x_wconf 71' lang='lat' dir='ltr'><strong>Custodiendam</strong></span> <span class='ocrx_word' id='word_1_347' title='bbox 1033 3479 1138 3517; x_wconf 84' lang='lat' dir='ltr'><strong>esse</strong></span> <span class='ocrx_word' id='word_1_348' title='bbox 1159 3463 1317 3533; x_wconf 79' lang='lat' dir='ltr'><strong>ﬁdem</strong></span> <span class='ocrx_word' id='word_1_349' title='bbox 1348 3461 1570 3518; x_wconf 85' lang='lat' dir='ltr'><strong>Patrum</strong></span> <span class='ocrx_word' id='word_1_350' title='bbox 1600 3472 1937 3519; x_wconf 76' lang='lat' dir='ltr'><strong>trecentorum</strong></span> <span class='ocrx_word' id='word_1_351' title='bbox 1960 3463 2134 3520; x_wconf 83' lang='lat' dir='ltr'><strong>decent</strong></span> <span class='ocrx_word' id='word_1_352' title='bbox 2161 3441 2210 3507; x_wconf 63' lang='grc' dir='ltr'>α</span> <span class='ocrx_word' id='word_1_353' title='bbox 2241 3434 2371 3533; x_wconf 39' lang='lat' dir='ltr'><strong>dcte</strong></span> <span class='ocrx_word' id='word_1_354' title='bbox 2398 3437 2597 3494; x_wconf 72' lang='lat' dir='ltr'><strong>debem</strong></span> <span class='ocrx_word' id='word_1_355' title='bbox 2630 3454 2791 3533; x_wconf 64' lang='lat'><strong>5&quot;?&quot;</strong></span> <span class='ocrx_word' id='word_1_356' title='bbox 2822 3440 2943 3514; x_wconf 63' lang='grc' dir='ltr'><strong>[δ”</strong></span> <span class='ocrx_word' id='word_1_357' title='bbox 2972 3442 3088 3515; x_wconf 65' lang='lat' dir='ltr'><strong>pro]</strong></span> <span class='ocrx_word' id='word_1_358' title='bbox 3114 3444 3423 3501; x_wconf 60' lang='lat' dir='ltr'><strong>ordinandis</strong></span> <span class='ocrx_word' id='word_1_359' title='bbox 3452 3446 3720 3517; x_wconf 62' lang='lat' dir='ltr'><strong>aliquibus</strong></span> <span class='ocrx_word' id='word_1_360' title='bbox 3748 3448 3829 3506; x_wconf 66' lang='grc'><strong>’⁸1</strong></span> 
     </span>
    </p>
   </div>
   <div class='ocr_carea' id='block_1_57' title="bbox 1233 3542 1443 3589">
    <p class='ocr_par' dir='ltr' id='par_1_57' title="bbox 1233 3542 1443 3589">
     <span class='ocr_line' id='line_1_58' title="bbox 1233 3542 1443 3589; baseline 0.005 -1"><span class='ocrx_word' id='word_1_361' title='bbox 1233 3542 1283 3588; x_wconf 83' lang='lat' dir='ltr'><strong>et</strong></span> <span class='ocrx_word' id='word_1_362' title='bbox 1308 3545 1443 3589; x_wconf 85' lang='lat' dir='ltr'><strong>octo.</strong></span> 
     </span>
    </p>
   </div>
   <div class='ocr_carea' id='block_1_58' title="bbox 613 3621 2133 3694">
    <p class='ocr_par' dir='ltr' id='par_1_58' title="bbox 613 3621 2133 3694">
     <span class='ocr_line' id='line_1_59' title="bbox 613 3621 2133 3694; baseline 0.005 -17"><span class='ocrx_word' id='word_1_363' title='bbox 613 3621 727 3679; x_wconf 83' lang='lat' dir='ltr'><strong>Non</strong></span> <span class='ocrx_word' id='word_1_364' title='bbox 755 3624 1112 3694; x_wconf 82' lang='lat' dir='ltr'><strong>spernendam</strong></span> <span class='ocrx_word' id='word_1_365' title='bbox 1141 3640 1264 3681; x_wconf 88' lang='lat' dir='ltr'><strong>esse</strong></span> <span class='ocrx_word' id='word_1_366' title='bbox 1311 3626 1470 3682; x_wconf 82' lang='lat' dir='ltr'><strong>ﬁdem</strong></span> <span class='ocrx_word' id='word_1_367' title='bbox 1513 3626 1732 3684; x_wconf 81' lang='lat' dir='ltr'><strong>Patrum</strong></span> <span class='ocrx_word' id='word_1_368' title='bbox 1773 3636 2133 3685; x_wconf 88' lang='lat' dir='ltr'><strong>trecentorum</strong></span> 
     </span>
    </p>
   </div>
   <div class='ocr_carea' id='block_1_59' title="bbox 540 3710 2131 3791">
    <p class='ocr_par' dir='ltr' id='par_1_59' title="bbox 540 3710 2131 3791">
     <span class='ocr_line' id='line_1_60' title="bbox 540 3710 2131 3791; baseline 0.006 -24"><span class='ocrx_word' id='word_1_369' title='bbox 540 3710 724 3767; x_wconf 86' lang='lat' dir='ltr'><strong>decem</strong></span> <span class='ocrx_word' id='word_1_370' title='bbox 756 3721 815 3769; x_wconf 90' lang='lat' dir='ltr'><strong>et</strong></span> <span class='ocrx_word' id='word_1_371' title='bbox 839 3724 979 3782; x_wconf 90' lang='lat' dir='ltr'><strong>octo,</strong></span> <span class='ocrx_word' id='word_1_372' title='bbox 1011 3719 1098 3787; x_wconf 89' lang='lat' dir='ltr'><strong>qui</strong></span> <span class='ocrx_word' id='word_1_373' title='bbox 1127 3718 1180 3772; x_wconf 94' lang='lat' dir='ltr'><strong>in</strong></span> <span class='ocrx_word' id='word_1_374' title='bbox 1202 3717 1434 3774; x_wconf 80' lang='lat' dir='ltr'><strong>Nicaeam</strong></span> <span class='ocrx_word' id='word_1_375' title='bbox 1458 3719 1718 3791; x_wconf 74' lang='lat' dir='ltr'><strong>Bithynia:</strong></span> <span class='ocrx_word' id='word_1_376' title='bbox 1747 3730 2131 3790; x_wconf 84' lang='lat' dir='ltr'><strong>convenerunt,</strong></span> 
     </span>
    </p>
   </div>
   <div class='ocr_carea' id='block_1_60' title="bbox 538 3802 2133 3879">
    <p class='ocr_par' dir='ltr' id='par_1_60' title="bbox 538 3802 2133 3879">
     <span class='ocr_line' id='line_1_61' title="bbox 538 3802 2133 3879; baseline 0.009 -23"><span class='ocrx_word' id='word_1_377' title='bbox 538 3802 631 3857; x_wconf 88' lang='lat' dir='ltr'><strong>sed</strong></span> <span class='ocrx_word' id='word_1_378' title='bbox 663 3819 886 3859; x_wconf 90' lang='lat' dir='ltr'><strong>manere</strong></span> <span class='ocrx_word' id='word_1_379' title='bbox 914 3819 1035 3860; x_wconf 89' lang='lat' dir='ltr'><strong>eam</strong></span> <span class='ocrx_word' id='word_1_380' title='bbox 1076 3817 1242 3861; x_wconf 90' lang='lat' dir='ltr'><strong>ratam</strong></span> <span class='ocrx_word' id='word_1_381' title='bbox 1292 3818 1531 3879; x_wconf 91' lang='lat' dir='ltr'><strong>oportet,</strong></span> <span class='ocrx_word' id='word_1_382' title='bbox 1580 3819 1637 3866; x_wconf 92' lang='lat' dir='ltr'><strong>et</strong></span> <span class='ocrx_word' id='word_1_383' title='bbox 1681 3813 2133 3870; x_wconf 79' lang='lat' dir='ltr'><strong>anathematizare</strong></span> 
     </span>
    </p>
   </div>
   <div class='ocr_carea' id='block_1_61' title="bbox 537 3894 2132 3970">
    <p class='ocr_par' dir='ltr' id='par_1_61' title="bbox 537 3894 2132 3970">
     <span class='ocr_line' id='line_1_62' title="bbox 537 3894 2132 3970; baseline 0.009 -22"><span class='ocrx_word' id='word_1_384' title='bbox 537 3907 753 3950; x_wconf 91' lang='lat' dir='ltr'><strong>omnem</strong></span> <span class='ocrx_word' id='word_1_385' title='bbox 798 3894 1081 3964; x_wconf 77' lang='lat' dir='ltr'><strong>haeresem,</strong></span> <span class='ocrx_word' id='word_1_386' title='bbox 1110 3900 1418 3970; x_wconf 85' lang='lat' dir='ltr'><strong>specialiter</strong></span> <span class='ocrx_word' id='word_1_387' title='bbox 1463 3912 1644 3958; x_wconf 90' lang='lat' dir='ltr'><strong>autem</strong></span> <span class='ocrx_word' id='word_1_388' title='bbox 1675 3898 2132 3962; x_wconf 88' lang='lat' dir='ltr'><strong>Eunomianorum</strong></span> 
     </span>
    </p>
   </div>
   <div class='ocr_carea' id='block_1_62' title="bbox 537 3981 2128 4071">
    <p class='ocr_par' dir='ltr' id='par_1_62' title="bbox 537 3981 2128 4071">
     <span class='ocr_line' id='line_1_63' title="bbox 537 3981 2128 4071; baseline 0.011 -34"><span class='ocrx_word' id='word_1_389' title='bbox 537 3981 650 4039; x_wconf 88' lang='lat' dir='ltr'><strong>imo</strong></span> <span class='ocrx_word' id='word_1_390' title='bbox 699 3985 1143 4055; x_wconf 86' lang='lat' dir='ltr'><strong>Anomianorum,</strong></span> <span class='ocrx_word' id='word_1_391' title='bbox 1190 3991 1279 4061; x_wconf 93' lang='lat' dir='ltr'><strong>qui</strong></span> <span class='ocrx_word' id='word_1_392' title='bbox 1322 3990 1513 4049; x_wconf 84' lang='lat' dir='ltr'><strong>Latine</strong></span> <span class='ocrx_word' id='word_1_393' title='bbox 1545 3995 1660 4052; x_wconf 91' lang='lat' dir='ltr'><strong>sine</strong></span> <span class='ocrx_word' id='word_1_394' title='bbox 1702 3995 1820 4067; x_wconf 85' lang='lat' dir='ltr'><strong>lege</strong></span> <span class='ocrx_word' id='word_1_395' title='bbox 1857 3999 2128 4071; x_wconf 87' lang='lat' dir='ltr'><strong>dicuntur,</strong></span> 
     </span>
    </p>
   </div>
   <div class='ocr_carea' id='block_1_63' title="bbox 534 4074 2128 4159">
    <p class='ocr_par' dir='ltr' id='par_1_63' title="bbox 534 4074 2128 4159">
     <span class='ocr_line' id='line_1_64' title="bbox 534 4074 2128 4159; baseline 0.012 -32"><span class='ocrx_word' id='word_1_396' title='bbox 534 4080 588 4128; x_wconf 90' lang='lat' dir='ltr'><strong>et</strong></span> <span class='ocrx_word' id='word_1_397' title='bbox 612 4074 933 4131; x_wconf 81' lang='lat' dir='ltr'><strong>Arianorum</strong></span> <span class='ocrx_word' id='word_1_398' title='bbox 961 4077 1074 4136; x_wconf 86' lang='lat' dir='ltr'><strong>sive</strong></span> <span class='ocrx_word' id='word_1_399' title='bbox 1098 4080 1555 4154; x_wconf 88' lang='lat' dir='ltr'><strong>Eudoxianorum,</strong></span> <span class='ocrx_word' id='word_1_400' title='bbox 1580 4096 1634 4142; x_wconf 92' lang='lat' dir='ltr'><strong>et</strong></span> <span class='ocrx_word' id='word_1_401' title='bbox 1654 4087 2128 4159; x_wconf 86' lang='lat' dir='ltr'><strong>Semiarianorum,</strong></span> 
     </span>
    </p>
   </div>
   <div class='ocr_carea' id='block_1_64' title="bbox 535 4168 2133 4251">
    <p class='ocr_par' dir='ltr' id='par_1_64' title="bbox 535 4168 2133 4251">
     <span class='ocr_line' id='line_1_65' title="bbox 535 4168 2133 4251; baseline 0.013 -32"><span class='ocrx_word' id='word_1_402' title='bbox 535 4181 746 4223; x_wconf 89' lang='lat' dir='ltr'><strong>necnon</strong></span> <span class='ocrx_word' id='word_1_403' title='bbox 772 4168 1383 4232; x_wconf 81' lang='lat' dir='ltr'><strong>Pneumatomachorum</strong></span> <span class='ocrx_word' id='word_1_404' title='bbox 1413 4176 1439 4216; x_wconf 73' lang='grc' dir='ltr'><strong>ιι</strong></span> <span class='ocrx_word' id='word_1_405' title='bbox 1469 4178 1522 4233; x_wconf 94' lang='lat' dir='ltr'><strong>id</strong></span> <span class='ocrx_word' id='word_1_406' title='bbox 1551 4189 1634 4235; x_wconf 90' lang='lat' dir='ltr'><strong>est</strong></span> <span class='ocrx_word' id='word_1_407' title='bbox 1659 4181 1747 4251; x_wconf 88' lang='lat' dir='ltr'><strong>qui</strong></span> <span class='ocrx_word' id='word_1_408' title='bbox 1784 4191 1971 4238; x_wconf 88' lang='lat' dir='ltr'><strong>contra</strong></span> <span class='ocrx_word' id='word_1_409' title='bbox 1997 4198 2133 4239; x_wconf 90' lang='lat' dir='ltr'><strong>san-</strong></span> 
     </span>
    </p>
   </div>
   <div class='ocr_carea' id='block_1_65' title="bbox 533 4260 2130 4339">
    <p class='ocr_par' dir='ltr' id='par_1_65' title="bbox 533 4260 2130 4339">
     <span class='ocr_line' id='line_1_66' title="bbox 533 4260 2130 4339; baseline 0.013 -25"><span class='ocrx_word' id='word_1_410' title='bbox 533 4268 675 4314; x_wconf 88' lang='lat' dir='ltr'><strong>ctum</strong></span> <span class='ocrx_word' id='word_1_411' title='bbox 727 4260 982 4331; x_wconf 86' lang='lat' dir='ltr'><strong>Spiritum</strong></span> <span class='ocrx_word' id='word_1_412' title='bbox 1033 4279 1288 4339; x_wconf 77' lang='lat' dir='ltr'><strong>pugnant,</strong></span> <span class='ocrx_word' id='word_1_413' title='bbox 1318 4281 1373 4328; x_wconf 90' lang='lat' dir='ltr'><strong>et</strong></span> <span class='ocrx_word' id='word_1_414' title='bbox 1418 4272 1845 4331; x_wconf 91' lang='lat' dir='ltr'><strong>Sabellianorum</strong></span> <span class='ocrx_word' id='word_1_415' title='bbox 1896 4287 1951 4333; x_wconf 92' lang='lat' dir='ltr'><strong>et</strong></span> <span class='ocrx_word' id='word_1_416' title='bbox 1994 4279 2130 4334; x_wconf 83' lang='lat' dir='ltr'><strong>Mar-</strong></span> 
     </span>
    </p>
   </div>
   <div class='ocr_carea' id='block_1_66' title="bbox 532 4349 2131 4438">
    <p class='ocr_par' dir='ltr' id='par_1_66' title="bbox 532 4349 2131 4438">
     <span class='ocr_line' id='line_1_67' title="bbox 532 4349 2131 4438; baseline 0.013 -33"><span class='ocrx_word' id='word_1_417' title='bbox 532 4349 926 4423; x_wconf 86' lang='lat' dir='ltr'><strong>cellianorum,</strong></span> <span class='ocrx_word' id='word_1_418' title='bbox 982 4366 1038 4414; x_wconf 91' lang='lat' dir='ltr'><strong>et</strong></span> <span class='ocrx_word' id='word_1_419' title='bbox 1106 4358 1549 4419; x_wconf 89' lang='lat' dir='ltr'><strong>Pbotinianorum</strong></span> <span class='ocrx_word' id='word_1_420' title='bbox 1610 4374 1664 4421; x_wconf 88' lang='lat' dir='ltr'><strong>et</strong></span> <span class='ocrx_word' id='word_1_421' title='bbox 1725 4366 2131 4438; x_wconf 86' lang='lat' dir='ltr'><strong>Apollinarista-</strong></span> 
     </span>
    </p>
   </div>
   <div class='ocr_carea' id='block_1_67' title="bbox 533 4456 676 4499">
    <p class='ocr_par' dir='ltr' id='par_1_67' title="bbox 533 4456 676 4499">
     <span class='ocr_line' id='line_1_68' title="bbox 533 4456 676 4499; baseline 0 0"><span class='ocrx_word' id='word_1_422' title='bbox 533 4456 676 4499; x_wconf 80' lang='grc'><strong>1⁵11111.</strong></span> 
     </span>
    </p>
   </div>
   <div class='ocr_carea' id='block_1_68' title="bbox 534 4533 2128 4672">
    <p class='ocr_par' dir='ltr' id='par_1_68' title="bbox 534 4533 2128 4672">
     <span class='ocr_line' id='line_1_69' title="bbox 534 4533 2128 4672; baseline 0.013 -81"><span class='ocrx_word' id='word_1_423' title='bbox 534 4533 599 4591; x_wconf 88' lang='lat' dir='ltr'><strong>II.</strong></span> <span class='ocrx_word' id='word_1_424' title='bbox 637 4535 707 4593; x_wconf 83' lang='lat' dir='ltr'><strong>Ut</strong></span> <span class='ocrx_word' id='word_1_425' title='bbox 728 4540 956 4612; x_wconf 80' lang='lat' dir='ltr'><strong>episwpi</strong></span> <span class='ocrx_word' id='word_1_426' title='bbox 980 4557 1101 4598; x_wconf 76' lang='lat' dir='ltr'><strong>suas</strong></span> <span class='ocrx_word' id='word_1_427' title='bbox 1128 4544 1364 4670; x_wconf 44' lang='lat' dir='ltr'><strong>dimensis</strong></span> <span class='ocrx_word' id='word_1_428' title='bbox 1394 4548 1669 4672; x_wconf 49' lang='lat' dir='ltr'><strong>grbernent</strong></span> <span class='ocrx_word' id='word_1_429' title='bbox 1711 4568 1803 4608; x_wconf 83' lang='lat' dir='ltr'><strong>nec</strong></span> <span class='ocrx_word' id='word_1_430' title='bbox 1829 4553 1898 4608; x_wconf 87' lang='lat' dir='ltr'><strong>ad</strong></span> <span class='ocrx_word' id='word_1_431' title='bbox 1934 4554 2128 4612; x_wconf 78' lang='lat' dir='ltr'><strong>alimus</strong></span> 
     </span>
     <span class='ocr_line' id='line_1_70' title="bbox 1196 4632 1464 4672; baseline 0.015 -4"><span class='ocrx_word' id='word_1_432' title='bbox 1196 4632 1319 4670; x_wconf 86' lang='lat' dir='ltr'><strong>acce</strong></span> <span class='ocrx_word' id='word_1_433' title='bbox 1358 4634 1422 4671; x_wconf 86' lang='lat' dir='ltr'><strong>an</strong></span> <span class='ocrx_word' id='word_1_434' title='bbox 1450 4658 1464 4672; x_wconf 95' lang='lat'><strong>.</strong></span> 
     </span>
    </p>
   </div>
   <div class='ocr_carea' id='block_1_69' title="bbox 1196 4632 1464 4673">
    <p class='ocr_par' dir='ltr' id='par_1_69' title="bbox 1196 4632 1464 4673">
     <span class='ocr_line' id='line_1_71' title="bbox 1196 4632 1464 4673; baseline 0.019 -5"><span class='ocrx_word' id='word_1_435' title='bbox 1196 4632 1464 4673; x_wconf 80' lang='lat' dir='ltr'><strong>accedant.</strong></span> 
     </span>
    </p>
   </div>
   <div class='ocr_carea' id='block_1_70' title="bbox 605 4700 2127 4777">
    <p class='ocr_par' dir='ltr' id='par_1_70' title="bbox 605 4700 2127 4777">
     <span class='ocr_line' id='line_1_72' title="bbox 605 4700 2127 4777; baseline 0.014 -22"><span class='ocrx_word' id='word_1_436' title='bbox 605 4700 857 4772; x_wconf 82' lang='lat' dir='ltr'><strong>EpiscOpi</strong></span> <span class='ocrx_word' id='word_1_437' title='bbox 900 4704 991 4774; x_wconf 91' lang='lat' dir='ltr'><strong>qui</strong></span> <span class='ocrx_word' id='word_1_438' title='bbox 1038 4717 1190 4762; x_wconf 84' lang='lat' dir='ltr'><strong>extra</strong></span> <span class='ocrx_word' id='word_1_439' title='bbox 1237 4707 1515 4765; x_wconf 69' lang='lat' dir='ltr'><strong>dioecesim</strong></span> <span class='ocrx_word' id='word_1_440' title='bbox 1566 4723 1692 4768; x_wconf 90' lang='lat' dir='ltr'><strong>sunt</strong></span> <span class='ocrx_word' id='word_1_441' title='bbox 1737 4715 1805 4771; x_wconf 88' lang='lat' dir='ltr'><strong>ad</strong></span> <span class='ocrx_word' id='word_1_442' title='bbox 1861 4718 2127 4777; x_wconf 86' lang='lat' dir='ltr'><strong>Ecclesias</strong></span> 
     </span>
    </p>
   </div>
   <div class='ocr_carea' id='block_1_71' title="bbox 2238 3528 3830 3609">
    <p class='ocr_par' dir='ltr' id='par_1_71' title="bbox 2238 3528 3830 3609">
     <span class='ocr_line' id='line_1_73' title="bbox 2238 3528 3830 3609; baseline 0.007 -26"><span class='ocrx_word' id='word_1_443' title='bbox 2238 3528 2644 3601; x_wconf 88' lang='lat' dir='ltr'><strong>quibuscunque</strong></span> <span class='ocrx_word' id='word_1_444' title='bbox 2690 3531 3037 3603; x_wconf 87' lang='lat' dir='ltr'><strong>disponendis</strong></span> <span class='ocrx_word' id='word_1_445' title='bbox 3076 3535 3450 3592; x_wconf 86' lang='lat' dir='ltr'><strong>ecclesiasticis</strong></span> <span class='ocrx_word' id='word_1_446' title='bbox 3480 3538 3585 3609; x_wconf 77' lang='lat'><strong>61</strong></span> <span class='ocrx_word' id='word_1_447' title='bbox 3632 3540 3830 3605; x_wconf 87' lang='lat' dir='ltr'><strong>causis,</strong></span> 
     </span>
    </p>
   </div>
   <div class='ocr_carea' id='block_1_72' title="bbox 2238 3626 3837 3704">
    <p class='ocr_par' dir='ltr' id='par_1_72' title="bbox 2238 3626 3837 3704">
     <span class='ocr_line' id='line_1_74' title="bbox 2238 3626 3837 3704; baseline 0.008 -27"><span class='ocrx_word' id='word_1_448' title='bbox 2238 3634 2450 3680; x_wconf 90' lang='lat' dir='ltr'><strong>servata</strong></span> <span class='ocrx_word' id='word_1_449' title='bbox 2498 3626 2683 3696; x_wconf 91' lang='lat' dir='ltr'><strong>regula</strong></span> <span class='ocrx_word' id='word_1_450' title='bbox 2723 3641 2841 3697; x_wconf 69' lang='lat' dir='ltr'><strong>quae</strong></span> <span class='ocrx_word' id='word_1_451' title='bbox 2884 3642 3044 3698; x_wconf 88' lang='lat' dir='ltr'><strong>supra</strong></span> <span class='ocrx_word' id='word_1_452' title='bbox 3073 3630 3271 3699; x_wconf 88' lang='lat' dir='ltr'><strong>scripta</strong></span> <span class='ocrx_word' id='word_1_453' title='bbox 3296 3640 3379 3687; x_wconf 91' lang='lat' dir='ltr'><strong>est</strong></span> <span class='ocrx_word' id='word_1_454' title='bbox 3408 3632 3475 3687; x_wconf 91' lang='lat' dir='ltr'><strong>de</strong></span> <span class='ocrx_word' id='word_1_455' title='bbox 3514 3647 3837 3704; x_wconf 88' lang='lat' dir='ltr'><strong>unaquaque</strong></span> 
     </span>
    </p>
   </div>
   <div class='ocr_carea' id='block_1_73' title="bbox 2237 3714 3835 3795">
    <p class='ocr_par' dir='ltr' id='par_1_73' title="bbox 2237 3714 3835 3795">
     <span class='ocr_line' id='line_1_75' title="bbox 2237 3714 3835 3795; baseline 0.007 -26"><span class='ocrx_word' id='word_1_456' title='bbox 2237 3714 2490 3783; x_wconf 72' lang='lat' dir='ltr'><strong>dimcesi;</strong></span> <span class='ocrx_word' id='word_1_457' title='bbox 2518 3716 2862 3774; x_wconf 81' lang='lat' dir='ltr'><strong>manifestum</strong></span> <span class='ocrx_word' id='word_1_458' title='bbox 2909 3735 3140 3791; x_wconf 89' lang='lat' dir='ltr'><strong>namque</strong></span> <span class='ocrx_word' id='word_1_459' title='bbox 3167 3731 3253 3778; x_wconf 91' lang='lat' dir='ltr'><strong>est</strong></span> <span class='ocrx_word' id='word_1_460' title='bbox 3293 3723 3432 3792; x_wconf 89' lang='lat' dir='ltr'><strong>quod</strong></span> <span class='ocrx_word' id='word_1_461' title='bbox 3475 3739 3567 3794; x_wconf 92' lang='lat' dir='ltr'><strong>per</strong></span> <span class='ocrx_word' id='word_1_462' title='bbox 3596 3725 3835 3795; x_wconf 86' lang='lat' dir='ltr'><strong>singulas</strong></span> 
     </span>
    </p>
   </div>
   <div class='ocr_carea' id='block_1_74' title="bbox 2238 3810 3835 3886">
    <p class='ocr_par' dir='ltr' id='par_1_74' title="bbox 2238 3810 3835 3886">
     <span class='ocr_line' id='line_1_76' title="bbox 2238 3810 3835 3886; baseline 0.008 -26"><span class='ocrx_word' id='word_1_463' title='bbox 2238 3820 2479 3877; x_wconf 87' lang='lat' dir='ltr'><strong>quasque</strong></span> <span class='ocrx_word' id='word_1_464' title='bbox 2506 3810 2808 3879; x_wconf 87' lang='lat' dir='ltr'><strong>provincias</strong></span> <span class='ocrx_word' id='word_1_465' title='bbox 2838 3811 3182 3882; x_wconf 87' lang='lat' dir='ltr'><strong>provincialis</strong></span> <span class='ocrx_word' id='word_1_466' title='bbox 3210 3815 3445 3886; x_wconf 75' lang='lat' dir='ltr'><strong>synodus</strong></span> <span class='ocrx_word' id='word_1_467' title='bbox 3477 3816 3835 3872; x_wconf 87' lang='lat' dir='ltr'><strong>adminstrare</strong></span> 
     </span>
    </p>
   </div>
   <div class='ocr_carea' id='block_1_75' title="bbox 2236 3898 3832 3980">
    <p class='ocr_par' dir='ltr' id='par_1_75' title="bbox 2236 3898 3832 3980">
     <span class='ocr_line' id='line_1_77' title="bbox 2236 3898 3832 3980; baseline 0.011 -29"><span class='ocrx_word' id='word_1_468' title='bbox 2236 3905 2291 3951; x_wconf 88' lang='lat' dir='ltr'><strong>et</strong></span> <span class='ocrx_word' id='word_1_469' title='bbox 2322 3898 2622 3968; x_wconf 77' lang='lat' dir='ltr'><strong>gubernare</strong></span> <span class='ocrx_word' id='word_1_470' title='bbox 2647 3902 2827 3958; x_wconf 90' lang='lat' dir='ltr'><strong>omnia</strong></span> <span class='ocrx_word' id='word_1_471' title='bbox 2855 3903 3051 3960; x_wconf 88' lang='lat' dir='ltr'><strong>debeat</strong></span> <span class='ocrx_word' id='word_1_472' title='bbox 3069 3907 3365 3963; x_wconf 84' lang='lat' dir='ltr'><strong>secundum</strong></span> <span class='ocrx_word' id='word_1_473' title='bbox 3394 3923 3453 3965; x_wconf 86' lang='lat' dir='ltr'><strong>ea</strong></span> <span class='ocrx_word' id='word_1_474' title='bbox 3476 3923 3594 3980; x_wconf 63' lang='lat' dir='ltr'><strong>qua</strong></span> <span class='ocrx_word' id='word_1_475' title='bbox 3622 3920 3747 3965; x_wconf 86' lang='lat' dir='ltr'><strong>sunt</strong></span> <span class='ocrx_word' id='word_1_476' title='bbox 3776 3912 3832 3968; x_wconf 90' lang='lat' dir='ltr'><strong>in</strong></span> 
     </span>
    </p>
   </div>
   <div class='ocr_carea' id='block_1_76' title="bbox 2234 3987 2673 4049">
    <p class='ocr_par' dir='ltr' id='par_1_76' title="bbox 2234 3987 2673 4049">
     <span class='ocr_line' id='line_1_78' title="bbox 2234 3987 2673 4049; baseline 0.009 -6"><span class='ocrx_word' id='word_1_477' title='bbox 2234 3987 2411 4046; x_wconf 62' lang='lat' dir='ltr'><strong>Nicwa</strong></span> <span class='ocrx_word' id='word_1_478' title='bbox 2434 3991 2673 4049; x_wconf 76' lang='lat' dir='ltr'><strong>definita.</strong></span> 
     </span>
    </p>
   </div>
   <div class='ocr_carea' id='block_1_77' title="bbox 2518 4093 3544 4173">
    <p class='ocr_par' dir='ltr' id='par_1_77' title="bbox 2518 4093 3544 4173">
     <span class='ocr_line' id='line_1_79' title="bbox 2518 4093 3544 4173; baseline 0.01 -26"><span class='ocrx_word' id='word_1_479' title='bbox 2518 4093 2607 4150; x_wconf 74' lang='lat' dir='ltr'><strong>IV.</strong></span> <span class='ocrx_word' id='word_1_480' title='bbox 2638 4094 2716 4149; x_wconf 87' lang='lat' dir='ltr'><strong>De</strong></span> <span class='ocrx_word' id='word_1_481' title='bbox 2737 4095 2959 4152; x_wconf 83' lang='lat' dir='ltr'><strong>ecclesiis</strong></span> <span class='ocrx_word' id='word_1_482' title='bbox 2988 4097 3040 4152; x_wconf 87' lang='lat' dir='ltr'><strong>in</strong></span> <span class='ocrx_word' id='word_1_483' title='bbox 3064 4098 3329 4156; x_wconf 79' lang='lat' dir='ltr'><strong>barbarico</strong></span> <span class='ocrx_word' id='word_1_484' title='bbox 3349 4102 3544 4173; x_wconf 79' lang='lat' dir='ltr'><strong>positis.</strong></span> 
     </span>
    </p>
   </div>
   <div class='ocr_carea' id='block_1_78' title="bbox 2307 4182 3821 4267">
    <p class='ocr_par' dir='ltr' id='par_1_78' title="bbox 2307 4182 3821 4267">
     <span class='ocr_line' id='line_1_80' title="bbox 2307 4182 3821 4267; baseline 0.009 -28"><span class='ocrx_word' id='word_1_485' title='bbox 2307 4182 2579 4242; x_wconf 83' lang='lat' dir='ltr'><strong>Ecclesias</strong></span> <span class='ocrx_word' id='word_1_486' title='bbox 2624 4198 2801 4243; x_wconf 91' lang='lat' dir='ltr'><strong>autem</strong></span> <span class='ocrx_word' id='word_1_487' title='bbox 2835 4188 2953 4256; x_wconf 90' lang='lat' dir='ltr'><strong>Dei,</strong></span> <span class='ocrx_word' id='word_1_488' title='bbox 2984 4206 3104 4261; x_wconf 76' lang='lat' dir='ltr'><strong>qua:</strong></span> <span class='ocrx_word' id='word_1_489' title='bbox 3148 4200 3274 4247; x_wconf 90' lang='lat' dir='ltr'><strong>sunt</strong></span> <span class='ocrx_word' id='word_1_490' title='bbox 3302 4194 3354 4248; x_wconf 92' lang='lat' dir='ltr'><strong>in</strong></span> <span class='ocrx_word' id='word_1_491' title='bbox 3386 4195 3677 4251; x_wconf 88' lang='lat' dir='ltr'><strong>barbaricis</strong></span> <span class='ocrx_word' id='word_1_492' title='bbox 3702 4209 3821 4267; x_wconf 72' lang='lat' dir='ltr'><strong>gen.</strong></span> 
     </span>
    </p>
   </div>
   <div class='ocr_carea' id='block_1_79' title="bbox 2236 4272 3829 4358">
    <p class='ocr_par' dir='ltr' id='par_1_79' title="bbox 2236 4272 3829 4358">
     <span class='ocr_line' id='line_1_81' title="bbox 2236 4272 3829 4358; baseline 0.012 -31"><span class='ocrx_word' id='word_1_493' title='bbox 2236 4272 2377 4329; x_wconf 89' lang='lat' dir='ltr'><strong>tibus</strong></span> <span class='ocrx_word' id='word_1_494' title='bbox 2423 4278 2769 4346; x_wconf 65' lang='lat' dir='ltr'><strong>constitutae,</strong></span> <span class='ocrx_word' id='word_1_495' title='bbox 2816 4280 2927 4351; x_wconf 89' lang='lat' dir='ltr'><strong>regi</strong></span> <span class='ocrx_word' id='word_1_496' title='bbox 2978 4288 3034 4336; x_wconf 92' lang='lat' dir='ltr'><strong>et</strong></span> <span class='ocrx_word' id='word_1_497' title='bbox 3075 4274 3432 4342; x_wconf 83' lang='lat' dir='ltr'><strong>administrari</strong></span> <span class='ocrx_word' id='word_1_498' title='bbox 3482 4298 3694 4358; x_wconf 89' lang='lat' dir='ltr'><strong>oportet</strong></span> <span class='ocrx_word' id='word_1_499' title='bbox 3738 4303 3829 4347; x_wconf 87' lang='lat' dir='ltr'><strong>se-</strong></span> 
     </span>
    </p>
   </div>
   <div class='ocr_carea' id='block_1_80' title="bbox 2235 4365 3828 4445">
    <p class='ocr_par' dir='ltr' id='par_1_80' title="bbox 2235 4365 3828 4445">
     <span class='ocr_line' id='line_1_82' title="bbox 2235 4365 3828 4445; baseline 0.011 -24"><span class='ocrx_word' id='word_1_500' title='bbox 2235 4365 2467 4422; x_wconf 85' lang='lat' dir='ltr'><strong>cundum</strong></span> <span class='ocrx_word' id='word_1_501' title='bbox 2495 4370 2938 4427; x_wconf 81' lang='lat' dir='ltr'><strong>consuetudinem</strong></span> <span class='ocrx_word' id='word_1_502' title='bbox 2990 4389 3109 4445; x_wconf 62' lang='lat' dir='ltr'><strong>quae</strong></span> <span class='ocrx_word' id='word_1_503' title='bbox 3158 4391 3187 4433; x_wconf 90' lang='lat' dir='ltr'><strong>a</strong></span> <span class='ocrx_word' id='word_1_504' title='bbox 3236 4377 3482 4437; x_wconf 88' lang='lat' dir='ltr'><strong>Patribus</strong></span> <span class='ocrx_word' id='word_1_505' title='bbox 3527 4380 3828 4439; x_wconf 84' lang='lat' dir='ltr'><strong>obtinuisse</strong></span> 
     </span>
    </p>
   </div>
   <div class='ocr_carea' id='block_1_81' title="bbox 2232 4457 3307 4530">
    <p class='ocr_par' dir='ltr' id='par_1_81' title="bbox 2232 4457 3307 4530">
     <span class='ocr_line' id='line_1_83' title="bbox 2232 4457 3307 4530; baseline 0 -16"><span class='ocrx_word' id='word_1_506' title='bbox 2232 4457 2579 4530; x_wconf 85' lang='lat' dir='ltr'><strong>dignoscitur.</strong></span> <span class='ocrx_word' id='word_1_507' title='bbox 3302 4474 3307 4477; x_wconf 82' lang='lat'><strong><em>&#39;</em></strong></span> 
     </span>
    </p>
   </div>
   <div class='ocr_carea' id='block_1_82' title="bbox 2401 4571 3645 4661">
    <p class='ocr_par' dir='ltr' id='par_1_82' title="bbox 2401 4571 3645 4661">
     <span class='ocr_line' id='line_1_84' title="bbox 2401 4571 3645 4661; baseline 0.015 -34"><span class='ocrx_word' id='word_1_508' title='bbox 2401 4571 2463 4627; x_wconf 83' lang='lat' dir='ltr'><strong>V.</strong></span> <span class='ocrx_word' id='word_1_509' title='bbox 2496 4571 2575 4629; x_wconf 87' lang='lat' dir='ltr'><strong>De</strong></span> <span class='ocrx_word' id='word_1_510' title='bbox 2599 4572 2796 4631; x_wconf 79' lang='lat' dir='ltr'><strong>honore</strong></span> <span class='ocrx_word' id='word_1_511' title='bbox 2824 4575 3379 4656; x_wconf 83' lang='lat' dir='ltr'><strong>Constantinopolitani</strong></span> <span class='ocrx_word' id='word_1_512' title='bbox 3405 4583 3645 4661; x_wconf 72' lang='lat' dir='ltr'><strong>episcopi.</strong></span> 
     </span>
    </p>
   </div>
   <div class='ocr_carea' id='block_1_83' title="bbox 2302 4686 3824 4776">
    <p class='ocr_par' dir='ltr' id='par_1_83' title="bbox 2302 4686 3824 4776">
     <span class='ocr_line' id='line_1_85' title="bbox 2302 4686 3824 4776; baseline 0.016 -34"><span class='ocrx_word' id='word_1_513' title='bbox 2302 4686 2904 4764; x_wconf 76' lang='lat' dir='ltr'><strong>Constantinopolitana:</strong></span> <span class='ocrx_word' id='word_1_514' title='bbox 2968 4699 3201 4757; x_wconf 90' lang='lat' dir='ltr'><strong>civitatis</strong></span> <span class='ocrx_word' id='word_1_515' title='bbox 3255 4704 3566 4776; x_wconf 90' lang='lat' dir='ltr'><strong>episcopum</strong></span> <span class='ocrx_word' id='word_1_516' title='bbox 3618 4708 3824 4766; x_wconf 85' lang='lat' dir='ltr'><strong>habere</strong></span> 
     </span>
    </p>
   </div>
   <div class='ocr_carea' id='block_1_84' title="bbox 528 4782 3816 4882">
    <p class='ocr_par' dir='ltr' id='par_1_84' title="bbox 528 4782 3816 4882">
     <span class='ocr_line' id='line_1_86' title="bbox 528 4782 3816 4882; baseline 0.012 -37"><span class='ocrx_word' id='word_1_517' title='bbox 528 4806 650 4860; x_wconf 72' lang='lat' dir='ltr'><strong>quae</strong></span> <span class='ocrx_word' id='word_1_518' title='bbox 672 4804 820 4849; x_wconf 83' lang='lat' dir='ltr'><strong>extra</strong></span> <span class='ocrx_word' id='word_1_519' title='bbox 854 4797 1110 4854; x_wconf 91' lang='lat' dir='ltr'><strong>terminos</strong></span> <span class='ocrx_word' id='word_1_520' title='bbox 1137 4814 1324 4855; x_wconf 87' lang='lat' dir='ltr'><strong>eorum</strong></span> <span class='ocrx_word' id='word_1_521' title='bbox 1355 4810 1480 4857; x_wconf 90' lang='lat' dir='ltr'><strong>sunt</strong></span> <span class='ocrx_word' id='word_1_522' title='bbox 1503 4819 1611 4860; x_wconf 91' lang='lat' dir='ltr'><strong>non</strong></span> <span class='ocrx_word' id='word_1_523' title='bbox 1642 4808 1919 4876; x_wconf 89' lang='lat' dir='ltr'><strong>accedant,</strong></span> <span class='ocrx_word' id='word_1_524' title='bbox 1954 4825 2126 4882; x_wconf 85' lang='lat' dir='ltr'><strong>neque</strong></span> <span class='ocrx_word' id='word_1_525' title='bbox 2153 4817 2204 4878; x_wconf 81' lang='grc' dir='ltr'><strong><em>υ</em></strong></span> <span class='ocrx_word' id='word_1_526' title='bbox 2230 4790 2442 4850; x_wconf 51' lang='lat' dir='ltr'><strong>oportet</strong></span> <span class='ocrx_word' id='word_1_527' title='bbox 2464 4782 2718 4882; x_wconf 33' lang='lat' dir='ltr'><strong>primm&quot;?</strong></span> <span class='ocrx_word' id='word_1_528' title='bbox 2736 4789 3000 4882; x_wconf 53' lang='grc' dir='ltr'><strong>Ῐ¹⁰¹¹⁰¹Ὂ¹¹¹</strong></span> <span class='ocrx_word' id='word_1_529' title='bbox 3026 4802 3145 4861; x_wconf 62' lang='lat' dir='ltr'><strong>Po“</strong></span> <span class='ocrx_word' id='word_1_530' title='bbox 3166 4791 3463 4853; x_wconf 65' lang='lat' dir='ltr'><strong>Romanum</strong></span> <span class='ocrx_word' id='word_1_531' title='bbox 3482 4800 3816 4873; x_wconf 64' lang='lat' dir='ltr'><strong>cpismpumv</strong></span> 
     </span>
    </p>
   </div>
   <div class='ocr_carea' id='block_1_85' title="bbox 527 4881 2122 4963">
    <p class='ocr_par' dir='ltr' id='par_1_85' title="bbox 527 4881 2122 4963">
     <span class='ocr_line' id='line_1_87' title="bbox 527 4881 2122 4963; baseline 0.016 -29"><span class='ocrx_word' id='word_1_532' title='bbox 527 4881 855 4938; x_wconf 81' lang='lat' dir='ltr'><strong>confundant</strong></span> <span class='ocrx_word' id='word_1_533' title='bbox 887 4894 940 4941; x_wconf 90' lang='lat' dir='ltr'><strong>et</strong></span> <span class='ocrx_word' id='word_1_534' title='bbox 969 4889 1325 4956; x_wconf 88' lang='lat' dir='ltr'><strong>permisceant</strong></span> <span class='ocrx_word' id='word_1_535' title='bbox 1355 4891 1658 4963; x_wconf 89' lang='lat' dir='ltr'><strong>Ecclesias;</strong></span> <span class='ocrx_word' id='word_1_536' title='bbox 1704 4898 1801 4954; x_wconf 90' lang='lat' dir='ltr'><strong>sed</strong></span> <span class='ocrx_word' id='word_1_537' title='bbox 1827 4903 2122 4959; x_wconf 72' lang='lat' dir='ltr'><strong>secundum</strong></span> 
     </span>
    </p>
   </div>
   <div class='ocr_carea' id='block_1_86' title="bbox 525 4971 2120 5062">
    <p class='ocr_par' dir='ltr' id='par_1_86' title="bbox 525 4971 2120 5062">
     <span class='ocr_line' id='line_1_88' title="bbox 525 4971 2120 5062; baseline 0.019 -40"><span class='ocrx_word' id='word_1_538' title='bbox 525 4971 760 5062; x_wconf 65' lang='lat' dir='ltr'><strong>regulas,</strong></span> <span class='ocrx_word' id='word_1_539' title='bbox 788 4973 1127 5034; x_wconf 75' lang='lat' dir='ltr'><strong>Alexandria:</strong></span> <span class='ocrx_word' id='word_1_540' title='bbox 1158 4981 1375 5051; x_wconf 91' lang='lat' dir='ltr'><strong>quidem</strong></span> <span class='ocrx_word' id='word_1_541' title='bbox 1407 4986 1645 5059; x_wconf 90' lang='lat' dir='ltr'><strong>episcopi</strong></span> <span class='ocrx_word' id='word_1_542' title='bbox 1674 5005 1737 5045; x_wconf 88' lang='lat' dir='ltr'><strong>ea</strong></span> <span class='ocrx_word' id='word_1_543' title='bbox 1768 5006 1887 5062; x_wconf 72' lang='lat' dir='ltr'><strong>qua:</strong></span> <span class='ocrx_word' id='word_1_544' title='bbox 1914 5003 2035 5051; x_wconf 91' lang='lat' dir='ltr'><strong>sunt</strong></span> <span class='ocrx_word' id='word_1_545' title='bbox 2068 4997 2120 5052; x_wconf 89' lang='lat' dir='ltr'><strong>in</strong></span> 
     </span>
    </p>
   </div>
   <div class='ocr_carea' id='block_1_87' title="bbox 526 5059 2120 5160">
    <p class='ocr_par' dir='ltr' id='par_1_87' title="bbox 526 5059 2120 5160">
     <span class='ocr_line' id='line_1_89' title="bbox 526 5059 2120 5160; baseline 0.02 -46"><span class='ocrx_word' id='word_1_546' title='bbox 526 5059 772 5160; x_wconf 62' lang='lat' dir='ltr'><strong>.Egypto</strong></span> <span class='ocrx_word' id='word_1_547' title='bbox 792 5073 999 5160; x_wconf 86' lang='lat' dir='ltr'><strong>tantum</strong></span> <span class='ocrx_word' id='word_1_548' title='bbox 1028 5071 1328 5140; x_wconf 88' lang='lat' dir='ltr'><strong>gubernent</strong></span> <span class='ocrx_word' id='word_1_549' title='bbox 1357 5093 1373 5144; x_wconf 89' lang='lat'><strong>;</strong></span> <span class='ocrx_word' id='word_1_550' title='bbox 1401 5075 1634 5137; x_wconf 89' lang='lat' dir='ltr'><strong>Orientis</strong></span> <span class='ocrx_word' id='word_1_551' title='bbox 1662 5059 1841 5140; x_wconf 81' lang='lat' dir='ltr'><strong>autem</strong></span> <span class='ocrx_word' id='word_1_552' title='bbox 1880 5087 2120 5160; x_wconf 85' lang='lat' dir='ltr'><strong>episcopi</strong></span> 
     </span>
    </p>
   </div>
   <div class='ocr_carea' id='block_1_88' title="bbox 522 5154 2119 5241">
    <p class='ocr_par' dir='ltr' id='par_1_88' title="bbox 522 5154 2119 5241">
     <span class='ocr_line' id='line_1_90' title="bbox 522 5154 2119 5241; baseline 0.02 -33"><span class='ocrx_word' id='word_1_553' title='bbox 522 5154 691 5212; x_wconf 87' lang='lat' dir='ltr'><strong>solius</strong></span> <span class='ocrx_word' id='word_1_554' title='bbox 740 5158 977 5217; x_wconf 88' lang='lat' dir='ltr'><strong>Orientis</strong></span> <span class='ocrx_word' id='word_1_555' title='bbox 1021 5178 1206 5222; x_wconf 88' lang='lat' dir='ltr'><strong>curam</strong></span> <span class='ocrx_word' id='word_1_556' title='bbox 1258 5182 1486 5241; x_wconf 84' lang='lat' dir='ltr'><strong>gerant,</strong></span> <span class='ocrx_word' id='word_1_557' title='bbox 1540 5178 1769 5233; x_wconf 79' lang='lat' dir='ltr'><strong>servatis</strong></span> <span class='ocrx_word' id='word_1_558' title='bbox 1824 5154 2119 5240; x_wconf 85' lang='lat' dir='ltr'><strong>honoribus</strong></span> 
     </span>
    </p>
   </div>
   <div class='ocr_carea' id='block_1_89' title="bbox 524 5248 2117 5342">
    <p class='ocr_par' dir='ltr' id='par_1_89' title="bbox 524 5248 2117 5342">
     <span class='ocr_line' id='line_1_91' title="bbox 524 5248 2117 5342; baseline 0.021 -42"><span class='ocrx_word' id='word_1_559' title='bbox 524 5248 786 5342; x_wconf 82' lang='lat' dir='ltr'><strong>primatus</strong></span> <span class='ocrx_word' id='word_1_560' title='bbox 823 5253 1075 5313; x_wconf 66' lang='lat' dir='ltr'><strong>Ecclesiae</strong></span> <span class='ocrx_word' id='word_1_561' title='bbox 1096 5262 1446 5322; x_wconf 75' lang='lat' dir='ltr'><strong>Antiochena:</strong></span> <span class='ocrx_word' id='word_1_562' title='bbox 1468 5269 1559 5339; x_wconf 89' lang='lat' dir='ltr'><strong>qui</strong></span> <span class='ocrx_word' id='word_1_563' title='bbox 1583 5269 1635 5325; x_wconf 92' lang='lat' dir='ltr'><strong>in</strong></span> <span class='ocrx_word' id='word_1_564' title='bbox 1663 5272 1861 5342; x_wconf 89' lang='lat' dir='ltr'><strong>regulis</strong></span> <span class='ocrx_word' id='word_1_565' title='bbox 1887 5274 2117 5333; x_wconf 64' lang='lat' dir='ltr'><strong>Nicena:</strong></span> 
     </span>
    </p>
   </div>
   <div class='ocr_carea' id='block_1_90' title="bbox 454 5339 2110 5438">
    <p class='ocr_par' dir='ltr' id='par_1_90' title="bbox 454 5339 2110 5438">
     <span class='ocr_line' id='line_1_92' title="bbox 454 5339 2110 5438; baseline 0.023 -50"><span class='ocrx_word' id='word_1_566' title='bbox 454 5420 457 5421; x_wconf 12' lang='grc' dir='ltr'><em>ν</em></span> <span class='ocrx_word' id='word_1_567' title='bbox 520 5339 713 5438; x_wconf 77' lang='lat' dir='ltr'><strong>synodi</strong></span> <span class='ocrx_word' id='word_1_568' title='bbox 741 5345 1114 5438; x_wconf 82' lang='lat' dir='ltr'><strong>continentur;</strong></span> <span class='ocrx_word' id='word_1_569' title='bbox 1146 5353 1240 5408; x_wconf 88' lang='lat' dir='ltr'><strong>sed</strong></span> <span class='ocrx_word' id='word_1_570' title='bbox 1269 5366 1323 5411; x_wconf 92' lang='lat' dir='ltr'><strong>et</strong></span> <span class='ocrx_word' id='word_1_571' title='bbox 1361 5360 1572 5415; x_wconf 67' lang='lat' dir='ltr'><strong>Asiana;</strong></span> <span class='ocrx_word' id='word_1_572' title='bbox 1600 5339 1748 5434; x_wconf 55' lang='grc' dir='ltr'><strong>[Αἲξ</strong></span> <span class='ocrx_word' id='word_1_573' title='bbox 1786 5363 1950 5438; x_wconf 68' lang='lat' dir='ltr'><strong>Asiae]</strong></span> <span class='ocrx_word' id='word_1_574' title='bbox 1981 5369 2110 5426; x_wconf 74' lang='lat' dir='ltr'><strong>dim-</strong></span> 
     </span>
    </p>
   </div>
   <div class='ocr_carea' id='block_1_91' title="bbox 458 5431 2112 5524">
    <p class='ocr_par' dir='ltr' id='par_1_91' title="bbox 458 5431 2112 5524">
     <span class='ocr_line' id='line_1_93' title="bbox 458 5431 2112 5524; baseline 0.021 -43"><span class='ocrx_word' id='word_1_575' title='bbox 458 5482 476 5524; x_wconf 27' lang='lat'>:</span> <span class='ocrx_word' id='word_1_576' title='bbox 521 5431 665 5487; x_wconf 88' lang='lat' dir='ltr'><strong>cesis</strong></span> <span class='ocrx_word' id='word_1_577' title='bbox 698 5434 933 5509; x_wconf 88' lang='lat' dir='ltr'><strong>episcopi</strong></span> <span class='ocrx_word' id='word_1_578' title='bbox 976 5456 1039 5497; x_wconf 91' lang='lat' dir='ltr'><strong>ea</strong></span> <span class='ocrx_word' id='word_1_579' title='bbox 1064 5460 1181 5515; x_wconf 77' lang='lat' dir='ltr'><strong>qua:</strong></span> <span class='ocrx_word' id='word_1_580' title='bbox 1211 5457 1335 5503; x_wconf 91' lang='lat' dir='ltr'><strong>sunt</strong></span> <span class='ocrx_word' id='word_1_581' title='bbox 1372 5449 1426 5505; x_wconf 89' lang='lat' dir='ltr'><strong>in</strong></span> <span class='ocrx_word' id='word_1_582' title='bbox 1468 5431 1677 5508; x_wconf 30' lang='lat' dir='ltr'><strong>Asiavet</strong></span> <span class='ocrx_word' id='word_1_583' title='bbox 1717 5431 1834 5524; x_wconf 71' lang='lat' dir='ltr'><strong>qua:</strong></span> <span class='ocrx_word' id='word_1_584' title='bbox 1862 5431 2112 5515; x_wconf 46' lang='lat' dir='ltr'><strong>ad-Asia-</strong></span> 
     </span>
    </p>
   </div>
   <div class='ocr_carea' id='block_1_92' title="bbox 469 5519 2111 5618">
    <p class='ocr_par' dir='ltr' id='par_1_92' title="bbox 469 5519 2111 5618">
     <span class='ocr_line' id='line_1_94' title="bbox 469 5519 2111 5618; baseline 0.021 -45"><span class='ocrx_word' id='word_1_585' title='bbox 469 5519 476 5532; x_wconf 80' lang='lat'><strong><em>’</em></strong></span> <span class='ocrx_word' id='word_1_586' title='bbox 520 5534 648 5618; x_wconf 71' lang='lat' dir='ltr'><strong>nam</strong></span> <span class='ocrx_word' id='word_1_587' title='bbox 701 5534 1068 5591; x_wconf 89' lang='lat' dir='ltr'><strong>tantummodo</strong></span> <span class='ocrx_word' id='word_1_588' title='bbox 1125 5538 1400 5595; x_wconf 74' lang='lat' dir='ltr'><strong>dimcesim</strong></span> <span class='ocrx_word' id='word_1_589' title='bbox 1460 5519 1748 5611; x_wconf 66' lang='lat' dir='ltr'><strong>pertinent</strong></span> <span class='ocrx_word' id='word_1_590' title='bbox 1779 5548 2111 5618; x_wconf 88' lang='lat' dir='ltr'><strong>gubernent;</strong></span> 
     </span>
    </p>
   </div>
   <div class='ocr_carea' id='block_1_93' title="bbox 517 5609 2110 5702">
    <p class='ocr_par' dir='ltr' id='par_1_93' title="bbox 517 5609 2110 5702">
     <span class='ocr_line' id='line_1_95' title="bbox 517 5609 2110 5702; baseline 0.018 -31"><span class='ocrx_word' id='word_1_591' title='bbox 517 5609 675 5674; x_wconf 85' lang='lat' dir='ltr'><strong>Ponti</strong></span> <span class='ocrx_word' id='word_1_592' title='bbox 703 5631 880 5680; x_wconf 92' lang='lat' dir='ltr'><strong>autem</strong></span> <span class='ocrx_word' id='word_1_593' title='bbox 924 5630 1162 5701; x_wconf 89' lang='lat' dir='ltr'><strong>episcopi</strong></span> <span class='ocrx_word' id='word_1_594' title='bbox 1209 5609 1697 5693; x_wconf 40' lang='lat' dir='ltr'><strong>Ponticae—tantum</strong></span> <span class='ocrx_word' id='word_1_595' title='bbox 1728 5609 1975 5699; x_wconf 50' lang='lat' dir='ltr'><strong>diiecesis</strong></span> <span class='ocrx_word' id='word_1_596' title='bbox 2015 5609 2110 5702; x_wconf 48' lang='lat' dir='ltr'><strong>ha;</strong></span> 
     </span>
    </p>
   </div>
   <div class='ocr_carea' id='block_1_94' title="bbox 589 5776 1208 5849">
    <p class='ocr_par' dir='ltr' id='par_1_94' title="bbox 589 5776 1208 5849">
     <span class='ocr_line' id='line_1_96' title="bbox 589 5776 1208 5849; baseline 0.011 -16"><span class='ocrx_word' id='word_1_597' title='bbox 589 5783 618 5849; x_wconf 53' lang='grc' dir='ltr'>β</span> <span class='ocrx_word' id='word_1_598' title='bbox 642 5776 733 5849; x_wconf 82' lang='lat' dir='ltr'><strong>U.,</strong></span> <span class='ocrx_word' id='word_1_599' title='bbox 762 5779 1208 5841; x_wconf 67' lang='lat' dir='ltr'><strong>Macedoniaitam.</strong></span> 
     </span>
    </p>
   </div>
   <div class='ocr_carea' id='block_1_95' title="bbox 583 5844 1215 5917">
    <p class='ocr_par' dir='ltr' id='par_1_95' title="bbox 583 5844 1215 5917">
     <span class='ocr_line' id='line_1_97' title="bbox 583 5844 1215 5917; baseline 0.017 -15"><span class='ocrx_word' id='word_1_600' title='bbox 583 5844 613 5887; x_wconf 74' lang='grc' dir='ltr'>δ</span> <span class='ocrx_word' id='word_1_601' title='bbox 642 5848 706 5905; x_wconf 85' lang='grc' dir='ltr'><strong>Τ.</strong></span> <span class='ocrx_word' id='word_1_602' title='bbox 720 5844 784 5917; x_wconf 78' lang='grc'><strong>’2,</strong></span> <span class='ocrx_word' id='word_1_603' title='bbox 816 5867 919 5907; x_wconf 69' lang='lat' dir='ltr'><strong>aera</strong></span> <span class='ocrx_word' id='word_1_604' title='bbox 949 5869 1215 5913; x_wconf 83' lang='lat' dir='ltr'><strong>ccccvntl.</strong></span> 
     </span>
    </p>
   </div>
   <div class='ocr_carea' id='block_1_96' title="bbox 587 5919 1927 6003">
    <p class='ocr_par' dir='ltr' id='par_1_96' title="bbox 587 5919 1927 6003">
     <span class='ocr_line' id='line_1_98' title="bbox 587 5919 1927 6003; baseline 0.021 -30"><span class='ocrx_word' id='word_1_605' title='bbox 587 5926 613 5959; x_wconf 75' lang='grc' dir='ltr'><strong><em>ο</em></strong></span> <span class='ocrx_word' id='word_1_606' title='bbox 644 5919 762 5987; x_wconf 65' lang='lat'><strong>.43.,</strong></span> <span class='ocrx_word' id='word_1_607' title='bbox 789 5924 986 5993; x_wconf 79' lang='lat' dir='ltr'><strong>iniquo,</strong></span> <span class='ocrx_word' id='word_1_608' title='bbox 1029 5936 1082 5984; x_wconf 86' lang='lat' dir='ltr'><strong>et</strong></span> <span class='ocrx_word' id='word_1_609' title='bbox 1111 5927 1188 5985; x_wconf 90' lang='lat' dir='ltr'><strong>sic</strong></span> <span class='ocrx_word' id='word_1_610' title='bbox 1217 5937 1404 6000; x_wconf 83' lang='lat' dir='ltr'><strong>postea</strong></span> <span class='ocrx_word' id='word_1_611' title='bbox 1434 5931 1490 5991; x_wconf 86' lang='lat' dir='ltr'><strong>in</strong></span> <span class='ocrx_word' id='word_1_612' title='bbox 1517 5941 1672 5995; x_wconf 83' lang='lat' dir='ltr'><strong>sexto</strong></span> <span class='ocrx_word' id='word_1_613' title='bbox 1699 5953 1927 6003; x_wconf 83' lang='lat' dir='ltr'><strong>canone.</strong></span> 
     </span>
    </p>
   </div>
   <div class='ocr_carea' id='block_1_97' title="bbox 2230 4879 3095 4949">
    <p class='ocr_par' dir='ltr' id='par_1_97' title="bbox 2230 4879 3095 4949">
     <span class='ocr_line' id='line_1_99' title="bbox 2230 4879 3095 4949; baseline 0.014 -19"><span class='ocrx_word' id='word_1_614' title='bbox 2230 4886 2444 4947; x_wconf 89' lang='lat' dir='ltr'><strong>propter</strong></span> <span class='ocrx_word' id='word_1_615' title='bbox 2472 4879 2614 4949; x_wconf 90' lang='lat' dir='ltr'><strong>quod</strong></span> <span class='ocrx_word' id='word_1_616' title='bbox 2644 4880 2715 4935; x_wconf 88' lang='lat' dir='ltr'><strong>sit</strong></span> <span class='ocrx_word' id='word_1_617' title='bbox 2735 4880 2902 4938; x_wconf 85' lang='lat' dir='ltr'><strong>Roma</strong></span> <span class='ocrx_word' id='word_1_618' title='bbox 2936 4902 3095 4941; x_wconf 88' lang='lat' dir='ltr'><strong>nova.</strong></span> 
     </span>
    </p>
   </div>
   <div class='ocr_carea' id='block_1_98' title="bbox 2514 4990 3526 5076">
    <p class='ocr_par' dir='ltr' id='par_1_98' title="bbox 2514 4990 3526 5076">
     <span class='ocr_line' id='line_1_100' title="bbox 2514 4990 3526 5076; baseline 0.012 -29"><span class='ocrx_word' id='word_1_619' title='bbox 2514 4990 2601 5047; x_wconf 75' lang='lat' dir='ltr'><strong>Vl.</strong></span> <span class='ocrx_word' id='word_1_620' title='bbox 2626 4992 2705 5047; x_wconf 87' lang='lat' dir='ltr'><strong>De</strong></span> <span class='ocrx_word' id='word_1_621' title='bbox 2731 4999 2956 5050; x_wconf 68' lang='lat' dir='ltr'><strong>maximo</strong></span> <span class='ocrx_word' id='word_1_622' title='bbox 2986 4996 3175 5068; x_wconf 82' lang='lat' dir='ltr'><strong>Cynico</strong></span> <span class='ocrx_word' id='word_1_623' title='bbox 3203 5001 3526 5076; x_wconf 77' lang='lat' dir='ltr'><strong>philosopho.</strong></span> 
     </span>
    </p>
   </div>
   <div class='ocr_carea' id='block_1_99' title="bbox 2298 5102 3814 5195">
    <p class='ocr_par' dir='ltr' id='par_1_99' title="bbox 2298 5102 3814 5195">
     <span class='ocr_line' id='line_1_101' title="bbox 2298 5102 3814 5195; baseline 0.015 -38"><span class='ocrx_word' id='word_1_624' title='bbox 2298 5102 2372 5160; x_wconf 90' lang='lat' dir='ltr'><strong>De</strong></span> <span class='ocrx_word' id='word_1_625' title='bbox 2394 5108 2627 5163; x_wconf 92' lang='lat' dir='ltr'><strong>maximo</strong></span> <span class='ocrx_word' id='word_1_626' title='bbox 2655 5108 2855 5179; x_wconf 88' lang='lat' dir='ltr'><strong>Cynico</strong></span> <span class='ocrx_word' id='word_1_627' title='bbox 2885 5112 3203 5184; x_wconf 89' lang='lat' dir='ltr'><strong>philosopho</strong></span> <span class='ocrx_word' id='word_1_628' title='bbox 3231 5128 3285 5174; x_wconf 92' lang='lat' dir='ltr'><strong>et</strong></span> <span class='ocrx_word' id='word_1_629' title='bbox 3327 5122 3487 5177; x_wconf 92' lang='lat' dir='ltr'><strong>totius</strong></span> <span class='ocrx_word' id='word_1_630' title='bbox 3517 5121 3814 5195; x_wconf 80' lang='lat' dir='ltr'><strong>indiscipli-</strong></span> 
     </span>
    </p>
   </div>
   <div class='ocr_carea' id='block_1_100' title="bbox 2222 5198 3812 5285">
    <p class='ocr_par' dir='ltr' id='par_1_100' title="bbox 2222 5198 3812 5285">
     <span class='ocr_line' id='line_1_102' title="bbox 2222 5198 3812 5285; baseline 0.015 -35"><span class='ocrx_word' id='word_1_631' title='bbox 2222 5198 2457 5254; x_wconf 88' lang='lat' dir='ltr'><strong>nationis</strong></span> <span class='ocrx_word' id='word_1_632' title='bbox 2485 5200 2621 5269; x_wconf 85' lang='lat' dir='ltr'><strong>ejus,</strong></span> <span class='ocrx_word' id='word_1_633' title='bbox 2645 5217 2766 5271; x_wconf 65' lang='lat' dir='ltr'><strong>quae</strong></span> <span class='ocrx_word' id='word_1_634' title='bbox 2795 5204 3257 5281; x_wconf 82' lang='lat' dir='ltr'><strong>ConstantinOpoIi</strong></span> <span class='ocrx_word' id='word_1_635' title='bbox 3280 5224 3396 5269; x_wconf 91' lang='lat' dir='ltr'><strong>orta</strong></span> <span class='ocrx_word' id='word_1_636' title='bbox 3420 5224 3521 5285; x_wconf 88' lang='lat' dir='ltr'><strong>est,</strong></span> <span class='ocrx_word' id='word_1_637' title='bbox 3552 5226 3812 5275; x_wconf 88' lang='lat' dir='ltr'><strong>statutum</strong></span> 
     </span>
    </p>
   </div>
   <div class='ocr_carea' id='block_1_101' title="bbox 2220 5293 3811 5380">
    <p class='ocr_par' dir='ltr' id='par_1_101' title="bbox 2220 5293 3811 5380">
     <span class='ocr_line' id='line_1_103' title="bbox 2220 5293 3811 5380; baseline 0.016 -37"><span class='ocrx_word' id='word_1_638' title='bbox 2220 5297 2323 5358; x_wconf 91' lang='lat' dir='ltr'><strong>est,</strong></span> <span class='ocrx_word' id='word_1_639' title='bbox 2356 5300 2413 5346; x_wconf 91' lang='lat' dir='ltr'><strong>ut</strong></span> <span class='ocrx_word' id='word_1_640' title='bbox 2459 5308 2630 5363; x_wconf 90' lang='lat' dir='ltr'><strong>neque</strong></span> <span class='ocrx_word' id='word_1_641' title='bbox 2658 5293 2921 5355; x_wconf 81' lang='lat' dir='ltr'><strong>Maximus</strong></span> <span class='ocrx_word' id='word_1_642' title='bbox 2961 5300 3127 5360; x_wconf 82' lang='lat' dir='ltr'><strong>fuisse</strong></span> <span class='ocrx_word' id='word_1_643' title='bbox 3149 5316 3241 5361; x_wconf 90' lang='lat' dir='ltr'><strong>aut</strong></span> <span class='ocrx_word' id='word_1_644' title='bbox 3266 5322 3387 5363; x_wconf 88' lang='lat' dir='ltr'><strong>esse</strong></span> <span class='ocrx_word' id='word_1_645' title='bbox 3424 5309 3533 5378; x_wconf 82' lang='lat' dir='ltr'><strong>jam</strong></span> <span class='ocrx_word' id='word_1_646' title='bbox 3572 5319 3811 5380; x_wconf 88' lang='lat' dir='ltr'><strong>putetur,</strong></span> 
     </span>
    </p>
   </div>
   <div class='ocr_carea' id='block_1_102' title="bbox 2218 5384 3813 5474">
    <p class='ocr_par' dir='ltr' id='par_1_102' title="bbox 2218 5384 3813 5474">
     <span class='ocr_line' id='line_1_104' title="bbox 2218 5384 3813 5474; baseline 0.016 -39"><span class='ocrx_word' id='word_1_647' title='bbox 2218 5396 2392 5452; x_wconf 87' lang='lat' dir='ltr'><strong>neque</strong></span> <span class='ocrx_word' id='word_1_648' title='bbox 2415 5384 2464 5439; x_wconf 91' lang='lat' dir='ltr'><strong>hi</strong></span> <span class='ocrx_word' id='word_1_649' title='bbox 2496 5385 2585 5456; x_wconf 89' lang='lat' dir='ltr'><strong>qui</strong></span> <span class='ocrx_word' id='word_1_650' title='bbox 2610 5387 2680 5444; x_wconf 87' lang='lat' dir='ltr'><strong>ab</strong></span> <span class='ocrx_word' id='word_1_651' title='bbox 2708 5404 2774 5445; x_wconf 92' lang='lat' dir='ltr'><strong>eo</strong></span> <span class='ocrx_word' id='word_1_652' title='bbox 2803 5401 2927 5447; x_wconf 85' lang='lat' dir='ltr'><strong>sunt</strong></span> <span class='ocrx_word' id='word_1_653' title='bbox 2953 5394 3211 5463; x_wconf 87' lang='lat' dir='ltr'><strong>ordinati,</strong></span> <span class='ocrx_word' id='word_1_654' title='bbox 3242 5400 3663 5471; x_wconf 84' lang='lat' dir='ltr'><strong>qualemcunque</strong></span> <span class='ocrx_word' id='word_1_655' title='bbox 3687 5419 3813 5474; x_wconf 84' lang='lat' dir='ltr'><strong>gra-</strong></span> 
     </span>
    </p>
   </div>
   <div class='ocr_carea' id='block_1_103' title="bbox 2216 5474 3811 5565">
    <p class='ocr_par' dir='ltr' id='par_1_103' title="bbox 2216 5474 3811 5565">
     <span class='ocr_line' id='line_1_105' title="bbox 2216 5474 3811 5565; baseline 0.016 -36"><span class='ocrx_word' id='word_1_656' title='bbox 2216 5474 2340 5531; x_wconf 91' lang='lat' dir='ltr'><strong>dum</strong></span> <span class='ocrx_word' id='word_1_657' title='bbox 2371 5478 2655 5538; x_wconf 89' lang='lat' dir='ltr'><strong>clericatus</strong></span> <span class='ocrx_word' id='word_1_658' title='bbox 2686 5482 2983 5557; x_wconf 89' lang='lat' dir='ltr'><strong>obtineant,</strong></span> <span class='ocrx_word' id='word_1_659' title='bbox 3013 5491 3262 5546; x_wconf 91' lang='lat' dir='ltr'><strong>omnibus</strong></span> <span class='ocrx_word' id='word_1_660' title='bbox 3292 5491 3497 5549; x_wconf 89' lang='lat' dir='ltr'><strong>scilicet</strong></span> <span class='ocrx_word' id='word_1_661' title='bbox 3521 5511 3639 5565; x_wconf 75' lang='lat' dir='ltr'><strong>qua:</strong></span> <span class='ocrx_word' id='word_1_662' title='bbox 3662 5495 3811 5553; x_wconf 76' lang='lat' dir='ltr'><strong>circa</strong></span> 
     </span>
    </p>
   </div>
   <div class='ocr_carea' id='block_1_104' title="bbox 2215 5570 3586 5647">
    <p class='ocr_par' dir='ltr' id='par_1_104' title="bbox 2215 5570 3586 5647">
     <span class='ocr_line' id='line_1_106' title="bbox 2215 5570 3586 5647; baseline 0.015 -23"><span class='ocrx_word' id='word_1_663' title='bbox 2215 5582 2335 5626; x_wconf 90' lang='lat' dir='ltr'><strong>cum</strong></span> <span class='ocrx_word' id='word_1_664' title='bbox 2366 5570 2448 5627; x_wconf 92' lang='lat' dir='ltr'><strong>vel</strong></span> <span class='ocrx_word' id='word_1_665' title='bbox 2477 5574 2545 5630; x_wconf 88' lang='lat' dir='ltr'><strong>ab</strong></span> <span class='ocrx_word' id='word_1_666' title='bbox 2569 5588 2635 5632; x_wconf 90' lang='lat' dir='ltr'><strong>eo</strong></span> <span class='ocrx_word' id='word_1_667' title='bbox 2663 5586 2813 5647; x_wconf 88' lang='lat' dir='ltr'><strong>gesta</strong></span> <span class='ocrx_word' id='word_1_668' title='bbox 2841 5589 2965 5636; x_wconf 90' lang='lat' dir='ltr'><strong>sunt</strong></span> <span class='ocrx_word' id='word_1_669' title='bbox 2989 5579 3044 5637; x_wconf 92' lang='lat' dir='ltr'><strong>in</strong></span> <span class='ocrx_word' id='word_1_670' title='bbox 3072 5582 3279 5640; x_wconf 91' lang='lat' dir='ltr'><strong>irritum</strong></span> <span class='ocrx_word' id='word_1_671' title='bbox 3304 5589 3586 5645; x_wconf 86' lang='lat' dir='ltr'><strong>revocatis.</strong></span> 
     </span>
    </p>
   </div>
   <div class='ocr_carea' id='block_1_105' title="bbox 2519 5818 3319 5889">
    <p class='ocr_par' dir='ltr' id='par_1_105' title="bbox 2519 5818 3319 5889">
     <span class='ocr_line' id='line_1_107' title="bbox 2519 5818 3319 5889; baseline 0.024 -18"><span class='ocrx_word' id='word_1_672' title='bbox 2519 5818 2572 5885; x_wconf 88' lang='lat'><strong>2,</strong></span> <span class='ocrx_word' id='word_1_673' title='bbox 2596 5819 2686 5887; x_wconf 86' lang='lat' dir='ltr'><strong>G.,</strong></span> <span class='ocrx_word' id='word_1_674' title='bbox 2717 5821 3319 5889; x_wconf 83' lang='lat' dir='ltr'><strong>Pneumalentaticorum.</strong></span> 
     </span>
    </p>
   </div>
   <div class='ocr_carea' id='block_1_106' title="bbox 2287 5814 2469 5872">
    <p class='ocr_par' dir='ltr' id='par_1_106' title="bbox 2287 5814 2469 5872">
     <span class='ocr_line' id='line_1_108' title="bbox 2287 5814 2469 5872; baseline 0.016 -3"><span class='ocrx_word' id='word_1_675' title='bbox 2287 5814 2469 5872; x_wconf 71' lang='lat' dir='ltr'><strong>&#39;3T.I</strong></span> 
     </span>
    </p>
   </div>
   <div class='ocr_carea' id='block_1_107' title="bbox 2390 5862 3360 5965">
    <p class='ocr_par' dir='ltr' id='par_1_107' title="bbox 2390 5862 3360 5965">
     <span class='ocr_line' id='line_1_109' title="bbox 2396 5862 3319 5889; baseline 0.021 -18"><span class='ocrx_word' id='word_1_676' title='bbox 2396 5862 2409 5871; x_wconf 87' lang='lat'><strong>.</strong></span> <span class='ocrx_word' id='word_1_677' title='bbox 2449 5862 2496 5885; x_wconf 85' lang='lat'><strong>-,</strong></span> <span class='ocrx_word' id='word_1_678' title='bbox 2521 5862 2572 5885; x_wconf 86' lang='grc'><strong>-,</strong></span> <span class='ocrx_word' id='word_1_679' title='bbox 2599 5862 2686 5887; x_wconf 67' lang='grc' dir='ltr'><strong>νη</strong></span> <span class='ocrx_word' id='word_1_680' title='bbox 2717 5862 2741 5875; x_wconf 83' lang='grc'><strong>-</strong></span> <span class='ocrx_word' id='word_1_681' title='bbox 2768 5862 3201 5887; x_wconf 56' lang='lat' dir='ltr'><strong>unum-tomust</strong></span> <span class='ocrx_word' id='word_1_682' title='bbox 3215 5862 3319 5889; x_wconf 77' lang='lat' dir='ltr'><strong>um.</strong></span> 
     </span>
     <span class='ocr_line' id='line_1_110' title="bbox 2390 5889 3360 5965; baseline 0.022 -22"><span class='ocrx_word' id='word_1_683' title='bbox 2390 5926 2405 5943; x_wconf 97' lang='lat'><strong>.</strong></span> <span class='ocrx_word' id='word_1_684' title='bbox 2423 5889 2512 5957; x_wconf 82' lang='lat' dir='ltr'><strong>R.,</strong></span> <span class='ocrx_word' id='word_1_685' title='bbox 2540 5892 2790 5949; x_wconf 71' lang='lat' dir='ltr'><strong>dioecesim</strong></span> <span class='ocrx_word' id='word_1_686' title='bbox 2810 5912 2956 5953; x_wconf 84' lang='lat' dir='ltr'><strong>suam</strong></span> <span class='ocrx_word' id='word_1_687' title='bbox 2984 5916 3084 5957; x_wconf 88' lang='lat' dir='ltr'><strong>non</strong></span> <span class='ocrx_word' id='word_1_688' title='bbox 3106 5908 3360 5965; x_wconf 76' lang='lat' dir='ltr'><strong>accedere.</strong></span> 
     </span>
    </p>
   </div>
   <div class='ocr_carea' id='block_1_108' title="bbox 2289 5897 2313 5926">
    <p class='ocr_par' dir='ltr' id='par_1_108' title="bbox 2289 5897 2313 5926">
     <span class='ocr_line' id='line_1_111' title="bbox 2289 5897 2313 5926; baseline 0 0"><span class='ocrx_word' id='word_1_689' title='bbox 2289 5897 2313 5926; x_wconf 68' lang='grc' dir='ltr'>θ</span> 
     </span>
    </p>
   </div>
  </div>
