  <div class='ocr_page' id='page_1' title='image "/cluster/home/n/w/nwhite01/storage/ocr_20150623/84/hvd.32044015547136/074.png"; bbox 0 0 4086 6358; ppageno 0'>
   <div class='ocr_carea' id='block_1_1' title="bbox 227 369 324 426">
    <p class='ocr_par' dir='ltr' id='par_1_1' title="bbox 227 369 324 426">
     <span class='ocr_line' id='line_1_1' title="bbox 227 369 324 426; baseline -0.062 0"><span class='ocrx_word' id='word_1_1' title='bbox 227 369 324 426; x_wconf 79' lang='grc'><strong><em>157</em></strong></span> 
     </span>
    </p>
   </div>
   <div class='ocr_carea' id='block_1_2' title="bbox 288 550 1732 623">
    <p class='ocr_par' dir='ltr' id='par_1_2' title="bbox 288 550 1732 623">
     <span class='ocr_line' id='line_1_2' title="bbox 288 550 1732 623; baseline 0.001 -19"><span class='ocrx_word' id='word_1_2' title='bbox 288 553 432 622; x_wconf 88' lang='lat' dir='ltr'><strong><em>ginta</em></strong></span> <span class='ocrx_word' id='word_1_3' title='bbox 461 550 675 604; x_wconf 88' lang='lat' dir='ltr'><strong><em>Patrum</em></strong></span> <span class='ocrx_word' id='word_1_4' title='bbox 717 554 856 622; x_wconf 82' lang='lat' dir='ltr'><strong><em>apud</em></strong></span> <span class='ocrx_word' id='word_1_5' title='bbox 887 550 1380 623; x_wconf 83' lang='lat' dir='ltr'><strong><em>Constantinopolim</em></strong></span> <span class='ocrx_word' id='word_1_6' title='bbox 1431 550 1732 606; x_wconf 84' lang='lat' dir='ltr'><strong><em>institutum.</em></strong></span> 
     </span>
    </p>
   </div>
   <div class='ocr_carea' id='block_1_3' title="bbox 289 641 1805 713">
    <p class='ocr_par' dir='ltr' id='par_1_3' title="bbox 289 641 1805 713">
     <span class='ocr_line' id='line_1_3' title="bbox 289 641 1805 713; baseline 0.001 -15"><span class='ocrx_word' id='word_1_7' title='bbox 289 641 574 698; x_wconf 80' lang='lat' dir='ltr'><strong><em>Credimus</em></strong></span> <span class='ocrx_word' id='word_1_8' title='bbox 614 643 668 696; x_wconf 92' lang='lat' dir='ltr'><strong><em>in</em></strong></span> <span class='ocrx_word' id='word_1_9' title='bbox 717 658 882 698; x_wconf 92' lang='lat' dir='ltr'><strong><em>unum</em></strong></span> <span class='ocrx_word' id='word_1_10' title='bbox 912 642 1080 697; x_wconf 90' lang='lat' dir='ltr'><strong><em>Deum</em></strong></span> <span class='ocrx_word' id='word_1_11' title='bbox 1123 641 1330 697; x_wconf 90' lang='lat' dir='ltr'><strong><em>Patrem</em></strong></span> <span class='ocrx_word' id='word_1_12' title='bbox 1363 643 1805 713; x_wconf 79' lang='lat' dir='ltr'><strong><em>omnipotentem,</em></strong></span> 
     </span>
    </p>
   </div>
   <div class='ocr_carea' id='block_1_4' title="bbox 225 737 1810 805">
    <p class='ocr_par' dir='ltr' id='par_1_4' title="bbox 225 737 1810 805">
     <span class='ocr_line' id='line_1_4' title="bbox 225 737 1810 805; baseline 0 -10"><span class='ocrx_word' id='word_1_13' title='bbox 225 739 479 795; x_wconf 77' lang='lat' dir='ltr'><strong><em>factorem</em></strong></span> <span class='ocrx_word' id='word_1_14' title='bbox 511 737 650 792; x_wconf 65' lang='lat' dir='ltr'><strong><em>caeli.</em></strong></span> <span class='ocrx_word' id='word_1_15' title='bbox 665 747 722 793; x_wconf 91' lang='lat' dir='ltr'><strong><em>et</em></strong></span> <span class='ocrx_word' id='word_1_16' title='bbox 751 746 930 805; x_wconf 73' lang='lat' dir='ltr'><strong><em>terrm,</em></strong></span> <span class='ocrx_word' id='word_1_17' title='bbox 964 737 1253 793; x_wconf 78' lang='lat' dir='ltr'><strong><em>visibilium</em></strong></span> <span class='ocrx_word' id='word_1_18' title='bbox 1284 739 1519 793; x_wconf 88' lang='lat' dir='ltr'><strong><em>onmium</em></strong></span> <span class='ocrx_word' id='word_1_19' title='bbox 1547 750 1598 794; x_wconf 87' lang='lat' dir='ltr'><strong><em>et</em></strong></span> <span class='ocrx_word' id='word_1_20' title='bbox 1625 739 1810 795; x_wconf 85' lang='lat' dir='ltr'><strong><em>invisi-</em></strong></span> 
     </span>
    </p>
   </div>
   <div class='ocr_carea' id='block_1_5' title="bbox 225 830 1812 890">
    <p class='ocr_par' dir='ltr' id='par_1_5' title="bbox 225 830 1812 890">
     <span class='ocr_line' id='line_1_5' title="bbox 225 830 1812 890; baseline -0.003 0"><span class='ocrx_word' id='word_1_21' title='bbox 225 832 403 890; x_wconf 85' lang='lat' dir='ltr'><strong><em>bilium</em></strong></span> <span class='ocrx_word' id='word_1_22' title='bbox 431 830 768 887; x_wconf 72' lang='lat' dir='ltr'><strong><em>conditorem</em></strong></span> <span class='ocrx_word' id='word_1_23' title='bbox 804 840 896 885; x_wconf 86' lang='lat' dir='ltr'><strong><em>:et</em></strong></span> <span class='ocrx_word' id='word_1_24' title='bbox 920 831 973 884; x_wconf 91' lang='lat' dir='ltr'><strong><em>in</em></strong></span> <span class='ocrx_word' id='word_1_25' title='bbox 1005 847 1168 885; x_wconf 91' lang='lat' dir='ltr'><strong><em>unum</em></strong></span> <span class='ocrx_word' id='word_1_26' title='bbox 1196 831 1480 886; x_wconf 86' lang='lat' dir='ltr'><strong><em>Dominum</em></strong></span> <span class='ocrx_word' id='word_1_27' title='bbox 1513 839 1539 868; x_wconf 75' lang='grc'>⁸</span> <span class='ocrx_word' id='word_1_28' title='bbox 1571 843 1812 886; x_wconf 85' lang='lat' dir='ltr'><strong><em>nostrum</em></strong></span> 
     </span>
    </p>
   </div>
   <div class='ocr_carea' id='block_1_6' title="bbox 226 923 1816 994">
    <p class='ocr_par' dir='ltr' id='par_1_6' title="bbox 226 923 1816 994">
     <span class='ocr_line' id='line_1_6' title="bbox 226 923 1816 994; baseline -0.001 -12"><span class='ocrx_word' id='word_1_29' title='bbox 226 925 400 982; x_wconf 70' lang='lat' dir='ltr'><strong><em>Iesum</em></strong></span> <span class='ocrx_word' id='word_1_30' title='bbox 447 923 718 979; x_wconf 85' lang='lat' dir='ltr'><strong><em>Christum</em></strong></span> <span class='ocrx_word' id='word_1_31' title='bbox 771 923 967 978; x_wconf 78' lang='lat' dir='ltr'><strong><em>Filium</em></strong></span> <span class='ocrx_word' id='word_1_32' title='bbox 1024 923 1114 977; x_wconf 89' lang='lat' dir='ltr'><strong><em>Dei</em></strong></span> <span class='ocrx_word' id='word_1_33' title='bbox 1165 923 1518 994; x_wconf 78' lang='lat' dir='ltr'><strong><em>unigenitum,</em></strong></span> <span class='ocrx_word' id='word_1_34' title='bbox 1561 941 1626 979; x_wconf 82' lang='lat' dir='ltr'><strong><em>ex</em></strong></span> <span class='ocrx_word' id='word_1_35' title='bbox 1659 924 1816 980; x_wconf 83' lang='lat' dir='ltr'><strong><em>Patre</em></strong></span> 
     </span>
    </p>
   </div>
   <div class='ocr_carea' id='block_1_7' title="bbox 228 1015 1814 1090">
    <p class='ocr_par' dir='ltr' id='par_1_7' title="bbox 228 1015 1814 1090">
     <span class='ocr_line' id='line_1_7' title="bbox 228 1015 1814 1090; baseline 0.001 -17"><span class='ocrx_word' id='word_1_36' title='bbox 228 1028 402 1074; x_wconf 88' lang='lat' dir='ltr'><strong><em>natum</em></strong></span> <span class='ocrx_word' id='word_1_37' title='bbox 432 1018 541 1090; x_wconf 70' lang='lat'><strong><em>62</em></strong></span> <span class='ocrx_word' id='word_1_38' title='bbox 575 1026 698 1072; x_wconf 89' lang='lat' dir='ltr'><strong><em>ante</em></strong></span> <span class='ocrx_word' id='word_1_39' title='bbox 728 1015 906 1073; x_wconf 80' lang='lat' dir='ltr'><strong><em>omnia</em></strong></span> <span class='ocrx_word' id='word_1_40' title='bbox 937 1018 1157 1080; x_wconf 84' lang='lat' dir='ltr'><strong><em>saecula,</em></strong></span> <span class='ocrx_word' id='word_1_41' title='bbox 1181 1016 1347 1072; x_wconf 90' lang='lat' dir='ltr'><strong><em>Deum</em></strong></span> <span class='ocrx_word' id='word_1_42' title='bbox 1376 1033 1439 1074; x_wconf 79' lang='lat' dir='ltr'><strong><em>ex</em></strong></span> <span class='ocrx_word' id='word_1_43' title='bbox 1468 1018 1597 1084; x_wconf 92' lang='lat' dir='ltr'><strong><em>Deo,</em></strong></span> <span class='ocrx_word' id='word_1_44' title='bbox 1632 1018 1814 1074; x_wconf 89' lang='lat' dir='ltr'><strong><em>lumen</em></strong></span> 
     </span>
    </p>
   </div>
   <div class='ocr_carea' id='block_1_8' title="bbox 198 1109 1814 1181">
    <p class='ocr_par' dir='ltr' id='par_1_8' title="bbox 198 1109 1814 1181">
     <span class='ocr_line' id='line_1_8' title="bbox 198 1109 1814 1181; baseline 0.001 -16"><span class='ocrx_word' id='word_1_45' title='bbox 198 1173 202 1181; x_wconf 29' lang='grc' dir='ltr'>ι</span> <span class='ocrx_word' id='word_1_46' title='bbox 233 1124 294 1166; x_wconf 79' lang='lat' dir='ltr'><strong><em>ex</em></strong></span> <span class='ocrx_word' id='word_1_47' title='bbox 322 1109 543 1174; x_wconf 88' lang='lat' dir='ltr'><strong><em>lumine,</em></strong></span> <span class='ocrx_word' id='word_1_48' title='bbox 577 1109 743 1163; x_wconf 89' lang='lat' dir='ltr'><strong><em>Deum</em></strong></span> <span class='ocrx_word' id='word_1_49' title='bbox 790 1125 974 1164; x_wconf 82' lang='lat' dir='ltr'><strong><em>verum</em></strong></span> <span class='ocrx_word' id='word_1_50' title='bbox 1015 1125 1079 1164; x_wconf 80' lang='lat' dir='ltr'><strong><em>ex</em></strong></span> <span class='ocrx_word' id='word_1_51' title='bbox 1129 1109 1238 1164; x_wconf 89' lang='lat' dir='ltr'><strong><em>Deo</em></strong></span> <span class='ocrx_word' id='word_1_52' title='bbox 1274 1125 1422 1175; x_wconf 83' lang='lat' dir='ltr'><strong><em>vero,</em></strong></span> <span class='ocrx_word' id='word_1_53' title='bbox 1473 1122 1674 1176; x_wconf 87' lang='lat' dir='ltr'><strong><em>uatum,</em></strong></span> <span class='ocrx_word' id='word_1_54' title='bbox 1707 1125 1814 1166; x_wconf 91' lang='lat' dir='ltr'><strong><em>non</em></strong></span> 
     </span>
    </p>
   </div>
   <div class='ocr_carea' id='block_1_9' title="bbox 234 1200 1815 1272">
    <p class='ocr_par' dir='ltr' id='par_1_9' title="bbox 234 1200 1815 1272">
     <span class='ocr_line' id='line_1_9' title="bbox 234 1200 1815 1272; baseline 0.003 -16"><span class='ocrx_word' id='word_1_55' title='bbox 234 1201 437 1266; x_wconf 81' lang='lat' dir='ltr'><strong><em>factum,</em></strong></span> <span class='ocrx_word' id='word_1_56' title='bbox 467 1200 783 1256; x_wconf 84' lang='lat' dir='ltr'><strong><em>homousiou</em></strong></span> <span class='ocrx_word' id='word_1_57' title='bbox 814 1201 980 1266; x_wconf 88' lang='lat' dir='ltr'><strong><em>Patri,</em></strong></span> <span class='ocrx_word' id='word_1_58' title='bbox 1006 1201 1109 1257; x_wconf 86' lang='lat' dir='ltr'><strong><em>hoc</em></strong></span> <span class='ocrx_word' id='word_1_59' title='bbox 1133 1213 1215 1258; x_wconf 91' lang='lat' dir='ltr'><strong><em>est</em></strong></span> <span class='ocrx_word' id='word_1_60' title='bbox 1237 1203 1476 1272; x_wconf 87' lang='lat' dir='ltr'><strong><em>ejusdem</em></strong></span> <span class='ocrx_word' id='word_1_61' title='bbox 1505 1219 1624 1258; x_wconf 91' lang='lat' dir='ltr'><strong><em>cum</em></strong></span> <span class='ocrx_word' id='word_1_62' title='bbox 1659 1205 1815 1260; x_wconf 85' lang='lat' dir='ltr'><strong><em>Patre</em></strong></span> 
     </span>
    </p>
   </div>
   <div class='ocr_carea' id='block_1_10' title="bbox 230 1293 1813 1366">
    <p class='ocr_par' dir='ltr' id='par_1_10' title="bbox 230 1293 1813 1366">
     <span class='ocr_line' id='line_1_10' title="bbox 230 1293 1813 1366; baseline 0 -16"><span class='ocrx_word' id='word_1_63' title='bbox 230 1295 549 1359; x_wconf 66' lang='lat' dir='ltr'><strong><em>substantiae,</em></strong></span> <span class='ocrx_word' id='word_1_64' title='bbox 576 1309 671 1364; x_wconf 86' lang='lat' dir='ltr'><strong><em>per</em></strong></span> <span class='ocrx_word' id='word_1_65' title='bbox 701 1311 858 1366; x_wconf 91' lang='lat' dir='ltr'><strong><em>quem</em></strong></span> <span class='ocrx_word' id='word_1_66' title='bbox 883 1295 1060 1349; x_wconf 88' lang='lat' dir='ltr'><strong><em>omnia</em></strong></span> <span class='ocrx_word' id='word_1_67' title='bbox 1088 1294 1222 1350; x_wconf 81' lang='lat' dir='ltr'><strong><em>facta</em></strong></span> <span class='ocrx_word' id='word_1_68' title='bbox 1245 1305 1390 1362; x_wconf 89' lang='lat' dir='ltr'><strong><em>sunt,</em></strong></span> <span class='ocrx_word' id='word_1_69' title='bbox 1419 1297 1507 1366; x_wconf 91' lang='lat' dir='ltr'><strong><em>qui</em></strong></span> <span class='ocrx_word' id='word_1_70' title='bbox 1541 1308 1757 1365; x_wconf 86' lang='lat' dir='ltr'><strong><em>propter</em></strong></span> <span class='ocrx_word' id='word_1_71' title='bbox 1784 1293 1813 1334; x_wconf 74' lang='grc' dir='ltr'><strong><em>ι)</em></strong></span> 
     </span>
    </p>
   </div>
   <div class='ocr_carea' id='block_1_11' title="bbox 227 1390 1816 1461">
    <p class='ocr_par' dir='ltr' id='par_1_11' title="bbox 227 1390 1816 1461">
     <span class='ocr_line' id='line_1_11' title="bbox 227 1390 1816 1461; baseline 0 -15"><span class='ocrx_word' id='word_1_72' title='bbox 227 1407 314 1446; x_wconf 75' lang='lat' dir='ltr'><strong><em>uos</em></strong></span> <span class='ocrx_word' id='word_1_73' title='bbox 341 1399 397 1445; x_wconf 92' lang='lat' dir='ltr'><strong><em>et</em></strong></span> <span class='ocrx_word' id='word_1_74' title='bbox 437 1400 653 1461; x_wconf 85' lang='lat' dir='ltr'><strong><em>propter</em></strong></span> <span class='ocrx_word' id='word_1_75' title='bbox 685 1400 926 1446; x_wconf 78' lang='lat' dir='ltr'><strong><em>nostram</em></strong></span> <span class='ocrx_word' id='word_1_76' title='bbox 969 1391 1197 1446; x_wconf 84' lang='lat' dir='ltr'><strong><em>salutem</em></strong></span> <span class='ocrx_word' id='word_1_77' title='bbox 1237 1391 1520 1447; x_wconf 88' lang='lat' dir='ltr'><strong><em>descendit</em></strong></span> <span class='ocrx_word' id='word_1_78' title='bbox 1555 1401 1610 1446; x_wconf 87' lang='lat' dir='ltr'><strong><em>et</em></strong></span> <span class='ocrx_word' id='word_1_79' title='bbox 1647 1390 1816 1446; x_wconf 88' lang='lat' dir='ltr'><strong><em>incar-</em></strong></span> 
     </span>
    </p>
   </div>
   <div class='ocr_carea' id='block_1_12' title="bbox 225 1482 1814 1556">
    <p class='ocr_par' dir='ltr' id='par_1_12' title="bbox 225 1482 1814 1556">
     <span class='ocr_line' id='line_1_12' title="bbox 225 1482 1814 1556; baseline 0 -18"><span class='ocrx_word' id='word_1_80' title='bbox 225 1492 373 1538; x_wconf 80' lang='lat' dir='ltr'><strong><em>natus</em></strong></span> <span class='ocrx_word' id='word_1_81' title='bbox 403 1492 486 1538; x_wconf 86' lang='lat' dir='ltr'><strong><em>est</em></strong></span> <span class='ocrx_word' id='word_1_82' title='bbox 513 1482 827 1556; x_wconf 12' lang='lat' dir='ltr'><strong><em>deVSpiritu</em></strong></span> <span class='ocrx_word' id='word_1_83' title='bbox 857 1493 1048 1538; x_wconf 89' lang='lat' dir='ltr'><strong><em>sancto</em></strong></span> <span class='ocrx_word' id='word_1_84' title='bbox 1095 1499 1159 1539; x_wconf 80' lang='lat' dir='ltr'><strong><em>ex</em></strong></span> <span class='ocrx_word' id='word_1_85' title='bbox 1193 1483 1362 1538; x_wconf 78' lang='lat' dir='ltr'><strong><em>Maria</em></strong></span> <span class='ocrx_word' id='word_1_86' title='bbox 1410 1483 1613 1553; x_wconf 77' lang='lat' dir='ltr'><strong><em>virgine</em></strong></span> <span class='ocrx_word' id='word_1_87' title='bbox 1654 1483 1814 1538; x_wconf 87' lang='lat' dir='ltr'><strong><em>homo</em></strong></span> 
     </span>
    </p>
   </div>
   <div class='ocr_carea' id='block_1_13' title="bbox 223 1573 1812 1644">
    <p class='ocr_par' dir='ltr' id='par_1_13' title="bbox 223 1573 1812 1644">
     <span class='ocr_line' id='line_1_13' title="bbox 223 1573 1812 1644; baseline 0 -16"><span class='ocrx_word' id='word_1_88' title='bbox 223 1573 409 1639; x_wconf 79' lang='lat' dir='ltr'><strong><em>iactus,</em></strong></span> <span class='ocrx_word' id='word_1_89' title='bbox 453 1589 640 1642; x_wconf 88' lang='lat' dir='ltr'><strong><em>passus</em></strong></span> <span class='ocrx_word' id='word_1_90' title='bbox 672 1582 754 1629; x_wconf 88' lang='lat' dir='ltr'><strong><em>est</em></strong></span> <span class='ocrx_word' id='word_1_91' title='bbox 786 1575 884 1628; x_wconf 91' lang='lat' dir='ltr'><strong><em>sub</em></strong></span> <span class='ocrx_word' id='word_1_92' title='bbox 917 1575 1102 1629; x_wconf 83' lang='lat' dir='ltr'><strong><em>Pontio</em></strong></span> <span class='ocrx_word' id='word_1_93' title='bbox 1150 1575 1344 1641; x_wconf 81' lang='lat' dir='ltr'><strong><em>Pilato,</em></strong></span> <span class='ocrx_word' id='word_1_94' title='bbox 1378 1575 1619 1644; x_wconf 90' lang='lat' dir='ltr'><strong><em>sepultus</em></strong></span> <span class='ocrx_word' id='word_1_95' title='bbox 1659 1574 1812 1628; x_wconf 88' lang='lat' dir='ltr'><strong><em>tertia</em></strong></span> 
     </span>
    </p>
   </div>
   <div class='ocr_carea' id='block_1_14' title="bbox 222 1663 1813 1730">
    <p class='ocr_par' dir='ltr' id='par_1_14' title="bbox 222 1663 1813 1730">
     <span class='ocr_line' id='line_1_14' title="bbox 222 1663 1813 1730; baseline 0.002 -12"><span class='ocrx_word' id='word_1_96' title='bbox 222 1664 302 1720; x_wconf 82' lang='lat' dir='ltr'><strong><em>die</em></strong></span> <span class='ocrx_word' id='word_1_97' title='bbox 326 1663 644 1730; x_wconf 79' lang='lat' dir='ltr'><strong><em>resurrexit,</em></strong></span> <span class='ocrx_word' id='word_1_98' title='bbox 677 1665 922 1722; x_wconf 85' lang='lat' dir='ltr'><strong><em>ascendit</em></strong></span> <span class='ocrx_word' id='word_1_99' title='bbox 949 1667 1000 1719; x_wconf 88' lang='lat' dir='ltr'><strong><em>in</em></strong></span> <span class='ocrx_word' id='word_1_100' title='bbox 1041 1666 1232 1730; x_wconf 75' lang='lat' dir='ltr'><strong><em>cmlos,</em></strong></span> <span class='ocrx_word' id='word_1_101' title='bbox 1261 1667 1412 1722; x_wconf 88' lang='lat' dir='ltr'><strong><em>sedet</em></strong></span> <span class='ocrx_word' id='word_1_102' title='bbox 1444 1666 1508 1720; x_wconf 92' lang='lat' dir='ltr'><strong><em>ad</em></strong></span> <span class='ocrx_word' id='word_1_103' title='bbox 1541 1667 1813 1722; x_wconf 80' lang='lat' dir='ltr'><strong><em>dexteram</em></strong></span> 
     </span>
    </p>
   </div>
   <div class='ocr_carea' id='block_1_15' title="bbox 220 1752 1814 1826">
    <p class='ocr_par' dir='ltr' id='par_1_15' title="bbox 220 1752 1814 1826">
     <span class='ocr_line' id='line_1_15' title="bbox 220 1752 1814 1826; baseline 0.004 -20"><span class='ocrx_word' id='word_1_104' title='bbox 220 1752 308 1807; x_wconf 89' lang='lat' dir='ltr'><strong><em>Dei</em></strong></span> <span class='ocrx_word' id='word_1_105' title='bbox 338 1753 510 1809; x_wconf 83' lang='lat' dir='ltr'><strong><em>P‘atris</em></strong></span> <span class='ocrx_word' id='word_1_106' title='bbox 542 1766 588 1820; x_wconf 73' lang='grc' dir='ltr'><strong>ο,</strong></span> <span class='ocrx_word' id='word_1_107' title='bbox 624 1756 748 1810; x_wconf 91' lang='lat' dir='ltr'><strong><em>inde</em></strong></span> <span class='ocrx_word' id='word_1_108' title='bbox 771 1765 1028 1811; x_wconf 71' lang='lat' dir='ltr'><strong><em>venturus</em></strong></span> <span class='ocrx_word' id='word_1_109' title='bbox 1051 1771 1168 1810; x_wconf 91' lang='lat' dir='ltr'><strong><em>cum</em></strong></span> <span class='ocrx_word' id='word_1_110' title='bbox 1203 1757 1371 1825; x_wconf 82' lang='lat' dir='ltr'><strong><em>gloria</em></strong></span> <span class='ocrx_word' id='word_1_111' title='bbox 1393 1755 1635 1826; x_wconf 77' lang='lat' dir='ltr'><strong><em>judicare</em></strong></span> <span class='ocrx_word' id='word_1_112' title='bbox 1667 1757 1814 1812; x_wconf 86' lang='lat' dir='ltr'><strong><em>vivos</em></strong></span> 
     </span>
    </p>
   </div>
   <div class='ocr_carea' id='block_1_16' title="bbox 217 1845 1807 1920">
    <p class='ocr_par' dir='ltr' id='par_1_16' title="bbox 217 1845 1807 1920">
     <span class='ocr_line' id='line_1_16' title="bbox 217 1845 1807 1920; baseline 0.004 -22"><span class='ocrx_word' id='word_1_113' title='bbox 217 1854 267 1898; x_wconf 89' lang='lat' dir='ltr'><strong><em>et</em></strong></span> <span class='ocrx_word' id='word_1_114' title='bbox 296 1854 559 1911; x_wconf 88' lang='lat' dir='ltr'><strong><em>mortuos,</em></strong></span> <span class='ocrx_word' id='word_1_115' title='bbox 587 1845 738 1915; x_wconf 90' lang='lat' dir='ltr'><strong><em>cujus</em></strong></span> <span class='ocrx_word' id='word_1_116' title='bbox 768 1847 914 1918; x_wconf 80' lang='lat' dir='ltr'><strong><em>regni</em></strong></span> <span class='ocrx_word' id='word_1_117' title='bbox 945 1863 1048 1901; x_wconf 88' lang='lat' dir='ltr'><strong><em>non</em></strong></span> <span class='ocrx_word' id='word_1_118' title='bbox 1072 1849 1172 1901; x_wconf 89' lang='lat' dir='ltr'><strong><em>erit</em></strong></span> <span class='ocrx_word' id='word_1_119' title='bbox 1201 1847 1322 1902; x_wconf 83' lang='lat' dir='ltr'><strong><em>linis</em></strong></span> <span class='ocrx_word' id='word_1_120' title='bbox 1358 1865 1370 1900; x_wconf 92' lang='lat'><strong>:</strong></span> <span class='ocrx_word' id='word_1_121' title='bbox 1395 1857 1448 1902; x_wconf 93' lang='lat' dir='ltr'><strong><em>et</em></strong></span> <span class='ocrx_word' id='word_1_122' title='bbox 1477 1849 1528 1903; x_wconf 91' lang='lat' dir='ltr'><strong><em>in</em></strong></span> <span class='ocrx_word' id='word_1_123' title='bbox 1552 1849 1807 1920; x_wconf 85' lang='lat' dir='ltr'><strong><em>Spiritum</em></strong></span> 
     </span>
    </p>
   </div>
   <div class='ocr_carea' id='block_1_17' title="bbox 213 1939 1809 2002">
    <p class='ocr_par' dir='ltr' id='par_1_17' title="bbox 213 1939 1809 2002">
     <span class='ocr_line' id='line_1_17' title="bbox 213 1939 1809 2002; baseline 0.006 -11"><span class='ocrx_word' id='word_1_124' title='bbox 213 1945 452 1992; x_wconf 86' lang='lat' dir='ltr'><strong><em>sanctum</em></strong></span> <span class='ocrx_word' id='word_1_125' title='bbox 486 1939 770 1994; x_wconf 89' lang='lat' dir='ltr'><strong><em>Dominum</em></strong></span> <span class='ocrx_word' id='word_1_126' title='bbox 800 1941 1180 1996; x_wconf 83' lang='lat' dir='ltr'><strong><em>viviﬁcatorem</em></strong></span> <span class='ocrx_word' id='word_1_127' title='bbox 1212 1940 1238 1978; x_wconf 73' lang='grc' dir='ltr'>ά</span> <span class='ocrx_word' id='word_1_128' title='bbox 1266 1957 1334 1997; x_wconf 83' lang='lat' dir='ltr'><strong><em>ex</em></strong></span> <span class='ocrx_word' id='word_1_129' title='bbox 1381 1941 1537 1998; x_wconf 82' lang='lat' dir='ltr'><strong><em>Patre</em></strong></span> <span class='ocrx_word' id='word_1_130' title='bbox 1576 1953 1630 1998; x_wconf 89' lang='lat' dir='ltr'><strong><em>et</em></strong></span> <span class='ocrx_word' id='word_1_131' title='bbox 1673 1943 1809 2002; x_wconf 87' lang='lat' dir='ltr'><strong><em>Filio</em></strong></span> 
     </span>
    </p>
   </div>
   <div class='ocr_carea' id='block_1_18' title="bbox 216 2031 1810 2105">
    <p class='ocr_par' dir='ltr' id='par_1_18' title="bbox 216 2031 1810 2105">
     <span class='ocr_line' id='line_1_18' title="bbox 216 2031 1810 2105; baseline 0.004 -21"><span class='ocrx_word' id='word_1_132' title='bbox 216 2031 616 2100; x_wconf 83' lang='lat' dir='ltr'><strong><em>procedentem,</em></strong></span> <span class='ocrx_word' id='word_1_133' title='bbox 647 2049 768 2089; x_wconf 92' lang='lat' dir='ltr'><strong><em>cum</em></strong></span> <span class='ocrx_word' id='word_1_134' title='bbox 797 2035 956 2090; x_wconf 78' lang='lat' dir='ltr'><strong><em>Patre</em></strong></span> <span class='ocrx_word' id='word_1_135' title='bbox 980 2043 1036 2090; x_wconf 90' lang='lat' dir='ltr'><strong><em>et</em></strong></span> <span class='ocrx_word' id='word_1_136' title='bbox 1062 2035 1198 2090; x_wconf 86' lang='lat' dir='ltr'><strong><em>Filio</em></strong></span> <span class='ocrx_word' id='word_1_137' title='bbox 1219 2035 1552 2090; x_wconf 84' lang='lat' dir='ltr'><strong><em>adorandum</em></strong></span> <span class='ocrx_word' id='word_1_138' title='bbox 1574 2045 1627 2091; x_wconf 92' lang='lat' dir='ltr'><strong><em>et</em></strong></span> <span class='ocrx_word' id='word_1_139' title='bbox 1649 2037 1810 2105; x_wconf 85' lang='lat' dir='ltr'><strong><em>glori-</em></strong></span> 
     </span>
    </p>
   </div>
   <div class='ocr_carea' id='block_1_19' title="bbox 217 2125 1812 2198">
    <p class='ocr_par' dir='ltr' id='par_1_19' title="bbox 217 2125 1812 2198">
     <span class='ocr_line' id='line_1_19' title="bbox 217 2125 1812 2198; baseline 0.003 -20"><span class='ocrx_word' id='word_1_140' title='bbox 217 2125 507 2192; x_wconf 81' lang='lat' dir='ltr'><strong><em>ﬁcandum,</em></strong></span> <span class='ocrx_word' id='word_1_141' title='bbox 539 2127 628 2196; x_wconf 89' lang='lat' dir='ltr'><strong><em>qui</em></strong></span> <span class='ocrx_word' id='word_1_142' title='bbox 671 2128 882 2182; x_wconf 91' lang='lat' dir='ltr'><strong><em>locutus</em></strong></span> <span class='ocrx_word' id='word_1_143' title='bbox 929 2137 1012 2184; x_wconf 79' lang='lat' dir='ltr'><strong><em>est</em></strong></span> <span class='ocrx_word' id='word_1_144' title='bbox 1043 2143 1136 2197; x_wconf 89' lang='lat' dir='ltr'><strong><em>per</em></strong></span> <span class='ocrx_word' id='word_1_145' title='bbox 1181 2129 1467 2198; x_wconf 78' lang='lat' dir='ltr'><strong><em>prophetas</em></strong></span> <span class='ocrx_word' id='word_1_146' title='bbox 1499 2143 1512 2182; x_wconf 92' lang='lat'>:</span> <span class='ocrx_word' id='word_1_147' title='bbox 1547 2129 1601 2183; x_wconf 90' lang='lat' dir='ltr'><strong><em>in</em></strong></span> <span class='ocrx_word' id='word_1_148' title='bbox 1650 2143 1812 2183; x_wconf 89' lang='lat' dir='ltr'><strong><em>unam</em></strong></span> 
     </span>
    </p>
   </div>
   <div class='ocr_carea' id='block_1_20' title="bbox 211 2218 1812 2290">
    <p class='ocr_par' dir='ltr' id='par_1_20' title="bbox 211 2218 1812 2290">
     <span class='ocr_line' id='line_1_20' title="bbox 211 2218 1812 2290; baseline 0.004 -20"><span class='ocrx_word' id='word_1_149' title='bbox 211 2218 534 2272; x_wconf 83' lang='lat' dir='ltr'><strong><em>catholicam</em></strong></span> <span class='ocrx_word' id='word_1_150' title='bbox 564 2227 721 2289; x_wconf 92' lang='lat' dir='ltr'><strong><em>atque</em></strong></span> <span class='ocrx_word' id='word_1_151' title='bbox 749 2219 1096 2290; x_wconf 86' lang='lat' dir='ltr'><strong><em>apostolicam</em></strong></span> <span class='ocrx_word' id='word_1_152' title='bbox 1130 2219 1424 2276; x_wconf 84' lang='lat' dir='ltr'><strong><em>Ecclesiam</em></strong></span> <span class='ocrx_word' id='word_1_153' title='bbox 1453 2238 1465 2274; x_wconf 89' lang='lat'>:</span> <span class='ocrx_word' id='word_1_154' title='bbox 1491 2221 1812 2277; x_wconf 88' lang='lat' dir='ltr'><strong><em>conlitemur</em></strong></span> 
     </span>
    </p>
   </div>
   <div class='ocr_carea' id='block_1_21' title="bbox 210 2311 1812 2385">
    <p class='ocr_par' dir='ltr' id='par_1_21' title="bbox 210 2311 1812 2385">
     <span class='ocr_line' id='line_1_21' title="bbox 210 2311 1812 2385; baseline 0.005 -22"><span class='ocrx_word' id='word_1_155' title='bbox 210 2323 380 2363; x_wconf 87' lang='lat' dir='ltr'><strong><em>unum</em></strong></span> <span class='ocrx_word' id='word_1_156' title='bbox 415 2311 673 2379; x_wconf 83' lang='lat' dir='ltr'><strong><em>baptisma</em></strong></span> <span class='ocrx_word' id='word_1_157' title='bbox 704 2312 755 2366; x_wconf 88' lang='lat' dir='ltr'><strong><em>iu</em></strong></span> <span class='ocrx_word' id='word_1_158' title='bbox 789 2312 1161 2369; x_wconf 90' lang='lat' dir='ltr'><strong><em>remissionem</em></strong></span> <span class='ocrx_word' id='word_1_159' title='bbox 1197 2322 1532 2382; x_wconf 90' lang='lat' dir='ltr'><strong><em>peccatorum</em></strong></span> <span class='ocrx_word' id='word_1_160' title='bbox 1565 2332 1578 2368; x_wconf 90' lang='lat'><strong>:</strong></span> <span class='ocrx_word' id='word_1_161' title='bbox 1621 2329 1812 2385; x_wconf 73' lang='lat' dir='ltr'><strong><em>exspe~</em></strong></span> 
     </span>
    </p>
   </div>
   <div class='ocr_carea' id='block_1_22' title="bbox 208 2406 1810 2479">
    <p class='ocr_par' dir='ltr' id='par_1_22' title="bbox 208 2406 1810 2479">
     <span class='ocr_line' id='line_1_22' title="bbox 208 2406 1810 2479; baseline 0.006 -21"><span class='ocrx_word' id='word_1_162' title='bbox 208 2411 422 2458; x_wconf 90' lang='lat' dir='ltr'><strong><em>ctamus</em></strong></span> <span class='ocrx_word' id='word_1_163' title='bbox 454 2406 901 2464; x_wconf 89' lang='lat' dir='ltr'><strong><em>resurrectionem</em></strong></span> <span class='ocrx_word' id='word_1_164' title='bbox 935 2421 1289 2479; x_wconf 89' lang='lat' dir='ltr'><strong><em>mortuorum,</em></strong></span> <span class='ocrx_word' id='word_1_165' title='bbox 1321 2410 1481 2466; x_wconf 85' lang='lat' dir='ltr'><strong><em>vitam</em></strong></span> <span class='ocrx_word' id='word_1_166' title='bbox 1513 2411 1678 2467; x_wconf 79' lang='lat' dir='ltr'><strong><em>futuri</em></strong></span> <span class='ocrx_word' id='word_1_167' title='bbox 1709 2426 1810 2467; x_wconf 70' lang='lat' dir='ltr'><strong><em>ste-</em></strong></span> 
     </span>
    </p>
   </div>
   <div class='ocr_carea' id='block_1_23' title="bbox 212 2496 562 2554">
    <p class='ocr_par' dir='ltr' id='par_1_23' title="bbox 212 2496 562 2554">
     <span class='ocr_line' id='line_1_23' title="bbox 212 2496 562 2554; baseline 0.011 -4"><span class='ocrx_word' id='word_1_168' title='bbox 212 2496 338 2552; x_wconf 86' lang='lat' dir='ltr'><strong><em>euli.</em></strong></span> <span class='ocrx_word' id='word_1_169' title='bbox 366 2500 562 2554; x_wconf 84' lang='lat' dir='ltr'><strong><em>Amen.</em></strong></span> 
     </span>
    </p>
   </div>
   <div class='ocr_carea' id='block_1_24' title="bbox 282 2613 1880 2690">
    <p class='ocr_par' dir='ltr' id='par_1_24' title="bbox 282 2613 1880 2690">
     <span class='ocr_line' id='line_1_24' title="bbox 282 2613 1880 2690; baseline 0.006 -23"><span class='ocrx_word' id='word_1_170' title='bbox 282 2613 460 2690; x_wconf 44' lang='lat' dir='ltr'><strong><em>{Ain</em></strong></span> <span class='ocrx_word' id='word_1_171' title='bbox 511 2615 568 2670; x_wconf 83' lang='grc' dir='ltr'><strong>Β.</strong></span> <span class='ocrx_word' id='word_1_172' title='bbox 597 2617 686 2683; x_wconf 69' lang='lat'><strong><em>8.,</em></strong></span> <span class='ocrx_word' id='word_1_173' title='bbox 717 2617 778 2673; x_wconf 87' lang='grc' dir='ltr'><strong><em>Ε.</em></strong></span> <span class='ocrx_word' id='word_1_174' title='bbox 825 2618 879 2686; x_wconf 82' lang='grc'><strong><em>5,</em></strong></span> <span class='ocrx_word' id='word_1_175' title='bbox 910 2619 970 2676; x_wconf 87' lang='grc' dir='ltr'><strong>Τ.</strong></span> <span class='ocrx_word' id='word_1_176' title='bbox 1024 2619 1078 2690; x_wconf 97' lang='grc'><strong><em>1,</em></strong></span> <span class='ocrx_word' id='word_1_177' title='bbox 1110 2621 1166 2687; x_wconf 70' lang='grc'><strong><em>2,</em></strong></span> <span class='ocrx_word' id='word_1_178' title='bbox 1197 2619 1289 2689; x_wconf 89' lang='lat' dir='ltr'><strong><em>U.,</em></strong></span> <span class='ocrx_word' id='word_1_179' title='bbox 1320 2621 1594 2676; x_wconf 87' lang='lat' dir='ltr'><strong><em>Dominum</em></strong></span> <span class='ocrx_word' id='word_1_180' title='bbox 1631 2621 1810 2678; x_wconf 75' lang='lat' dir='ltr'><strong><em>Iesum</em></strong></span> <span class='ocrx_word' id='word_1_181' title='bbox 1873 2646 1880 2654; x_wconf 90' lang='lat'><strong>-</strong></span> 
     </span>
    </p>
   </div>
   <div class='ocr_carea' id='block_1_25' title="bbox 213 2683 490 2739">
    <p class='ocr_par' dir='ltr' id='par_1_25' title="bbox 213 2683 490 2739">
     <span class='ocr_line' id='line_1_25' title="bbox 213 2683 490 2739; baseline -0.004 -1"><span class='ocrx_word' id='word_1_182' title='bbox 213 2683 490 2739; x_wconf 82' lang='lat' dir='ltr'><strong><em>Christum.</em></strong></span> 
     </span>
    </p>
   </div>
   <div class='ocr_carea' id='block_1_26' title="bbox 273 2753 1807 2880">
    <p class='ocr_par' dir='ltr' id='par_1_26' title="bbox 273 2753 1807 2880">
     <span class='ocr_line' id='line_1_26' title="bbox 273 2753 1807 2880; baseline 0.007 -71"><span class='ocrx_word' id='word_1_183' title='bbox 273 2753 308 2880; x_wconf 58' lang='grc' dir='ltr'><em>ἕ</em></span> <span class='ocrx_word' id='word_1_184' title='bbox 337 2755 456 2880; x_wconf 43' lang='lat' dir='ltr'><strong><em>{En</em></strong></span> <span class='ocrx_word' id='word_1_185' title='bbox 491 2757 580 2826; x_wconf 90' lang='lat' dir='ltr'><strong><em>U.,</em></strong></span> <span class='ocrx_word' id='word_1_186' title='bbox 604 2769 740 2830; x_wconf 65' lang='lat' dir='ltr'><strong><em>[acta</em></strong></span> <span class='ocrx_word' id='word_1_187' title='bbox 758 2771 876 2816; x_wconf 84' lang='lat' dir='ltr'><strong><em>sunt</em></strong></span> <span class='ocrx_word' id='word_1_188' title='bbox 903 2778 1015 2831; x_wconf 73' lang='lat' dir='ltr'><strong><em>qum</em></strong></span> <span class='ocrx_word' id='word_1_189' title='bbox 1039 2763 1091 2817; x_wconf 89' lang='lat' dir='ltr'><strong><em>in</em></strong></span> <span class='ocrx_word' id='word_1_190' title='bbox 1114 2763 1236 2818; x_wconf 75' lang='lat' dir='ltr'><strong><em>caelo</em></strong></span> <span class='ocrx_word' id='word_1_191' title='bbox 1257 2772 1302 2818; x_wconf 84' lang='lat' dir='ltr'><strong><em>et</em></strong></span> <span class='ocrx_word' id='word_1_192' title='bbox 1323 2780 1434 2834; x_wconf 75' lang='lat' dir='ltr'><strong><em>qua:</em></strong></span> <span class='ocrx_word' id='word_1_193' title='bbox 1455 2765 1504 2819; x_wconf 88' lang='lat' dir='ltr'><strong><em>in</em></strong></span> <span class='ocrx_word' id='word_1_194' title='bbox 1533 2773 1690 2833; x_wconf 81' lang='lat' dir='ltr'><strong><em>terra,</em></strong></span> <span class='ocrx_word' id='word_1_195' title='bbox 1720 2765 1807 2834; x_wconf 84' lang='lat' dir='ltr'><strong><em>qui</em></strong></span> 
     </span>
     <span class='ocr_line' id='line_1_27' title="bbox 305 2845 441 2880; baseline 0 0"><span class='ocrx_word' id='word_1_196' title='bbox 305 2845 336 2880; x_wconf 79' lang='grc' dir='ltr'>υ</span> <span class='ocrx_word' id='word_1_197' title='bbox 362 2845 441 2880; x_wconf 87' lang='lat' dir='ltr'><strong><em>er.</em></strong></span> 
     </span>
    </p>
   </div>
   <div class='ocr_carea' id='block_1_27' title="bbox 211 2843 441 2898">
    <p class='ocr_par' dir='ltr' id='par_1_27' title="bbox 211 2843 441 2898">
     <span class='ocr_line' id='line_1_28' title="bbox 211 2843 441 2898; baseline 0.017 -20"><span class='ocrx_word' id='word_1_198' title='bbox 211 2843 441 2898; x_wconf 71' lang='lat' dir='ltr'><strong><em>propter.</em></strong></span> 
     </span>
    </p>
   </div>
   <div class='ocr_carea' id='block_1_28' title="bbox 285 2897 1666 2969">
    <p class='ocr_par' dir='ltr' id='par_1_28' title="bbox 285 2897 1666 2969">
     <span class='ocr_line' id='line_1_29' title="bbox 285 2897 1666 2969; baseline 0.009 -18"><span class='ocrx_word' id='word_1_199' title='bbox 285 2908 309 2969; x_wconf 55' lang='grc' dir='ltr'><strong>ε</strong></span> <span class='ocrx_word' id='word_1_200' title='bbox 344 2897 458 2965; x_wconf 65' lang='grc' dir='ltr'><strong><em>ίΕ.,</em></strong></span> <span class='ocrx_word' id='word_1_201' title='bbox 491 2899 551 2955; x_wconf 87' lang='grc' dir='ltr'><strong>Β.</strong></span> <span class='ocrx_word' id='word_1_202' title='bbox 583 2899 673 2967; x_wconf 86' lang='lat' dir='ltr'><strong><em>R.,</em></strong></span> <span class='ocrx_word' id='word_1_203' title='bbox 694 2901 756 2956; x_wconf 88' lang='grc' dir='ltr'><strong><em>Τ.</em></strong></span> <span class='ocrx_word' id='word_1_204' title='bbox 794 2904 846 2968; x_wconf 86' lang='grc'><strong><em>1,</em></strong></span> <span class='ocrx_word' id='word_1_205' title='bbox 880 2902 937 2968; x_wconf 73' lang='grc'><strong><em>2,</em></strong></span> <span class='ocrx_word' id='word_1_206' title='bbox 972 2904 1063 2969; x_wconf 88' lang='lat' dir='ltr'><strong><em>U.,</em></strong></span> <span class='ocrx_word' id='word_1_207' title='bbox 1093 2907 1160 2960; x_wconf 85' lang='lat' dir='ltr'><strong><em>ad</em></strong></span> <span class='ocrx_word' id='word_1_208' title='bbox 1180 2907 1440 2961; x_wconf 76' lang='lat' dir='ltr'><strong><em>dexteram</em></strong></span> <span class='ocrx_word' id='word_1_209' title='bbox 1471 2905 1666 2962; x_wconf 88' lang='lat' dir='ltr'><strong><em>Patris.</em></strong></span> 
     </span>
    </p>
   </div>
   <div class='ocr_carea' id='block_1_29' title="bbox 211 2967 1808 3094">
    <p class='ocr_par' dir='ltr' id='par_1_29' title="bbox 211 2967 1808 3094">
     <span class='ocr_line' id='line_1_30' title="bbox 211 2967 1808 3094; baseline 0.006 -71"><span class='ocrx_word' id='word_1_210' title='bbox 211 2967 457 3094; x_wconf 56' lang='grc' dir='ltr'><strong><em>ωάιίΕη</em></strong></span> <span class='ocrx_word' id='word_1_211' title='bbox 495 2972 554 3026; x_wconf 83' lang='grc' dir='ltr'><strong>Β.</strong></span> <span class='ocrx_word' id='word_1_212' title='bbox 589 2972 678 3038; x_wconf 74' lang='lat' dir='ltr'><strong><em>1L,</em></strong></span> <span class='ocrx_word' id='word_1_213' title='bbox 701 2967 977 3030; x_wconf 83' lang='lat' dir='ltr'><strong><em>Dominum</em></strong></span> <span class='ocrx_word' id='word_1_214' title='bbox 997 2967 1427 3047; x_wconf 14' lang='lat' dir='ltr'><strong><em>strviviﬁcantrm.</em></strong></span> <span class='ocrx_word' id='word_1_215' title='bbox 1455 2977 1544 3042; x_wconf 86' lang='lat' dir='ltr'><strong><em>U.,</em></strong></span> <span class='ocrx_word' id='word_1_216' title='bbox 1579 2989 1624 3031; x_wconf 81' lang='lat' dir='ltr'><strong><em>et</em></strong></span> <span class='ocrx_word' id='word_1_217' title='bbox 1645 2979 1808 3047; x_wconf 80' lang='lat' dir='ltr'><strong><em>viviﬁ-</em></strong></span> 
     </span>
     <span class='ocr_line' id='line_1_31' title="bbox 272 3057 647 3094; baseline 0 0"><span class='ocrx_word' id='word_1_218' title='bbox 272 3057 304 3094; x_wconf 89' lang='lat' dir='ltr'><strong><em>n</em></strong></span> <span class='ocrx_word' id='word_1_219' title='bbox 330 3058 435 3094; x_wconf 80' lang='lat' dir='ltr'><strong><em>em.</em></strong></span> <span class='ocrx_word' id='word_1_220' title='bbox 643 3090 647 3094; x_wconf 87' lang='lat'><strong><em>.</em></strong></span> 
     </span>
    </p>
   </div>
   <div class='ocr_carea' id='block_1_30' title="bbox 272 3057 435 3096">
    <p class='ocr_par' dir='ltr' id='par_1_30' title="bbox 272 3057 435 3096">
     <span class='ocr_line' id='line_1_32' title="bbox 272 3057 435 3096; baseline 0.012 -2"><span class='ocrx_word' id='word_1_221' title='bbox 272 3057 435 3096; x_wconf 80' lang='lat' dir='ltr'><strong><em>mem.</em></strong></span> 
     </span>
    </p>
   </div>
   <div class='ocr_carea' id='block_1_31' title="bbox 753 363 2991 426">
    <p class='ocr_par' dir='ltr' id='par_1_31' title="bbox 753 363 2991 426">
     <span class='ocr_line' id='line_1_33' title="bbox 753 363 2991 426; baseline 0 -4"><span class='ocrx_word' id='word_1_222' title='bbox 753 365 1158 424; x_wconf 67' lang='lat' dir='ltr'><strong><em>CBECORUM</em></strong></span> <span class='ocrx_word' id='word_1_223' title='bbox 1197 363 1534 424; x_wconf 72' lang='lat' dir='ltr'><strong><em>CONClL-IA.</em></strong></span> <span class='ocrx_word' id='word_1_224' title='bbox 1577 391 1644 408; x_wconf 84' lang='lat'><strong><em>--</em></strong></span> <span class='ocrx_word' id='word_1_225' title='bbox 1685 365 2563 426; x_wconf 70' lang='lat' dir='ltr'><strong><em>CONSTANTINOPOLI&#39;l&#39;ANUM</em></strong></span> <span class='ocrx_word' id='word_1_226' title='bbox 2603 367 2991 425; x_wconf 69' lang='lat' dir='ltr'><strong><em>SECUNDUM.</em></strong></span> 
     </span>
    </p>
   </div>
   <div class='ocr_carea' id='block_1_32' title="bbox 227 477 1885 563">
    <p class='ocr_par' dir='ltr' id='par_1_32' title="bbox 227 477 1885 563">
     <span class='ocr_line' id='line_1_34' title="bbox 227 477 1885 563; baseline -0.001 -26"><span class='ocrx_word' id='word_1_227' title='bbox 227 479 340 562; x_wconf 55' lang='lat' dir='ltr'><strong><em>VII.</em></strong></span> <span class='ocrx_word' id='word_1_228' title='bbox 365 477 671 563; x_wconf 69' lang='lat' dir='ltr'><strong><em>Symbolum</em></strong></span> <span class='ocrx_word' id='word_1_229' title='bbox 696 482 988 563; x_wconf 59' lang='lat' dir='ltr'><strong><em>earumdem</em></strong></span> <span class='ocrx_word' id='word_1_230' title='bbox 1009 481 1807 563; x_wconf 42' lang='lat' dir='ltr'><strong><em>sanctorum‘centttm_quinqua-</em></strong></span> <span class='ocrx_word' id='word_1_231' title='bbox 1830 501 1885 563; x_wconf 64' lang='grc' dir='ltr'>Α</span> 
     </span>
    </p>
   </div>
   <div class='ocr_carea' id='block_1_33' title="bbox 2352 483 3053 556">
    <p class='ocr_par' dir='ltr' id='par_1_33' title="bbox 2352 483 3053 556">
     <span class='ocr_line' id='line_1_35' title="bbox 2352 483 3053 556; baseline 0.004 -19"><span class='ocrx_word' id='word_1_232' title='bbox 2352 483 2578 539; x_wconf 81' lang='lat' dir='ltr'><strong><em>Nomina</em></strong></span> <span class='ocrx_word' id='word_1_233' title='bbox 2601 486 2946 556; x_wconf 78' lang='lat' dir='ltr'><strong><em>episCOporum</em></strong></span> <span class='ocrx_word' id='word_1_234' title='bbox 2965 497 3053 540; x_wconf 75' lang='lat' dir='ltr'><strong><em>CL.</em></strong></span> 
     </span>
    </p>
   </div>
   <div class='ocr_carea' id='block_1_34' title="bbox 1912 599 2858 670">
    <p class='ocr_par' dir='ltr' id='par_1_34' title="bbox 1912 599 2858 670">
     <span class='ocr_line' id='line_1_36' title="bbox 1912 599 2858 670; baseline 0.001 -14"><span class='ocrx_word' id='word_1_235' title='bbox 1912 599 2191 656; x_wconf 83' lang='lat' dir='ltr'><strong><em>Nectarius</em></strong></span> <span class='ocrx_word' id='word_1_236' title='bbox 2219 600 2858 670; x_wconf 86' lang='lat' dir='ltr'><strong><em>Constantinopolitauus.</em></strong></span> 
     </span>
    </p>
   </div>
   <div class='ocr_carea' id='block_1_35' title="bbox 1912 692 2617 748">
    <p class='ocr_par' dir='ltr' id='par_1_35' title="bbox 1912 692 2617 748">
     <span class='ocr_line' id='line_1_37' title="bbox 1912 692 2617 748; baseline -0.001 0"><span class='ocrx_word' id='word_1_237' title='bbox 1912 692 2226 748; x_wconf 81' lang='lat' dir='ltr'><strong><em>Timotheus</em></strong></span> <span class='ocrx_word' id='word_1_238' title='bbox 2258 692 2617 748; x_wconf 81' lang='lat' dir='ltr'><strong><em>Alexandriae.</em></strong></span> 
     </span>
    </p>
   </div>
   <div class='ocr_carea' id='block_1_36' title="bbox 1914 783 2622 841">
    <p class='ocr_par' dir='ltr' id='par_1_36' title="bbox 1914 783 2622 841">
     <span class='ocr_line' id='line_1_38' title="bbox 1914 783 2622 841; baseline -0.006 1"><span class='ocrx_word' id='word_1_239' title='bbox 1914 786 2216 841; x_wconf 87' lang='lat' dir='ltr'><strong><em>Dorotheus</em></strong></span> <span class='ocrx_word' id='word_1_240' title='bbox 2245 785 2313 839; x_wconf 89' lang='lat' dir='ltr'><strong><em>ab</em></strong></span> <span class='ocrx_word' id='word_1_241' title='bbox 2338 783 2622 839; x_wconf 79' lang='lat' dir='ltr'><strong><em>Oxorinco.</em></strong></span> 
     </span>
    </p>
   </div>
   <div class='ocr_carea' id='block_1_37' title="bbox 1913 878 2711 951">
    <p class='ocr_par' dir='ltr' id='par_1_37' title="bbox 1913 878 2711 951">
     <span class='ocr_line' id='line_1_39' title="bbox 1913 878 2711 951; baseline 0.003 -17"><span class='ocrx_word' id='word_1_242' title='bbox 1913 878 2146 951; x_wconf 80' lang='lat' dir='ltr'><strong><em>Cyrillus</em></strong></span> <span class='ocrx_word' id='word_1_243' title='bbox 2175 878 2711 948; x_wconf 79' lang='lat' dir='ltr'><strong><em>Hierosolymitanus.</em></strong></span> 
     </span>
    </p>
   </div>
   <div class='ocr_carea' id='block_1_38' title="bbox 1917 970 2550 1026">
    <p class='ocr_par' dir='ltr' id='par_1_38' title="bbox 1917 970 2550 1026">
     <span class='ocr_line' id='line_1_40' title="bbox 1917 970 2550 1026; baseline -0.003 0"><span class='ocrx_word' id='word_1_244' title='bbox 1917 971 2160 1026; x_wconf 82' lang='lat' dir='ltr'><strong><em>Galasius</em></strong></span> <span class='ocrx_word' id='word_1_245' title='bbox 2187 970 2550 1026; x_wconf 65' lang='lat' dir='ltr'><strong><em>Caesariensis.</em></strong></span> 
     </span>
    </p>
   </div>
   <div class='ocr_carea' id='block_1_39' title="bbox 1916 1069 2540 1126">
    <p class='ocr_par' dir='ltr' id='par_1_39' title="bbox 1916 1069 2540 1126">
     <span class='ocr_line' id='line_1_41' title="bbox 1916 1069 2540 1126; baseline -0.005 -1"><span class='ocrx_word' id='word_1_246' title='bbox 1916 1069 2132 1126; x_wconf 77' lang='lat' dir='ltr'><strong><em>Macher</em></strong></span> <span class='ocrx_word' id='word_1_247' title='bbox 2159 1070 2540 1126; x_wconf 83' lang='lat' dir='ltr'><strong><em>Hiericuntius.</em></strong></span> 
     </span>
    </p>
   </div>
   <div class='ocr_carea' id='block_1_40' title="bbox 1920 1163 2648 1235">
    <p class='ocr_par' dir='ltr' id='par_1_40' title="bbox 1920 1163 2648 1235">
     <span class='ocr_line' id='line_1_42' title="bbox 1920 1163 2648 1235; baseline -0.004 -15"><span class='ocrx_word' id='word_1_248' title='bbox 1920 1165 2203 1235; x_wconf 83' lang='lat' dir='ltr'><strong><em>Dionysius</em></strong></span> <span class='ocrx_word' id='word_1_249' title='bbox 2227 1163 2648 1232; x_wconf 87' lang='lat' dir='ltr'><strong><em>Diospolitauus.</em></strong></span> 
     </span>
    </p>
   </div>
   <div class='ocr_carea' id='block_1_41' title="bbox 1916 1255 2673 1324">
    <p class='ocr_par' dir='ltr' id='par_1_41' title="bbox 1916 1255 2673 1324">
     <span class='ocr_line' id='line_1_43' title="bbox 1916 1255 2673 1324; baseline -0.008 -11"><span class='ocrx_word' id='word_1_250' title='bbox 1916 1255 2220 1313; x_wconf 88' lang='lat' dir='ltr'><strong><em>Priscianus</em></strong></span> <span class='ocrx_word' id='word_1_251' title='bbox 2254 1256 2673 1324; x_wconf 66' lang='lat' dir='ltr'><strong><em>Neapolitanus.</em></strong></span> 
     </span>
    </p>
   </div>
   <div class='ocr_carea' id='block_1_42' title="bbox 1917 1349 2630 1408">
    <p class='ocr_par' dir='ltr' id='par_1_42' title="bbox 1917 1349 2630 1408">
     <span class='ocr_line' id='line_1_44' title="bbox 1917 1349 2630 1408; baseline -0.01 0"><span class='ocrx_word' id='word_1_252' title='bbox 1917 1352 2236 1408; x_wconf 87' lang='lat' dir='ltr'><strong><em>Saturninus</em></strong></span> <span class='ocrx_word' id='word_1_253' title='bbox 2263 1349 2630 1405; x_wconf 84' lang='lat' dir='ltr'><strong><em>Sebastianus.</em></strong></span> 
     </span>
    </p>
   </div>
   <div class='ocr_carea' id='block_1_43' title="bbox 1915 1441 2566 1499">
    <p class='ocr_par' dir='ltr' id='par_1_43' title="bbox 1915 1441 2566 1499">
     <span class='ocr_line' id='line_1_45' title="bbox 1915 1441 2566 1499; baseline -0.008 0"><span class='ocrx_word' id='word_1_254' title='bbox 1915 1443 2208 1499; x_wconf 85' lang='lat' dir='ltr'><strong><em>Auseutius</em></strong></span> <span class='ocrx_word' id='word_1_255' title='bbox 2239 1441 2566 1496; x_wconf 83' lang='lat' dir='ltr'><strong><em>Ascalonita.</em></strong></span> 
     </span>
    </p>
   </div>
   <div class='ocr_carea' id='block_1_44' title="bbox 1916 1533 2616 1589">
    <p class='ocr_par' dir='ltr' id='par_1_44' title="bbox 1916 1533 2616 1589">
     <span class='ocr_line' id='line_1_46' title="bbox 1916 1533 2616 1589; baseline -0.004 0"><span class='ocrx_word' id='word_1_256' title='bbox 1916 1534 2168 1589; x_wconf 83' lang='lat' dir='ltr'><strong><em>Heliauus</em></strong></span> <span class='ocrx_word' id='word_1_257' title='bbox 2197 1533 2531 1588; x_wconf 88' lang='lat' dir='ltr'><strong><em>Tamniensis</em></strong></span> <span class='ocrx_word' id='word_1_258' title='bbox 2570 1541 2616 1586; x_wconf 71' lang='grc' dir='ltr'><strong>ο.</strong></span> 
     </span>
    </p>
   </div>
   <div class='ocr_carea' id='block_1_45' title="bbox 1916 1626 2337 1695">
    <p class='ocr_par' dir='ltr' id='par_1_45' title="bbox 1916 1626 2337 1695">
     <span class='ocr_line' id='line_1_47' title="bbox 1916 1626 2337 1695; baseline 0.002 -15"><span class='ocrx_word' id='word_1_259' title='bbox 1916 1627 2097 1682; x_wconf 85' lang='lat' dir='ltr'><strong><em>Zenon</em></strong></span> <span class='ocrx_word' id='word_1_260' title='bbox 2129 1626 2337 1695; x_wconf 82' lang='lat' dir='ltr'><strong><em>Tyrius.</em></strong></span> 
     </span>
    </p>
   </div>
   <div class='ocr_carea' id='block_1_46' title="bbox 1917 1713 2986 1791">
    <p class='ocr_par' dir='ltr' id='par_1_46' title="bbox 1917 1713 2986 1791">
     <span class='ocr_line' id='line_1_48' title="bbox 1917 1713 2986 1791; baseline -0.007 -16"><span class='ocrx_word' id='word_1_261' title='bbox 1917 1720 2110 1775; x_wconf 86' lang='lat' dir='ltr'><strong><em>Paulus</em></strong></span> <span class='ocrx_word' id='word_1_262' title='bbox 2129 1719 2463 1775; x_wconf 77' lang='lat' dir='ltr'><strong><em>Sidoniensis</em></strong></span> <span class='ocrx_word' id='word_1_263' title='bbox 2491 1717 2605 1791; x_wconf 72' lang='lat' dir='ltr'><strong><em>[U.,</em></strong></span> <span class='ocrx_word' id='word_1_264' title='bbox 2629 1713 2986 1784; x_wconf 79' lang='lat' dir='ltr'><strong><em>Sidouensisj.</em></strong></span> 
     </span>
    </p>
   </div>
   <div class='ocr_carea' id='block_1_47' title="bbox 1915 1810 2611 1866">
    <p class='ocr_par' dir='ltr' id='par_1_47' title="bbox 1915 1810 2611 1866">
     <span class='ocr_line' id='line_1_49' title="bbox 1915 1810 2611 1866; baseline -0.003 -1"><span class='ocrx_word' id='word_1_265' title='bbox 1915 1811 2178 1866; x_wconf 63' lang='lat' dir='ltr'><strong><em>Kcstabus</em></strong></span> <span class='ocrx_word' id='word_1_266' title='bbox 2208 1827 2234 1864; x_wconf 90' lang='lat' dir='ltr'><strong><em>a</em></strong></span> <span class='ocrx_word' id='word_1_267' title='bbox 2262 1810 2611 1865; x_wconf 89' lang='lat' dir='ltr'><strong><em>Ptolemaide.</em></strong></span> 
     </span>
    </p>
   </div>
   <div class='ocr_carea' id='block_1_48' title="bbox 1838 1887 2607 1973">
    <p class='ocr_par' dir='ltr' id='par_1_48' title="bbox 1838 1887 2607 1973">
     <span class='ocr_line' id='line_1_50' title="bbox 1838 1887 2607 1973; baseline -0.004 -14"><span class='ocrx_word' id='word_1_268' title='bbox 1838 1887 1887 1948; x_wconf 80' lang='grc' dir='ltr'><strong>Β</strong></span> <span class='ocrx_word' id='word_1_269' title='bbox 1916 1903 2191 1973; x_wconf 88' lang='lat' dir='ltr'><strong><em>Philippus</em></strong></span> <span class='ocrx_word' id='word_1_270' title='bbox 2225 1904 2607 1957; x_wconf 85' lang='lat' dir='ltr'><strong><em>Damascenus.</em></strong></span> 
     </span>
    </p>
   </div>
   <div class='ocr_carea' id='block_1_49' title="bbox 1918 1987 3181 2066">
    <p class='ocr_par' dir='ltr' id='par_1_49' title="bbox 1918 1987 3181 2066">
     <span class='ocr_line' id='line_1_51' title="bbox 1918 1987 3181 2066; baseline -0.006 -16"><span class='ocrx_word' id='word_1_271' title='bbox 1918 1995 2150 2050; x_wconf 89' lang='lat' dir='ltr'><strong><em>Beracus</em></strong></span> <span class='ocrx_word' id='word_1_272' title='bbox 2182 1992 2198 2032; x_wconf 72' lang='grc' dir='ltr'>ί</span> <span class='ocrx_word' id='word_1_273' title='bbox 2235 1994 2575 2050; x_wconf 82' lang='lat' dir='ltr'><strong><em>Paicadensis</em></strong></span> <span class='ocrx_word' id='word_1_274' title='bbox 2607 1992 2692 2066; x_wconf 77' lang='grc' dir='ltr'><strong><em>[Τ.</em></strong></span> <span class='ocrx_word' id='word_1_275' title='bbox 2724 1991 2780 2059; x_wconf 62' lang='lat'><strong><em>“2,</em></strong></span> <span class='ocrx_word' id='word_1_276' title='bbox 2822 1987 3181 2061; x_wconf 87' lang='lat' dir='ltr'><strong><em>Piliadensis].</em></strong></span> 
     </span>
    </p>
   </div>
   <div class='ocr_carea' id='block_1_50' title="bbox 1919 2088 2530 2158">
    <p class='ocr_par' dir='ltr' id='par_1_50' title="bbox 1919 2088 2530 2158">
     <span class='ocr_line' id='line_1_52' title="bbox 1919 2088 2530 2158; baseline 0 -14"><span class='ocrx_word' id='word_1_277' title='bbox 1919 2088 2232 2144; x_wconf 88' lang='lat' dir='ltr'><strong><em>Timotheus</em></strong></span> <span class='ocrx_word' id='word_1_278' title='bbox 2267 2088 2530 2158; x_wconf 85' lang='lat' dir='ltr'><strong><em>Berytius.</em></strong></span> 
     </span>
    </p>
   </div>
   <div class='ocr_carea' id='block_1_51' title="bbox 1919 2179 2458 2235">
    <p class='ocr_par' dir='ltr' id='par_1_51' title="bbox 1919 2179 2458 2235">
     <span class='ocr_line' id='line_1_53' title="bbox 1919 2179 2458 2235; baseline -0.006 0"><span class='ocrx_word' id='word_1_279' title='bbox 1919 2179 2182 2235; x_wconf 89' lang='lat' dir='ltr'><strong><em>Basilides</em></strong></span> <span class='ocrx_word' id='word_1_280' title='bbox 2208 2179 2275 2234; x_wconf 91' lang='lat' dir='ltr'><strong><em>ab</em></strong></span> <span class='ocrx_word' id='word_1_281' title='bbox 2310 2180 2458 2235; x_wconf 89' lang='lat' dir='ltr'><strong><em>lbho.</em></strong></span> 
     </span>
    </p>
   </div>
   <div class='ocr_carea' id='block_1_52' title="bbox 1920 2271 2510 2328">
    <p class='ocr_par' dir='ltr' id='par_1_52' title="bbox 1920 2271 2510 2328">
     <span class='ocr_line' id='line_1_54' title="bbox 1920 2271 2510 2328; baseline -0.003 -2"><span class='ocrx_word' id='word_1_282' title='bbox 1920 2272 2180 2328; x_wconf 83' lang='lat' dir='ltr'><strong><em>Mocimus</em></strong></span> <span class='ocrx_word' id='word_1_283' title='bbox 2204 2271 2510 2327; x_wconf 86' lang='lat' dir='ltr'><strong><em>Aradeusis.</em></strong></span> 
     </span>
    </p>
   </div>
   <div class='ocr_carea' id='block_1_53' title="bbox 1918 2366 2428 2423">
    <p class='ocr_par' dir='ltr' id='par_1_53' title="bbox 1918 2366 2428 2423">
     <span class='ocr_line' id='line_1_55' title="bbox 1918 2366 2428 2423; baseline -0.006 -1"><span class='ocrx_word' id='word_1_284' title='bbox 1918 2366 1987 2422; x_wconf 90' lang='lat' dir='ltr'><strong><em>Et</em></strong></span> <span class='ocrx_word' id='word_1_285' title='bbox 2016 2367 2194 2423; x_wconf 63' lang='lat' dir='ltr'><strong><em>centeri</em></strong></span> <span class='ocrx_word' id='word_1_286' title='bbox 2217 2379 2354 2423; x_wconf 78' lang='lat' dir='ltr'><strong><em>cux</em></strong></span> <span class='ocrx_word' id='word_1_287' title='bbox 2379 2375 2428 2419; x_wconf 72' lang='grc' dir='ltr'><strong>ε.</strong></span> 
     </span>
    </p>
   </div>
   <div class='ocr_carea' id='block_1_54' title="bbox 1995 2616 3004 2687">
    <p class='ocr_par' dir='ltr' id='par_1_54' title="bbox 1995 2616 3004 2687">
     <span class='ocr_line' id='line_1_56' title="bbox 1995 2616 3004 2687; baseline -0.006 -11"><span class='ocrx_word' id='word_1_288' title='bbox 1995 2631 2018 2660; x_wconf 77' lang='grc'>⁸</span> <span class='ocrx_word' id='word_1_289' title='bbox 2047 2620 2165 2687; x_wconf 49' lang='grc' dir='ltr'><strong><em>Αἰ,</em></strong></span> <span class='ocrx_word' id='word_1_290' title='bbox 2197 2621 2256 2675; x_wconf 87' lang='grc' dir='ltr'><strong><em>Β.</em></strong></span> <span class='ocrx_word' id='word_1_291' title='bbox 2286 2620 2374 2684; x_wconf 80' lang='lat' dir='ltr'><strong><em>R.,</em></strong></span> <span class='ocrx_word' id='word_1_292' title='bbox 2408 2617 2473 2673; x_wconf 88' lang='grc' dir='ltr'><strong><em>Τ.</em></strong></span> <span class='ocrx_word' id='word_1_293' title='bbox 2502 2619 2556 2683; x_wconf 91' lang='grc'><strong><em>1,</em></strong></span> <span class='ocrx_word' id='word_1_294' title='bbox 2585 2617 2638 2686; x_wconf 72' lang='grc'><strong>2,</strong></span> <span class='ocrx_word' id='word_1_295' title='bbox 2670 2616 3004 2672; x_wconf 80' lang='lat' dir='ltr'><strong><em>Jamniensis.</em></strong></span> 
     </span>
    </p>
   </div>
   <div class='ocr_carea' id='block_1_55' title="bbox 1995 2687 2937 2759">
    <p class='ocr_par' dir='ltr' id='par_1_55' title="bbox 1995 2687 2937 2759">
     <span class='ocr_line' id='line_1_57' title="bbox 1995 2687 2937 2759; baseline -0.008 -11"><span class='ocrx_word' id='word_1_296' title='bbox 1995 2693 2015 2731; x_wconf 71' lang='grc' dir='ltr'><em>τ</em></span> <span class='ocrx_word' id='word_1_297' title='bbox 2047 2692 2163 2759; x_wconf 66' lang='lat'><strong><em>.43.,</em></strong></span> <span class='ocrx_word' id='word_1_298' title='bbox 2193 2690 2445 2746; x_wconf 82' lang='lat' dir='ltr'><strong><em>Baracus.</em></strong></span> <span class='ocrx_word' id='word_1_299' title='bbox 2468 2690 2528 2744; x_wconf 86' lang='grc' dir='ltr'><strong>Β.</strong></span> <span class='ocrx_word' id='word_1_300' title='bbox 2550 2690 2638 2753; x_wconf 78' lang='grc' dir='ltr'><strong><em>Β..</em></strong></span> <span class='ocrx_word' id='word_1_301' title='bbox 2667 2687 2937 2741; x_wconf 89' lang='lat' dir='ltr'><strong><em>Baracius.</em></strong></span> 
     </span>
    </p>
   </div>
   <div class='ocr_carea' id='block_1_56' title="bbox 1992 2758 3507 2832">
    <p class='ocr_par' dir='ltr' id='par_1_56' title="bbox 1992 2758 3507 2832">
     <span class='ocr_line' id='line_1_58' title="bbox 1992 2758 3507 2832; baseline -0.006 -13"><span class='ocrx_word' id='word_1_302' title='bbox 1992 2773 2016 2811; x_wconf 73' lang='grc' dir='ltr'><strong>ε</strong></span> <span class='ocrx_word' id='word_1_303' title='bbox 2052 2758 2180 2818; x_wconf 86' lang='lat' dir='ltr'><strong><em>Cum</em></strong></span> <span class='ocrx_word' id='word_1_304' title='bbox 2213 2762 2449 2832; x_wconf 83' lang='lat' dir='ltr'><strong><em>episcopi</em></strong></span> <span class='ocrx_word' id='word_1_305' title='bbox 2479 2777 2542 2816; x_wconf 79' lang='lat' dir='ltr'><strong><em>cr.</em></strong></span> <span class='ocrx_word' id='word_1_306' title='bbox 2576 2760 2695 2814; x_wconf 88' lang='lat' dir='ltr'><strong><em>huic</em></strong></span> <span class='ocrx_word' id='word_1_307' title='bbox 2727 2758 3330 2832; x_wconf 80' lang='lat' dir='ltr'><strong><em>interfuerintconcilio,</em></strong></span> <span class='ocrx_word' id='word_1_308' title='bbox 3351 2765 3507 2832; x_wconf 79' lang='lat' dir='ltr'><strong><em>unius</em></strong></span> 
     </span>
    </p>
   </div>
   <div class='ocr_carea' id='block_1_57' title="bbox 1916 2827 3508 2899">
    <p class='ocr_par' dir='ltr' id='par_1_57' title="bbox 1916 2827 3508 2899">
     <span class='ocr_line' id='line_1_59' title="bbox 1916 2827 3508 2899; baseline -0.008 -9"><span class='ocrx_word' id='word_1_309' title='bbox 1916 2836 2070 2890; x_wconf 85' lang='lat' dir='ltr'><strong><em>deest</em></strong></span> <span class='ocrx_word' id='word_1_310' title='bbox 2122 2827 2315 2888; x_wconf 70' lang='lat' dir='ltr'><strong><em>nomen</em></strong></span> <span class='ocrx_word' id='word_1_311' title='bbox 2365 2827 2418 2886; x_wconf 81' lang='lat' dir='ltr'><strong><em>in</em></strong></span> <span class='ocrx_word' id='word_1_312' title='bbox 2469 2832 2923 2899; x_wconf 87' lang='lat' dir='ltr'><strong><em>subscriptionum</em></strong></span> <span class='ocrx_word' id='word_1_313' title='bbox 2954 2827 3508 2898; x_wconf 79' lang='lat' dir='ltr'><strong><em>calalogo,slquidcm</em></strong></span> 
     </span>
    </p>
   </div>
   <div class='ocr_carea' id='block_1_58' title="bbox 1917 2900 3508 2966">
    <p class='ocr_par' dir='ltr' id='par_1_58' title="bbox 1917 2900 3508 2966">
     <span class='ocr_line' id='line_1_60' title="bbox 1917 2900 3508 2966; baseline -0.008 -6"><span class='ocrx_word' id='word_1_314' title='bbox 1917 2922 2006 2960; x_wconf 67' lang='grc' dir='ltr'><strong>χιχ</strong></span> <span class='ocrx_word' id='word_1_315' title='bbox 2056 2913 2258 2958; x_wconf 86' lang='lat' dir='ltr'><strong><em>tantum</em></strong></span> <span class='ocrx_word' id='word_1_316' title='bbox 2289 2905 2341 2958; x_wconf 91' lang='lat' dir='ltr'><strong><em>in</em></strong></span> <span class='ocrx_word' id='word_1_317' title='bbox 2391 2919 2456 2956; x_wconf 87' lang='lat' dir='ltr'><strong><em>eo</em></strong></span> <span class='ocrx_word' id='word_1_318' title='bbox 2499 2901 2712 2956; x_wconf 75' lang='lat' dir='ltr'><strong><em>nomina</em></strong></span> <span class='ocrx_word' id='word_1_319' title='bbox 2747 2911 3158 2962; x_wconf 86' lang='lat' dir='ltr'><strong><em>rccenseantur;</em></strong></span> <span class='ocrx_word' id='word_1_320' title='bbox 3202 2900 3383 2966; x_wconf 82' lang='lat' dir='ltr'><strong><em>viginti</em></strong></span> <span class='ocrx_word' id='word_1_321' title='bbox 3412 2913 3508 2948; x_wconf 82' lang='lat' dir='ltr'><strong><em>au-</em></strong></span> 
     </span>
    </p>
   </div>
   <div class='ocr_carea' id='block_1_59' title="bbox 1916 2967 3510 3036">
    <p class='ocr_par' dir='ltr' id='par_1_59' title="bbox 1916 2967 3510 3036">
     <span class='ocr_line' id='line_1_61' title="bbox 1916 2967 3510 3036; baseline -0.006 -7"><span class='ocrx_word' id='word_1_322' title='bbox 1916 2986 2025 3029; x_wconf 89' lang='lat' dir='ltr'><strong><em>tem</em></strong></span> <span class='ocrx_word' id='word_1_323' title='bbox 2053 2975 2320 3029; x_wconf 86' lang='lat' dir='ltr'><strong><em>conscribi</em></strong></span> <span class='ocrx_word' id='word_1_324' title='bbox 2347 2974 2643 3028; x_wconf 87' lang='lat' dir='ltr'><strong><em>debuerant</em></strong></span> <span class='ocrx_word' id='word_1_325' title='bbox 2672 2972 2880 3036; x_wconf 87' lang='lat' dir='ltr'><strong><em>Patres,</em></strong></span> <span class='ocrx_word' id='word_1_326' title='bbox 2918 2980 2976 3025; x_wconf 89' lang='lat' dir='ltr'><strong><em>ut.</em></strong></span> <span class='ocrx_word' id='word_1_327' title='bbox 2999 2971 3120 3025; x_wconf 85' lang='lat' dir='ltr'><strong><em>aliis</em></strong></span> <span class='ocrx_word' id='word_1_328' title='bbox 3149 2986 3288 3024; x_wconf 77' lang='lat' dir='ltr'><strong><em>cxxx</em></strong></span> <span class='ocrx_word' id='word_1_329' title='bbox 3318 2967 3510 3022; x_wconf 83' lang='lat' dir='ltr'><strong><em>sociati</em></strong></span> 
     </span>
    </p>
   </div>
   <div class='ocr_carea' id='block_1_60' title="bbox 1919 3047 2759 3115">
    <p class='ocr_par' dir='ltr' id='par_1_60' title="bbox 1919 3047 2759 3115">
     <span class='ocr_line' id='line_1_62' title="bbox 1919 3047 2759 3115; baseline -0.004 -14"><span class='ocrx_word' id='word_1_330' title='bbox 1919 3060 2199 3101; x_wconf 89' lang='lat' dir='ltr'><strong><em>numerum</em></strong></span> <span class='ocrx_word' id='word_1_331' title='bbox 2230 3061 2280 3101; x_wconf 80' lang='lat' dir='ltr'><strong><em>cr</em></strong></span> <span class='ocrx_word' id='word_1_332' title='bbox 2310 3047 2666 3115; x_wconf 87' lang='lat' dir='ltr'><strong><em>complerent.</em></strong></span> <span class='ocrx_word' id='word_1_333' title='bbox 2756 3095 2759 3098; x_wconf 89' lang='lat'><strong><em>.</em></strong></span> 
     </span>
    </p>
   </div>
   <div class='ocr_carea' id='block_1_61' title="bbox 1820 3302 1936 3380">
    <p class='ocr_par' dir='ltr' id='par_1_61' title="bbox 1820 3302 1936 3380">
     <span class='ocr_line' id='line_1_63' title="bbox 1820 3302 1936 3380; baseline -0.009 0"><span class='ocrx_word' id='word_1_334' title='bbox 1820 3302 1936 3380; x_wconf 80' lang='lat' dir='ltr'><strong><em>IX</em></strong></span> 
     </span>
    </p>
   </div>
   <div class='ocr_carea' id='block_1_62' title="bbox 698 3465 3030 3564">
    <p class='ocr_par' dir='ltr' id='par_1_62' title="bbox 698 3465 3030 3564">
     <span class='ocr_line' id='line_1_64' title="bbox 698 3465 3030 3564; baseline -0.006 -8"><span class='ocrx_word' id='word_1_335' title='bbox 698 3469 1367 3564; x_wconf 79' lang='lat' dir='ltr'><strong><em>CONCILIUM</em></strong></span> <span class='ocrx_word' id='word_1_336' title='bbox 1442 3465 3030 3558; x_wconf 84' lang='lat' dir='ltr'><strong><em>CONSTANTINOPOLITANUM.</em></strong></span> 
     </span>
    </p>
   </div>
   <div class='ocr_carea' id='block_1_63' title="bbox 294 3619 1814 3707">
    <p class='ocr_par' dir='ltr' id='par_1_63' title="bbox 294 3651 1814 3707">
     <span class='ocr_line' id='line_1_65' title="bbox 294 3651 1814 3707; baseline -0.001 -10"><span class='ocrx_word' id='word_1_337' title='bbox 294 3651 558 3698; x_wconf 65' lang='lat' dir='ltr'><strong><em>CENTUM</em></strong></span> <span class='ocrx_word' id='word_1_338' title='bbox 608 3651 967 3697; x_wconf 60' lang='grc' dir='ltr'><strong><em>θεωρία-ΓΑ</em></strong></span> <span class='ocrx_word' id='word_1_339' title='bbox 1003 3651 1210 3696; x_wconf 73' lang='lat' dir='ltr'><strong><em>TRIUM</em></strong></span> <span class='ocrx_word' id='word_1_340' title='bbox 1247 3651 1712 3707; x_wconf 67' lang='lat' dir='ltr'><strong><em>EPISCOPORUM,</em></strong></span> <span class='ocrx_word' id='word_1_341' title='bbox 1749 3651 1814 3696; x_wconf 66' lang='lat' dir='ltr'><strong><em>El</em></strong></span> 
     </span>
    </p>
   </div>
   <div class='ocr_carea' id='block_1_64' title="bbox 1914 3619 3528 3707">
    <p class='ocr_par' dir='ltr' id='par_1_64' title="bbox 1914 3619 3528 3704">
     <span class='ocr_line' id='line_1_66' title="bbox 1914 3619 3528 3704; baseline 0.001 -12"><span class='ocrx_word' id='word_1_342' title='bbox 1914 3650 1960 3695; x_wconf 42' lang='grc' dir='ltr'><strong><em>..Α</em></strong></span> <span class='ocrx_word' id='word_1_343' title='bbox 1996 3648 2286 3696; x_wconf 72' lang='grc' dir='ltr'><strong><em>νιρΑῖιιοε</em></strong></span> <span class='ocrx_word' id='word_1_344' title='bbox 2323 3648 2634 3704; x_wconf 67' lang='grc' dir='ltr'><strong><em>υκῡεειδι,</em></strong></span> <span class='ocrx_word' id='word_1_345' title='bbox 2679 3647 2786 3702; x_wconf 82' lang='lat' dir='ltr'><strong><em>QUI</em></strong></span> <span class='ocrx_word' id='word_1_346' title='bbox 2822 3651 2904 3692; x_wconf 67' lang='lat' dir='ltr'><strong><em>an</em></strong></span> <span class='ocrx_word' id='word_1_347' title='bbox 2942 3647 3135 3695; x_wconf 73' lang='lat' dir='ltr'><strong><em>vrcen</em></strong></span> <span class='ocrx_word' id='word_1_348' title='bbox 3171 3645 3428 3693; x_wconf 75' lang='lat' dir='ltr'><strong><em>SUORUM</em></strong></span> <span class='ocrx_word' id='word_1_349' title='bbox 3523 3619 3528 3632; x_wconf 67' lang='grc'><em>“</em></span> 
     </span>
    </p>
   </div>
   <div class='ocr_carea' id='block_1_65' title="bbox 441 3730 1814 3791">
    <p class='ocr_par' dir='ltr' id='par_1_65' title="bbox 441 3733 1814 3791">
     <span class='ocr_line' id='line_1_67' title="bbox 441 3733 1814 3791; baseline 0 -15"><span class='ocrx_word' id='word_1_350' title='bbox 441 3733 792 3778; x_wconf 67' lang='grc' dir='ltr'><strong><em>Ριιιεευιωι</em></strong></span> <span class='ocrx_word' id='word_1_351' title='bbox 850 3733 1426 3791; x_wconf 65' lang='grc' dir='ltr'><strong><em>ευθεςιυιιεειιυκτ,</em></strong></span> <span class='ocrx_word' id='word_1_352' title='bbox 1460 3733 1814 3778; x_wconf 69' lang='grc' dir='ltr'><strong><em>τΕΜΡοιιιιςι</em></strong></span> 
     </span>
    </p>
   </div>
   <div class='ocr_carea' id='block_1_66' title="bbox 1914 3730 3266 3791">
    <p class='ocr_par' dir='ltr' id='par_1_66' title="bbox 1914 3730 3266 3788">
     <span class='ocr_line' id='line_1_68' title="bbox 1914 3730 3266 3788; baseline -0.002 -13"><span class='ocrx_word' id='word_1_353' title='bbox 1914 3732 2318 3776; x_wconf 65' lang='grc' dir='ltr'><strong><em>ΞοΝεΤΑΝΤιΝι</em></strong></span> <span class='ocrx_word' id='word_1_354' title='bbox 2363 3730 2816 3788; x_wconf 69' lang='grc' dir='ltr'><strong><em>ΙΜΡΕΒΔΤΟΒΙΒ,</em></strong></span> <span class='ocrx_word' id='word_1_355' title='bbox 2850 3733 2989 3773; x_wconf 68' lang='lat' dir='ltr'><strong><em>JERA</em></strong></span> <span class='ocrx_word' id='word_1_356' title='bbox 3031 3731 3266 3774; x_wconf 65' lang='lat' dir='ltr'><strong><em>DCCXI.</em></strong></span> 
     </span>
    </p>
   </div>
   <div class='ocr_carea' id='block_1_67' title="bbox 282 3857 3512 3936">
    <p class='ocr_par' dir='ltr' id='par_1_67' title="bbox 282 3857 3512 3936">
     <span class='ocr_line' id='line_1_69' title="bbox 282 3857 3512 3936; baseline -0 -17"><span class='ocrx_word' id='word_1_357' title='bbox 282 3860 534 3936; x_wconf 60' lang='grc' dir='ltr'><strong><em>εις-64</em></strong></span> <span class='ocrx_word' id='word_1_358' title='bbox 563 3861 778 3928; x_wconf 89' lang='lat' dir='ltr'><strong><em>Sancta,</em></strong></span> <span class='ocrx_word' id='word_1_359' title='bbox 805 3875 992 3932; x_wconf 85' lang='lat' dir='ltr'><strong><em>magna</em></strong></span> <span class='ocrx_word' id='word_1_360' title='bbox 1025 3871 1181 3932; x_wconf 91' lang='lat' dir='ltr'><strong><em>atque</em></strong></span> <span class='ocrx_word' id='word_1_361' title='bbox 1200 3861 1518 3918; x_wconf 83' lang='lat' dir='ltr'><strong><em>universalis</em></strong></span> <span class='ocrx_word' id='word_1_362' title='bbox 1547 3861 1805 3933; x_wconf 85' lang='lat' dir='ltr'><strong><em>synodus,</em></strong></span> <span class='ocrx_word' id='word_1_363' title='bbox 1835 3861 1885 3927; x_wconf 68' lang='grc' dir='ltr'><strong><em>(ζ</em></strong></span> <span class='ocrx_word' id='word_1_364' title='bbox 1914 3868 2154 3930; x_wconf 86' lang='lat' dir='ltr'><strong><em>tempora</em></strong></span> <span class='ocrx_word' id='word_1_365' title='bbox 2187 3868 2241 3917; x_wconf 87' lang='lat' dir='ltr'><strong><em>et</em></strong></span> <span class='ocrx_word' id='word_1_366' title='bbox 2269 3875 2411 3916; x_wconf 90' lang='lat' dir='ltr'><strong><em>nunc</em></strong></span> <span class='ocrx_word' id='word_1_367' title='bbox 2442 3875 2611 3931; x_wconf 89' lang='lat' dir='ltr'><strong><em>usque</em></strong></span> <span class='ocrx_word' id='word_1_368' title='bbox 2641 3868 2724 3916; x_wconf 86' lang='lat' dir='ltr'><strong><em>est</em></strong></span> <span class='ocrx_word' id='word_1_369' title='bbox 2754 3857 2804 3925; x_wconf 70' lang='grc' dir='ltr'><strong><em>ι),</em></strong></span> <span class='ocrx_word' id='word_1_370' title='bbox 2847 3860 3031 3929; x_wconf 89' lang='lat' dir='ltr'><strong><em>procul</em></strong></span> <span class='ocrx_word' id='word_1_371' title='bbox 3077 3859 3354 3929; x_wconf 90' lang='lat' dir='ltr'><strong><em>abjiciens,</em></strong></span> <span class='ocrx_word' id='word_1_372' title='bbox 3390 3878 3512 3919; x_wconf 86' lang='lat' dir='ltr'><strong><em>san-</em></strong></span> 
     </span>
    </p>
   </div>
   <div class='ocr_carea' id='block_1_68' title="bbox 211 3952 1809 4026">
    <p class='ocr_par' dir='ltr' id='par_1_68' title="bbox 211 3952 1809 4026">
     <span class='ocr_line' id='line_1_70' title="bbox 211 3952 1809 4026; baseline -0.001 -16"><span class='ocrx_word' id='word_1_373' title='bbox 211 3969 340 4026; x_wconf 76' lang='lat' dir='ltr'><strong><em>quze</em></strong></span> <span class='ocrx_word' id='word_1_374' title='bbox 372 3955 664 4008; x_wconf 89' lang='lat' dir='ltr'><strong><em>secundum</em></strong></span> <span class='ocrx_word' id='word_1_375' title='bbox 699 3952 790 4007; x_wconf 90' lang='lat' dir='ltr'><strong><em>Dei</em></strong></span> <span class='ocrx_word' id='word_1_376' title='bbox 813 3953 1038 4022; x_wconf 85' lang='lat' dir='ltr'><strong><em>gratiam</em></strong></span> <span class='ocrx_word' id='word_1_377' title='bbox 1069 3961 1124 4008; x_wconf 89' lang='lat' dir='ltr'><strong><em>et</em></strong></span> <span class='ocrx_word' id='word_1_378' title='bbox 1154 3954 1446 4021; x_wconf 83' lang='lat' dir='ltr'><strong><em>piissimam</em></strong></span> <span class='ocrx_word' id='word_1_379' title='bbox 1475 3955 1809 4009; x_wconf 86' lang='lat' dir='ltr'><strong><em>sanctionem</em></strong></span> 
     </span>
    </p>
   </div>
   <div class='ocr_carea' id='block_1_69' title="bbox 211 4047 1811 4120">
    <p class='ocr_par' dir='ltr' id='par_1_69' title="bbox 211 4047 1811 4120">
     <span class='ocr_line' id='line_1_71' title="bbox 211 4047 1811 4120; baseline 0 -14"><span class='ocrx_word' id='word_1_380' title='bbox 211 4047 625 4106; x_wconf 90' lang='lat' dir='ltr'><strong><em>clementissimi</em></strong></span> <span class='ocrx_word' id='word_1_381' title='bbox 655 4057 707 4101; x_wconf 91' lang='lat' dir='ltr'><strong><em>ct</em></strong></span> <span class='ocrx_word' id='word_1_382' title='bbox 739 4047 1034 4105; x_wconf 72' lang='lat' dir='ltr'><strong><em>fidelissimi</em></strong></span> <span class='ocrx_word' id='word_1_383' title='bbox 1077 4051 1256 4119; x_wconf 88' lang='lat' dir='ltr'><strong><em>magni</em></strong></span> <span class='ocrx_word' id='word_1_384' title='bbox 1301 4051 1644 4120; x_wconf 86' lang='lat' dir='ltr'><strong><em>imperatoris</em></strong></span> <span class='ocrx_word' id='word_1_385' title='bbox 1672 4051 1811 4106; x_wconf 83' lang='lat' dir='ltr'><strong><em>Con-</em></strong></span> 
     </span>
    </p>
   </div>
   <div class='ocr_carea' id='block_1_70' title="bbox 210 4140 1812 4212">
    <p class='ocr_par' dir='ltr' id='par_1_70' title="bbox 210 4140 1812 4212">
     <span class='ocr_line' id='line_1_72' title="bbox 210 4140 1812 4212; baseline 0.002 -14"><span class='ocrx_word' id='word_1_386' title='bbox 210 4140 439 4199; x_wconf 83' lang='lat' dir='ltr'><strong><em>stantini</em></strong></span> <span class='ocrx_word' id='word_1_387' title='bbox 469 4149 788 4212; x_wconf 83' lang='lat' dir='ltr'><strong><em>congregata</em></strong></span> <span class='ocrx_word' id='word_1_388' title='bbox 816 4141 972 4196; x_wconf 88' lang='lat' dir='ltr'><strong><em>estin</em></strong></span> <span class='ocrx_word' id='word_1_389' title='bbox 999 4143 1102 4198; x_wconf 89' lang='lat' dir='ltr'><strong><em>hac</em></strong></span> <span class='ocrx_word' id='word_1_390' title='bbox 1126 4158 1157 4198; x_wconf 86' lang='lat' dir='ltr'><strong><em>a</em></strong></span> <span class='ocrx_word' id='word_1_391' title='bbox 1197 4144 1306 4200; x_wconf 91' lang='lat' dir='ltr'><strong><em>Deo</em></strong></span> <span class='ocrx_word' id='word_1_392' title='bbox 1334 4145 1698 4200; x_wconf 87' lang='lat' dir='ltr'><strong><em>conservanda</em></strong></span> <span class='ocrx_word' id='word_1_393' title='bbox 1727 4162 1812 4202; x_wconf 88' lang='lat' dir='ltr'><strong><em>rc-</em></strong></span> 
     </span>
    </p>
   </div>
   <div class='ocr_carea' id='block_1_71' title="bbox 211 4233 1811 4307">
    <p class='ocr_par' dir='ltr' id='par_1_71' title="bbox 211 4233 1811 4307">
     <span class='ocr_line' id='line_1_73' title="bbox 211 4233 1811 4307; baseline 0.003 -17"><span class='ocrx_word' id='word_1_394' title='bbox 211 4236 294 4307; x_wconf 91' lang='lat' dir='ltr'><strong><em>gia</em></strong></span> <span class='ocrx_word' id='word_1_395' title='bbox 325 4233 791 4302; x_wconf 86' lang='lat' dir='ltr'><strong><em>Constantinopoli</em></strong></span> <span class='ocrx_word' id='word_1_396' title='bbox 840 4250 975 4290; x_wconf 87' lang='lat' dir='ltr'><strong><em>nova</em></strong></span> <span class='ocrx_word' id='word_1_397' title='bbox 1009 4236 1200 4303; x_wconf 73' lang='lat' dir='ltr'><strong><em>lioma,</em></strong></span> <span class='ocrx_word' id='word_1_398' title='bbox 1231 4236 1288 4291; x_wconf 91' lang='lat' dir='ltr'><strong><em>in</em></strong></span> <span class='ocrx_word' id='word_1_399' title='bbox 1317 4239 1605 4293; x_wconf 84' lang='lat' dir='ltr'><strong><em>secretario</em></strong></span> <span class='ocrx_word' id='word_1_400' title='bbox 1645 4239 1811 4294; x_wconf 86' lang='lat' dir='ltr'><strong><em>divini</em></strong></span> 
     </span>
    </p>
   </div>
   <div class='ocr_carea' id='block_1_72' title="bbox 214 4325 1814 4400">
    <p class='ocr_par' dir='ltr' id='par_1_72' title="bbox 214 4325 1814 4400">
     <span class='ocr_line' id='line_1_74' title="bbox 214 4325 1814 4400; baseline 0.004 -20"><span class='ocrx_word' id='word_1_401' title='bbox 214 4327 420 4396; x_wconf 87' lang='lat' dir='ltr'><strong><em>palatii,</em></strong></span> <span class='ocrx_word' id='word_1_402' title='bbox 453 4325 591 4396; x_wconf 88' lang='lat' dir='ltr'><strong><em>quod</em></strong></span> <span class='ocrx_word' id='word_1_403' title='bbox 615 4331 1023 4396; x_wconf 87' lang='lat' dir='ltr'><strong><em>cognominatur</em></strong></span> <span class='ocrx_word' id='word_1_404' title='bbox 1052 4328 1290 4397; x_wconf 90' lang='lat' dir='ltr'><strong><em>Trullus,</em></strong></span> <span class='ocrx_word' id='word_1_405' title='bbox 1325 4329 1562 4384; x_wconf 72' lang='lat' dir='ltr'><strong><em>decrevit</em></strong></span> <span class='ocrx_word' id='word_1_406' title='bbox 1587 4347 1705 4400; x_wconf 70' lang='lat' dir='ltr'><strong><em>qua:</em></strong></span> <span class='ocrx_word' id='word_1_407' title='bbox 1731 4334 1814 4387; x_wconf 88' lang='lat' dir='ltr'><strong><em>in-</em></strong></span> 
     </span>
    </p>
   </div>
   <div class='ocr_carea' id='block_1_73' title="bbox 216 4420 1812 4496">
    <p class='ocr_par' dir='ltr' id='par_1_73' title="bbox 216 4420 1812 4496">
     <span class='ocr_line' id='line_1_75' title="bbox 216 4420 1812 4496; baseline 0.005 -21"><span class='ocrx_word' id='word_1_408' title='bbox 216 4420 382 4476; x_wconf 80' lang='lat' dir='ltr'><strong><em>ferius</em></strong></span> <span class='ocrx_word' id='word_1_409' title='bbox 413 4421 774 4476; x_wconf 91' lang='lat' dir='ltr'><strong><em>continentur.</em></strong></span> <span class='ocrx_word' id='word_1_410' title='bbox 803 4420 1117 4492; x_wconf 86' lang='lat' dir='ltr'><strong><em>Uuigenitus</em></strong></span> <span class='ocrx_word' id='word_1_411' title='bbox 1142 4423 1234 4479; x_wconf 90' lang='lat' dir='ltr'><strong><em>Dei</em></strong></span> <span class='ocrx_word' id='word_1_412' title='bbox 1264 4424 1544 4496; x_wconf 87' lang='lat' dir='ltr'><strong><em>Patrisque</em></strong></span> <span class='ocrx_word' id='word_1_413' title='bbox 1567 4425 1734 4484; x_wconf 89' lang='lat' dir='ltr'><strong><em>Filius</em></strong></span> <span class='ocrx_word' id='word_1_414' title='bbox 1757 4436 1812 4485; x_wconf 89' lang='lat' dir='ltr'><strong><em>et</em></strong></span> 
     </span>
    </p>
   </div>
   <div class='ocr_carea' id='block_1_74' title="bbox 217 4514 1811 4592">
    <p class='ocr_par' dir='ltr' id='par_1_74' title="bbox 217 4514 1811 4592">
     <span class='ocr_line' id='line_1_76' title="bbox 217 4514 1811 4592; baseline 0.008 -23"><span class='ocrx_word' id='word_1_415' title='bbox 217 4514 479 4579; x_wconf 83' lang='lat' dir='ltr'><strong><em>Verbum,</em></strong></span> <span class='ocrx_word' id='word_1_416' title='bbox 519 4515 610 4584; x_wconf 87' lang='lat' dir='ltr'><strong><em>qui</em></strong></span> <span class='ocrx_word' id='word_1_417' title='bbox 659 4530 754 4586; x_wconf 93' lang='lat' dir='ltr'><strong><em>per</em></strong></span> <span class='ocrx_word' id='word_1_418' title='bbox 796 4519 974 4572; x_wconf 88' lang='lat' dir='ltr'><strong><em>omnia</em></strong></span> <span class='ocrx_word' id='word_1_419' title='bbox 1015 4519 1226 4575; x_wconf 83' lang='lat' dir='ltr'><strong><em>similis</em></strong></span> <span class='ocrx_word' id='word_1_420' title='bbox 1255 4521 1408 4576; x_wconf 89' lang='lat' dir='ltr'><strong><em>nobis</em></strong></span> <span class='ocrx_word' id='word_1_421' title='bbox 1450 4522 1650 4592; x_wconf 87' lang='lat' dir='ltr'><strong><em>absque</em></strong></span> <span class='ocrx_word' id='word_1_422' title='bbox 1693 4525 1811 4581; x_wconf 88' lang='lat' dir='ltr'><strong><em>solo</em></strong></span> 
     </span>
    </p>
   </div>
   <div class='ocr_carea' id='block_1_75' title="bbox 217 4605 1812 4676">
    <p class='ocr_par' dir='ltr' id='par_1_75' title="bbox 217 4605 1812 4676">
     <span class='ocr_line' id='line_1_77' title="bbox 217 4605 1812 4676; baseline 0.005 -14"><span class='ocrx_word' id='word_1_423' title='bbox 217 4617 446 4675; x_wconf 83' lang='lat' dir='ltr'><strong><em>peccato</em></strong></span> <span class='ocrx_word' id='word_1_424' title='bbox 476 4605 647 4660; x_wconf 80' lang='lat' dir='ltr'><strong><em>factus</em></strong></span> <span class='ocrx_word' id='word_1_425' title='bbox 670 4615 752 4661; x_wconf 93' lang='lat' dir='ltr'><strong><em>est</em></strong></span> <span class='ocrx_word' id='word_1_426' title='bbox 781 4607 964 4676; x_wconf 88' lang='lat' dir='ltr'><strong><em>homo,</em></strong></span> <span class='ocrx_word' id='word_1_427' title='bbox 988 4609 1231 4665; x_wconf 83' lang='lat' dir='ltr'><strong><em>Christus</em></strong></span> <span class='ocrx_word' id='word_1_428' title='bbox 1260 4627 1419 4667; x_wconf 85' lang='lat' dir='ltr'><strong><em>verus</em></strong></span> <span class='ocrx_word' id='word_1_429' title='bbox 1451 4612 1592 4668; x_wconf 88' lang='lat' dir='ltr'><strong><em>Deus</em></strong></span> <span class='ocrx_word' id='word_1_430' title='bbox 1630 4625 1812 4671; x_wconf 87' lang='lat' dir='ltr'><strong><em>noster</em></strong></span> 
     </span>
    </p>
   </div>
   <div class='ocr_carea' id='block_1_76' title="bbox 216 4699 1811 4778">
    <p class='ocr_par' dir='ltr' id='par_1_76' title="bbox 216 4699 1811 4778">
     <span class='ocr_line' id='line_1_78' title="bbox 216 4699 1811 4778; baseline 0.005 -24"><span class='ocrx_word' id='word_1_431' title='bbox 216 4712 310 4767; x_wconf 85' lang='lat' dir='ltr'><strong><em>per</em></strong></span> <span class='ocrx_word' id='word_1_432' title='bbox 325 4699 660 4768; x_wconf 89' lang='lat' dir='ltr'><strong><em>evangelicas</em></strong></span> <span class='ocrx_word' id='word_1_433' title='bbox 675 4713 830 4755; x_wconf 86' lang='lat' dir='ltr'><strong><em>voces</em></strong></span> <span class='ocrx_word' id='word_1_434' title='bbox 844 4701 1099 4770; x_wconf 70' lang='lat' dir='ltr'><strong><em>praeclare</em></strong></span> <span class='ocrx_word' id='word_1_435' title='bbox 1117 4701 1232 4774; x_wconf 79' lang='lat' dir='ltr'><strong><em>[U.,</em></strong></span> <span class='ocrx_word' id='word_1_436' title='bbox 1249 4704 1606 4778; x_wconf 91' lang='lat' dir='ltr'><strong><em>proclamans]</em></strong></span> <span class='ocrx_word' id='word_1_437' title='bbox 1623 4708 1811 4776; x_wconf 67' lang='lat' dir='ltr'><strong><em>pracdi-</em></strong></span> 
     </span>
    </p>
   </div>
   <div class='ocr_carea' id='block_1_77' title="bbox 217 4789 1810 4866">
    <p class='ocr_par' dir='ltr' id='par_1_77' title="bbox 217 4789 1810 4866">
     <span class='ocr_line' id='line_1_79' title="bbox 217 4789 1810 4866; baseline 0.004 -19"><span class='ocrx_word' id='word_1_438' title='bbox 217 4793 358 4847; x_wconf 86' lang='lat' dir='ltr'><strong><em>cavit</em></strong></span> <span class='ocrx_word' id='word_1_439' title='bbox 392 4811 404 4846; x_wconf 91' lang='lat'>:</span> <span class='ocrx_word' id='word_1_440' title='bbox 440 4789 554 4863; x_wconf 81' lang='lat' dir='ltr'><strong><em>Ego</em></strong></span> <span class='ocrx_word' id='word_1_441' title='bbox 580 4808 692 4846; x_wconf 84' lang='lat' dir='ltr'><strong><em>sum</em></strong></span> <span class='ocrx_word' id='word_1_442' title='bbox 725 4795 815 4847; x_wconf 80' lang='lat' dir='ltr'><strong><em>tua:</em></strong></span> <span class='ocrx_word' id='word_1_443' title='bbox 843 4795 1056 4859; x_wconf 83' lang='lat' dir='ltr'><strong><em>mundi;</em></strong></span> <span class='ocrx_word' id='word_1_444' title='bbox 1093 4796 1178 4866; x_wconf 86' lang='lat' dir='ltr'><strong><em>qui</em></strong></span> <span class='ocrx_word' id='word_1_445' title='bbox 1207 4798 1433 4866; x_wconf 80' lang='lat' dir='ltr'><strong><em>sequitur</em></strong></span> <span class='ocrx_word' id='word_1_446' title='bbox 1465 4815 1543 4853; x_wconf 86' lang='lat' dir='ltr'><strong><em>me</em></strong></span> <span class='ocrx_word' id='word_1_447' title='bbox 1569 4817 1670 4854; x_wconf 90' lang='lat' dir='ltr'><strong><em>non</em></strong></span> <span class='ocrx_word' id='word_1_448' title='bbox 1700 4817 1810 4855; x_wconf 85' lang='lat' dir='ltr'><strong><em>aut-</em></strong></span> 
     </span>
    </p>
   </div>
   <div class='ocr_carea' id='block_1_78' title="bbox 219 4885 1808 4956">
    <p class='ocr_par' dir='ltr' id='par_1_78' title="bbox 219 4885 1808 4956">
     <span class='ocr_line' id='line_1_80' title="bbox 219 4885 1808 4956; baseline 0.006 -19"><span class='ocrx_word' id='word_1_449' title='bbox 219 4887 354 4940; x_wconf 68' lang='lat' dir='ltr'><strong><em>bulat</em></strong></span> <span class='ocrx_word' id='word_1_450' title='bbox 384 4886 439 4938; x_wconf 85' lang='lat' dir='ltr'><strong><em>in</em></strong></span> <span class='ocrx_word' id='word_1_451' title='bbox 471 4885 706 4952; x_wconf 85' lang='lat' dir='ltr'><strong><em>tenebris,</em></strong></span> <span class='ocrx_word' id='word_1_452' title='bbox 737 4887 826 4938; x_wconf 83' lang='lat' dir='ltr'><strong><em>sed</em></strong></span> <span class='ocrx_word' id='word_1_453' title='bbox 869 4885 1070 4940; x_wconf 77' lang='lat' dir='ltr'><strong><em>habebit</em></strong></span> <span class='ocrx_word' id='word_1_454' title='bbox 1113 4887 1280 4942; x_wconf 81' lang='lat' dir='ltr'><strong><em>lunten</em></strong></span> <span class='ocrx_word' id='word_1_455' title='bbox 1305 4891 1451 4956; x_wconf 72' lang='lat' dir='ltr'><strong><em>vitaz;</em></strong></span> <span class='ocrx_word' id='word_1_456' title='bbox 1478 4900 1533 4946; x_wconf 90' lang='lat' dir='ltr'><strong><em>et</em></strong></span> <span class='ocrx_word' id='word_1_457' title='bbox 1571 4891 1760 4946; x_wconf 88' lang='lat' dir='ltr'><strong><em>iterum</em></strong></span> <span class='ocrx_word' id='word_1_458' title='bbox 1792 4909 1808 4947; x_wconf 89' lang='lat'><strong>:</strong></span> 
     </span>
    </p>
   </div>
   <div class='ocr_carea' id='block_1_79' title="bbox 227 4975 1807 5052">
    <p class='ocr_par' dir='ltr' id='par_1_79' title="bbox 227 4975 1807 5052">
     <span class='ocr_line' id='line_1_81' title="bbox 227 4975 1807 5052; baseline 0.006 -22"><span class='ocrx_word' id='word_1_459' title='bbox 227 4975 409 5031; x_wconf 77' lang='lat' dir='ltr'><strong><em>Pacem</em></strong></span> <span class='ocrx_word' id='word_1_460' title='bbox 443 4994 604 5032; x_wconf 88' lang='lat' dir='ltr'><strong><em>meam</em></strong></span> <span class='ocrx_word' id='word_1_461' title='bbox 648 4977 716 5030; x_wconf 82' lang='lat' dir='ltr'><strong><em>do</em></strong></span> <span class='ocrx_word' id='word_1_462' title='bbox 761 4977 918 5043; x_wconf 83' lang='lat' dir='ltr'><strong><em>vobis,</em></strong></span> <span class='ocrx_word' id='word_1_463' title='bbox 960 4994 1135 5048; x_wconf 76' lang='lat' dir='ltr'><strong><em>pacem</em></strong></span> <span class='ocrx_word' id='word_1_464' title='bbox 1181 4997 1344 5034; x_wconf 80' lang='lat' dir='ltr'><strong><em>meam</em></strong></span> <span class='ocrx_word' id='word_1_465' title='bbox 1379 4982 1615 5052; x_wconf 81' lang='lat' dir='ltr'><strong><em>relinquo</em></strong></span> <span class='ocrx_word' id='word_1_466' title='bbox 1651 4984 1807 5040; x_wconf 83' lang='lat' dir='ltr'><strong><em>vobis.</em></strong></span> 
     </span>
    </p>
   </div>
   <div class='ocr_carea' id='block_1_80' title="bbox 222 5068 1812 5144">
    <p class='ocr_par' dir='ltr' id='par_1_80' title="bbox 222 5068 1812 5144">
     <span class='ocr_line' id='line_1_82' title="bbox 222 5068 1812 5144; baseline 0.006 -20"><span class='ocrx_word' id='word_1_467' title='bbox 222 5068 274 5124; x_wconf 91' lang='lat' dir='ltr'><strong><em>In</em></strong></span> <span class='ocrx_word' id='word_1_468' title='bbox 302 5071 402 5126; x_wconf 85' lang='lat' dir='ltr'><strong><em>hac</em></strong></span> <span class='ocrx_word' id='word_1_469' title='bbox 432 5070 691 5125; x_wconf 90' lang='lat' dir='ltr'><strong><em>divinitus</em></strong></span> <span class='ocrx_word' id='word_1_470' title='bbox 719 5070 864 5125; x_wconf 88' lang='lat' dir='ltr'><strong><em>edita</em></strong></span> <span class='ocrx_word' id='word_1_471' title='bbox 896 5071 1041 5140; x_wconf 86' lang='lat' dir='ltr'><strong><em>pacis</em></strong></span> <span class='ocrx_word' id='word_1_472' title='bbox 1085 5073 1329 5128; x_wconf 86' lang='lat' dir='ltr'><strong><em>doctrina</em></strong></span> <span class='ocrx_word' id='word_1_473' title='bbox 1372 5075 1621 5144; x_wconf 87' lang='lat' dir='ltr'><strong><em>gradiens</em></strong></span> <span class='ocrx_word' id='word_1_474' title='bbox 1663 5093 1812 5133; x_wconf 87' lang='lat' dir='ltr'><strong><em>man-</em></strong></span> 
     </span>
    </p>
   </div>
   <div class='ocr_carea' id='block_1_81' title="bbox 221 5162 1807 5243">
    <p class='ocr_par' dir='ltr' id='par_1_81' title="bbox 221 5162 1807 5243">
     <span class='ocr_line' id='line_1_83' title="bbox 221 5162 1807 5243; baseline 0.006 -27"><span class='ocrx_word' id='word_1_475' title='bbox 221 5162 554 5218; x_wconf 87' lang='lat' dir='ltr'><strong><em>suetissimus</em></strong></span> <span class='ocrx_word' id='word_1_476' title='bbox 585 5172 767 5218; x_wconf 87' lang='lat' dir='ltr'><strong><em>noster</em></strong></span> <span class='ocrx_word' id='word_1_477' title='bbox 806 5162 1115 5233; x_wconf 87' lang='lat' dir='ltr'><strong><em>imperator,</em></strong></span> <span class='ocrx_word' id='word_1_478' title='bbox 1158 5166 1249 5235; x_wconf 92' lang='lat' dir='ltr'><strong><em>qui</em></strong></span> <span class='ocrx_word' id='word_1_479' title='bbox 1292 5175 1342 5221; x_wconf 92' lang='lat' dir='ltr'><strong><em>et</em></strong></span> <span class='ocrx_word' id='word_1_480' title='bbox 1374 5179 1690 5238; x_wconf 80' lang='lat' dir='ltr'><strong><em>prapagator</em></strong></span> <span class='ocrx_word' id='word_1_481' title='bbox 1721 5169 1807 5243; x_wconf 83' lang='lat' dir='ltr'><strong><em>[T.</em></strong></span> 
     </span>
    </p>
   </div>
   <div class='ocr_carea' id='block_1_82' title="bbox 1916 3951 3512 4021">
    <p class='ocr_par' dir='ltr' id='par_1_82' title="bbox 1916 3951 3512 4021">
     <span class='ocr_line' id='line_1_84' title="bbox 1916 3951 3512 4021; baseline 0.001 -13"><span class='ocrx_word' id='word_1_482' title='bbox 1916 3964 2121 4008; x_wconf 86' lang='lat' dir='ltr'><strong><em>etorum</em></strong></span> <span class='ocrx_word' id='word_1_483' title='bbox 2172 3964 2350 4007; x_wconf 90' lang='lat' dir='ltr'><strong><em>autem</em></strong></span> <span class='ocrx_word' id='word_1_484' title='bbox 2381 3961 2435 4008; x_wconf 84' lang='lat' dir='ltr'><strong><em>et</em></strong></span> <span class='ocrx_word' id='word_1_485' title='bbox 2482 3951 2837 4021; x_wconf 86' lang='lat' dir='ltr'><strong><em>probabilium</em></strong></span> <span class='ocrx_word' id='word_1_486' title='bbox 2872 3951 3087 4004; x_wconf 89' lang='lat' dir='ltr'><strong><em>Patrum</em></strong></span> <span class='ocrx_word' id='word_1_487' title='bbox 3119 3953 3378 4008; x_wconf 79' lang='lat' dir='ltr'><strong><em>iuoliense</em></strong></span> <span class='ocrx_word' id='word_1_488' title='bbox 3410 3957 3512 4010; x_wconf 90' lang='lat' dir='ltr'><strong><em>iter</em></strong></span> 
     </span>
    </p>
   </div>
   <div class='ocr_carea' id='block_1_83' title="bbox 1913 4045 3512 4118">
    <p class='ocr_par' dir='ltr' id='par_1_83' title="bbox 1913 4045 3512 4118">
     <span class='ocr_line' id='line_1_85' title="bbox 1913 4045 3512 4118; baseline 0 -16"><span class='ocrx_word' id='word_1_489' title='bbox 1913 4061 2231 4118; x_wconf 80' lang='lat' dir='ltr'><strong><em>assequeris,</em></strong></span> <span class='ocrx_word' id='word_1_490' title='bbox 2257 4047 2461 4101; x_wconf 87' lang='lat' dir='ltr'><strong><em>sanctis</em></strong></span> <span class='ocrx_word' id='word_1_491' title='bbox 2493 4055 2548 4100; x_wconf 94' lang='lat' dir='ltr'><strong><em>et</em></strong></span> <span class='ocrx_word' id='word_1_492' title='bbox 2594 4045 2986 4099; x_wconf 83' lang='lat' dir='ltr'><strong><em>uuiversabbus</em></strong></span> <span class='ocrx_word' id='word_1_493' title='bbox 3012 4046 3246 4116; x_wconf 88' lang='lat' dir='ltr'><strong><em>quinque</em></strong></span> <span class='ocrx_word' id='word_1_494' title='bbox 3291 4049 3512 4117; x_wconf 84' lang='lat' dir='ltr'><strong><em>synodis</em></strong></span> 
     </span>
    </p>
   </div>
   <div class='ocr_carea' id='block_1_84' title="bbox 1915 4136 3510 4210">
    <p class='ocr_par' dir='ltr' id='par_1_84' title="bbox 1915 4136 3510 4210">
     <span class='ocr_line' id='line_1_86' title="bbox 1915 4136 3510 4210; baseline 0 -15"><span class='ocrx_word' id='word_1_495' title='bbox 1915 4141 2000 4210; x_wconf 91' lang='lat' dir='ltr'><strong><em>pie</em></strong></span> <span class='ocrx_word' id='word_1_496' title='bbox 2041 4141 2094 4194; x_wconf 91' lang='lat' dir='ltr'><strong><em>iu</em></strong></span> <span class='ocrx_word' id='word_1_497' title='bbox 2139 4139 2386 4193; x_wconf 90' lang='lat' dir='ltr'><strong><em>omnibus</em></strong></span> <span class='ocrx_word' id='word_1_498' title='bbox 2432 4136 2772 4201; x_wconf 85' lang='lat' dir='ltr'><strong><em>consonavit,</em></strong></span> <span class='ocrx_word' id='word_1_499' title='bbox 2826 4146 3186 4191; x_wconf 90' lang='lat' dir='ltr'><strong><em>trecentorum</em></strong></span> <span class='ocrx_word' id='word_1_500' title='bbox 3232 4137 3417 4194; x_wconf 90' lang='lat' dir='ltr'><strong><em>decem</em></strong></span> <span class='ocrx_word' id='word_1_501' title='bbox 3457 4148 3510 4195; x_wconf 70' lang='lat' dir='ltr'><strong><em>ct</em></strong></span> 
     </span>
    </p>
   </div>
   <div class='ocr_carea' id='block_1_85' title="bbox 1915 4227 3509 4297">
    <p class='ocr_par' dir='ltr' id='par_1_85' title="bbox 1915 4227 3509 4297">
     <span class='ocr_line' id='line_1_87' title="bbox 1915 4227 3509 4297; baseline 0.001 -11"><span class='ocrx_word' id='word_1_502' title='bbox 1915 4241 2034 4288; x_wconf 91' lang='lat' dir='ltr'><strong><em>octo</em></strong></span> <span class='ocrx_word' id='word_1_503' title='bbox 2084 4240 2393 4286; x_wconf 90' lang='lat' dir='ltr'><strong><em>sanctorum</em></strong></span> <span class='ocrx_word' id='word_1_504' title='bbox 2441 4229 2658 4284; x_wconf 89' lang='lat' dir='ltr'><strong><em>Patrum</em></strong></span> <span class='ocrx_word' id='word_1_505' title='bbox 2705 4227 2795 4297; x_wconf 88' lang='lat' dir='ltr'><strong><em>qui</em></strong></span> <span class='ocrx_word' id='word_1_506' title='bbox 2842 4229 2893 4281; x_wconf 92' lang='lat' dir='ltr'><strong><em>in</em></strong></span> <span class='ocrx_word' id='word_1_507' title='bbox 2924 4228 3098 4283; x_wconf 61' lang='lat' dir='ltr'><strong><em>Nicaea</em></strong></span> <span class='ocrx_word' id='word_1_508' title='bbox 3144 4243 3509 4288; x_wconf 89' lang='lat' dir='ltr'><strong><em>convenerunt</em></strong></span> 
     </span>
    </p>
   </div>
   <div class='ocr_carea' id='block_1_86' title="bbox 1913 4320 3506 4396">
    <p class='ocr_par' dir='ltr' id='par_1_86' title="bbox 1913 4320 3506 4396">
     <span class='ocr_line' id='line_1_88' title="bbox 1913 4320 3506 4396; baseline 0.001 -17"><span class='ocrx_word' id='word_1_509' title='bbox 1913 4323 2195 4379; x_wconf 87' lang='lat' dir='ltr'><strong><em>adversum</em></strong></span> <span class='ocrx_word' id='word_1_510' title='bbox 2222 4322 2486 4377; x_wconf 75' lang='lat' dir='ltr'><strong><em>insaniam</em></strong></span> <span class='ocrx_word' id='word_1_511' title='bbox 2516 4321 2651 4388; x_wconf 83' lang='lat' dir='ltr'><strong><em>Arii,</em></strong></span> <span class='ocrx_word' id='word_1_512' title='bbox 2677 4329 2731 4376; x_wconf 89' lang='lat' dir='ltr'><strong><em>ct</em></strong></span> <span class='ocrx_word' id='word_1_513' title='bbox 2759 4331 2940 4390; x_wconf 80' lang='lat' dir='ltr'><strong><em>pustea</em></strong></span> <span class='ocrx_word' id='word_1_514' title='bbox 2966 4322 3016 4376; x_wconf 94' lang='lat' dir='ltr'><strong><em>in</em></strong></span> <span class='ocrx_word' id='word_1_515' title='bbox 3043 4320 3506 4396; x_wconf 81' lang='lat' dir='ltr'><strong><em>ConStautinopoli</em></strong></span> 
     </span>
    </p>
   </div>
   <div class='ocr_carea' id='block_1_87' title="bbox 1913 4414 3507 4485">
    <p class='ocr_par' dir='ltr' id='par_1_87' title="bbox 1913 4414 3507 4485">
     <span class='ocr_line' id='line_1_89' title="bbox 1913 4414 3507 4485; baseline 0.003 -15"><span class='ocrx_word' id='word_1_516' title='bbox 1913 4428 2127 4472; x_wconf 83' lang='lat' dir='ltr'><strong><em>centum</em></strong></span> <span class='ocrx_word' id='word_1_517' title='bbox 2150 4415 2533 4485; x_wconf 83' lang='lat' dir='ltr'><strong><em>quinquaginta</em></strong></span> <span class='ocrx_word' id='word_1_518' title='bbox 2559 4415 2668 4470; x_wconf 90' lang='lat' dir='ltr'><strong><em>Deo</em></strong></span> <span class='ocrx_word' id='word_1_519' title='bbox 2701 4414 3078 4484; x_wconf 89' lang='lat' dir='ltr'><strong><em>inspiratorum</em></strong></span> <span class='ocrx_word' id='word_1_520' title='bbox 3124 4417 3360 4474; x_wconf 86' lang='lat' dir='ltr'><strong><em>virorum</em></strong></span> <span class='ocrx_word' id='word_1_521' title='bbox 3411 4421 3507 4475; x_wconf 82' lang='lat' dir='ltr'><strong><em>ad-</em></strong></span> 
     </span>
    </p>
   </div>
   <div class='ocr_carea' id='block_1_88' title="bbox 1913 4507 3508 4582">
    <p class='ocr_par' dir='ltr' id='par_1_88' title="bbox 1913 4507 3508 4582">
     <span class='ocr_line' id='line_1_90' title="bbox 1913 4507 3508 4582; baseline 0.004 -20"><span class='ocrx_word' id='word_1_522' title='bbox 1913 4524 2126 4564; x_wconf 83' lang='lat' dir='ltr'><strong><em>versum</em></strong></span> <span class='ocrx_word' id='word_1_523' title='bbox 2154 4507 2523 4564; x_wconf 81' lang='lat' dir='ltr'><strong><em>Macedonium</em></strong></span> <span class='ocrx_word' id='word_1_524' title='bbox 2556 4509 2978 4579; x_wconf 84' lang='lat' dir='ltr'><strong><em>impugnatorem</em></strong></span> <span class='ocrx_word' id='word_1_525' title='bbox 3003 4509 3234 4580; x_wconf 89' lang='lat' dir='ltr'><strong><em>Spiritus</em></strong></span> <span class='ocrx_word' id='word_1_526' title='bbox 3261 4522 3314 4568; x_wconf 90' lang='lat' dir='ltr'><strong><em>et</em></strong></span> <span class='ocrx_word' id='word_1_527' title='bbox 3343 4514 3508 4582; x_wconf 86' lang='lat' dir='ltr'><strong><em>Apol-</em></strong></span> 
     </span>
    </p>
   </div>
   <div class='ocr_carea' id='block_1_89' title="bbox 1913 4599 3506 4674">
    <p class='ocr_par' dir='ltr' id='par_1_89' title="bbox 1913 4599 3506 4674">
     <span class='ocr_line' id='line_1_91' title="bbox 1913 4599 3506 4674; baseline 0.003 -20"><span class='ocrx_word' id='word_1_528' title='bbox 1913 4599 2138 4656; x_wconf 88' lang='lat' dir='ltr'><strong><em>linarem</em></strong></span> <span class='ocrx_word' id='word_1_529' title='bbox 2188 4599 2434 4669; x_wconf 89' lang='lat' dir='ltr'><strong><em>impium,</em></strong></span> <span class='ocrx_word' id='word_1_530' title='bbox 2476 4599 2721 4654; x_wconf 85' lang='lat' dir='ltr'><strong><em>similiter</em></strong></span> <span class='ocrx_word' id='word_1_531' title='bbox 2767 4610 2817 4654; x_wconf 91' lang='lat' dir='ltr'><strong><em>et</em></strong></span> <span class='ocrx_word' id='word_1_532' title='bbox 2849 4615 2967 4670; x_wconf 76' lang='lat' dir='ltr'><strong><em>qua:</em></strong></span> <span class='ocrx_word' id='word_1_533' title='bbox 3015 4603 3068 4654; x_wconf 92' lang='lat' dir='ltr'><strong><em>in</em></strong></span> <span class='ocrx_word' id='word_1_534' title='bbox 3119 4601 3332 4672; x_wconf 86' lang='lat' dir='ltr'><strong><em>Epheso</em></strong></span> <span class='ocrx_word' id='word_1_535' title='bbox 3360 4605 3506 4674; x_wconf 87' lang='lat' dir='ltr'><strong><em>prius</em></strong></span> 
     </span>
    </p>
   </div>
   <div class='ocr_carea' id='block_1_90' title="bbox 1914 4692 3506 4767">
    <p class='ocr_par' dir='ltr' id='par_1_90' title="bbox 1914 4692 3506 4767">
     <span class='ocr_line' id='line_1_92' title="bbox 1914 4692 3506 4767; baseline 0.003 -19"><span class='ocrx_word' id='word_1_536' title='bbox 1914 4695 2168 4750; x_wconf 88' lang='lat' dir='ltr'><strong><em>adversus</em></strong></span> <span class='ocrx_word' id='word_1_537' title='bbox 2198 4694 2499 4749; x_wconf 73' lang='lat' dir='ltr'><strong><em>Nestorium</em></strong></span> <span class='ocrx_word' id='word_1_538' title='bbox 2525 4692 2760 4748; x_wconf 81' lang='lat' dir='ltr'><strong><em>Judaica:</em></strong></span> <span class='ocrx_word' id='word_1_539' title='bbox 2789 4694 3151 4764; x_wconf 85' lang='lat' dir='ltr'><strong><em>intelligentiae</em></strong></span> <span class='ocrx_word' id='word_1_540' title='bbox 3186 4709 3506 4767; x_wconf 77' lang='lat' dir='ltr'><strong><em>congregata</em></strong></span> 
     </span>
    </p>
   </div>
   <div class='ocr_carea' id='block_1_91' title="bbox 1913 4783 3504 4856">
    <p class='ocr_par' dir='ltr' id='par_1_91' title="bbox 1913 4783 3504 4856">
     <span class='ocr_line' id='line_1_93' title="bbox 1913 4783 3504 4856; baseline 0.001 -18"><span class='ocrx_word' id='word_1_541' title='bbox 1913 4794 1995 4838; x_wconf 89' lang='lat' dir='ltr'><strong><em>est</em></strong></span> <span class='ocrx_word' id='word_1_542' title='bbox 2039 4784 2394 4840; x_wconf 89' lang='lat' dir='ltr'><strong><em>ducentorum</em></strong></span> <span class='ocrx_word' id='word_1_543' title='bbox 2447 4783 2832 4838; x_wconf 83' lang='lat' dir='ltr'><strong><em>venerabilium</em></strong></span> <span class='ocrx_word' id='word_1_544' title='bbox 2881 4785 3161 4852; x_wconf 89' lang='lat' dir='ltr'><strong><em>virorum,</em></strong></span> <span class='ocrx_word' id='word_1_545' title='bbox 3204 4798 3256 4842; x_wconf 91' lang='lat' dir='ltr'><strong><em>ct</em></strong></span> <span class='ocrx_word' id='word_1_546' title='bbox 3288 4804 3406 4856; x_wconf 80' lang='lat' dir='ltr'><strong><em>qua:</em></strong></span> <span class='ocrx_word' id='word_1_547' title='bbox 3450 4788 3504 4841; x_wconf 88' lang='lat' dir='ltr'><strong><em>in</em></strong></span> 
     </span>
    </p>
   </div>
   <div class='ocr_carea' id='block_1_92' title="bbox 1915 4879 3504 4954">
    <p class='ocr_par' dir='ltr' id='par_1_92' title="bbox 1915 4879 3504 4954">
     <span class='ocr_line' id='line_1_94' title="bbox 1915 4879 3504 4954; baseline 0.003 -20"><span class='ocrx_word' id='word_1_548' title='bbox 1915 4879 2253 4936; x_wconf 85' lang='lat' dir='ltr'><strong><em>Chalcedone</em></strong></span> <span class='ocrx_word' id='word_1_549' title='bbox 2298 4892 2670 4936; x_wconf 68' lang='lat' dir='ltr'><strong><em>sescentorum</em></strong></span> <span class='ocrx_word' id='word_1_550' title='bbox 2722 4883 2934 4949; x_wconf 85' lang='lat' dir='ltr'><strong><em>triginta</em></strong></span> <span class='ocrx_word' id='word_1_551' title='bbox 2969 4882 3076 4937; x_wconf 91' lang='lat' dir='ltr'><strong><em>Deo</em></strong></span> <span class='ocrx_word' id='word_1_552' title='bbox 3125 4885 3504 4954; x_wconf 83' lang='lat' dir='ltr'><strong><em>inSpiratorum</em></strong></span> 
     </span>
    </p>
   </div>
   <div class='ocr_carea' id='block_1_93' title="bbox 1913 4972 3502 5042">
    <p class='ocr_par' dir='ltr' id='par_1_93' title="bbox 1913 4972 3502 5042">
     <span class='ocr_line' id='line_1_95' title="bbox 1913 4972 3502 5042; baseline 0.003 -14"><span class='ocrx_word' id='word_1_553' title='bbox 1913 4973 2131 5028; x_wconf 87' lang='lat' dir='ltr'><strong><em>Patrum</em></strong></span> <span class='ocrx_word' id='word_1_554' title='bbox 2180 4972 2435 5027; x_wconf 76' lang='lat' dir='ltr'><strong><em>adversus</em></strong></span> <span class='ocrx_word' id='word_1_555' title='bbox 2466 4973 2760 5042; x_wconf 84' lang='lat' dir='ltr'><strong><em>Eutychem</em></strong></span> <span class='ocrx_word' id='word_1_556' title='bbox 2801 4983 2856 5029; x_wconf 91' lang='lat' dir='ltr'><strong><em>et</em></strong></span> <span class='ocrx_word' id='word_1_557' title='bbox 2903 4975 3211 5032; x_wconf 90' lang='lat' dir='ltr'><strong><em>Dioscorum</em></strong></span> <span class='ocrx_word' id='word_1_558' title='bbox 3246 4979 3354 5033; x_wconf 90' lang='lat' dir='ltr'><strong><em>Deo</em></strong></span> <span class='ocrx_word' id='word_1_559' title='bbox 3385 4979 3502 5032; x_wconf 87' lang='lat' dir='ltr'><strong><em>odi-</em></strong></span> 
     </span>
    </p>
   </div>
   <div class='ocr_carea' id='block_1_94' title="bbox 1914 5067 3503 5140">
    <p class='ocr_par' dir='ltr' id='par_1_94' title="bbox 1914 5067 3503 5140">
     <span class='ocr_line' id='line_1_96' title="bbox 1914 5067 3503 5140; baseline 0.001 -18"><span class='ocrx_word' id='word_1_560' title='bbox 1914 5067 2110 5134; x_wconf 91' lang='lat' dir='ltr'><strong><em>bilem;</em></strong></span> <span class='ocrx_word' id='word_1_561' title='bbox 2160 5083 2321 5137; x_wconf 91' lang='lat' dir='ltr'><strong><em>super</em></strong></span> <span class='ocrx_word' id='word_1_562' title='bbox 2362 5069 2457 5121; x_wconf 89' lang='lat' dir='ltr'><strong><em>has</em></strong></span> <span class='ocrx_word' id='word_1_563' title='bbox 2499 5077 2553 5122; x_wconf 89' lang='lat' dir='ltr'><strong><em>et</em></strong></span> <span class='ocrx_word' id='word_1_564' title='bbox 2590 5068 2790 5122; x_wconf 78' lang='lat' dir='ltr'><strong><em>ultima:</em></strong></span> <span class='ocrx_word' id='word_1_565' title='bbox 2840 5070 3028 5125; x_wconf 89' lang='lat' dir='ltr'><strong><em>harum</em></strong></span> <span class='ocrx_word' id='word_1_566' title='bbox 3073 5071 3272 5140; x_wconf 79' lang='lat' dir='ltr'><strong><em>quinta:</em></strong></span> <span class='ocrx_word' id='word_1_567' title='bbox 3304 5079 3503 5124; x_wconf 74' lang='lat' dir='ltr'><strong><em>sancta:</em></strong></span> 
     </span>
    </p>
   </div>
   <div class='ocr_carea' id='block_1_95' title="bbox 1912 5163 3500 5234">
    <p class='ocr_par' dir='ltr' id='par_1_95' title="bbox 1912 5163 3500 5234">
     <span class='ocr_line' id='line_1_97' title="bbox 1912 5163 3500 5234; baseline 0.001 -16"><span class='ocrx_word' id='word_1_568' title='bbox 1912 5163 2103 5233; x_wconf 87' lang='lat' dir='ltr'><strong><em>synodi</em></strong></span> <span class='ocrx_word' id='word_1_569' title='bbox 2131 5178 2251 5233; x_wconf 72' lang='lat' dir='ltr'><strong><em>quae</em></strong></span> <span class='ocrx_word' id='word_1_570' title='bbox 2284 5163 2368 5216; x_wconf 87' lang='lat' dir='ltr'><strong><em>hic</em></strong></span> <span class='ocrx_word' id='word_1_571' title='bbox 2398 5174 2719 5234; x_wconf 82' lang='lat' dir='ltr'><strong><em>congregata</em></strong></span> <span class='ocrx_word' id='word_1_572' title='bbox 2749 5173 2832 5219; x_wconf 87' lang='lat' dir='ltr'><strong><em>est</em></strong></span> <span class='ocrx_word' id='word_1_573' title='bbox 2876 5166 3132 5222; x_wconf 87' lang='lat' dir='ltr'><strong><em>adversus</em></strong></span> <span class='ocrx_word' id='word_1_574' title='bbox 3161 5164 3500 5219; x_wconf 87' lang='lat' dir='ltr'><strong><em>Theodorum</em></strong></span> 
     </span>
    </p>
   </div>
   <div class='ocr_carea' id='block_1_96' title="bbox 227 5234 3499 5332">
    <p class='ocr_par' dir='ltr' id='par_1_96' title="bbox 227 5234 3499 5332">
     <span class='ocr_line' id='line_1_98' title="bbox 227 5234 3499 5332; baseline 0.002 -26"><span class='ocrx_word' id='word_1_575' title='bbox 227 5252 272 5320; x_wconf 81' lang='lat' dir='ltr'><strong><em>i,</em></strong></span> <span class='ocrx_word' id='word_1_576' title='bbox 306 5255 690 5327; x_wconf 82' lang='lat' dir='ltr'><strong><em>propugnator]</em></strong></span> <span class='ocrx_word' id='word_1_577' title='bbox 720 5256 923 5311; x_wconf 75' lang='lat' dir='ltr'><strong><em>exstitit</em></strong></span> <span class='ocrx_word' id='word_1_578' title='bbox 951 5265 1113 5312; x_wconf 67' lang='lat' dir='ltr'><strong><em>rectm</em></strong></span> <span class='ocrx_word' id='word_1_579' title='bbox 1139 5234 1284 5324; x_wconf 82' lang='lat' dir='ltr'><strong><em>ﬁdei,</em></strong></span> <span class='ocrx_word' id='word_1_580' title='bbox 1313 5234 1645 5332; x_wconf 66' lang='lat' dir='ltr'><strong><em>expugnator</em></strong></span> <span class='ocrx_word' id='word_1_581' title='bbox 1679 5234 1806 5320; x_wconf 78' lang='lat' dir='ltr'><strong><em>vero</em></strong></span> <span class='ocrx_word' id='word_1_582' title='bbox 1835 5234 1885 5294; x_wconf 71' lang='grc' dir='ltr'><strong>θ</strong></span> <span class='ocrx_word' id='word_1_583' title='bbox 1915 5256 2344 5326; x_wconf 74' lang='grc' dir='ltr'><strong><em>Μορευεδιεηυηι</em></strong></span> <span class='ocrx_word' id='word_1_584' title='bbox 2381 5267 2430 5324; x_wconf 73' lang='grc' dir='ltr'><strong>ο,</strong></span> <span class='ocrx_word' id='word_1_585' title='bbox 2462 5257 2768 5326; x_wconf 71' lang='lat' dir='ltr'><strong><em>Origeuem,</em></strong></span> <span class='ocrx_word' id='word_1_586' title='bbox 2805 5259 3082 5331; x_wconf 66' lang='lat' dir='ltr'><strong><em>Didymum</em></strong></span> <span class='ocrx_word' id='word_1_587' title='bbox 3115 5268 3169 5314; x_wconf 90' lang='lat' dir='ltr'><strong><em>et</em></strong></span> <span class='ocrx_word' id='word_1_588' title='bbox 3193 5259 3499 5326; x_wconf 78' lang='lat' dir='ltr'><strong><em>Evagrium,</em></strong></span> 
     </span>
    </p>
   </div>
   <div class='ocr_carea' id='block_1_97' title="bbox 225 5347 1808 5415">
    <p class='ocr_par' dir='ltr' id='par_1_97' title="bbox 225 5347 1808 5415">
     <span class='ocr_line' id='line_1_99' title="bbox 225 5347 1808 5415; baseline 0.006 -15"><span class='ocrx_word' id='word_1_589' title='bbox 225 5361 397 5415; x_wconf 73' lang='lat' dir='ltr'><strong><em>prava:</em></strong></span> <span class='ocrx_word' id='word_1_590' title='bbox 445 5347 722 5412; x_wconf 62' lang='lat' dir='ltr'><strong><em>doctrinae,</em></strong></span> <span class='ocrx_word' id='word_1_591' title='bbox 774 5356 1015 5401; x_wconf 87' lang='lat' dir='ltr'><strong><em>sanctum</em></strong></span> <span class='ocrx_word' id='word_1_592' title='bbox 1063 5347 1164 5402; x_wconf 85' lang='lat' dir='ltr'><strong><em>hoc</em></strong></span> <span class='ocrx_word' id='word_1_593' title='bbox 1203 5365 1267 5404; x_wconf 79' lang='lat' dir='ltr'><strong><em>ex</em></strong></span> <span class='ocrx_word' id='word_1_594' title='bbox 1314 5351 1468 5406; x_wconf 91' lang='lat' dir='ltr'><strong><em>nobis</em></strong></span> <span class='ocrx_word' id='word_1_595' title='bbox 1506 5353 1808 5410; x_wconf 88' lang='lat' dir='ltr'><strong><em>universale</em></strong></span> 
     </span>
    </p>
   </div>
   <div class='ocr_carea' id='block_1_98' title="bbox 226 5437 1807 5509">
    <p class='ocr_par' dir='ltr' id='par_1_98' title="bbox 226 5437 1807 5509">
     <span class='ocr_line' id='line_1_100' title="bbox 226 5437 1807 5509; baseline 0.006 -19"><span class='ocrx_word' id='word_1_596' title='bbox 226 5451 553 5509; x_wconf 86' lang='lat' dir='ltr'><strong><em>congregans</em></strong></span> <span class='ocrx_word' id='word_1_597' title='bbox 580 5437 863 5494; x_wconf 86' lang='lat' dir='ltr'><strong><em>concilium</em></strong></span> <span class='ocrx_word' id='word_1_598' title='bbox 894 5437 1054 5492; x_wconf 89' lang='lat' dir='ltr'><strong><em>totius</em></strong></span> <span class='ocrx_word' id='word_1_599' title='bbox 1093 5439 1345 5497; x_wconf 67' lang='lat' dir='ltr'><strong><em>Ecclesiae</em></strong></span> <span class='ocrx_word' id='word_1_600' title='bbox 1382 5442 1632 5498; x_wconf 87' lang='lat' dir='ltr'><strong><em>adunavit</em></strong></span> <span class='ocrx_word' id='word_1_601' title='bbox 1660 5461 1807 5500; x_wconf 90' lang='lat' dir='ltr'><strong><em>com-</em></strong></span> 
     </span>
    </p>
   </div>
   <div class='ocr_carea' id='block_1_99' title="bbox 228 5529 1807 5600">
    <p class='ocr_par' dir='ltr' id='par_1_99' title="bbox 228 5529 1807 5600">
     <span class='ocr_line' id='line_1_101' title="bbox 228 5529 1807 5600; baseline 0.008 -18"><span class='ocrx_word' id='word_1_602' title='bbox 228 5529 487 5600; x_wconf 87' lang='lat' dir='ltr'><strong><em>paginem.</em></strong></span> <span class='ocrx_word' id='word_1_603' title='bbox 543 5530 696 5587; x_wconf 90' lang='lat' dir='ltr'><strong><em>Unde</em></strong></span> <span class='ocrx_word' id='word_1_604' title='bbox 744 5531 859 5586; x_wconf 77' lang='lat' dir='ltr'><strong><em>hzec</em></strong></span> <span class='ocrx_word' id='word_1_605' title='bbox 913 5541 1094 5586; x_wconf 88' lang='lat' dir='ltr'><strong><em>nostra</em></strong></span> <span class='ocrx_word' id='word_1_606' title='bbox 1149 5542 1332 5588; x_wconf 87' lang='lat' dir='ltr'><strong><em>sancta</em></strong></span> <span class='ocrx_word' id='word_1_607' title='bbox 1386 5545 1440 5590; x_wconf 91' lang='lat' dir='ltr'><strong><em>et</em></strong></span> <span class='ocrx_word' id='word_1_608' title='bbox 1493 5537 1807 5594; x_wconf 81' lang='lat' dir='ltr'><strong><em>universalis</em></strong></span> 
     </span>
    </p>
   </div>
   <div class='ocr_carea' id='block_1_100' title="bbox 228 5621 1808 5698">
    <p class='ocr_par' dir='ltr' id='par_1_100' title="bbox 228 5621 1808 5698">
     <span class='ocr_line' id='line_1_102' title="bbox 228 5621 1808 5698; baseline 0.007 -25"><span class='ocrx_word' id='word_1_609' title='bbox 228 5621 456 5690; x_wconf 78' lang='lat' dir='ltr'><strong><em>synodus</em></strong></span> <span class='ocrx_word' id='word_1_610' title='bbox 503 5622 793 5692; x_wconf 87' lang='lat' dir='ltr'><strong><em>impietatis</em></strong></span> <span class='ocrx_word' id='word_1_611' title='bbox 839 5637 1098 5690; x_wconf 89' lang='lat' dir='ltr'><strong><em>errorem,</em></strong></span> <span class='ocrx_word' id='word_1_612' title='bbox 1144 5625 1234 5694; x_wconf 91' lang='lat' dir='ltr'><strong><em>qui</em></strong></span> <span class='ocrx_word' id='word_1_613' title='bbox 1275 5639 1304 5678; x_wconf 89' lang='lat' dir='ltr'><strong><em>a</em></strong></span> <span class='ocrx_word' id='word_1_614' title='bbox 1351 5626 1666 5695; x_wconf 88' lang='lat' dir='ltr'><strong><em>quibusdam</em></strong></span> <span class='ocrx_word' id='word_1_615' title='bbox 1711 5644 1808 5698; x_wconf 86' lang='lat' dir='ltr'><strong><em>per</em></strong></span> 
     </span>
    </p>
   </div>
   <div class='ocr_carea' id='block_1_101' title="bbox 297 5754 1811 5826">
    <p class='ocr_par' dir='ltr' id='par_1_101' title="bbox 297 5754 1811 5826">
     <span class='ocr_line' id='line_1_103' title="bbox 297 5754 1811 5826; baseline 0.005 -18"><span class='ocrx_word' id='word_1_616' title='bbox 297 5762 323 5791; x_wconf 79' lang='grc' dir='ltr'>ι</span> <span class='ocrx_word' id='word_1_617' title='bbox 355 5754 514 5810; x_wconf 87' lang='lat' dir='ltr'><strong><em>Deest</em></strong></span> <span class='ocrx_word' id='word_1_618' title='bbox 557 5755 658 5811; x_wconf 87' lang='lat' dir='ltr'><strong><em>hoc</em></strong></span> <span class='ocrx_word' id='word_1_619' title='bbox 705 5756 985 5812; x_wconf 89' lang='lat' dir='ltr'><strong><em>concilium</em></strong></span> <span class='ocrx_word' id='word_1_620' title='bbox 1015 5756 1067 5810; x_wconf 90' lang='lat' dir='ltr'><strong><em>in</em></strong></span> <span class='ocrx_word' id='word_1_621' title='bbox 1113 5757 1204 5824; x_wconf 80' lang='lat' dir='ltr'><strong><em>A.,</em></strong></span> <span class='ocrx_word' id='word_1_622' title='bbox 1236 5756 1348 5826; x_wconf 55' lang='grc' dir='ltr'><strong><em>Αἰ,</em></strong></span> <span class='ocrx_word' id='word_1_623' title='bbox 1392 5759 1454 5814; x_wconf 88' lang='grc' dir='ltr'><strong>Ε.</strong></span> <span class='ocrx_word' id='word_1_624' title='bbox 1490 5760 1541 5815; x_wconf 74' lang='lat'><strong><em>3.</em></strong></span> <span class='ocrx_word' id='word_1_625' title='bbox 1577 5759 1811 5815; x_wconf 90' lang='lat' dir='ltr'><strong><em>Desum-</em></strong></span> 
     </span>
    </p>
   </div>
   <div class='ocr_carea' id='block_1_102' title="bbox 232 5829 1810 5892">
    <p class='ocr_par' dir='ltr' id='par_1_102' title="bbox 232 5829 1810 5892">
     <span class='ocr_line' id='line_1_104' title="bbox 232 5829 1810 5892; baseline 0.008 -17"><span class='ocrx_word' id='word_1_626' title='bbox 232 5833 374 5892; x_wconf 87' lang='lat' dir='ltr'><strong><em>ptum</em></strong></span> <span class='ocrx_word' id='word_1_627' title='bbox 402 5837 485 5881; x_wconf 86' lang='lat' dir='ltr'><strong><em>est</em></strong></span> <span class='ocrx_word' id='word_1_628' title='bbox 512 5843 576 5882; x_wconf 81' lang='lat' dir='ltr'><strong><em>ex</em></strong></span> <span class='ocrx_word' id='word_1_629' title='bbox 611 5829 802 5883; x_wconf 78' lang='lat' dir='ltr'><strong><em>Codice</em></strong></span> <span class='ocrx_word' id='word_1_630' title='bbox 835 5829 944 5883; x_wconf 81' lang='lat' dir='ltr'><strong><em>BR.</em></strong></span> <span class='ocrx_word' id='word_1_631' title='bbox 975 5843 1094 5883; x_wconf 90' lang='lat' dir='ltr'><strong><em>cum</em></strong></span> <span class='ocrx_word' id='word_1_632' title='bbox 1133 5831 1463 5884; x_wconf 88' lang='lat' dir='ltr'><strong><em>variantibus</em></strong></span> <span class='ocrx_word' id='word_1_633' title='bbox 1493 5840 1810 5888; x_wconf 69' lang='lat' dir='ltr'><strong><em>cteterorum</em></strong></span> 
     </span>
    </p>
   </div>
   <div class='ocr_carea' id='block_1_103' title="bbox 224 5895 1809 5977">
    <p class='ocr_par' dir='ltr' id='par_1_103' title="bbox 224 5895 1809 5977">
     <span class='ocr_line' id='line_1_105' title="bbox 224 5895 1809 5977; baseline 0.006 -25"><span class='ocrx_word' id='word_1_634' title='bbox 224 5895 559 5977; x_wconf 70' lang='lat' dir='ltr'><strong><em>iet-tionibus.</em></strong></span> <span class='ocrx_word' id='word_1_635' title='bbox 594 5898 790 5954; x_wconf 81' lang='lat' dir='ltr'><strong><em>A‘derat</em></strong></span> <span class='ocrx_word' id='word_1_636' title='bbox 815 5900 974 5953; x_wconf 87' lang='lat' dir='ltr'><strong><em>etiam</em></strong></span> <span class='ocrx_word' id='word_1_637' title='bbox 1001 5899 1052 5952; x_wconf 89' lang='lat' dir='ltr'><strong><em>in</em></strong></span> <span class='ocrx_word' id='word_1_638' title='bbox 1077 5899 1274 5958; x_wconf 84' lang='lat' dir='ltr'><strong><em>Codice</em></strong></span> <span class='ocrx_word' id='word_1_639' title='bbox 1315 5901 1539 5960; x_wconf 85' lang='lat' dir='ltr'><strong><em>Lucensi</em></strong></span> <span class='ocrx_word' id='word_1_640' title='bbox 1573 5913 1728 5975; x_wconf 86' lang='lat' dir='ltr'><strong><em>prout</em></strong></span> <span class='ocrx_word' id='word_1_641' title='bbox 1757 5905 1809 5961; x_wconf 89' lang='lat' dir='ltr'><strong><em>in</em></strong></span> 
     </span>
    </p>
   </div>
   <div class='ocr_carea' id='block_1_104' title="bbox 501 5991 1176 6085">
    <p class='ocr_par' dir='ltr' id='par_1_104' title="bbox 501 5991 1176 6085">
     <span class='ocr_line' id='line_1_106' title="bbox 501 5991 1176 6085; baseline -0.015 -27"><span class='ocrx_word' id='word_1_642' title='bbox 501 5991 774 6058; x_wconf 53' lang='lat' dir='ltr'><strong><em>Puncta</em></strong></span> <span class='ocrx_word' id='word_1_643' title='bbox 798 5991 994 6080; x_wconf 57' lang='lat' dir='ltr'><strong><em>LXX</em></strong></span> <span class='ocrx_word' id='word_1_644' title='bbox 1005 5991 1176 6085; x_wconf 64' lang='grc' dir='ltr'><strong>ΧΨ..</strong></span> 
     </span>
    </p>
   </div>
   <div class='ocr_carea' id='block_1_105' title="bbox 1338 6077 1494 6094">
    <p class='ocr_par' dir='ltr' id='par_1_105' title="bbox 1338 6077 1494 6094">
     <span class='ocr_line' id='line_1_107' title="bbox 1338 6077 1494 6094; baseline 0.006 -2"><span class='ocrx_word' id='word_1_645' title='bbox 1338 6077 1393 6094; x_wconf 65' lang='grc' dir='ltr'><strong><em>τοι</em></strong></span> <span class='ocrx_word' id='word_1_646' title='bbox 1426 6079 1494 6093; x_wconf 67' lang='grc' dir='ltr'><strong><em>ορ.</em></strong></span> 
     </span>
    </p>
   </div>
   <div class='ocr_carea' id='block_1_106' title="bbox 1915 5348 3501 5418">
    <p class='ocr_par' dir='ltr' id='par_1_106' title="bbox 1915 5348 3501 5418">
     <span class='ocr_line' id='line_1_108' title="bbox 1915 5348 3501 5418; baseline 0.002 -14"><span class='ocrx_word' id='word_1_647' title='bbox 1915 5359 1967 5404; x_wconf 91' lang='lat' dir='ltr'><strong><em>et</em></strong></span> <span class='ocrx_word' id='word_1_648' title='bbox 2011 5350 2210 5416; x_wconf 89' lang='lat' dir='ltr'><strong><em>scripta</em></strong></span> <span class='ocrx_word' id='word_1_649' title='bbox 2256 5348 2580 5404; x_wconf 86' lang='lat' dir='ltr'><strong><em>Theodoreti</em></strong></span> <span class='ocrx_word' id='word_1_650' title='bbox 2624 5351 2908 5406; x_wconf 88' lang='lat' dir='ltr'><strong><em>adversum</em></strong></span> <span class='ocrx_word' id='word_1_651' title='bbox 2939 5349 3217 5405; x_wconf 90' lang='lat' dir='ltr'><strong><em>duodecim</em></strong></span> <span class='ocrx_word' id='word_1_652' title='bbox 3269 5349 3501 5418; x_wconf 80' lang='lat' dir='ltr'><strong><em>capitula</em></strong></span> 
     </span>
    </p>
   </div>
   <div class='ocr_carea' id='block_1_107' title="bbox 1913 5439 3500 5514">
    <p class='ocr_par' dir='ltr' id='par_1_107' title="bbox 1913 5439 3500 5514">
     <span class='ocr_line' id='line_1_109' title="bbox 1913 5439 3500 5514; baseline 0.003 -18"><span class='ocrx_word' id='word_1_653' title='bbox 1913 5439 2196 5496; x_wconf 84' lang='lat' dir='ltr'><strong><em>laudabilis</em></strong></span> <span class='ocrx_word' id='word_1_654' title='bbox 2239 5441 2443 5510; x_wconf 80' lang='lat' dir='ltr'><strong><em>Cyrilli,</em></strong></span> <span class='ocrx_word' id='word_1_655' title='bbox 2493 5454 2544 5498; x_wconf 91' lang='lat' dir='ltr'><strong><em>et</em></strong></span> <span class='ocrx_word' id='word_1_656' title='bbox 2590 5445 2866 5513; x_wconf 79' lang='lat' dir='ltr'><strong><em>epistolam</em></strong></span> <span class='ocrx_word' id='word_1_657' title='bbox 2916 5458 3034 5514; x_wconf 74' lang='lat' dir='ltr'><strong><em>qua:</em></strong></span> <span class='ocrx_word' id='word_1_658' title='bbox 3059 5440 3255 5496; x_wconf 82' lang='lat' dir='ltr'><strong><em>dicitur</em></strong></span> <span class='ocrx_word' id='word_1_659' title='bbox 3297 5441 3403 5498; x_wconf 70' lang='lat' dir='ltr'><strong><em>lbce</em></strong></span> <span class='ocrx_word' id='word_1_660' title='bbox 3430 5445 3500 5502; x_wconf 82' lang='lat' dir='ltr'><strong><em>ad</em></strong></span> 
     </span>
    </p>
   </div>
   <div class='ocr_carea' id='block_1_108' title="bbox 1913 5530 3500 5604">
    <p class='ocr_par' dir='ltr' id='par_1_108' title="bbox 1913 5530 3500 5604">
     <span class='ocr_line' id='line_1_110' title="bbox 1913 5530 3500 5604; baseline 0.005 -20"><span class='ocrx_word' id='word_1_661' title='bbox 1913 5530 2084 5586; x_wconf 81' lang='lat' dir='ltr'><strong><em>Marin</em></strong></span> <span class='ocrx_word' id='word_1_662' title='bbox 2129 5531 2347 5587; x_wconf 89' lang='lat' dir='ltr'><strong><em>Persam</em></strong></span> <span class='ocrx_word' id='word_1_663' title='bbox 2385 5535 2660 5603; x_wconf 86' lang='lat' dir='ltr'><strong><em>scriptam,</em></strong></span> <span class='ocrx_word' id='word_1_664' title='bbox 2695 5536 2904 5604; x_wconf 88' lang='lat' dir='ltr'><strong><em>pietatis</em></strong></span> <span class='ocrx_word' id='word_1_665' title='bbox 2931 5531 3142 5601; x_wconf 90' lang='lat' dir='ltr'><strong><em>quidem</em></strong></span> <span class='ocrx_word' id='word_1_666' title='bbox 3191 5543 3500 5592; x_wconf 81' lang='lat' dir='ltr'><strong><em>restaurans</em></strong></span> 
     </span>
    </p>
   </div>
   <div class='ocr_carea' id='block_1_109' title="bbox 1913 5619 3500 5696">
    <p class='ocr_par' dir='ltr' id='par_1_109' title="bbox 1913 5619 3500 5696">
     <span class='ocr_line' id='line_1_111' title="bbox 1913 5619 3500 5696; baseline 0.001 -17"><span class='ocrx_word' id='word_1_667' title='bbox 1913 5623 2213 5680; x_wconf 82' lang='lat' dir='ltr'><strong><em>sanctiones</em></strong></span> <span class='ocrx_word' id='word_1_668' title='bbox 2244 5624 2296 5678; x_wconf 87' lang='lat' dir='ltr'><strong><em>in</em></strong></span> <span class='ocrx_word' id='word_1_669' title='bbox 2325 5626 2572 5681; x_wconf 89' lang='lat' dir='ltr'><strong><em>omnibus</em></strong></span> <span class='ocrx_word' id='word_1_670' title='bbox 2614 5623 2859 5687; x_wconf 87' lang='lat' dir='ltr'><strong><em>illibatas,</em></strong></span> <span class='ocrx_word' id='word_1_671' title='bbox 2892 5619 3109 5690; x_wconf 83' lang='lat' dir='ltr'><strong><em>profana</em></strong></span> <span class='ocrx_word' id='word_1_672' title='bbox 3141 5637 3270 5682; x_wconf 83' lang='lat' dir='ltr'><strong><em>vero</em></strong></span> <span class='ocrx_word' id='word_1_673' title='bbox 3309 5625 3500 5696; x_wconf 87' lang='lat' dir='ltr'><strong><em>impie-</em></strong></span> 
     </span>
    </p>
   </div>
   <div class='ocr_carea' id='block_1_110' title="bbox 1912 5760 2357 5830">
    <p class='ocr_par' dir='ltr' id='par_1_110' title="bbox 1912 5760 2357 5830">
     <span class='ocr_line' id='line_1_112' title="bbox 1912 5760 2357 5830; baseline 0.007 -15"><span class='ocrx_word' id='word_1_674' title='bbox 1912 5760 1970 5816; x_wconf 85' lang='lat' dir='ltr'><strong><em>B.</em></strong></span> <span class='ocrx_word' id='word_1_675' title='bbox 1992 5763 2051 5816; x_wconf 78' lang='lat' dir='ltr'><strong><em>R.</em></strong></span> <span class='ocrx_word' id='word_1_676' title='bbox 2079 5766 2357 5830; x_wconf 86' lang='lat' dir='ltr'><strong><em>reperitur.</em></strong></span> 
     </span>
    </p>
   </div>
   <div class='ocr_carea' id='block_1_111' title="bbox 1982 5829 3392 5896">
    <p class='ocr_par' dir='ltr' id='par_1_111' title="bbox 1982 5829 3392 5896">
     <span class='ocr_line' id='line_1_113' title="bbox 1982 5829 3392 5896; baseline -0.002 -9"><span class='ocrx_word' id='word_1_677' title='bbox 1982 5833 2007 5872; x_wconf 77' lang='grc' dir='ltr'><strong><em>¹ι</em></strong></span> <span class='ocrx_word' id='word_1_678' title='bbox 2043 5837 2114 5888; x_wconf 73' lang='lat' dir='ltr'><strong>Ex</strong></span> <span class='ocrx_word' id='word_1_679' title='bbox 2146 5829 2211 5889; x_wconf 28' lang='lat' dir='ltr'><strong><em>&#39;U.</em></strong></span> <span class='ocrx_word' id='word_1_680' title='bbox 2249 5837 2300 5888; x_wconf 87' lang='lat' dir='ltr'><strong><em>lu</em></strong></span> <span class='ocrx_word' id='word_1_681' title='bbox 2333 5839 2388 5887; x_wconf 71' lang='lat' dir='ltr'><strong><em>li.</em></strong></span> <span class='ocrx_word' id='word_1_682' title='bbox 2417 5832 2481 5886; x_wconf 70' lang='grc' dir='ltr'><strong>Β.</strong></span> <span class='ocrx_word' id='word_1_683' title='bbox 2512 5838 2564 5881; x_wconf 90' lang='lat' dir='ltr'><strong><em>et</em></strong></span> <span class='ocrx_word' id='word_1_684' title='bbox 2595 5829 2810 5896; x_wconf 83' lang='lat' dir='ltr'><strong><em>reliquis</em></strong></span> <span class='ocrx_word' id='word_1_685' title='bbox 2840 5829 3016 5888; x_wconf 82' lang='lat' dir='ltr'><strong><em>deﬁcit</em></strong></span> <span class='ocrx_word' id='word_1_686' title='bbox 3045 5835 3264 5890; x_wconf 80' lang='lat' dir='ltr'><strong><em>verbum</em></strong></span> <span class='ocrx_word' id='word_1_687' title='bbox 3296 5841 3392 5886; x_wconf 83' lang='lat' dir='ltr'><strong><em>cst.</em></strong></span> 
     </span>
    </p>
   </div>
   <div class='ocr_carea' id='block_1_112' title="bbox 1987 5899 3494 5978">
    <p class='ocr_par' dir='ltr' id='par_1_112' title="bbox 1987 5899 3494 5978">
     <span class='ocr_line' id='line_1_114' title="bbox 1987 5899 3494 5978; baseline -0.003 -18"><span class='ocrx_word' id='word_1_688' title='bbox 1987 5917 2008 5945; x_wconf 82' lang='grc' dir='ltr'><strong><em>ι·</em></strong></span> <span class='ocrx_word' id='word_1_689' title='bbox 2045 5907 2123 5962; x_wconf 76' lang='lat' dir='ltr'><strong><em>Ex</em></strong></span> <span class='ocrx_word' id='word_1_690' title='bbox 2149 5907 2363 5977; x_wconf 64' lang='lat' dir='ltr'><strong><em>rcliquis</em></strong></span> <span class='ocrx_word' id='word_1_691' title='bbox 2395 5905 2590 5973; x_wconf 68' lang='lat' dir='ltr'><strong><em>prtetcr</em></strong></span> <span class='ocrx_word' id='word_1_692' title='bbox 2611 5901 2668 5954; x_wconf 73' lang='lat' dir='ltr'><strong><em>li.</em></strong></span> <span class='ocrx_word' id='word_1_693' title='bbox 2693 5899 2785 5969; x_wconf 56' lang='lat' dir='ltr'><strong><em>it,</em></strong></span> <span class='ocrx_word' id='word_1_694' title='bbox 2816 5903 2866 5961; x_wconf 87' lang='lat' dir='ltr'><strong><em>in</em></strong></span> <span class='ocrx_word' id='word_1_695' title='bbox 2894 5920 2997 5976; x_wconf 90' lang='lat' dir='ltr'><strong><em>quo</em></strong></span> <span class='ocrx_word' id='word_1_696' title='bbox 3029 5923 3042 5960; x_wconf 90' lang='lat'><strong>:</strong></span> <span class='ocrx_word' id='word_1_697' title='bbox 3079 5905 3494 5978; x_wconf 76' lang='lat' dir='ltr'><strong><em>Mopsuctenum.</em></strong></span> 
     </span>
    </p>
   </div>
   <div class='ocr_carea' id='block_1_113' title="bbox 2810 5999 3099 6029">
    <p class='ocr_par' dir='ltr' id='par_1_113' title="bbox 2810 5999 3099 6029">
     <span class='ocr_line' id='line_1_115' title="bbox 2810 5999 3099 6029; baseline 0 0"><span class='ocrx_word' id='word_1_698' title='bbox 2810 6001 2821 6010; x_wconf 85' lang='lat'><em>‘</em></span> <span class='ocrx_word' id='word_1_699' title='bbox 3071 5999 3099 6029; x_wconf 68' lang='grc' dir='ltr'><strong><em>ἓξ</em></strong></span> 
     </span>
    </p>
   </div>
   <div class='ocr_carea' id='block_1_114' title="bbox 3067 6019 3106 6068">
    <p class='ocr_par' dir='ltr' id='par_1_114' title="bbox 3067 6019 3106 6068">
     <span class='ocr_line' id='line_1_116' title="bbox 3067 6019 3106 6068; baseline 0 0"><span class='ocrx_word' id='word_1_700' title='bbox 3067 6019 3106 6068; x_wconf 72' lang='grc' dir='ltr'>ὓ</span> 
     </span>
    </p>
   </div>
  </div>
