4086 6358
574 363 677 426 tes
1265 358 1645 421 COLLEC’I‘IO
1682 359 2012 419 canonum
2064 359 2126 417 s.
2167 356 2442 420 (εωθιιο
2481 348 2747 421 HISPAL.
2790 361 3149 423 necarem.

3754 370 3863 428 ΗΘ

573 485 700 540 tatis
729 481 1016 556 projic'iens
1045 481 1313 552 dogmata,
1341 487 1394 534 et
1421 478 1471 533 id
1505 476 1648 550 quod
1694 491 1724 532 a
1773 475 2030 532 trecentis
2068 473 2163 531 de-
2188 477 2244 540 Δ
2270 477 2334 532 ad
2357 491 2506 533 suam
2531 478 2798 550 propriam
2823 478 3160 538 voluntatem
3189 484 3310 549 apta
3337 477 3648 564 inveniens,
3673 479 3862 540 Theo-

574 592 694 632 cem
724 586 780 632 et
807 585 928 631 octo
955 573 1202 629 Patribus
1233 573 1534 640 expositum
1562 580 1667 634 est,
1699 568 1934 638 itemque
1959 566 2106 638 quod
2129 581 2162 632 ι

574 682 792 727 centum
824 668 1200 742 quinquaginta
1227 664 1341 722 Deo
1390 664 1662 735 inspiratis
1702 663 1833 722 viris
1878 662 2165 720 conﬁrma-

575 775 686 820 tum
741 776 844 830 eSl,
893 763 1034 834 quod
1077 771 1130 818 et
1158 772 1367 817 extera:
1405 767 1603 816 sanctze
1632 757 1825 831 synodi
1853 757 1919 812 ad
1952 770 2161 826 perem-

572 860 811 930 ptionem
843 856 1002 912 totius
1034 855 1302 926 pestifera:
1351 853 1576 909 bmresis
1621 859 1866 924 prompte
1909 863 2163 919 suscepe-

573 961 701 1008 runt
743 959 1029 1019 ratumque
1059 948 1382 1013 habuerunt,
1414 945 1716 1017 symbolum
1745 953 1801 1000 et
1843 943 1958 1000 btcc
1983 951 2165 1000 nostra

574 1055 756 1102 sancta
785 1053 836 1100 et
863 1042 1182 1098 universalis
1211 1057 1241 1095 a
1260 1040 1370 1096 Deo
1393 1038 1651 1110 inspirata
1677 1033 2011 1107 consignavit
2037 1050 2166 1106 syn-

571 1135 727 1194 nitus.

570 1217 876 1303 Synibol'um
925 1227 1130 1283 Nicteni
1153 1225 1357 1350 εθηῖξιὶξ
1389 1233 1725 1350 (ζῖοθιιιοηηι
1761 1222 1936 1280 decent
1965 1227 2012 1276 et
2054 1225 2166 1274 octo

1301 1315 1330 1350 (ι
1355 1315 1412 1350 ru
1434 1315 1448 1349 i
1473 1339 1488 1350 .

1301 1315 1488 1354 atrum.

639 1394 924 1449 Gre‘dimns
957 1393 1010 1448 in
1039 1407 1202 1448 unum
1242 1391 1410 1446 Deum
1458 1391 1669 1446 Patrem
1720 1387 2163 1458 omnipotentem,

571 1488 808 1542 omnium
837 1472 1126 1540 visibilium
1155 1493 1210 1540 et
1250 1482 1597 1560 invisibilium
1628 1481 1955 1558 conditorem
1988 1479 2074 1553 [Τ.
2112 1480 2164 1560 1,

568 1580 624 1640 2,
653 1571 938 1648 fati-orem]
971 1592 986 1631 :
1020 1576 1146 1632 et’in
1174 1591 1334 1629 unum
1370 1557 1650 1629 Dominum
1682 1573 1864 1653 lesum
1895 1557 2165 1632 Christum

570 1669 766 1723 Filium
798 1667 912 1734 Dei,
939 1668 1028 1739 qui
1059 1676 1212 1722 natus
1239 1675 1322 1722 est
1363 1681 1429 1724 ex
1470 1667 1648 1731 Patre,
1677 1666 2032 1737 unigenitum,
2065 1664 2166 1723 hoc

570 1755 654 1816 es't
683 1761 750 1816 de
781 1760 1012 1816 essentia
1042 1759 1235 1825 Patris,
1273 1760 1439 1814 Deum
1491 1759 1558 1814 de
1602 1759 1732 1824 Deo,
1763 1743 1945 1814 lumen
1991 1757 2056 1811 de
2087 1757 2166 1810 lu-

2269 571 2460 626 dorum
2491 570 2719 626 dicimus
2753 571 3163 628 Pltarauitanum
3195 569 3313 645 [U.,
3348 571 3864 637 Pbaranitanorum]

2270 665 2602 735 episc0pnm,
2630 663 3163 735 Sergium,Paulum,
3185 664 3467 736 Pyrrhum,
3493 668 3730 736 Petrum,
3770 679 3864 738 qui

2271 755 2486 812 fuerunt
2514 757 2672 827 hujus
2690 759 2850 834 regire
2880 759 3026 812 urbis
3047 760 3330 829 prmsules,
3349 761 3565 844 insuper
3589 771 3644 816 et
3677 745 3860 820 llono-

2270 849 2410 903 rium
2441 848 2530 918 qui
2583 847 2678 904 fuit
2738 863 2872 920 prpa
2925 851 3158 919 antiqua:
3208 849 3413 917 Roma),
3456 854 3508 906 et
3536 851 3734 923 Cyrum
3769 859 3862 923 qui

2271 939 2615 995 Alexandria:
2659 943 2830 994 tenntt
2879 941 3269 1012 epianpatum,
3302 942 3591 1018 Macarium
3645 929 3862 1016 quoque

2270 1035 2361 1106 qui
2395 1034 2489 1090 fuit
2529 1051 2696 1106 nuper
2718 1034 3013 1092 Antiochia:
3043 1038 3257 1108 praesul,
3289 1048 3341 1094 et
3369 1039 3699 1112 Stephanum
3741 1043 3863 1110 ejus

2271 1113 2618 1195 discipulum,
2665 1142 2770 1182 non
2800 1129 3006 1198 quievit
3040 1144 3135 1204 per
3164 1145 3254 1185 eos
3309 1131 3625 1200 plcnitudini
3677 1115 3866 1192 Eccier

2270 1217 2366 1274 siaa
2412 1218 2615 1274 erroris
2660 1221 2911 1275 scandala
2955 1221 3194 1278 excitare
3252 1223 3409 1279 unius
3464 1224 3754 1280 voluntatis
3814 1237 3866 1282 et

2271 1312 2428 1367 unius
2451 1314 2778 1382 operationis
2828 1316 2877 1369 in
2909 1313 3115 1370 duabus
3147 1318 3350 1372 naturis
3382 1318 3540 1372 unius
3571 1318 3638 1374 de
3679 1332 3865 1374 sancta

2272 1407 2532 1464 Trinitatc
2561 1409 2671 1481 66
2696 1407 2890 1464 Christi
2921 1411 3028 1465 veri
3059 1410 3150 1468 Dei
3183 1411 3350 1467 nostri
3379 1412 3691 1469 orthodoxa:
3724 1414 3863 1486 plebi

2272 1513 2630 1559 consonanter
2679 1503 3082 1560 disseminando
3134 1505 3396 1563 ltmresem
3441 1518 3862 1564 consentaneum

2271 1595 2473 1652 insana:
2525 1613 2588 1653 ac
2640 1596 2921 1652 malinosm
2968 1606 3129 1655 scetze
3179 1597 3464 1672 impiorum
3520 1600 3860 1669 Apollinarii,

2270 1686 2455 1744 Severi
2489 1699 2649 1759 atque
2677 1689 2980 1756 Themistii,
3017 1707 3133 1761 quze
3165 1705 3358 1747 conata
3389 1702 3470 1747 est
3518 1694 3863 1766 exstinguere

2270 1781 2653 1852 perfectionem
2701 1782 3050 1846 humanitatis
3083 1782 3240 1838 unius
3270 1784 3618 1854 ejusdemque
3654 1785 3862 1850 Domini

478 1903 485 1907 .
570 1852 736 1916 mine,
766 1851 933 1906 Deum
963 1865 1149 1905 verum
1176 1849 1244 1904 de
1265 1848 1376 1904 Deo
1402 1864 1549 1914 vero,
1577 1857 1776 1911 natum,
1809 1863 1914 1902 non
1946 1848 2158 1908 factum,

2269 1871 2396 1928 Jesu
2429 1871 2627 1928 Curtsti
2662 1872 2753 1928 Dei
2782 1873 2948 1928 nostri
2981 1889 3071 1944 per
3097 1877 3380 1944 quamdam
3411 1876 3661 1932 callidam
3703 1877 3861 1936 adin-

573 1941 1088 2012 t:onsubstantialem
1117 1941 1283 2016 Patri,
1311 1955 1406 2014 per
1434 1948 1592 2011 quem
1635 1939 1813 1996 omnia
1864 1941 1999 2006 facta
2043 1947 2168 1993 sunt

569 2054 687 2104 qua:
715 2037 768 2092 in
797 2037 957 2104 caelo,
990 2045 1041 2092 et
1064 2050 1183 2106 quae
1215 2036 1267 2089 in
1299 2044 1464 2100 terra,
1488 2034 1594 2120 65
1624 2040 1841 2102 propter
1865 2046 1963 2087 nos
1995 2031 2167 2088 homi-

569 2148 665 2188 nes
688 2140 741 2188 et
770 2141 991 2203 propter
1013 2139 1250 2186 nostram
1281 2129 1506 2183 salutem
1530 2126 1966 2204 descendentem,
1999 2125 2165 2182 incar-

567 2236 859 2297 natumque
905 2233 958 2280 et
1008 2224 1374 2286 humanatum,
1425 2234 1640 2296 passum
1689 2228 1743 2274 et
1794 2227 2162 2292 resurgentem

567 2315 726 2372 tertia
757 2317 864 2384 die,
893 2325 946 2370 et
975 2313 1353 2370 ascendentem
1385 2311 1437 2366 in
1467 2310 1654 2375 cedes,
1689 2317 1740 2368 et
1772 2318 2054 2368 venturum
2079 2307 2164 2377 ju-

567 2405 751 2460 dicare
797 2407 945 2458 vivos
993 2412 1049 2460 et
1098 2412 1335 2457 mortuos
1381 2417 1395 2454 :
1443 2409 1496 2454 et
1526 2399 1578 2454 in
1604 2398 1863 2469 Spiritum
1894 2393 2160 2452 sanctum.

568 2497 679 2552 Eos
709 2511 838 2552 vero
861 2496 949 2567 qui
977 2494 1160 2550 dicunt
1181 2493 1306 2565 quia
1335 2502 1452 2548 erat
1497 2493 1782 2563 aliquando
1812 2491 2023 2561 quando
2055 2507 2161 2546 non

569 2604 685 2649 erat
713 2601 760 2658 η,
791 2600 844 2647 et
864 2590 985 2662 quia
1013 2606 1078 2646 ex
1109 2589 1276 2645 nihilo
1303 2587 1474 2646 factus
1508 2596 1591 2648 est
1618 2587 1704 2646 vel
1742 2602 1807 2642 ex
1833 2585 2004 2654 altera
2029 2587 2160 2640 sub-

566 2685 758 2740 stantia
791 2683 870 2738 vel
899 2683 1151 2748 essentia,
1181 2680 1426 2738 dicentes
1454 2688 1696 2736 esseoaut
1725 2679 2034 2734 mutabilem
2067 2687 2160 2733 aut

565 2779 867 2835 vertibilcm
896 2777 1090 2838 Filium
1140 2777 1255 2847 Dei,
1299 2777 1396 2832 hos
1437 2776 1848 2842 anathematizat
1894 2773 2159 2834 catholica

564 2881 621 2929 et
647 2871 940 2942 apostolica
965 2871 1223 2927 Ecclesia.

566 2964 872 3036 Symbolum
916 2971 1116 3018 centum
1150 2963 1539 3036 quinquaginta
1591 2971 1886 3017 sanctorum
1934 2961 2157 3015 Patrum

891 3035 1337 3107 Constantinopoli
1386 3044 1834 3107 congregatarum.

632 3131 920 3187 Credimus
950 3130 1003 3184 in
1029 3145 1194 3184 unum
1223 3128 1390 3184 Deum
1439 3129 1658 3186 Patrem
1707 3129 2158 3198 omnipotentem.

563 3226 824 3280 factorem
854 3222 976 3278 caeli
999 3231 1053 3278 et
1077 3221 1555 3287 terrae,visibilium
1576 3223 1817 3277 omnium
1840 3221 2152 3278 etinvisibi-
2187 3234 2233 3300 ρ
2264 3221 2500 3234 ”“’”⁹”“’”
2524 3221 2584 3234 “““’
2607 3221 2913 3284 ""“"',""""
2932 3221 3213 3285 “Pf'ﬁ'w'”
3241 3221 3373 3250 ¹’“¹’“
3407 3221 3638 3286 “”“’¹““Ῑ’
3663 3221 3845 3287 “ζ”’““⁴

563 3315 693 3344 "nm
725 3313 1057 3344 MMHMMM
1082 3321 1160 3344 ,Μ
1187 3312 1239 3344 ιη
1465 3312 1748 3344 “nmmum
1793 3312 1963 3344 Imm
1994 3312 2155 3344 μὴ,ιῂ
2227 3321 2232 3324 .
2265 3272 2506 3328 factaest
2545 3283 2816 3344 suggestto
2843 3273 2911 3328 ad
2943 3289 3239 3343 pnssrmnm
3277 3284 3438 3344 atque
3477 3275 3850 3331 ﬁdelissimum

563 3315 694 3368 lium
725 3313 1058 3368 conditorem
1082 3321 1165 3366 :et
1187 3312 1240 3365 in
1265 3327 1428 3366 unum
1464 3312 1749 3366 Dominum
1783 3312 1965 3368 .Iesum
1994 3312 2157 3367 Chri-

564 3417 707 3463 stum
733 3407 922 3461 Filium
959 3405 1052 3461 Dei
1095 3406 1448 3476 unigenitum,
1476 3406 1562 3476 qui
1612 3421 1684 3476 ex
1703 3405 1860 3466 Patre
1893 3415 2048 3464 natus
2074 3413 2160 3464 est

563 3511 689 3556 ante
707 3498 884 3554 omnia
915 3497 1131 3560 saecula,
1157 3498 1334 3552 lumen
1352 3497 1420 3552 de
1444 3496 1666 3563 lumine,
1686 3495 1852 3552 Deum
1879 3511 2064 3552 verum
2088 3496 2158 3552 de

569 3592 684 3648 Deo
706 3606 853 3657 vero,
881 3599 1087 3657 natum,
1119 3605 1226 3645 non
1254 3589 1474 3657 factum,
1509 3587 2021 3668 consubstantialem
2053 3590 2156 3644 Pa-

567 3684 658 3751 tri,
694 3698 790 3752 per
808 3699 966 3753 quem
999 3681 1179 3740 omnia
1207 3683 1347 3738 facta
1366 3689 1509 3745 sunt,
1542 3697 1764 3753 prepter
1790 3695 1890 3736 nos
1912 3681 2164 3753 honiineg

563 3787 617 3833 et
649 3787 866 3850 prepter
895 3784 1131 3832 nostram
1165 3775 1394 3831 salutem
1425 3773 1845 3830 descendentem
1878 3772 1947 3827 de
1981 3773 2154 3840 caelis,

493 3867 498 3870 ’
566 3877 622 3926 et
648 3869 981 3925 incarnatum
1008 3867 1077 3923 de
1107 3867 1309 3938 Spiritu
1337 3877 1526 3922 sancto
1555 3874 1610 3922 et
1636 3865 1797 3921 Maria
1842 3865 2070 3935 virgine,
2102 3873 2158 3921 et

568 3966 944 4034 lmmanatum,
997 3963 1420 4034 cruciﬁxumque
1474 3977 1573 4032 pro
1628 3963 1784 4017 nobis
1835 3962 1934 4018 sub
1963 3961 2155 4017 Pontio

480 4041 488 4130 ξ
561 4057 752 4122 Pilato,
786 4066 841 4112 et
867 4070 1107 4127 passum,
1150 4063 1204 4112 ct
1223 4055 1518 4125 sepultum,
1543 4062 1599 4110 et
1642 4063 2014 4122 resurgentem
2049 4063 2156 4110 ter-

478 4196 480 4198 ,
558 4150 634 4204 tia
687 4149 775 4202 die
823 4148 1116 4203 secundum
1173 4147 1520 4217 Scripturas,
1569 4155 1624 4202 et
1670 4146 2046 4202 ascendentem
2099 4146 2152 4201 in

472 4235 479 4240 ’
558 4239 752 4307 caelos,
787 4247 841 4294 et
870 4241 1144 4294 sedentem
1191 4238 1257 4291 ad
1301 4237 1575 4293 dexteram
1613 4237 1809 4302 Patris,
1854 4247 1910 4292 et
1959 4236 2152 4291 iterum

559 4340 848 4386 venturum
873 4344 991 4384 cum
1023 4328 1189 4401 gloria
1214 4327 1459 4398 judicare
1484 4330 1636 4382 vivos
1664 4338 1718 4383 et
1765 4337 2028 4395 mortuos,
2061 4344 2154 4384 cu-

561 4424 649 4494 jus
699 4422 852 4494 regni
889 4438 997 4478 non
1034 4424 1136 4478 erit
1184 4419 1303 4475 ﬁnis
1336 4438 1348 4473 :
1383 4430 1439 4476 et
1493 4421 1548 4476 in
1588 4421 1849 4492 Spiritum
1905 4433 2150 4480 sanctum

562 4516 848 4570 Dominum
904 4523 958 4570 et
994 4513 1379 4580 viviﬁcantem,
1435 4514 1527 4584 qui
1566 4529 1632 4569 ex
1679 4514 1834 4570 Patre
1868 4519 2147 4586 procedit,

563 4608 796 4678 quicum
824 4606 980 4663 Patre
1005 4616 1058 4664 et
1089 4605 1225 4662 Filio
1255 4605 1580 4662 coadoratur
1605 4616 1661 4664 et
1689 4611 2140 4682 congloriﬁcatur,
2175 4611 2229 4674 D

563 4699 652 4770 qui
696 4699 905 4754 locutus
932 4706 1015 4753 est
1055 4712 1150 4768 per
1181 4697 1468 4770 prophetas
1499 4715 1516 4753 ε
1557 4707 1612 4755 et
1639 4699 1693 4756 in
1725 4717 1882 4758 unam
1911 4715 2152 4764 sanctam

567 4790 883 4846 catholicam
927 4800 979 4848 et
1009 4791 1358 4861 apostolicam
1411 4792 1710 4850 Ecclesiam
1772 4813 1785 4851 :
1833 4799 2154 4859 conﬁtemur

566 4899 732 4938 unum
763 4883 1085 4955 baptismum
1114 4885 1171 4939 in
1215 4883 1588 4942 remissionem
1621 4899 1994 4962 peccatorum,
2029 4909 2154 4966 spe-

561 4990 745 5032 ramus
795 4976 1244 5033 resurrectionem
1303 4989 1635 5036 mortuorum
1677 4993 1732 5039 et
1782 4984 1946 5041 vitam
1988 4985 2151 5044 futuri

563 5072 762 5127 stcculi.
790 5073 966 5128 Amen
997 5071 1045 5126 δ.

562 5189 570 5214 τ
635 5163 951 5220 Sufﬁciebat
997 5164 1211 5236 quidem
1240 5165 1306 5222 ad
1334 5167 1625 5238 perfectam
1674 5169 1988 5230 orthodoxa:
2027 5173 2150 5231 ﬁdei

564 5260 838 5315 scientiam
866 5267 922 5315 et
947 5261 1407 5318 confirmationem
1436 5264 1582 5334 pium
1603 5273 1764 5336 atque
1791 5267 2149 5326 orthodoxam

565 5356 664 5407 hoc
731 5354 923 5408 divina:
975 5355 1159 5424 gratia:
1211 5358 1550 5428 symbolum;
1601 5361 1698 5417 sed
1746 5363 2000 5433 quoniam
2042 5379 2149 5421 non

565 5445 769 5500 destitit
819 5444 1137 5502 adinventor
1185 5449 1419 5522 antiqua:
1469 5454 1691 5509 malitiae
1741 5468 2144 5526 cooperatorem

564 5537 664 5592 sibi
696 5549 995 5607 serpentem
1023 5541 1298 5612 reperiens
1331 5554 1356 5584 ο
1392 5560 1490 5614 per
1527 5561 1648 5602 eum
1678 5561 2001 5604 venenosam
2049 5552 2148 5608 hu-

562 5653 735 5693 manae
783 5649 984 5696 natura:
1015 5640 1250 5698 inferens
1293 5651 1546 5712 mortem,
1580 5645 1651 5699 ita
1684 5651 1737 5700 et
1777 5661 1919 5702 nunc
1946 5663 2144 5719 organa

632 5785 656 5812 α
684 5775 737 5833 in
761 5778 979 5849 reliquis
1004 5789 1196 5854 praeter
1220 5779 1280 5836 Β.
1315 5779 1406 5849 Β..
1432 5789 1559 5848 erat,
1585 5789 1632 5835 et
1660 5790 1932 5854 antequam
1966 5801 2144 5842 nasce-

556 5856 822 5920 retttrinon
855 5859 983 5914 erat,
1016 5862 1062 5902 et
1084 5853 1223 5920 quin.

541 6007 544 6010 ἢ
631 5915 658 5956 ι’
694 5919 803 5977 Vox
856 5921 1017 5976 Amen
1042 5915 1322 5993 desumpta
1347 5931 1428 5983 est
1472 5938 1540 5984 ex
1585 5923 1798 5987 ceteris
1829 5925 2138 6005 Codicibus,

2270 1967 2598 2029 ventioncm,
2631 1982 2696 2020 ex
2720 1964 2822 2021 hoc
2850 1967 2990 2037 quod
3036 1967 3238 2037 absque
3271 1969 3549 2024 voluntate
3577 1979 3632 2024 et
3658 1969 3862 2040 absque

2268 2056 2584 2126 operatione
2646 2055 3082 2112 intellectualitcr
3128 2059 3420 2114 animatam
3461 2059 3580 2131 ejus
3639 2075 3863 2116 carnem

2267 2150 2694 2220 blasphemando
2750 2151 3060 2220 intromisit.
3096 2152 3366 2210 Excitavit
3424 2153 3582 2226 igitur
3612 2154 3861 2211 Christus

2269 2241 2409 2322 Deus
2429 2251 2614 2322 noster
2641 2241 3015 2297 ﬁdelissimum
3039 2241 3418 2314 imperatorem
3439 2259 3636 2300 novum
3663 2246 3857 2318 David,

2267 2335 2438 2389 virum
2458 2336 2753 2391 secundum
2778 2352 2874 2392 cor
2896 2354 3051 2393 suum
3080 2340 3377 2408 inveniens,
3407 2343 3493 2412 qui
3531 2358 3634 2397 non
3683 2344 3860 2413 dedit,

2263 2426 2415 2497 juxta
2438 2429 2580 2498 quod
2609 2429 2865 2499 scriptum
2889 2439 3253 2498 est,somnum
3284 2434 3452 2487 oculis
3479 2435 3587 2490 suis
3603 2421 3862 2506 etpalpee

2264 2523 2374 2580 bris
2387 2527 2498 2580 suis
2515 2525 2858 2581 dormitation
2868 2541 2976 2594 em,
2992 2527 3162 2584 donec
3175 2544 3269 2598 per
3285 2530 3350 2583 hu
3360 2545 3424 2584 nc
3442 2546 3474 2584 n
3486 2539 3683 2584 nstrum
3700 2546 3730 2584 a
3749 2530 3861 2586 Deo

2263 2628 2644 2689 congregatum
2659 2633 2977 2690 sacrumque
2991 2631 3314 2677 conventum
3343 2622 3512 2692 ipsam
3542 2632 3706 2677 recta:
3735 2623 3860 2679 ﬁdei

2263 2709 2468 2790 reperit
2492 2710 2792 2780 perfectam
2818 2711 3254 2794 praedicationem
3281 2731 3295 2779 ;
3328 2712 3623 2768 secundum
3655 2714 3797 2770 enim
3826 2730 3856 2770 a

2265 2806 2376 2860 Deo
2410 2804 2610 2860 editam
2632 2820 2846 2872 vocem,
2881 2805 2966 2858 ubi
2994 2808 3097 2859 duo
3121 2807 3196 2859 vel
3218 2817 3316 2860 tres
3347 2807 3537 2877 fuerint
3561 2809 3860 2882 congregati

2261 2899 2316 2954 in
2343 2901 2547 2954 nomine
2586 2916 2731 2970 meo,
2781 2900 2852 2953 ibi
2898 2917 3012 2954 sum
3056 2901 3110 2954 in
3141 2903 3309 2956 medio
3334 2919 3529 2957 eorum.
3560 2903 3691 2970 ρυω
3722 2919 3857 2972 pra:-

2263 3006 2387 3048 sens
2414 3002 2596 3046 sancta
2645 3002 2701 3046 et
2747 2992 3066 3048 universalis
3113 2995 3350 3065 synodus
3403 2995 3633 3050 ﬁdeliter
3690 2996 3856 3072 susci;

2261 3085 2413 3157 piens
2434 3097 2488 3142 et
2503 3085 2754 3155 expansis
2782 3085 3027 3142 manibus
3049 3087 3378 3155 amplectens
3399 3097 3502 3142 tam
3527 3103 3646 3158 qua:
3665 3104 3695 3143 a
3724 3104 3852 3144 san-

2261 3179 2502 3234 ctissime
2524 3194 2584 3234 ac
2605 3178 2915 3233 beatissimo
2932 3177 3213 3248 Agathone
3239 3195 3373 3250 papa
3406 3179 3639 3249 antiquzc
3661 3179 3846 3236 Romae

2261 3373 2506 3422 nostrum
2529 3365 2910 3437 imperatorem
2932 3366 3366 3434 Constantinum,
3393 3385 3509 3438 quae
3533 3370 3849 3425 nominatim

2261 3455 2460 3516 refutat
2486 3470 2580 3526 eos
2594 3456 2684 3526 qui
2713 3457 3011 3534 docuerunt
3029 3459 3110 3526 vel
3135 3458 3580 3536 praedicaverunt,
3598 3461 3737 3515 sicut
3754 3477 3850 3516 su-

2261 3552 2440 3623 perius
2462 3551 2662 3606 dictum
2685 3561 2788 3619 est,
2804 3567 2964 3606 unam
2990 3552 3313 3608 voluntatem
3330 3563 3383 3609 et
3405 3569 3561 3608 unam
3580 3555 3853 3624 operatio-

2261 3637 2382 3701 nent
2403 3644 2455 3698 in
2475 3644 2856 3700 incarnationis
2872 3643 3272 3713 dispensatione
3288 3644 3487 3700 Christi
3506 3641 3735 3702 veri—Dei
3753 3661 3848 3702 no~

2258 3738 2582 3806 stri,‘adh:ec
2604 3752 2815 3808 quoque
2833 3737 3077 3808 amplexa
3101 3748 3183 3792 est
3211 3748 3264 3793 et
3292 3754 3410 3809 qua:
3441 3739 3602 3792 missa
3623 3747 3747 3794 esta
3765 3755 3853 3793 sa-

2259 3849 2352 3894 cro
2364 3834 2614 3902 concilio,
2629 3832 2770 3904 quod
2793 3833 2893 3894 sub
2915 3832 3108 3892 eodem
3123 3831 3461 3900 sanctissimo
3485 3848 3618 3902 papa
3634 3843 3718 3889 est
3734 3849 3852 3888 (en-

2261 3936 2376 3988 tum.
2400 3927 2588 3997 viginti
2620 3927 2853 3998 quinque
2875 3927 2984 3982 Deo
3006 3927 3320 3992 amabiliuut
3335 3927 3738 3998 episcoporum,

2260 4032 2434 4084 teram
2465 4021 2775 4094 synodalem
2817 4022 3217 4096 suggestionem
3272 4021 3342 4084 ad
3390 4018 3507 4090 ejus
3554 4036 3586 4078 ει
3626 4021 3738 4088 Deo
3770 4020 3848 4088 in.

2257 4124 2524 4182 structam
2545 4115 3009 4184 tranquillitatem,
3041 4123 3227 4186 utpote
3256 4123 3617 4193 consonantes
3655 4124 3848 4183 sancto

2255 4208 2680 4276 Chalcedonensi
2731 4216 2789 4274 et
2839 4217 2986 4266 tomo
3043 4207 3397 4263 sacratissimi
3449 4217 3506 4262 et
3551 4206 3848 4276 beatissimi

2255 4318 2407 4374 papae
2437 4302 2677 4372 ejusdem
2726 4299 2960 4370 antiqua:
3003 4300 3186 4358 Roma:
3226 4301 3445 4367 LeOnis,
3477 4299 3572 4370 qui
3608 4301 3848 4358 directus

2255 4403 2338 4465 est
2379 4397 2444 4448 ad
2471 4403 2714 4462 sanctum
2765 4391 3097 4461 Flavianum,
3123 4408 3282 4464 quem
3330 4403 3386 4460 et
3417 4392 3625 4460 titulum
3685 4403 3848 4452 recta:

2255 4484 2376 4541 fidei
2411 4483 2714 4555 hujusmodi
2745 4485 2979 4556 synodus
3009 4486 3330 4558 appellavit;
3358 4486 3424 4548 ad
3454 4487 3568 4542 huic
3613 4495 3670 4548 et
3709 4502 3843 4557 syn-

2253 4577 2434 4632 odicas
2473 4576 2726 4646 epistolas
2778 4593 2896 4648 qua:
2941 4577 3158 4650 scriptae
3195 4588 3324 4638 sunt.
3355 4593 3388 4636 a
3433 4578 3589 4638 beato
3631 4577 3844 4652 Cyritlo

2253 4671 2512 4738 adversus
2534 4669 2756 4740 impium
2780 4671 3080 4734 Nestorium
3125 4681 3180 4736 et
3207 4673 3276 4728 ad
3297 4671 3597 4738 Orientales
3625 4677 3839 4746 episco-

2256 4779 2375 4834 pos.

2325 4882 2518 4938 Secuta
2545 4896 2673 4939 vero
2701 4891 2884 4938 sancta
2912 4881 3150 4953 quinque
3177 4879 3496 4938 universalia
3529 4881 3754 4938 concilia
3787 4893 3842 4939 et

2253 4984 2473 5031 sanctos
2490 4985 2648 5046 atque
2671 4973 2977 5045 probabiles
3001 4974 3210 5040 Patres,
3227 4983 3692 5045 consonanterque
3707 4992 3809 5031 con
3823 5007 3839 5016 -

2253 5070 2390 5126 ﬁteri
2409 5070 2673 5128 deﬁniens
2691 5071 2973 5127 Dominum
2993 5081 3235 5126 nostrum
3262 5069 3444 5127 Jesum
3463 5072 3730 5128 Christum
3757 5090 3844 5128 ve-

2252 5181 2368 5220 rum
2387 5165 2552 5220 Deum
2571 5173 2813 5220 nostrum
2836 5178 3000 5220 unum
3018 5164 3086 5220 de
3111 5175 3298 5220 sancta
3319 5177 3373 5222 et
3392 5167 3840 5222 consubstantiali

2251 5267 2306 5315 et
2332 5259 2450 5313 vita:
2478 5259 2740 5329 originem
2791 5261 3066 5330 praibente
3116 5259 3396 5324 Trinitate,
3443 5260 3736 5331 perfectum
3781 5261 3836 5316 in

2250 5352 2471 5423 deitate,
2499 5361 2554 5408 et
2584 5352 2876 5422 perfectum
2918 5353 3166 5409 eumdem
3198 5352 3252 5408 in
3286 5355 3635 5419 humanitate,
3665 5354 3836 5409 Deum

2250 5462 2395 5514 vere,
2426 5455 2480 5505 et
2520 5447 2790 5504 hominem
2815 5464 2960 5515 vere,
2987 5449 3237 5506 eumdem
3282 5464 3348 5505 ex
3377 5451 3554 5505 anima
3586 5449 3838 5506 rationali

2248 5550 2302 5598 et
2329 5548 2589 5614 corpore,
2620 5544 3128 5602 consubstantialem
3157 5543 3303 5599 Patri
3345 5542 3639 5600 secundum
3661 5541 3841 5598 deita-

2248 5642 2354 5695 tem
2383 5649 2440 5696 et
2485 5639 2994 5697 consubstantialem
3049 5640 3204 5697 nobis
3231 5640 3479 5696 eumdem
3534 5637 3835 5694 secundum

2245 5796 2530 5874 cum_desi_t
2559 5794 2612 5851 in
2636 5795 2695 5852 Β.
2720 5793 2787 5850 R.
2840 5873 2843 5874 ν
3030 5863 3065 5874 η
3085 5865 3097 5874 ,
3429 5869 3439 5874 ,
3707 5858 3719 5874 .

2319 5879 2340 5910 c
2369 5869 2455 5937 U.,
2489 5864 2579 5940 G.,
2608 5873 2962 5942 cooperatore:
2998 5863 3097 5927 tibi
3120 5880 3213 5940 per
3237 5869 3524 5938 sementem
3550 5863 3835 5944 (ψαίρει
