4086 6358
257 323 354 386 ιιι

763 317 1166 386 GRECORUM
1195 323 1536 386 CONCILIA.
1580 353 1652 369 —
1689 319 2570 386 CONSTANTINOPOLITANUM
2611 312 3016 386 Secunouu.

3426 331 3530 389 ΗΞ

255 443 659 514 humanitatem,
686 457 781 513 per
810 443 986 498 omnia
1015 443 1246 498 similem
1293 441 1448 498 nobis
1477 441 1677 512 absque
1706 454 1828 512 pcc-
1858 441 1906 499 Α
1933 449 2135 498 sancta:
2164 441 2443 499 Trinitatis
2473 453 2529 500 et
2575 453 2696 516 post
2751 443 3176 500 incarnationem
3240 448 3526 506 lrtoininum

252 548 388 605 cato,
411 544 533 592 ante
557 536 749 606 sarcula
771 533 983 602 quidem
1002 549 1064 590 ex
1091 534 1247 590 Patre
1272 534 1508 604 genitum
1540 532 1834 588 secundum

254 635 522 698 deitatem,
559 632 610 685 in
654 629 853 684 ultimis
906 637 1082 684 autem
1125 627 1314 684 diebus
1344 627 1590 682 eumdem
1621 634 1837 696 propter

253 743 351 784 nos
405 733 460 782 et
516 734 733 795 propter
780 724 886 797 67
934 731 1176 778 nostram
1216 717 1457 776 'salntem
1515 719 1582 774 de
1633 718 1836 789 Spiritu

255 832 436 880 saneto
466 829 520 877 et
551 819 715 876 Maria
757 819 962 888 virgine
1003 815 1218 889 proprie
1257 825 1310 871 et
1333 816 1594 871 veraciter
1625 811 1714 868 Dei
1747 826 1838 884 ge-

255 917 444 974 nitrice
477 913 772 971 secundum
815 896 1224 978 humanitatem,
1266 926 1430 970 unum
1479 907 1836 976 eumdemque

258 1012 518 1067 Christum
550 1006 745 1062 Filium
794 1005 883 1061 Dei
915 1003 1245 1076 unigenitum
1297 1002 1350 1058 in
1380 1001 1586 1058 duabus
1634 999 1836 1056 naturis

263 1104 545 1165 iii-confuse,
583 1096 1086 1162 inconvertibiliter,
1119 1095 1574 1167 inseparabiliter,
1605 1091 1836 1149 indivise

261 1191 700 1262 cognoscendum,
734 1203 992 1260 nusquam
1019 1187 1282 1244 exstincta
1312 1187 1500 1243 harum
1521 1193 1836 1241 naturarum

256 1277 542 1338 tli'll‘ercntia
567 1289 791 1354 prepter
813 1280 1091 1346 unionem,
1125 1278 1330 1334 salvata
1375 1277 1547 1350 magis
1577 1276 1839 1334 duntaxat

255 1375 576 1444 proprietate
598 1372 882 1444 utriusque
910 1381 1116 1439 natura:
1139 1371 1257 1426 etin
1281 1386 1440 1426 unam
1473 1385 1758 1442 personam
1783 1379 1837 1427 et

251 1465 300 1520 in
332 1479 491 1519 unam
523 1463 876 1520 substantiam
897 1472 1274 1529 concurrente,
1309 1477 1414 1517 non
1467 1464 1520 1518 in
1557 1461 1692 1517 duas
1720 1476 1839 1530 pcr-

248 1570 406 1611 sonas
429 1556 686 1629 partitum
734 1555 818 1610 vel
850 1555 1104 1622 divisum,
1140 1555 1236 1610 sed
1287 1569 1448 1610 unum
1481 1555 1838 1624 eumdemque

249 1645 440 1702 Filium
476 1648 814 1718 unigenitum
847 1646 1015 1704 Deum
1049 1645 1284 1702 Verbum
1317 1646 1601 1702 Dominum
1649 1645 1833 1702 Jesum

244 1737 537 1808 Cliristum,
581 1741 731 1812 juxta
759 1740 901 1812 quod
929 1739 1056 1795 olim
1091 1739 1368 1812 pr0phetae
1419 1738 1488 1795 de
1527 1753 1593 1795 eo
1619 1746 1672 1793 et
1718 1737 1834 1810 ipse

243 1852 339 1894 nos
373 1810 633 1893 Dominus
658 1810 830 1892 'Jesus
877 1810 1121 1890 Christus
1152 1810 1387 1898 edocuit,
1419 1841 1475 1889 et
1521 1841 1829 1888 sanctorum
1863 1810 1910 1872 Β

242 1928 461 1986 Patrum
493 1927 648 1984 nobis
679 1926 902 1983 tradidit
930 1925 1260 1996 symbolum.
1295 1924 1360 1979 Et
1398 1925 1534 1979 duas
1564 1924 1834 1980 naturales

243 2022 557 2078 voluntates
587 2020 644 2074 in
667 2035 731 2076 eo
758 2029 810 2075 et
849 2019 983 2074 duas
1009 2017 1282 2074 naturales
1307 2015 1650 2086 operationes
1699 2015 1836 2070 indi-

238 2119 402 2184 vise,
457 2114 980 2180 inconvertibiliter,
1031 2111 1494 2184 inseparabiliter,
1557 2108 1838 2169 inconfuse

237 2209 542 2268 secundum
573 2215 882 2264 sanctorum
940 2205 1159 2262 Patrum
1212 2204 1511 2260 doctrinam
1559 2204 1837 2276 atqualiter

237 2302 620 2374 praedicamus,
637 2309 690 2356 et
715 2301 849 2356 duas
869 2300 1140 2356 naturales
1158 2298 1462 2354 voluntates
1493 2313 1600 2356 non
1626 2310 1832 2355 contra-

235 2393 548 2462 rias,ab_~it,
564 2393 717 2462 juxta
741 2391 883 2464 qttod
915 2391 1063 2462 impii
1094 2399 1408 2447 asseverant
1431 2390 1703 2459 lueretici;
1738 2389 1834 2447 sed

234 2501 476 2560 sequens
505 2487 736 2542 humana
785 2485 903 2557 ejus
934 2486 1178 2542 voluntas
1227 2493 1282 2540 et
1328 2500 1434 2542 non
1463 2484 1720 2542 resistens
1748 2485 1833 2542 vel

235 2579 538 2646 reluctans,
570 2577 666 2633 sed
712 2576 889 2652 potius
921 2586 976 2632 et
1018 2576 1263 2647 subjecta
1296 2576 1494 2631 divinae
1526 2576 1643 2649 ejus
1672 2583 1833 2648 atque

234 2666 593 2737 omnipotenti
619 2664 900 2720 voluntati.
933 2666 1226 2734 Oportebat
1260 2665 1404 2720 enim
1431 2668 1608 2721 carnis
1639 2665 1830 2720 volun~

234 2769 407 2816 tatem
463 2759 693 2828 moveri,
726 2758 916 2829 subjici
947 2773 1075 2814 vero
1115 2757 1383 2814 voluntati
1431 2757 1626 2812 divina:
1672 2757 1834 2827 juxta

233 2853 696 2925 sapientissimum
738 2852 1127 2919 Athanasium;
1172 2852 1314 2908 sicut
1342 2852 1483 2907 enim
1518 2851 1638 2921 ejus
1682 2865 1830 2926 caro,

231 2960 364 3002 caro
411 2945 510 3000 Dei
537 2943 700 3001 Verbi
729 2944 930 3000 dicitur
959 2952 1011 2998 et
1039 2951 1143 3008 est,
1171 2944 1243 2997 ita
1273 2951 1328 2998 et
1353 2943 1613 2998 naturalis
1657 2941 1837 3008 carnis.

229 3038 353 3110 ejus
380 3037 634 3094 voluntas
662 3037 879 3110 propria
920 3035 1016 3092 Dei
1036 3035 1198 3091 Verbi
1230 3034 1422 3094 dicitur
1453 3043 1505 3090 et
1533 3043 1616 3092 est
1639 3076 1653 3102 ,
1695 3033 1835 3090 sicut

230 3131 350 3203 ipse
373 3130 451 3187 ait
479 3149 493 3189 :
525 3131 658 3199 Quia
681 3130 919 3186 descendi
950 3130 1014 3185 de
1042 3130 1165 3184 caelo
1191 3145 1292 3183 non
1326 3137 1382 3183 ut
1427 3130 1616 3200 {nciam
1645 3126 1827 3181 volun-

229 3234 393 3280 tatem
414 3241 601 3294 meum,
634 3225 722 3280 sed
759 3224 1071 3279 voluntatem
1096 3224 1210 3294 ejus
1236 3221 1324 3290 qui
1347 3221 1486 3274 misit
1519 3236 1596 3276 me
1627 3227 1674 3284 τι,
1707 3234 1829 3288 pro-

230 3321 413 3390 priam
447 3319 632 3375 dicens
659 3319 987 3374 voluntatem
1015 3333 1134 3387 quae
1172 3324 1291 3371 erat
1327 3314 1506 3372 carnis
1535 3315 1675 3386 ejus,
1708 3330 1830 3370 nam

226 3425 283 3469 et
318 3428 455 3469 caro
484 3413 700 3484 propria
721 3414 838 3481 ejus
870 3412 1007 3468 facta
1034 3419 1136 3467 est.
1180 3410 1644 3481 Quemadmodum
1687 3410 1829 3465 enim

228 3505 580 3561 sanctissima
645 3513 808 3577 atque
857 3502 1195 3559 immaculata
1243 3504 1476 3558 animata
1535 3501 1654 3572 ejus
1703 3515 1830 3560 caro

227 3599 489 3655 deificata
511 3612 616 3653 non
642 3605 723 3652 est
756 3606 1055 3668 perempta,
1079 3593 1172 3651 sed
1207 3595 1265 3649 in
1300 3609 1398 3650 suo
1443 3595 1665 3664 proprio
1691 3602 1829 3649 statu

227 3704 286 3751 et
315 3693 534 3749 ratione
563 3692 891 3763 permansit;
925 3691 999 3745 ita
1026 3699 1079 3746 et
1111 3688 1464 3744 humanitatis
1493 3687 1612 3758 ejus
1642 3687 1829 3746 volun-

227 3798 314 3845 tas
345 3788 600 3843 deillcata
640 3793 859 3842 nonest
902 3796 1176 3856 perempta
1203 3828 1219 3852 ,
1267 3786 1473 3842 salvata
1524 3792 1608 3839 est
1660 3783 1828 3854 magis

221 3879 543 3938 secundum
598 3877 908 3949 deiloqutnn
951 3875 1270 3945 Gregorium
1313 3877 1580 3931 dicentem
1632 3890 1648 3928 :
1701 3873 1830 3928 Nam

225 3973 389 4028 illius
412 3968 573 4033 velle,
604 3968 743 4036 quod
774 3967 830 4022 in
877 3967 1159 4023 Salvatore
1187 3966 1523 4036 intelligitur,
1557 3980 1665 4020 non
1718 3973 1832 4020 erat

223 4059 578 4118 contrarium
604 4055 1055 4123 Deo,deificatum
1080 4064 1270 4110 totum.
1306 4055 1447 4110 Duas
1473 4069 1602 4111 vero
1623 4063 1836 4110 natura-

221 4155 312 4211 les
345 4150 695 4220 operationes
718 4147 974 4214 indivise,
1017 4146 1514 4213 inconvertibiliter,
1537 4145 1834 4212 inconfnse,

224 4241 679 4312 inseparabiliter
691 4240 745 4295 in
762 4239 952 4295 eodem
972 4238 1194 4294 Domino
1208 4237 1334 4295 Iesu
1349 4237 1561 4294 Christo
1579 4252 1706 4292 vero
1723 4236 1832 4291 Deo

224 4345 433 4394 nostro
461 4332 840 4405 glorificamus,
876 4331 977 4386 hoc
1002 4338 1085 4386 est
1122 4329 1355 4385 divinam
1381 4329 1752 4399 operationem
1777 4337 1831 4384 ot

226 4428 535 4483 humanam
555 4423 920 4493 operationem
941 4420 1235 4476 secundum
1262 4421 1568 4476 divinorum
1587 4421 1831 4492 prtedica-

1939 543 2179 594 nostrum
2230 534 2413 592 Jesum
2466 535 2738 594 Christum
2801 553 2986 593 verum
3044 537 3210 592 Deum
3280 551 3528 596 nostrum

1939 642 2058 683 esse
2088 629 2370 684 credentes
2402 647 2415 682 :
2448 629 2674 687 dicimus
2705 633 2837 687 duas
2868 633 2987 706 ejus
3041 648 3161 688 esse
3208 643 3429 689 naturas
3476 634 3532 690 in

1938 735 2043 775 una
2072 721 2188 791 ejus
2217 723 2490 778 radiantes
2516 723 2886 792 subsistentia,
2915 727 2967 780 in
2997 741 3098 796 qua
3134 735 3242 781 tam
3272 728 3531 782 miracula

1939 829 2206 886 quamque
2238 816 2517 886 passiones
2573 832 2672 889 per
2718 835 2933 874 onmem
2966 835 3077 875 suae
3113 821 3531 889 dispensationis

1937 909 2402 968 conversationem
2435 925 2539 965 non
2571 910 2868 966 secundum
2916 912 3250 982 phantasiam
3300 912 3397 967 sed
3449 927 3534 970 ve-

1938 999 2136 1054 raciter
2168 1000 2576 1068 demonstravit,
2629 1001 2756 1056 dum
2800 1003 3062 1076 naturalis
3119 1003 3420 1058 differentia
3479 1003 3534 1058 in

1937 1093 2124 1148 eadem
2154 1108 2258 1148 una
2287 1093 2582 1150 substantia
2607 1102 2962 1164 cognoscatur
2993 1094 3045 1149 in
3093 1096 3196 1152 hoc
3222 1097 3364 1168 quod
3410 1112 3533 1152 cum

1938 1183 2160 1241 alterius
2185 1188 2567 1244 communione
2613 1198 2842 1259 utraque
2902 1197 3091 1243 natura
3144 1189 3404 1258 indivise,
3451 1190 3532 1244 in-

1939 1275 2159 1331 confuse
2207 1277 2417 1350 propria
2465 1279 2582 1334 vult
2639 1287 2801 1351 atque
2856 1280 3323 1351 operatur:juxta
3369 1298 3529 1352 quam

1938 1369 2202 1426 rationem
2235 1381 2289 1427 et
2328 1371 2460 1427 duas
2486 1372 2757 1428 naturales
2780 1371 3085 1428 voluntates
3107 1381 3160 1428 et
3189 1376 3530 1441 operationes

1937 1461 2260 1518 confitemur
2289 1463 2355 1518 ad
2390 1465 2618 1521 salutem
2651 1464 2872 1520 humani
2905 1465 3120 1537 generis
3147 1467 3536 1521 convenienter

1938 1563 2341 1611 concurrentes.
2371 1555 2465 1610 llis
2497 1557 2659 1628 igitur
2685 1573 2808 1614 cum
2840 1557 2989 1612 omni
3032 1555 3271 1626 undique
3300 1557 3529 1627 diligen-

1938 1647 2008 1701 tia
2039 1654 2094 1704 et.
2119 1662 2246 1702 cura
2274 1663 2304 1702 a
2329 1649 2481 1704 nobis
2503 1649 2764 1716 definitis,
2793 1649 3137 1705 decernimus
3164 1649 3325 1702 aliam
3369 1649 3526 1702 fidem

1938 1737 2068 1792 nulli
2101 1738 2262 1794 licere
2286 1739 2532 1810 proferre
2559 1751 2651 1795 aut
2678 1741 3023 1797 conscribere
3053 1741 3134 1796 vel
3179 1756 3538 1809 componere,

1935 1840 2026 1886 aut
2042 1847 2235 1903 sapere
2262 1835 2346 1890 vel
2369 1834 2528 1890 etiam
2555 1835 2754 1902 docere
2775 1835 2954 1890 aliter.
2973 1835 3078 1890 Eos
3094 1847 3271 1890 autem
3292 1835 3380 1906 qui
3399 1851 3536 1904 ιηοίιι-

1935 1925 2262 1994 snmpserint
2283 1927 2363 1980 vel
2379 1941 2701 1997 componere
2720 1927 2882 1983 fidem
2906 1927 3065 1984 aliam
3084 1927 3165 1981 vel
3185 1927 3426 2000 proferre
3454 1927 3536 1981 vel

1936 2013 2132 2070 docere
2146 2017 2228 2070 vel
2258 2015 2469 2072 tradere
2493 2017 2635 2072 aliud
2653 2017 2964 2089 symbolum
2985 2017 3288 2074 volentibus
3316 2034 3384 2072 ex
3406 2033 3538 2088 gen-

1939 2105 2132 2162 tilitate
2173 2108 2413 2163 converti
2455 2109 2522 2162 ad
2568 2110 2893 2182 agnitionem
2942 2110 3184 2166 veritatis
3223 2109 3303 2164 vel
3339 2123 3408 2162 ex
3452 2105 3536 2178 ju-

1937 2185 2145 2254 daismo
2175 2199 2290 2256 sive
2314 2215 2380 2256 ex
2412 2201 2651 2272 qualibet
2681 2201 2909 2273 haerese,
2937 2217 3031 2258 seu
3063 2202 3355 2258 novitatem
3389 2201 3537 2256 vocis

1937 2291 2053 2348 sive
2075 2296 2340 2350 sermonis
2368 2294 2805 2352 adinventionem
2835 2297 2900 2352 ad
2928 2299 3336 2354 subversionem
3362 2296 3534 2349 intro-

1936 2385 2238 2442 ducendam
2300 2403 2488 2444 eorum
2522 2375 2658 2460 "qua:
2718 2405 2860 2445 nunc
2895 2407 2926 2446 a
2978 2391 3132 2446 nobis
3179 2389 3535 2446 delerminata

1935 2491 2093 2549 sunt;
2126 2481 2248 2550 hos,
2290 2483 2560 2554 siquidem
2614 2484 2855 2556 episcOpi
2901 2485 3138 2541 existunt
3165 2493 3258 2540 aut
3304 2483 3486 2539 clerici
3507 2523 3530 2560 ,_

1933 2574 2142 2652 alienos
2170 2587 2312 2646 esse,
2352 2576 2641 2651 episcopos
2671 2575 2886 2647 quidem
2913 2576 2985 2632 ab
3010 2579 3343 2648 episcopatu,
3376 2565 3536 2630 clerié

1934 2681 2028 2724 cos
2058 2683 2187 2724 vero
2217 2683 2246 2722 a
2278 2667 2424 2724 clero
2462 2686 2476 2723 :
2526 2670 2571 2724 si
2618 2678 2798 2726 autem
2853 2665 3104 2728 monachi
3154 2670 3394 2728 existunt
3446 2668 3536 2726 vel

1935 2743 2082 2827 laici,
2109 2758 2556 2818 anathematizari
2587 2775 2704 2819 eos.

2015 2850 2081 2905 Et
2111 2849 2561 2921 subscriptiones.

2006 2939 2321 2998 Theodorus
2355 2944 2571 3009 humilis
2604 2943 2884 3016 presbyter
2932 2951 3134 3001 sancta:
3190 2944 3377 3000 Romae
3423 2943 3536 3001 Ερε-

1935 3031 2155 3100 οιθείω,
2211 3037 2388 3090 locum
2439 3047 2836 3108 reprzesentans
2889 3038 3186 3110 Agathonis
3234 3037 3534 3104 beatissimi

1937 3128 2252 3186 universalis
2281 3146 2431 3203 papa:
2462 3132 2607 3188 urbis
2633 3131 2820 3190 Romae
2851 3134 3170 3206 subscripsi.

2007 3219 2274 3292 Georgius
2299 3222 2517 3279 humilis
2547 3225 2834 3300 presbyter
2849 3238 3052 3284 sanetae
3073 3227 3259 3285 Romae
3276 3226 3534 3286 Ecclesiae

1937 3323 1994 3369 ut
2033 3329 2217 3380 supra.

2007 3405 2244 3464 Joannes
2272 3407 2491 3466 humilis
2513 3409 2770 3472 diaconus
2794 3421 2997 3474 sanctae
3041 3413 3227 3472 Romae
3271 3413 3532 3474 Ecclesiae

1939 3505 1995 3553 ut
2023 3513 2208 3570 supra.
3033 3518 3046 3573 ξ
3431 3561 3434 3564 ί
3519 3488 3526 3496 ’

2008 3591 2140 3648 Item
2193 3592 2454 3668 Georgius
2509 3597 2878 3656 misericordia
2911 3601 3006 3658 Dei
3056 3602 3339 3674 episcopus
3389 3603 3531 3660 Con-

1935 3689 2356 3762 stantinopoleos
2396 3708 2550 3750 novae
2579 3693 2764 3750 Roma:
2794 3694 3054 3752 definiens
3095 3697 3414 3768 subscripsi.

2011 3781 2078 3836 Et
2107 3785 2288 3852 caeteri
2310 3783 2558 3841 similiter
2585 3786 2810 3859 legimus
2841 3798 2896 3843 et
2917 3789 3312 3846 consensimus.

2011 3873 2206 3930 Sancta
2258 3876 2498 3946 synodus
2530 3879 2848 3933 exclamavit
2878 3896 2890 3930 :
2920 3879 3109 3934 Multos
3135 3895 3307 3936 annos
3359 3879 3529 3949 impe-

1937 3963 2101 4018 ratori
2123 3963 2374 4031 ;Christo
2399 3968 2597 4022 dilecto
2621 3968 2936 4039 imperatori
2965 3971 3162 4026 multos
3190 3986 3380 4030 annos.
3421 3973 3526 4026 Οτι
3582 3959 3588 3971 “

1940 4051 2173 4110 thodoxe
2211 4069 2399 4110 omnes
2429 4055 2718 4112 credimus.
2770 4058 3185 4115 llluminatorcnt
3219 4063 3384 4131 pacis,
3422 4062 3527 4116 Do-

1939 4145 2107 4206 mine,
2133 4160 2423 4202 conserva.
2453 4145 2721 4202 Marciano
2769 4165 2908 4204 novo
2937 4149 3291 4218 Constantino
3320 4162 3523 4208 aeterna

1936 4237 2228 4305 memoria;
2277 4235 2404 4292 item
2437 4254 2572 4295 novo
2603 4239 2902 4297 Justiniano
2935 4240 3284 4302 Constantino
3324 4255 3524 4304 alterna
3603 4244 3606 4247 ’

1935 4331 2216 4398 memoria,
2245 4333 2334 4403 qui
2355 4333 2600 4404 deposuit
2629 4335 2912 4394 haereticos
2937 4355 2951 4392 :
2977 4339 3216 4406 Domine,
3239 4355 3521 4399 conserva.
3602 4333 3604 4335 ’

1933 4421 2199 4492 Nestorio,
2234 4425 2520 4498 Eutycheti
2559 4440 2720 4500 atque
2754 4431 2957 4489 Severo
2998 4436 3279 4492 anathema
3303 4437 3402 4502 sit;
3449 4434 3524 4494 si-
3595 4437 3607 4471 -’

227 4529 416 4576 torem
443 4516 676 4573 Leonem
699 4514 1533 4584 manifestissimeinquientemh;
1554 4517 1629 4570 ait
1650 4517 1822 4570 enim:
1857 4549 1912 4612 Π
1936 4518 2079 4574 milia
2107 4521 2186 4576 eis
2209 4522 2543 4592 sapientibus
2587 4527 2872 4584 anathema
2904 4546 2918 4584 ε
2943 4528 3230 4586 Theodoro
3260 4531 3523 4587 phamni-

229 4612 486 4680 Utraque
517 4607 683 4662 forma
709 4621 832 4662 cum
863 4607 1083 4662 alterius
1113 4609 1491 4662 communione
1520 4606 1659 4676 quod
1699 4621 1824 4678 prun

230 4702 422 4775 prium
445 4708 552 4769 est,
577 4698 753 4754 Verbo
783 4699 988 4754 scilicet
1013 4707 1270 4768 operante
1301 4698 1439 4768 quod
1467 4697 1630 4753 Verbi
1653 4707 1754 4767 est,
1778 4707 1830 4755 et

229 4811 404 4851 carne
457 4800 791 4863 exsequente
839 4791 986 4860 quod
1032 4791 1212 4846 carnis
1255 4801 1359 4847 est.
1406 4789 1517 4847 Nec
1575 4792 1720 4847 enim
1776 4792 1832 4846 in

230 4901 518 4956 quoquam
581 4899 741 4939 unam
794 4882 1039 4939 dabimus
1103 4883 1403 4940 naturalem
1462 4889 1830 4954 Operationem

234 4979 334 5035 Dei
392 4986 458 5034 et
509 4986 808 5041 creatum,
861 4985 914 5031 ut
945 4989 1120 5046 neque
1171 4974 1313 5046 quod
1353 4984 1590 5032 creatum
1641 4986 1723 5032 est
1779 4977 1830 5032 in

233 5072 488 5126 divinam
520 5069 788 5125 elevemus
831 5069 1145 5136 essentiam,
1182 5083 1354 5138 neque
1392 5068 1533 5140 quod
1578 5068 1832 5125 eximium

231 5163 317 5220 est
349 5161 558 5218 divina:
590 5169 790 5215 naturae
812 5159 877 5213 ad
910 5167 1309 5228 competentem
1341 5160 1608 5216 creaturis
1656 5161 1831 5216 locum

232 5257 591 5326 deﬁciamus.
659 5249 826 5307 Unius
882 5250 1025 5305 enim
1087 5250 1327 5318 ejusdem
1402 5259 1508 5305 tam
1578 5252 1835 5308 miracula

232 5362 518 5421 quamque
561 5344 838 5416 passiones
875 5343 1250 5414 cognoscimus
1280 5344 1574 5400 secundum
1609 5346 1750 5400 aliud
1778 5353 1834 5404 et

235 5440 390 5496 aliud
436 5453 648 5504 earum,
681 5451 748 5493 ex
776 5434 964 5507 quibus
997 5444 1052 5491 et
1080 5445 1322 5505 constat,
1371 5447 1680 5495 naturarum
1722 5440 1840 5512 68-

236 5535 376 5589 eam
399 5530 600 5601 quibus
641 5528 804 5585 habet
831 5543 974 5595 esse,
1003 5529 1149 5584 sicut
1171 5523 1502 5603 admirabilis
1531 5531 1702 5602 inquit
1729 5529 1835 5604 Cy-

235 5625 431 5680 rﬁkts.
467 5619 710 5689 Undique
758 5620 916 5690 igitur
967 5621 1298 5675 inconfusmn
1341 5631 1500 5691 atque
1547 5621 1830 5683 lndivisum

235 5720 640 5771 conservantes
677 5709 840 5767 celeri
897 5726 1028 5767 voce
1069 5722 1256 5767 cuncta
1293 5713 1630 5786 proferimus,
1667 5733 1830 5776 unum

316 5835 343 5863 ιι
369 5825 435 5882 ιιι
477 5824 716 5897 reliquis,
742 5835 937 5898 praeter
966 5826 1104 5897 BIL,
1127 5842 1205 5882 me
1242 5825 1434 5884 Patris.

1939 4624 2060 4680 tano
2101 4617 2415 4685 anathema;
2444 4620 2629 4690 Sergio
2676 4632 2730 4676 et.
2772 4621 3012 4681 Honorio
3033 4628 3352 4694 anathema;
3386 4626 3520 4698 Pyr-

1937 4707 2034 4780 rho
2075 4716 2133 4764 et
2158 4709 2318 4766 Paulo
2346 4714 2668 4778 anathema;
2702 4714 2841 4786 Cyro
2871 4724 2926 4770 et
2952 4715 3119 4780 Paulo
3141 4715 3159 4788 [
3180 4715 3273 4784 U.,
3300 4717 3388 4786 6.,
3420 4719 3519 4776 Pe-

1936 4795 2054 4868 tro]
2104 4799 2430 4869 anathema;
2480 4803 2711 4858 Macario
2755 4789 2815 4860 et
2870 4804 3148 4875 Stephano
3197 4811 3516 4877 anathema;

1935 4882 2257 4957 Polycronio
2298 4905 2436 4945 novo
2457 4891 2660 4948 Simoni
2697 4893 2981 4954 anathema
3013 4901 3304 4958 :omnibus
3341 4902 3515 4957 haere-

1938 4979 2054 5036 ticis
2080 4980 2190 5053 69
2216 4982 2500 5062 anathema
2527 5001 2541 5039 :
2568 4986 2651 5042 his
2679 4989 2769 5060 qui
2791 4991 3216 5059 prtcdicaverunt
3245 4995 3330 5049 vel
3373 5007 3509 5064 prat-

1935 5070 2114 5126 dicant
2141 5081 2197 5127 et
2224 5084 2443 5145 sperant
2471 5075 2669 5135 docere
2700 5095 2865 5138 unam
2893 5083 3221 5140 voluntatem
3267 5093 3321 5139 et
3351 5097 3514 5138 unam

1935 5165 2299 5234 Operationem
2346 5167 2402 5223 in
2458 5167 2826 5231 incarnatione
2854 5173 3270 5250 dispensationis
3310 5172 3516 5230 Christi

1934 5257 2047 5312 veri
2068 5255 2166 5314 Dei
2196 5259 2390 5329 nostri,
2413 5264 2719 5322 anathema.

1919 5377 2600 5450 Dilectissimisjratribus“
2623 5379 2869 5435 universis
2919 5375 3267 5450 Εσειεείᾳηρη
3314 5371 3507 5431 Clu-isti

2106 5443 2406 5517 prwsulibus
2431 5466 2520 5521 per
2548 5447 2860 5522 Hispaniam
2888 5445 3172 5503 constitutis
3195 5443 3319 5499 Leo.

1989 5538 2122 5596 Cum
2152 5538 2362 5595 diversa
2393 5539 2501 5596 sint
2529 5539 2803 5594 hominum
2835 5537 3006 5590 studia
3039 5535 3231 5608 quibus
3274 5536 3506 5590 humana

1920 5632 2215 5703 dispensari
2253 5631 2487 5687 creditur
2511 5630 2638 5694 vita,
2669 5644 2830 5684 unum
2860 5636 2943 5680 est
2974 5635 3153 5682 tamen
3186 5627 3396 5699 pictatis
3426 5629 3510 5677 of-

1923 5723 2121 5789 ﬁcium,
2153 5726 2294 5794 quod
2325 5730 2502 5794 potest
2529 5721 2595 5773 ad
2625 5727 2839 5774 mtcrna:
2861 5715 2984 5771 vita:
3031 5721 3324 5789 perducere
3353 5733 3501 5789 quar-

1989 5832 2026 5876 b'
2047 5834 2104 5892 In
2135 5832 2378 5904 reliquis,
2405 5839 2598 5903 praeter
2631 5827 2764 5883 BR”
2791 5826 3151 5897 inquirentem,
