4086 6358
566 371 668 439 1,ίῦ

1247 360 1622 420 ουιιευτιυ
1660 357 1989 418 ΟΑΝυΝυΜ
2028 357 2087 414 S.
2132 355 2150 413 Ι

2251 355 2401 413 ιυιὶυ
2444 354 2638 413 HlSPA
2649 352 2708 409 L.
2756 352 3111 411 ASCRIP'I‘A.

3742 346 3845 406 ιιι

564 497 708 545 stum
737 493 792 541 et
810 481 1084 548 meritum,
1126 481 1179 536 iu
1229 493 1335 549 quo
1388 492 1604 534 omnem
1661 486 1967 532 consortem
2028 470 2150 529 ﬁdei
2180 472 2233 534 Λ
2261 471 2313 526 in
2338 487 2443 526 uno
2470 471 2697 527 Domino
2726 480 2912 526 nostro
2933 469 3061 526 .lesu
3082 468 3316 537 Christo,
3349 475 3403 524 et
3430 467 3842 527 condemnatio-

567 578 885 636 Christiana:
917 590 1125 646 aequum
1157 582 1239 627 est
1286 569 1528 636 studere,
1554 569 1638 625 cui
1697 583 1889 639 nempe
1921 567 2155 639 Spiritus

567 675 740 731 sancti
767 672 1004 743 dignatio
1026 685 1136 725 sua:
1160 667 1347 738 gratia:
1382 666 1610 734 inSpirat
1638 663 1891 719 affectum
1932 671 1987 717 ct
2018 658 2156 716 inof-

564 768 778 824 fensum
805 767 1134 821 demonstrat
1160 776 1386 829 operum
1432 759 1698 815 bonorum
1724 756 1997 820 effectum,
2031 754 2154 823 quia

567 862 817 933 Spiritus,
851 869 908 913 ut
939 858 1192 913 Dominus
1213 856 1393 921 docet,
1425 853 1512 909 ubi
1549 854 1661 907 vult
1693 852 1857 921 Spirat
1885 858 1941 904 et
1966 864 2154 904 vocem

565 955 683 1024 ejus
710 952 883 1016 audis,
917 958 971 1005 ct
994 948 1121 1019 quia
1151 957 1233 1003 est
1282 947 1397 1016 ejus
1432 941 1998 1014 incomprehensibilis
2029 957 2153 1010 gra-

564 1048 640 1100 tia
670 1044 942 1101 connectit
972 1052 1025 1096 et
1054 1038 1325 1109 perbibet,
1354 1046 1409 1093 et
1460 1037 1638 1091 nescis
1688 1035 1829 1091 unde
1860 1033 2038 1088 veniat
2063 1041 2157 1086 aut

563 1156 669 1210 quo
699 1138 878 1193 vadat.
904 1136 1151 1192 Scientes
1178 1133 1339 1201 igitur
1369 1147 1430 1186 ac
1457 1129 1713 1185 satisfacti
1745 1128 1866 1195 quia
1899 1137 1955 1182 et
1985 1126 2036 1181 in
2068 1142 2156 1179 vo-

564 1230 648 1286 bis
696 1228 1019 1285 Christiana:
1067 1224 1342 1295 religionis
1392 1222 1579 1291 flagrat
1624 1218 1859 1274 studium
1910 1218 2155 1288 uinisque

559 1323 928 1395 spiritualibus
966 1316 1353 1390 amplectimini
1381 1315 1585 1371 semina
1608 1312 1846 1367 caelestis
1872 1310 2152 1376 doctrinae,

558 1427 614 1473 et
634 1415 959 1486 evangelica:
990 1422 1151 1483 atque
1196 1407 1509 1480 apostolicae
1562 1405 1866 1461 traditionis
1921 1404 1973 1458 in
2004 1402 2155 1457 vobis

560 1509 846 1566 fructiﬁcat
877 1506 1055 1562 fervor
1087 1513 1137 1560 et
1180 1501 1399 1574 paritas,
1433 1516 1530 1570 pro
1556 1514 1660 1569 qua
1706 1498 1823 1552 ιιωο
1846 1504 2027 1551 sancta
2055 1495 2155 1550 Ec-

557 1607 845 1661 clesiarum
878 1610 1050 1656 mater
1072 1597 1366 1669 apoStolica
1405 1593 1562 1650 sedes
1592 1606 1762 1661 usque
1790 1590 1857 1644 ad
1885 1587 2152 1644 victimam

558 1696 1075 1759 desudavitsemper
1112 1697 1166 1745 et
1193 1685 1443 1751 desudat,
1467 1693 1519 1739 et
1548 1682 1718 1753 prius,
1752 1679 1799 1734 si
1839 1678 1941 1734 hoc
1972 1678 2153 1733 divina

559 1785 815 1853 maiestas
846 1780 1147 1846 censuerit,
1178 1779 1415 1840 animam
1447 1791 1477 1830 a
1506 1787 1734 1842 corpore
1781 1770 2153 1840 temporaliter

563 1877 734 1947 diligit
764 1875 850 1949 [Τ.
882 1874 933 1943 l,
958 1874 1014 1939 2,
1041 1869 1247 1942 deligit]
1280 1866 1607 1939 sequestrari
1658 1879 1817 1935 quam
1849 1862 2150 1933 proditione

559 1969 819 2039 sacrilega
877 1981 990 2022 sea
1037 1964 1380 2019 confessione
1439 1958 1672 2015 veridica
1716 1974 1812 2027 pro
1864 1956 2150 2027 temporali

557 2061 921 2118 delectatione
953 2061 1036 2114 vel
1090 2055 1383 2112 afﬂictione
1412 2052 1643 2123 sejungi,
1678 2051 1803 2121 quia
1836 2051 1971 2106 citra
2013 2051 2151 2107 hanc

553 2156 694 2210 sicut
716 2162 937 2208 aeternae
983 2147 1329 2206 beatitudinis
1382 2145 1684 2216 prannium,
1740 2160 1901 2213 quam
1952 2142 2152 2199 sanctis

554 2248 667 2303 suis
690 2246 948 2301 Dominus
975 2241 1319 2313 prtcparavit,
1351 2235 1573 2307 adipisci
1619 2252 1726 2291 non
1758 2236 2015 2306 suppetit,
2045 2234 2139 2302 ita,

554 2337 697 2409 quod
730 2335 1029 2407 lugubriter
1060 2331 1369 2403 ejulandutn
1416 2338 1518 2393 cst,
1546 2344 1575 2383 a
1608 2327 1717 2382 Deo
1766 2328 1890 2381 vivo
1935 2335 1991 2382 et
2022 2340 2150 2382 vero

554 2446 653 2502 per
682 2442 920 2485 errorem
938 2424 1166 2480 falsidici
1189 2424 1452 2494 dogmatis
1475 2422 1669 2476 factum
1697 2428 1965 2474 extorrem
1986 2426 2150 2473 atter-

554 2523 641 2578 nis
672 2518 997 2577 cruciatibus
1025 2515 1205 2574 evenit
1250 2514 1562 2585 mancipari.
1594 2510 1699 2567 Sed
1736 2513 1860 2583 quia
1884 2528 2024 2566 nunc
2056 2526 2151 2582 per

553 2614 781 2684 gratiam
806 2610 902 2667 Dei
930 2606 1383 2665 Christianissimo
1414 2599 1476 2659 ac
1535 2603 1777 2674 piissimo
1828 2603 1939 2658 ﬁlio
1964 2614 2149 2657 nostro

555 2704 909 2760 Constantino
941 2702 1267 2772 imperatore
1311 2706 1590 2770 regnante,
1627 2711 1785 2765 quem
1818 2695 1884 2750 ad
1903 2694 2006 2750 hoc
2037 2694 2149 2764 pie-

558 2799 688 2853 tatis
716 2797 953 2853 ofﬁcium
979 2794 1140 2865 elegit
1162 2802 1318 2863 atque
1353 2790 1626 2861 prmelcgit
1651 2803 1881 2857 superna
1907 2788 2147 2843 ςιεειςεηο

553 2893 653 2957 tia,
688 2905 848 2946 recta:
896 2887 1249 2944 confessionis
1279 2898 1439 2956 atque
1498 2882 1809 2954 apostolica:
1843 2881 2149 2937 traditionis

556 2983 756 3054 fulgor,
782 2982 1052 3037 haeretica:
1077 2979 1355 3050 pravitatis
1395 2976 1620 3047 expulsa
1670 2974 1921 3045 caligine,
1947 2988 2041 3043 per
2067 2981 2149 3028 to-

555 3083 669 3131 tum
696 3076 882 3131 orbein
914 3086 1180 3129 terrarum
1214 3073 1378 3127 veluti
1404 3071 1610 3125 clarum
1657 3066 1817 3138 jubar
1842 3064 2061 3135 effulsit,
2094 3072 2150 3121 et

554 3183 657 3240 pax
683 3178 842 3241 atque
869 3167 1156 3224 concordia
1180 3166 1426 3222 veritatis
1454 3162 1596 3218 inter
1620 3172 1847 3216 cunctos
1876 3159 2145 3215 Ecclesia-

555 3276 675 3315 rum
699 3260 896 3315 Christi
929 3260 1192 3328 praesules
1217 3265 1407 3328 regnat
1436 3254 1502 3308 de
1535 3251 1754 3322 paciﬁca
1790 3252 1842 3306 in
1868 3249 2142 3305 Christum

556 3353 895 3410 confessione
939 3351 1297 3415 descendens,
1342 3346 1434 3417 qui
1468 3361 1569 3416 pax
1622 3359 1748 3400 vera
1780 3352 1835 3398 et
1893 3344 2148 3399 salutaris

556 3456 660 3513 est,
681 3463 776 3549 per
800 3462 956 3519 quem
986 3442 1397 3501 reconciliamur
1414 3441 1479 3495 ad
1501 3440 1705 3503 Deum;
1729 3437 1862 3492 sciat
1890 3435 1985 3511 [ΙΙ.
2018 3437 2144 3491 add.

556 3531 763 3617 anteiit]
785 3553 959 3599 vestra
985 3540 1271 3596 sinceritas
1309 3546 1365 3593 et
1412 3534 1735 3592 Christianis
1784 3531 2034 3587 omnibus
2063 3532 2147 3585 in-

556 3645 843 3693 notescant
878 3635 970 3690 Dei
997 3629 1384 3701 omnipotentis
1437 3628 1572 3683 mira
1619 3624 1906 3696 magnalia,
1938 3623 2061 3694 quia
2093 3623 2145 3677 in

557 3728 1153 3799 Constantinopolitana
1184 3724 1317 3779 urbe
1333 3718 1782 3779 clementissimus
1800 3729 2009 3787 noster,
2039 3717 2148 3772 imo

555 3823 699 3880 beati
750 3824 891 3878 Petri
931 3818 1159 3889 apostoli
1206 3816 1347 3871 ﬁlius
1387 3816 1682 3885 imperator
1734 3822 1973 3867 armatus
2029 3810 2145 3866 zelo

557 3917 649 3971 Dei
674 3931 735 3970 ac
759 3910 1030 3980 desiderio
1055 3908 1268 3980 pietatis
1297 3922 1577 3973 accensus,
1604 3906 1872 3976 episcopis
1894 3919 1961 3959 ex
1984 3901 2147 3958 totius

557 4008 741 4064 mundi
768 4005 1008 4077 partibus
1038 4002 1356 4073 aggregatis,
1383 4001 1526 4074 quod
1583 4015 1651 4055 ex
1685 4000 1851 4053 multo
1900 4006 2147 4068 tempore

557 4104 788 4159 tidcfitcr
819 4100 927 4171 70
955 4096 1225 4167 cupiebat,
1252 4101 1377 4154 dum
1396 4094 1871 4164 censuitmajestas
1891 4105 2144 4161 superna,

558 4213 652 4266 per
680 4210 850 4264 nuper
897 4195 1137 4266 elapsam
1183 4208 1379 4249 novam
1440 4190 1788 4247 indictionem
1833 4182 2069 4254 explevit
2097 4192 2145 4237 τι.

561 4288 870 4345 Universale
894 4288 1073 4358 itaque
1123 4297 1371 4342 sanctum
1414 4292 1630 4340 sextum
1676 4279 1965 4335 concilium
2014 4274 2151 4330 cele-

555 4381 769 4437 bratum
818 4389 920 4446 est,
953 4379 1022 4435 ad
1071 4378 1213 4450 quod
1264 4373 1646 4432 celebrandum
1677 4388 1742 4427 ex
1800 4366 2146 4440 pra-cesseris

557 4474 725 4530 nostri
754 4472 1065 4542 apostolica:
1109 4466 1384 4525 memoria:
1439 4463 1643 4520 domini
1674 4458 1966 4532 Agathonis
1996 4473 2147 4528 papa:

2256 580 2324 618 ne
2344 578 2529 619 eorum
2575 565 2663 634 qui
2714 564 2869 619 aliter
2926 563 3224 619 docuerunt
3254 560 3336 616 vel
3393 561 3766 627 crediderunt,
3795 571 3849 618 ct

2258 657 2372 712 haec
2401 658 2605 729 singula
2638 661 2943 729 relegeruut
2968 673 3030 712 ac
3062 664 3440 712 retractarent.
3476 655 3544 710 Et
3572 656 3695 727 quia
3726 672 3851 723 qua:

2258 748 2353 806 Dei
2379 762 2501 806 sunt
2532 766 2652 806 cum
2686 750 2801 821 ejus
2830 750 3022 805 timore
3048 758 3206 820 atque
3244 764 3429 805 amore
3449 750 3671 804 srrutati
3702 760 3850 814 sunt,

2256 841 2375 913 ejus
2400 852 2527 897 nutu
2573 859 2714 899 verte
2746 859 2839 913 per
2894 858 2990 898 eos
3042 844 3397 900 confessionis
3445 842 3729 899 sinceritas
3752 843 3851 898 de-

2256 948 2553 992 monstrata
2583 946 2742 1008 atque
2770 936 3082 993 conﬁrmata
3123 949 3205 995 est
3238 955 3253 991 :
3283 954 3407 1009 erga
3446 937 3586 1009 quod
3618 938 3855 1009 synoda-

2257 1027 2323 1084 lis
2372 1028 2611 1085 deﬁnitio
2660 1030 2817 1086 d.ctis
2871 1030 3284 1102 apostolicorum
3335 1048 3569 1088 virorum
3612 1047 3854 1089 consona

2258 1133 2604 1192 protestatur,
2629 1140 2695 1178 ex
2720 1124 2913 1194 quibus
2938 1133 3169 1180 vestram
3198 1124 3447 1179 satisﬁeri
3494 1124 3849 1180 dilectionem

2257 1216 2598 1272 confidimus.
2626 1218 2819 1287 Quiqui
2855 1234 2981 1274 vero
3033 1216 3317 1273 adversum
3349 1217 3659 1288 apostolicae
3685 1222 3852 1273 tradi-

2258 1304 2417 1361 tionis
2468 1312 2751 1376 puritatem
2805 1308 3201 1380 perduelliones
3238 1309 3562 1366 exstiterunt
3586 1312 3851 1367 abeuntes

2258 1398 2469 1467 quidem
2510 1410 2707 1456 mtcrna
2739 1402 3189 1458 condemnatione
3241 1402 3475 1459 mulctati
3500 1411 3643 1465 sunt.
3683 1404 3735 1458 id
3766 1415 3850 1457 cst

2257 1492 2572 1549 Theodorus
2600 1494 3021 1562 Pharanitanus,
3053 1496 3224 1568 Cyrus
3270 1497 3687 1564 Alexandrinus,
3723 1498 3851 1554 Scr-

2257 1586 2395 1656 gius,
2424 1587 2677 1657 Pyrrhus,
2732 1588 2948 1654 Paulus,
3002 1588 3193 1644 Petrus
3246 1588 3850 1659 Constantinopolitani,

2256 1692 2377 1733 cum
2411 1679 2648 1734 llonorio
2675 1679 2765 1749 qui
2820 1680 3093 1734 flairimant
3152 1679 3390 1736 haeretici
3421 1680 3689 1751 dogmatis
3716 1698 3850 1749 non,

2256 1780 2315 1823 ut
2344 1769 2550 1837 debuit,
2574 1770 2867 1839 apostolica
2912 1769 3234 1826 auctoritate
3272 1769 3616 1841 incipientem
3644 1773 3851 1828 exstinc

2180 1842 2229 1904 Β
2258 1864 2359 1930 xit,
2412 1865 2506 1920 sed
2561 1868 2883 1939 negligenda
2929 1869 3182 1925 confovit.
3210 1869 3313 1937 Qui
3341 1885 3472 1927 vero
3524 1871 3849 1939 superstites

2255 1957 2543 2015 noluerunt
2563 1962 2628 2014 ad
2654 1962 2891 2017 veritatis
2912 1962 3303 2019 confessionem
3328 1979 3424 2035 per
3443 1963 3704 2021 medelam
3729 1980 3849 2036 pas-

2255 2048 2497 2103 nitentize
2530 2052 2770 2107 converti
2800 2052 2879 2107 vel
2912 2052 3173 2124 repedare
3202 2052 3269 2108 de
3322 2055 3602 2124 prmsulari
3656 2072 3721 2113 ac
3748 2073 3849 2114 sa-

2253 2143 2509 2198 cerdotali
2532 2145 2702 2216 gradu
2723 2145 2889 2203 deleti
2922 2156 3071 2213 sunt,
3103 2146 3157 2202 id
3213 2156 3297 2204 est
3328 2148 3589 2205 Macarius
3634 2166 3701 2206 ex
3731 2154 3848 2208 An-

2255 2232 2503 2289 tiocheno
2533 2236 2767 2304 prtesule
2794 2253 2914 2291 cum
2943 2239 3221 2308 Stephano
3265 2254 3327 2293 ex
3360 2240 3499 2294 abba
3527 2242 3849 2313 presbytero

2253 2326 2366 2393 ejus
2395 2326 2662 2398 discipulo
2690 2327 2799 2385 imo
2846 2330 3050 2386 erroris
3107 2331 3343 2388 haeretici
3374 2332 3759 2409 incentore[T.
3786 2338 3845 2407 l,

2250 2418 2306 2487 2,
2346 2419 2441 2487 U.,
2472 2420 2561 2486 0.,
2593 2420 2977 2494 incentatore],
3012 2434 3065 2481 et
3090 2424 3323 2496 quodam
3359 2440 3489 2481 sene
3519 2427 3845 2498 Polycronio

2251 2525 2316 2565 ex
2346 2510 2482 2565 abba
2512 2513 2830 2585 presbytero
2855 2529 2993 2569 novo
3043 2516 3282 2580 Simone,
3309 2518 3400 2589 qui
3430 2516 3620 2574 merito
3649 2519 3717 2576 de
3739 2519 3845 2575 Ec-

2251 2604 2434 2658 clesiis
2459 2604 2659 2660 Christi
2684 2616 2742 2660 ut
2795 2606 3114 2662 mercenarii
3148 2606 3393 2664 inﬁdeles
3442 2610 3673 2680 expulsi,
3708 2626 3846 2681 qua-

2252 2710 2368 2751 rum
2398 2696 2539 2751 noxii
2567 2697 2909 2755 subsessores
2940 2697 3027 2771 [T.
3063 2699 3113 2765 l,
3145 2699 3199 2765 2,
3236 2696 3328 2767 U.,
3358 2696 3449 2765 0.,
3472 2700 3842 2778 successores]

2251 2799 2303 2847 et
2335 2806 2679 2860 perversores
2706 2793 3049 2858 exstiterunt,
3081 2801 3137 2847 et
3185 2792 3289 2847 huc
3328 2793 3541 2849 exsules
3572 2794 3846 2866 deportati

2249 2892 2394 2947 sunt,
2432 2894 2488 2937 ut
2516 2895 2691 2938 reatus
2721 2883 2804 2939 sui
2857 2892 2911 2939 et
2963 2883 3417 2953 blasphemiarum
3472 2885 3523 2939 in
3554 2884 3721 2941 Deum
3743 2902 3844 2958 op-

2253 2976 2465 3045 probria
2496 2984 2909 3047 recognoscant,
2936 2976 3039 3031 sub
3063 2987 3373 3050 contemptu
3397 2993 3461 3034 ac
3490 2978 3838 3037 denotatione

2251 3063 2489 3122 ﬁdelium
2556 3071 2794 3124 omnium
2851 3070 3148 3125 constituti.
3200 3070 3264 3123 Et
3319 3069 3441 3139 quia
3498 3087 3726 3143 quaeque
3786 3075 3842 3131 in

2250 3155 2846 3230 ConstantinOpolitana
2879 3164 3009 3218 urbe
3052 3162 3340 3217 universali
3385 3163 3617 3218 concilio
3642 3179 3840 3221 occur-

2251 3262 2406 3308 rente
2428 3253 2700 3309 celebrato
2720 3263 2873 3326 gesta
2897 3264 3043 3321 sunt,
3078 3267 3295 3326 pr0pter
3325 3254 3517 3327 lingua:
3548 3256 3836 3315 diversita-

2251 3356 2379 3416 tem,
2410 3346 2461 3403 in
2498 3347 2686 3405 Graeco
2738 3350 2934 3421 quippe
2987 3362 3078 3407 aut
3103 3352 3301 3420 scripta
3348 3362 3494 3420 sunt,
3526 3354 3754 3411 necdum
3784 3356 3842 3412 in

2250 3451 2493 3497 nostrum
2526 3441 2553 3481 δ
2582 3444 2851 3515 eloquium
2900 3444 3206 3501 examinate
3250 3446 3530 3513 translata,
3570 3447 3848 3505 deﬁnitio-

2249 3550 2371 3590 nem
2404 3535 2508 3607 71
2544 3534 2757 3592 interim
2788 3536 3029 3608 ejusdem
3052 3540 3219 3594 sancti
3261 3539 3400 3596 sexti
3428 3540 3643 3595 concilii
3666 3549 3720 3597 et
3747 3556 3843 3599 ace

2250 3628 2652 3694 clamationem,
2682 3647 2802 3703 qua:
2826 3632 3249 3703 prophoneticus
3271 3634 3488 3703 dicitur,
3519 3634 3683 3692 totius
3707 3652 3846 3693 con-

2249 3719 2353 3773 cilii
2406 3720 2600 3775 factam
2650 3722 2716 3775 ad
2783 3721 3084 3792 piissimum
3160 3725 3478 3795 principem,
3527 3727 3845 3799 pariterque

2248 3811 2480 3867 edictum
2522 3814 2929 3871 clementissimi
2977 3818 3319 3889 imperatoris
3369 3819 3437 3875 ad
3466 3821 3707 3878 omnium
3739 3839 3844 3879 co-

2248 3904 2542 3976 gnitionem
2600 3906 2796 3978 ubique
2835 3909 3118 3977 directum,
3145 3908 3197 3965 in
3248 3910 3493 3967 Latinum
3524 3913 3592 3969 de
3644 3911 3844 3972 Graeco

2252 4002 2587 4068 translatum,
2609 4017 2705 4072 per
2728 4002 2951 4059 latorem
2969 4006 3311 4074 praesentium
3328 4004 3545 4062 Petrum
3567 4008 3843 4066 notarium

2250 4093 2607 4163 regionarium
2651 4105 2852 4151 sancta:
2907 4106 3104 4151 nostra:
3152 4098 3407 4154 Ecclesia:
3455 4108 3649 4155 vestra:
3705 4100 3847 4159 dile-

2252 4184 2414 4240 ctioni
2445 4186 2768 4253 direximus,
2791 4188 2950 4242 etiam
2981 4197 3096 4243 aeta
3123 4189 3283 4245 totius
3313 4190 3599 4247 venerandi
3623 4194 3847 4251 concilii

2251 4277 2527 4344 directuri,
2556 4277 2679 4333 dum
2738 4278 2934 4334 fuerint
2981 4278 3200 4335 climate
3252 4281 3541 4349 transfusa,
3574 4282 3620 4338 si
3662 4282 3765 4342 hoc
3786 4294 3849 4343 et

2251 4381 2429 4425 vestra
2452 4370 2607 4426 bonis
2635 4370 2828 4425 studiis
2860 4370 3072 4426 fervens
3103 4371 3334 4429 charitas
3358 4372 3671 4431 delectatur.
3702 4376 3849 4434 lior-

2254 4472 2430 4518 tamttr
2452 4464 2677 4532 proinde
2718 4473 2951 4519 vestram
3004 4464 3197 4520 divinis
3227 4467 3541 4523 ministeriis
3567 4470 3847 4542 mancipa-

556 4578 786 4635 persona
834 4561 1130 4635 presbyteri
1181 4557 1502 4626 diaconique
1545 4553 1733 4611 directi
1780 4563 1925 4608 sunt.
1960 4551 2035 4604 De
2066 4550 2147 4606 di-
2177 4576 2232 4639 υ
2257 4562 2362 4607 tam
2392 4552 2446 4607 in
2481 4553 2601 4609 ﬁdei
2630 4552 2849 4609 veritate
2903 4554 3268 4624 concordiam,
3300 4566 3359 4613 ut
3386 4574 3650 4616 summam
3681 4562 3848 4619 sedu-

556 4658 733 4711 versis
763 4664 941 4710 autem
974 4651 1218 4708 conciliis
1251 4650 1373 4705 huic
1430 4656 1636 4704 sanctae
1680 4645 1986 4717 apostolica:
2028 4645 2145 4701 sedi

558 4746 712 4817 cujus
757 4745 1060 4801 ministerio
1108 4740 1381 4813 fungimur
1435 4737 1842 4809 subjacentibus
1873 4735 2144 4805 archiepi-

556 4844 703 4912 scopi
734 4856 764 4896 a
795 4839 952 4896 nobis
977 4847 1103 4894 sunt
1154 4835 1427 4901 destinati,
1463 4834 1553 4904 qui
1600 4847 1725 4890 cum
1757 4832 1846 4903 pio
1904 4830 2146 4900 principe

558 4934 721 4994 simul
750 4945 802 4991 et
830 4930 1078 4988 omnibus
1104 4932 1192 5001 qui
1215 4936 1334 4998 ejus
1357 4926 1610 4983 mandato
1639 4933 2008 4982 convenerunt
2039 4925 2143 4979 Ec-

556 5026 841 5083 clesiarmn
896 5024 1216 5096 praesulibus
1269 5020 1624 5092 praesidentes
1673 5034 1735 5074 ac
1773 5019 2140 5082 considentes,

554 5118 789 5191 primum
819 5119 1032 5189 quidem
1063 5124 1247 5173 sancta
1304 5116 1538 5186 quinque
1569 5114 1888 5170 universalia
1917 5113 2141 5169 concilia

557 5224 613 5271 et
640 5212 980 5270 venerabiles
1010 5210 1255 5267 ecclesiae
1286 5208 1495 5276 Patres,
1526 5224 1750 5279 quorum
1802 5207 1924 5262 libri
1950 5221 2015 5262 ac
2062 5215 2143 5261 te-

556 5305 811 5361 stimonia
834 5304 960 5359 hinc
983 5302 1197 5359 fuerunt
1222 5300 1488 5357 destinata
1516 5316 1637 5356 cuin
1666 5312 1817 5356 torno
1838 5297 2143 5370 doguiatico

557 5398 868 5467 apostolica:
916 5393 1193 5450 memoria:
1226 5392 1396 5449 nostri
1444 5392 1746 5449 decessoris
1772 5391 1973 5445 domini
2002 5391 2143 5458 Aga-

560 5490 741 5545 thonis
769 5505 917 5559 papte
944 5497 1105 5559 atque
1132 5489 1418 5560 pontiﬁcis,
1451 5495 1507 5543 et
1545 5486 1819 5556 responsis
1849 5483 2012 5539 totius
2040 5496 2143 5538 no-

559 5594 688 5640 stra:
719 5584 909 5654 synodi
940 5599 1037 5655 pro
1094 5583 1507 5641 conﬁrmatione
1556 5581 1780 5636 duarum
1832 5577 2144 5633 naturarum

560 5680 895 5750 duarumque
941 5678 1261 5735 naturalium
1306 5676 1637 5733 voluntatum
1689 5683 1743 5729 et
1767 5672 2147 5742 operationum

629 5826 652 5851 η
686 5816 993 5884 (l.,nouam
1016 5816 1346 5871 indictionem
1371 5811 1617 5880 implevit.
1710 5861 1745 5867 __
1811 5861 1816 5865 .

2257 4646 2458 4701 litatem
2482 4655 2641 4716 atque
2663 4661 2881 4718 operam
2906 4648 3193 4717 praebeatis
3216 4650 3544 4721 paribusque
3566 4653 3845 4714 laboribus

2256 4742 2604 4812 accingamini
2634 4758 2729 4810 pro
2749 4758 2933 4799 amore
2956 4754 3118 4813 atque
3144 4745 3335 4799 timore
3357 4744 3474 4815 Dei,
3497 4744 3852 4806 Christiana:-

2255 4852 2360 4906 que
2384 4836 2623 4906 profectu
2671 4837 2944 4907 religionis
2999 4845 3055 4893 et
3104 4837 3414 4908 apostolica:
3444 4841 3850 4909 prtedicationis

2257 4928 2508 4999 puritate,
2535 4938 2594 4984 ut
2616 4944 2707 4998 per
2734 4930 3014 4984 universos
3033 4938 3223 4984 vestra:
3247 4931 3536 4999 provinciae
3561 4932 3849 5002 praesules,

2255 5024 2565 5079 sacerdotes
2588 5033 2642 5079 et
2670 5022 2853 5092 plebes
2874 5038 2968 5092 per
2993 5023 3299 5092 religiosum
3330 5033 3573 5079 nostrum
3604 5024 3850 5082 studium

2254 5114 2558 5170 innotescat
2613 5128 2678 5168 ac
2722 5114 3010 5169 salubriter
3063 5113 3390 5185 divulgetur,
3417 5128 3471 5171 et
3499 5117 3568 5173 ab
3594 5118 3852 5174 omnibus

2253 5208 2565 5264 reverendis
2607 5207 2877 5277 episcOpis
2924 5222 3031 5264 una
3090 5208 3368 5265 vobiscum
3417 5209 3852 5281 subscriptiones

2253 5300 2308 5356 in
2336 5301 2581 5356 eamdem
2615 5300 2979 5356 deﬁnitionem
3033 5302 3327 5358 venerandi
3370 5303 3584 5360 concilii
3632 5305 3850 5362 subne-

2252 5404 2486 5461 ctantur,
2508 5409 2574 5451 ac
2601 5394 2645 5450 si
2677 5394 2913 5466 profecto
2942 5394 2995 5451 in
3028 5396 3169 5452 libro
3195 5395 3317 5452 vita:
3346 5411 3643 5468 properans
3670 5413 3850 5455 unus-

2250 5487 2475 5561 quisque
2501 5488 2699 5545 Cbristi
2746 5487 3111 5546 Ecclesiarum
3161 5490 3389 5547 antistes
3438 5506 3593 5548 suum
3643 5507 3847 5551 nomen

2251 5582 2545 5639 ascribunt
2570 5590 2626 5638 et
2654 5581 2708 5638 in
2755 5581 2916 5638 unius
2950 5582 3280 5655 evangelicae
3324 5592 3486 5656 atque
3534 5584 3848 5655 apostolico

2253 5673 2380 5733 ﬁdei
2404 5671 2751 5735 consonantia
2773 5673 3055 5735 nobiscum
3085 5682 3143 5736 et
3169 5689 3297 5735 cum
3334 5676 3626 5738 universali
3650 5685 3847 5735 sancta

2772 5808 2801 5838 ψ
2865 5789 3050 5840 εὔπνῖῆ
3094 5792 3218 5840 Eii-"1
3276 5790 3441 5839 ’ξ’ςᾳνδι
3484 5813 3539 5836 εις
3590 5822 3615 5831 ιι

624 5886 653 5929 δ
686 5886 748 5947 Τ.
782 5889 835 5959 l,
863 5889 919 5957 2,
951 5889 1135 5960 quippe
1164 5885 1447 5954 conscripta
1470 5893 1606 5954 sunt,
1638 5892 1683 5940 ct
1727 5885 1939 5941 necdum
1978 5886 2317 5966 in__nostrum.
