4086 6358
233 376 336 439 145

749 369 1154 431 GBECORUM
1193 367 1530 428 CONCILIA.
1569 394 1637 406 -—
1672 355 2561 420 CONSTANTINOPOLITANUM
2603 349 2998 412 SECUNDUM.

3407 345 3509 406 HG

226 490 435 568 synodo
455 506 552 565 per
567 505 677 547 sum
696 491 1109 563 subscriptionis
1133 488 1527 545 confessionem
1553 494 1804 555 tanquam
1835 485 1889 544 Α
1915 481 2024 534 lum
2075 480 2367 536 salutifera:
2415 478 2592 535 crucis
2621 477 2857 542 Christo,
2888 475 2976 546 qui
3011 474 3064 528 in
3095 486 3158 528 ea
3215 486 3514 544 suspensus

229 601 468 656 praesens
497 585 687 655 spiritu
717 586 1022 653 conveniat,
1055 593 1316 651 quatenus
1371 581 1594 633 Domino
1624 587 1810 632 nostro

227 680 354 736 Jesu
383 679 624 746 Christo,
654 693 774 734 cum
801 680 851 733 in
901 678 1137 748 glorioso
1184 691 1246 730 ac
1279 674 1502 729 terribili
1538 680 1812 742 potentatu

228 775 295 830 ad
347 773 695 845 iudicandum
752 773 1030 828 advenerit
1075 769 1191 844 [U.,
1218 765 1474 837 venerit],
1509 781 1628 820 cum
1662 764 1814 819 titulo

229 864 543 922 orthodoxa:
567 863 925 918 confessionis
964 875 1253 918 occurrens
1284 866 1589 915 consortem
1619 875 1678 914 se
1707 867 1815 912 tra-

231 960 446 1016 ditionis
472 957 780 1025 apostolicae
809 972 905 1027 per
930 971 1117 1010 manus
1145 970 1257 1009 suae
1287 953 1618 1008 demonstret
1641 953 1816 1021 signa-

233 1054 430 1118 culum,
465 1060 522 1105 ut
550 1067 671 1105 cum
700 1049 1065 1119 apostolorum
1113 1045 1331 1110 Christi,
1366 1059 1592 1116 quorum
1616 1045 1816 1098 confess

237 1149 439 1201 sionem
471 1143 585 1198 telo
617 1157 758 1197 veras
790 1141 1005 1211 pietatis
1023 1138 1383 1210 amplectitur.
1419 1138 1574 1192 beato
1596 1149 1818 1191 consor-

239 1239 305 1292 tio
333 1238 660 1308 perfruatur,
692 1235 980 1290 revolvens
1024 1246 1240 1301 semper
1274 1232 1326 1284 in
1379 1228 1558 1283 cordis
1609 1226 1818 1281 arcanis

236 1332 549 1387 sententiam
592 1329 803 1383 Domini
864 1327 1203 1398 praedicantis
1260 1341 1275 1378 :
1341 1323 1442 1390 Qui
1485 1338 1564 1375 me
1613 1319 1817 1390 confes-

229 1443 310 1479 sus
341 1425 498 1496 fuerit
527 1440 698 1477 coram
727 1422 1036 1485 hominibus,
1061 1418 1340 1487 conﬁtebor
1387 1424 1434 1470 et
1461 1431 1553 1485 ego
1587 1431 1701 1469 eum
1729 1430 1818 1467 eo-

225 1533 333 1569 rum
371 1514 530 1568 Patre
553 1531 664 1568 meo
702 1514 791 1584 qui
829 1514 882 1567 in
902 1513 1038 1566 caelis
1091 1519 1162 1565 est
1202 1508 1316 1582 [6,,
1351 1508 1533 1577 quiest
1564 1503 1815 1576 intactis}.

227 1607 357 1673 Quia
392 1619 441 1660 et
475 1621 573 1661 nos
605 1611 691 1676 qui
726 1605 852 1660 licet
901 1603 1158 1673 impares,
1191 1601 1305 1656 vice
1337 1608 1513 1654 tamen
1541 1599 1819 1667 apostolo-

227 1713 341 1752 rum
373 1697 630 1768 principis
665 1698 933 1764 fungimur
953 1737 967 1761 ,
996 1695 1120 1748 dum
1150 1703 1447 1748 vestrarum
1475 1689 1822 1760 subscriptio-

224 1807 351 1846 num
392 1791 610 1861 paginas
639 1806 761 1844 cum
796 1789 888 1842 Dei
918 1786 1168 1858 praesidio
1196 1800 1294 1856 per
1334 1785 1555 1838 latorem
1587 1797 1822 1853 prtesen-

1916 583 2018 639 est,
2050 572 2212 628 totius
2239 576 2480 642 corporis
2529 572 2765 626 membra
2823 569 2993 624 clavis
3023 566 3326 623 divinorum
3361 581 3513 622 man.

1916 667 2164 721 datorum
2191 666 2510 735 obstringat,
2561 675 2619 718 ut
2673 665 2766 719 tali
2795 662 3075 733 signaculo
3120 659 3510 715 cmnmnnitum

1917 758 2170 815 reseratis
2194 759 2371 828 januis
2400 759 2546 828 regni
2576 756 2817 812 caelestis
2847 753 3213 823 apostolorum
3261 751 3515 821 princeps

1917 852 1983 906 ad
2015 866 2198 906 secum
2249 850 2627 921 perfruendam
2677 847 3062 902 beatitudinem
3093 855 3354 900 aeternam
3384 855 3517 900 sus-

1918 944 2100 1014 cipiat.
2477 956 2484 960 '

1922 1041 2144 1095 Domino
2169 1038 2390 1110 glorioso
2414 1037 2525 1106 ﬁlio
2573 1034 2842 1104 Simplicio
2885 1034 3058 1110 comiti
3087 1033 3190 1089 Leo
3243 1033 3516 1104 episcopus

2399 1103 2574 1162 servus
2603 1103 2860 1160 seruorum
2903 1103 3023 1158 Dei.

1991 1229 2124 1285 Cum
2151 1228 2419 1299 singulare
2451 1227 2517 1280 sit
2549 1234 2748 1280 nostrre
2776 1222 2960 1276 salutis
2983 1221 3278 1278 remedium
3315 1235 3442 1276 vera
3463 1220 3518 1275 in

1920 1321 2088 1378 Deum
2121 1320 2393 1376 confessio
2414 1335 2479 1373 ex
2515 1315 2809 1387 apostolica
2839 1313 3130 1368 traditione
3154 1311 3514 1377 descendens,

1921 1430 2040 1470 cum
2069 1431 2167 1482 qua
2198 1414 2335 1468 beati
2363 1421 2626 1482 martyres
2681 1405 3047 1477 temporaliter
3096 1404 3433 1459 decertantes
3466 1411 3523 1458 et

1922 1513 2137 1560 teterna:
2161 1505 2288 1557 vitae
2319 1502 2536 1573 prremia
2569 1507 2902 1564 meruerunt,
2938 1512 3032 1564 pro
3062 1511 3164 1566 qua
3193 1493 3523 1565 probatissi-

1924 1597 1994 1652 mi
2026 1595 2053 1634 δ
2080 1605 2284 1650 sancta:
2311 1593 2564 1648 Ecclesia:
2595 1589 2782 1643 Patres
2825 1600 2985 1658 atque
3026 1585 3276 1641 doctores
3303 1583 3521 1638 diversa

1922 1689 2216 1744 certamina
2240 1697 2292 1742 et
2321 1685 2610 1740 immensas
2656 1681 2980 1736 afﬂictiones
3013 1677 3250 1748 perpessi
3279 1678 3518 1730 animam

1926 1781 2137 1836 tradere
2160 1793 2318 1849 quam
2353 1777 2511 1830 fidem
2541 1789 2726 1830 veram
2781 1771 3008 1841 prodere
3051 1768 3366 1838 delegerunt
3397 1763 3521 1839 [U.,

228 1885 358 1939 tiutn
396 1884 812 1953 susceperimus,
841 1881 935 1936 bas
957 1883 1093 1952 apud
1126 1880 1265 1935 beati
1283 1879 1430 1936 Petri
1451 1878 1819 1946 apostolorum
1851 1856 1900 1916 Β
1928 1871 2362 1944 maluerunt].ex
2391 1885 2619 1941 quorum
2648 1866 2880 1937 regulari
2910 1865 3173 1926 doctrina,
3196 1877 3355 1933 quam
3378 1873 3522 1915 nunc

227 1977 490 2048 principis
528 1979 924 2032 confessionem
976 1975 1317 2044 deponimus,
1351 1983 1410 2027 ut
1455 1987 1523 2028 eo
1554 1972 1822 2027 mediante

223 2079 389 2140 atque
419 2069 803 2133 intercedente,
836 2083 864 2120 a
887 2083 990 2138 quo
1043 2065 1362 2119 Christiana:
1390 2063 1510 2118 fidei
1545 2062 1822 2116 descendit

221 2175 351 2216 vera
388 2161 625 2228 traditio,
658 2160 916 2212 oneratur
943 2158 1169 2211 Domino
1219 2155 1347 2210 .lesu
1378 2153 1596 2208 Christo
1626 2154 1690 2207 ad
1744 2162 1824 2208 te-

225 2252 542 2307 stimonium
569 2262 619 2304 et
647 2251 868 2321 gloriam
903 2249 1017 2319 ejus
1047 2247 1357 2317 mysterium
1398 2245 1629 2300 fideliter
1652 2247 1823 2301 conli-

223 2347 462 2401 tentium
488 2361 548 2400 ac
597 2345 1070 2408 subscribentium,
1099 2343 1189 2414 qui
1251 2359 1392 2397 vera:
1425 2343 1492 2397 de
1522 2357 1581 2397 se
1611 2341 1824 2397 confes-

220 2436 402 2491 sionis
428 2437 775 2503 przl'conium,
811 2437 952 2504 quod
1012 2449 1106 2504 per
1154 2443 1232 2489 tot
1285 2444 1586 2504 temporum
1640 2435 1822 2504 lapsus

220 2528 497 2583 haereticis
520 2529 921 2595 opprimebatur
945 2527 1172 2594 insidiis,
1199 2543 1264 2582 ex
1315 2527 1577 2597 inspirato
1608 2542 1705 2595 per
1736 2541 1824 2582 se-

223 2619 414 2674 dulum
437 2617 506 2688 pii
533 2617 789 2688 principis
815 2618 1048 2673 studium
1071 2619 1220 2674 clare
1244 2620 1483 2674 veritatis
1513 2619 1681 2673 radiis
1711 2619 1826 2674 ubi-

226 2727 331 2781 que
374 2711 644 2766 concessit
691 2709 1011 2778 fulgescere.
1054 2710 1239 2767 Oblata
1297 2713 1476 2782 itaque
1508 2712 1695 2766 salutis
1727 2727 1820 2781 op.

226 2803 558 2874 portunitate
574 2810 631 2857 ut
655 2819 782 2858 vere
811 2803 1049 2858 divinum
1076 2820 1267 2858 munus
1293 2801 1504 2858 efficaci
1536 2803 1824 2859 sedulitate

225 2898 333 2968 72
366 2899 700 2950 fructuosum
747 2911 846 2950 vos
896 2895 1178 2951 hortamur
1205 2897 1513 2960 ostendere,
1547 2906 1603 2950 ut
1655 2896 1824 2966 gloria

223 2987 377 3044 vobis
413 2999 536 3044 ante
560 2987 725 3054 Deum
776 2998 1046 3042 accrescat
1076 2987 1142 3043 de
1189 2988 1535 3043 conscientia:
1571 2987 1822 3056 puritate.

225 3080 368 3137 Deus
414 3095 511 3136 vos
561 3080 859 3135 incolumes
909 3080 1198 3145 custodiat,
1230 3080 1568 3135 dilectissimi
1610 3078 1821 3135 fratres.

552 3170 894 3226 Dilectissimo
932 3172 1080 3242 fratri
1122 3172 1332 3239 Quirica
1371 3168 1495 3224 Leo.

296 3263 380 3318 Ad
415 3263 743 3335 agnitionem
773 3273 966 3317 vestrae
992 3261 1294 3316 dilectionis
1317 3260 1655 3322 deducimus.
1678 3257 1821 3330 quod

228 3355 460 3412 latorem
493 3356 836 3426 [trmsentium
890 3355 1110 3409 Petrum
1143 3351 1412 3408 notarium
1456 3351 1822 3422 regionarium

231 3455 434 3503 sanctae
465 3455 662 3501 nostra:
693 3444 946 3502 Ecclesia:
972 3446 1082 3501 illic
1111 3446 1519 3515 properavimus
1549 3445 1824 3499 destinare

231 3554 352 3594 cum
381 3540 692 3593 tractatoria
722 3540 788 3593 ad
818 3553 1007 3594 omnes
1039 3554 1143 3593 una
1185 3538 1464 3592 vobiscum
1496 3537 1694 3592 Christi
1725 3537 1826 3591 Ec-

230 3631 517 3687 clesiarum
549 3629 838 3696 antistites,
881 3630 1039 3684 simul
1089 3629 1250 3685 etiam
1294 3628 1359 3683 ad
1391 3627 1827 3699 praecellentissi-

230 3740 380 3780 mum
413 3735 572 3795 atque
606 3723 1121 3778 Christianissimum
1150 3737 1332 3793 regem
1367 3722 1532 3775 filium
1558 3730 1824 3790 nostrum,

229 3818 295 3872 ad
321 3817 726 3887 gloriosumque
756 3817 1029 3882 comitem,
1059 3816 1301 3871 contradi
1325 3829 1539 3886 quoque
1566 3814 1826 3869 facientes

227 3911 406 3966 eidem
431 3924 686 3978 responsa
714 3911 878 3964 linteo
897 3919 946 3973 ⁸,
967 3909 1336 3964 definitionem
1353 3907 1676 3962 venerabilis
1695 3921 1825 3977 syn-

226 4002 352 4067 odi,
416 4018 534 4069 qua:
584 4016 678 4068 per
726 4015 915 4055 novam
948 4000 1036 4072 [T.
1067 4000 1123 4067 1,
1159 3999 1251 4064 U.,
1275 3997 1366 4063 6.,
1405 3998 1625 4068 nonam]
1657 4013 1826 4066 nuper

227 4090 480 4160 elapsam
539 4089 884 4144 indictionem
942 4091 994 4144 in
1049 4087 1646 4159 ConstantinOpolitana
1697 4088 1830 4143 urbe

227 4201 352 4242 cum
392 4184 488 4240 Dei
521 4181 770 4252 prmsidio
801 4197 898 4253 pro
937 4182 1233 4238 stabilitate
1283 4181 1599 4236 orthodoxa:
1627 4191 1829 4235 nostra:

230 4277 358 4333 ﬁdei
393 4275 671 4331 celebrata
698 4283 812 4342 est,
845 4275 1288 4330 acclamationem
1341 4289 1554 4345 quoque
1582 4289 1831 4328 reveren-

234 4372 566 4428 tissimorum
619 4371 994 4438 episcoporum
1051 4369 1104 4423 in
1155 4382 1216 4422 ea
1274 4367 1743 4434 convenientium,
1775 4374 1830 4422 et

239 4465 470 4521 edictum
504 4462 728 4533 piissimi
759 4462 850 4516 filii
883 4463 1049 4516 nostri
1079 4471 1236 4531 atque
1281 4459 1684 4515 clementissimi
1715 4459 1830 4514 im-

1850 3216 1898 3282 C

1924 1985 2094 2041 usque
2123 1970 2240 2022 lucc
2269 1975 2452 2022 sancta
2483 1963 2680 2018 Christi
2711 1959 2953 2014 Ecclesia
3006 1958 3074 2012 ab
3111 1957 3226 2026 ejus
3249 1953 3524 2025 apostolo-

1928 2078 2047 2118 rum
2082 2061 2322 2130 principe
2345 2065 2660 2114 conservata
2691 2064 2853 2122 atque
2882 2061 3194 2121 praestructa
3226 2049 3526 2119 praedicare

1925 2154 2285 2226 cognoscitur,
2311 2153 2415 2224 73
2445 2163 2498 2205 et
2532 2165 2625 2218 per
2651 2146 2976 2216 apostolicos
3006 2158 3351 2200 successores
3381 2143 3528 2196 salu-

1927 2245 2335 2302 tarisinstitntio
2359 2258 2455 2313 per
2481 2241 2574 2296 Dei
2599 2241 2820 2309 gratiam
2849 2239 2914 2292 ad
2936 2251 3034 2291 nos
3057 2251 3225 2306 usque
3249 2233 3524 2304 pcrtinxit,

1924 2341 2017 2397 sed
2044 2350 2095 2395 et
2131 2351 2517 2409 prmcessorum
2561 2347 2864 2388 nostrorum
2910 2347 3006 2401 pro
3065 2331 3181 2402 ejus
3228 2329 3524 2386 stabilitate

1924 2435 2147 2492 nimium
2178 2432 2463 2487 desudavit
2494 2430 2781 2494 instantia;
2814 2443 3002 2484 verum
3055 2435 3174 2494 post
3227 2435 3305 2479 tot
3349 2433 3526 2479 certa-

1925 2528 2072 2583 mina
2105 2536 2160 2582 et
2190 2526 2511 2581 afﬂictiones
2541 2525 2855 2578 innumeras
2905 2520 3134 2576 diversis
3187 2517 3522 2588 temporibus

1923 2634 2123 2674 aversa
2155 2617 2276 2673 fidei
2325 2617 2535 2672 infestis
2585 2615 2826 2680 eﬂectas,
2880 2613 3097 2668 tandem
3145 2625 3377 2680 superna
3408 2609 3523 2664 cle-

1923 2714 2124 2768 mentia
2151 2727 2246 2766 cor
2269 2710 2549 2780 imperiale
2565 2709 2772 2765 ctelcSti
2823 2709 2988 2777 gratia
3038 2715 3371 2774 permstuans
3397 2700 3518 2774 [U.,

1924 2801 2013 2866 0.,
2046 2801 2402 2874 prastruens]
2442 2811 2497 2857 et
2552 2803 2762 2855 fervore
2791 2814 2902 2854 sua:
2941 2797 3127 2869 gratim
3153 2795 3219 2850 ad
3251 2795 3524 2866 indagan-

1924 2895 2046 2950 dam
2079 2911 2219 2951 verte
2244 2895 2454 2964 pietatis
2477 2895 2836 2963 integritatem
2866 2892 3166 2947 accendens
3191 2890 3259 2944 de
3286 2888 3520 2943 diversis

1927 2987 2111 3043 mundi
2143 2987 2381 3055 partibus
2417 3001 2587 3054 nuper
2640 2986 2924 3040 concilium
2957 2983 3268 3040 universale
3290 2996 3523 3052 congre-

1925 3083 2041 3155 gari
2092 3083 2376 3151 disposuit,
2427 3081 2479 3134 in
2535 3095 2641 3148 quo
2697 3080 2859 3134 etiam
2906 3078 3065 3149 legati
3113 3077 3272 3145 hujus
3323 3082 3525 3130 sanctae

1926 3174 2235 3243 apostolicae
2266 3171 2542 3238 Ecclesiae,
2574 3185 2731 3240 quam
2763 3168 2940 3224 divina
2966 3168 3280 3239 dignatione
3307 3166 3510 3235 dispen-

1928 3268 2148 3323 sandam
2181 3270 2538 3336 suscepimus,
2572 3272 2626 3321 et
2650 3266 3002 3322 conciliorum
3034 3264 3209 3320 eidem
3239 3263 3527 3334 subiacen-

1928 3363 2059 3417 tittm
2096 3361 2456 3430 responsales,
2489 3375 2593 3414 una
2639 3375 2759 3415 cum
2807 3359 3159 3414 serenissimo
3187 3357 3298 3411 filio
3330 3365 3518 3411 nostro

1929 3454 2256 3523 imperatore
2286 3451 2498 3520 pietatis
2522 3450 2822 3521 insignibus
2862 3459 2918 3503 et
2939 3448 3121 3503 infulis
3179 3446 3430 3502 redimite
3467 3445 3522 3502 in

1927 3545 2118 3601 eodem
2149 3558 2306 3598 sacro
2335 3543 2568 3598 concilio
2595 3541 3000 3604 convenientes,
3033 3554 3099 3595 ex
3136 3539 3348 3607 scriptis
3381 3553 3518 3607 pon-

1929 3637 2219 3692 tificalibus
2258 3645 2567 3690 sanctorum
2608 3633 2826 3687 Patrum
2877 3629 3206 3687 testimoniis
3254 3629 3522 3684 rob0ratis

1927 3729 2242 3799 apostolica:
2271 3727 2576 3782 traditionis
2605 3727 2844 3796 regulam
2882 3725 3021 3780 hanc
3064 3731 3305 3778 sanctam
3339 3720 3525 3777 Eccle-

1929 3819 2064 3877 siam
2086 3821 2268 3875 divino
2298 3821 2579 3876 subnixam
2632 3819 2834 3874 auxilio
2881 3818 3090 3887 integre
3123 3817 3418 3884 przedicare
3445 3823 3526 3868 at-

1929 3931 2033 3985 que
2063 3930 2278 3971 servare
2310 3917 2434 3970 toﬁs
2465 3915 2676 3970 nixibus
2737 3914 3120 3984 probaverunt.
3143 3912 3345 3966 Tomus
3377 3912 3522 3968 enim

1931 4005 2134 4060 domini
2163 4005 2461 4074 Agathonis
2506 4005 2815 4074 apostolicae
2861 4005 3142 4057 memoriae
3174 4003 3352 4071 magni
3385 4016 3523 4070 pon-

1932 4098 2086 4152 tificis
2101 4099 2379 4166 nostrique
2394 4097 2723 4161 decessoris,
2749 4110 2907 4164 quem
2929 4096 2995 4149 ad
3018 4093 3524 4164 tranquillissimum

1935 4192 2312 4260 imperatorem
2343 4189 2631 4250 direxerat,
2659 4189 2729 4240 ita
2759 4196 2877 4242 erat
2906 4202 2974 4241 ex
3005 4193 3312 4240 sanctorum
3343 4183 3526 4238 conci-

1935 4279 2128 4335 liorum
2154 4279 2560 4335 definitionibus
2592 4279 2980 4347 beatorumque
3008 4277 3226 4330 Patrum
3283 4276 3523 4330 testimo‘

1931 4374 2034 4427 niis
2066 4381 2120 4427 et
2147 4371 2537 4427 assertionibus
2566 4372 2811 4426 veritatis
2865 4371 3178 4436 instructus,
3223 4378 3283 4422 ut
3305 4379 3358 4423 et
3388 4371 3525 4424 inle-

1929 4468 2177 4536 gritatem
2206 4467 2518 4537 apostolica:
2561 4466 2684 4522 fidei
2741 4465 3068 4521 lucidissime
3099 4463 3441 4535 patefaceret,
3465 4477 3519 4521 et

240 4555 523 4627 Per-“0'55.
557 4554 640 4607 συί
664 4568 758 4622 Ι)Γο
787 4553 878 4607 Dei
899 4552 1198 4607 Ιηίηῖειθτῖο
1220 4551 1374 4624 [Τοῖο
1405 4549 1494 4612 σοι
1521 4548 1820 4622 mysterio].
1856 4580 1910 4641 D
1934 4559 2132 4614 erroris
2157 4559 2394 4614 haeretici
2443 4558 2678 4613 latebras
2720 4559 3005 4627 revelaret,
3039 4568 3093 4613 et
3124 4572 3192 4613 ex
3226 4559 3342 4628 ejus
3375 4561 3525 4614 inex-

241 4650 378 4719 quod
413 4646 769 4715 suscepimus,
801 4656 853 4700 et
885 4645 1204 4701 rectitudine
1230 4643 1543 4713 apostolicze
1578 4644 1699 4699 ﬁdei
1729 4657 1824 4711 per

243 4755 396 4806 quam
420 4740 630 4793 salvare
653 4747 759 4790 tam
788 4751 885 4790 nos
902 4751 1168 4806 quamque
1197 4735 1512 4790 commissas
1536 4734 1691 4788 nobis
1712 4733 1829 4787 ani-

243 4847 351 4887 mas
411 4831 804 4901 praestolamur,
855 4829 1247 4899 providentiam
1301 4837 1461 4898 atque
1507 4841 1827 4881 concursum

245 4939 458 4978 omnem
507 4921 767 4976 exhibeat
808 4929 985 4974 vestra
1017 4919 1067 4973 in
1113 4917 1330 4972 Christo
1387 4917 1620 4981 dilectio,
1654 4926 1711 4971 ut
1733 4931 1829 4985 pro

249 5018 590 5086 flagrantibus
617 5015 809 5070 studiis
839 5013 1162 5082 evangelicae
1190 5023 1349 5078 atque
1371 5009 1681 5078 apostolica:
1705 5008 1828 5064 ﬁdei

246 5121 456 5163 :rternze
481 5106 827 5160 beatitudinis
854 5119 974 5160 cum
1034 5104 1204 5158 beatis
1231 5101 1431 5158 Christi
1463 5101 1828 5171 apostolorum

250 5200 574 5270 principibus
621 5198 818 5252 habere
867 5197 1192 5252 consortium
1235 5195 1572 5251 mereamini.
1607 5196 1745 5250 Deus
1777 5204 1831 5252 te

252 5289 565 5345 incolumem
591 5288 879 5354 custodiat,
903 5286 1255 5342 dilectissime
1283 5285 1470 5344 frater.

321 5381 718 5438 Benedictionis
749 5381 930 5448 itaque
957 5379 1123 5448 gratia
1152 5393 1366 5432 crucem
1393 5379 1600 5433 clavem
1629 5377 1831 5435 haben-

255 5481 353 5527 tem
383 5473 452 5528 de
509 5472 679 5527 sacris
727 5470 956 5524 vinculis
1014 5469 1245 5522 auctoris
1291 5469 1459 5523 nostri
1491 5469 1632 5523 beati
1686 5470 1829 5526 Petri

256 5563 474 5628 apostoli
505 5571 606 5617 tua:
626 5560 905 5618 dilectioni
933 5558 1225 5614 direximus
1254 5599 1269 5624 ,
1299 5569 1357 5614 ut
1387 5560 1680 5628 praesulare
1721 5578 1830 5616 me-

256 5653 406 5708 ritum
435 5654 527 5710 Dei
555 5664 610 5710 et
633 5653 866 5724 proximi
924 5651 1156 5706 charitas
1202 5649 1423 5717 vinciat,
1457 5660 1512 5706 et
1542 5667 1638 5721 per
1658 5653 1831 5708 vexil-

326 5795 347 5822 ⁸
372 5788 426 5843 In
455 5790 514 5846 Β.
542 5789 631 5852 Β..
660 5804 903 5855 responsa
941 5789 1114 5844 (intra.
1145 5787 1201 5843 In
1251 5789 1462 5844 creteris
1491 5787 1775 5844 Codicibus
1809 5808 1824 5847 :

261 5863 709 5930 responsaliinfro.
745 5859 939 5917 Vocem
992 5859 1204 5916 linteum
1228 5861 1281 5920 in
1331 5870 1515 5920 nostro
1567 5861 1830 5930 glossario

1935 4649 2310 4719 pugnabilibus
2356 4650 2538 4714 dictis,
2587 4665 2680 4719 per
2708 4650 2935 4719 gratiam
2987 4649 3080 4704 Dei
3133 4650 3201 4704 de
3246 4649 3521 4706 hominum

1931 4741 2185 4797 cordibus
2209 4741 2448 4795 ha-rctici
2490 4741 2756 4810 dogmatis
2813 4742 3022 4796 sublata
3063 4741 3310 4812 caligine,
3344 4745 3522 4799 lumen

1933 4847 2077 4886 vera:
2101 4831 2457 4884 confessionis
2486 4830 2709 4884 effulsit.
2741 4830 2798 4883 In
2822 4846 2926 4899 quo
2949 4832 3364 4888 mansuetissimi
3389 4836 3524 4902 prin-

1931 4924 2066 4993 cipis
2098 4923 2250 4977 labor
2298 4937 2394 4989 pro
2425 4932 2585 4975 rectm
2617 4921 2739 4974 fidei
2766 4921 2962 4990 pietate
3005 4922 3313 4991 prmclaruit
3337 4925 3387 4976 in
3420 4939 3523 4976 sa:-

1933 5015 2066 5068 culis
2105 5014 2356 5068 omnibus
2382 5012 2787 5077 collaudandns,
2824 5025 2883 5066 ut
2910 5028 2975 5067 eo
3009 5014 3219 5071 favente
3267 5029 3390 5069 cum
3425 5013 3521 5067 Dei

1933 5102 2182 5174 praesidio
2223 5106 2421 5156 veritas
2473 5101 2784 5172 apostolicae
2833 5102 2955 5159 ﬁdei
3003 5103 3244 5160 bravium
3284 5101 3520 5157 victoria:

1933 5203 2192 5260 sumeret,
2226 5195 2586 5265 divinitusque
2641 5211 2955 5251 concessum
2985 5196 3270 5264 imperium
3301 5195 3519 5262 pietatis

1933 5288 2234 5359 insignibus
2282 5289 2584 5343 decoraret.
2617 5287 2848 5356 Ideoque
2895 5298 2950 5345 et
3001 5303 3096 5343 vos
3144 5284 3518 5359 gloriosissimi

1931 5380 2126 5436 Christi
2162 5380 2413 5435 Ecclesia!
2443 5380 2556 5448 filii,
2592 5379 2646 5434 in
2697 5383 2889 5451 quibus
2942 5378 3157 5449 pietatis
3188 5376 3516 5432 desiderium

1931 5472 2115 5544 pollet,
2138 5472 2458 5542 evangelicae
2481 5480 2638 5540 atque
2669 5473 2977 5541 apostolicae
3007 5465 3368 5534 praedicatiuni
3403 5484 3517 5524 ma-

1933 5581 2058 5622 num
2083 5565 2424 5635 suifragando
2473 5564 2746 5632 porrigite,
2805 5573 2864 5616 ut
2913 5559 3074 5614 etiam
3123 5566 3332 5613 vestras
3357 5558 3516 5615 Chri-

1932 5659 2285 5715 stianissimas
2327 5658 2574 5728 regiones
2606 5655 2830 5707 sincertc
2875 5651 3018 5717 fidei,
3052 5666 3209 5721 quam
3268 5651 3508 5721 diligitis,

1931 5795 2171 5850 consulat
2202 5792 2388 5846 lector.

2003 5845 2028 5900 ὖ
2061 5845 2122 5918 T.
2147 5864 2200 5928 1,
2221 5845 2277 5928 2,
2307 5852 2601 5915 beatissimi.
2629 5846 2716 5911 U.,
2745 5845 2845 5914 (ἰ,
2877 5853 3261 5925 promptissimi.
