4086 6358
553 399 660 458 N7

1251 389 1630 454 COLLECTIO
1670 377 1997 443 caxoxun
2039 379 2093 434 s.
2140 377 2412 444 lSlDURO
2451 349 3112 453 lllSl’ALiASCRlPTA”.

3705 371 3848 454 iss

551 514 727 588 fulgor
748 513 992 585 irradiet,
1017 520 1075 570 ut
1109 511 1420 584 apostolicae
1473 509 1846 582 praedicationi
1891 491 2135 567 faventes
2158 499 2216 572 Δ
2239 509 2552 581 probentur,
2583 521 2637 568 et
2668 511 2808 582 apud
2839 511 3034 583 Deum,
3082 510 3150 569 ad
3175 505 3331 586 cujus
3357 509 3589 584 gloriam
3628 501 3744 569 laus
3775 521 3847 570 et

551 617 712 680 atque
739 608 1131 664 collaborantes
1170 605 1498 661 consortium
1532 603 1768 660 ﬁdelium
1797 604 1936 675 apud
1967 603 2134 661 Deum

550 699 754 757 habere
780 700 1115 766 mereamini,
1148 698 1215 753 ad
1245 715 1402 770 quem
1425 698 1686 770 redigitur
1717 698 1837 772 [U.,
1869 697 2133 772 dirigitur]

551 795 618 852 de
645 810 884 850 eo-verae
925 792 1281 848 confessionis
1331 793 1632 863 integritas.
1690 790 1845 860 Quod
1895 792 2040 848 enim
2065 791 2134 848 ad

550 887 790 941 hostium
818 885 1049 940 officium
1083 885 1274 954 quibus
1295 885 1594 939 animarum
1617 882 1944 954 dispensatio
1983 899 2134 940 com-

551 978 716 1034 missa
764 986 846 1033 est
887 977 1242 1046 competebat,
1296 976 1656 1032 definitionem
1708 977 1877 1031 sancti
1921 967 2134 1032 concilii

547 1072 682 1127 sexti
708 1085 804 1141 per
833 1085 1025 1124 novam
1070 1068 1418 1125 indictionem
1447 1068 1502 1124 in
1546 1068 2134 1139 Constantinopolitana

545 1164 677 1219 urbe
699 1163 978 1227 celebrati,
1015 1147 1068 1218 et
1092 1163 1532 1218 acclamationem
1561 1162 1932 1222 universorum
1973 1178 2130 1220 reve-

543 1258 969 1313 rentissimorum
1004 1257 1403 1326 ep’isc0porum,
1433 1271 1552 1326 qua:
1579 1241 1635 1310 et
1683 1254 2134 1325 prospttoneticus

539 1339 627 1424 [Τ.
664 1349 716 1414 1,
747 1349 802 1415 2,
833 1345 925 1418 6.,
957 1331 1422 1420 prosphoneticos]
1449 1347 1668 1415 dicitur,
1699 1346 1872 1423 sedet
1900 1347 2134 1404 edictum

543 1435 667 1497 fidei
691 1457 719 1495 a
750 1441 987 1511 piissimo
1009 1439 1250 1512 Augusto
1268 1451 1450 1496 nostro
1491 1441 1839 1497 serenissimo
1892 1441 2001 1498 tilio
2030 1442 2135 1498 huc

524 1529 863 1594 destinatum
886 1537 1082 1592 vestris
1105 1536 1214 1610 74
1236 1552 1447 1608 quoque
1492 1535 1781 1609 provinciis
1830 1537 2134 1595 innotesce-

539 1644 622 1697 re,
652 1634 747 1699 per
778 1629 999 1684 latorem
1034 1630 1381 1697 prmscntium
1421 1628 1636 1684 Petrum
1662 1629 1928 1685 notarium
1961 1633 2133 1702 regioo

533 1719 750 1778 narium
785 1732 982 1777 sancta:
1010 1733 1209 1778 nostra:
1242 1721 1498 1776 Ecclesia:
1523 1722 1648 1779 illuc
1675 1721 1910 1795 dirigere
1937 1723 2132 1782 affectu

466 1820 478 1828 “
539 1817 765 1889 paterno
820 1818 1223 1883 maturavimus,
1256 1825 1313 1872 ut
1359 1815 1426 1872 de
1457 1816 1542 1890 [T.
1575 1819 1630 1885 1,
1661 1819 1716 1884 2,
1748 1818 1906 1892 unde]
1946 1821 2128 1891 profe-
2158 1873 2182 1892 λ

540 1885 628 1962 ctu
653 1909 970 1978 evangelica:
993 1917 1152 1979 atque
1168 1885 1478 1978 apostolicae1
1498 1885 1916 1979 praedicationis,
1936 1885 1991 1966 ut
2014 1927 2128 1968 me-
2158 1885 2206 1948 Β

535 1990 643 2058 rito
672 2001 792 2059 fidei
820 2020 962 2059 verte
988 2012 1291 2068 consortes,
1333 2004 1610 2059 nobiscum
1658 1989 1747 2079 [Τ.
1780 2004 1832 2073 1,
1863 2005 1921 2074 2,
1947 2006 2130 2063 vobis-

539 2093 682 2166 cum]
717 2095 1039 2150 unanimiter
1067 2093 1338 2151 tmtemini.
1369 2095 1575 2151 Hortati
1620 2105 1802 2154 autem
1833 2113 2018 2154 sumus
2046 2116 2134 2156 re-

536 2187 802 2243 verendos
832 2188 1193 2243 Ecclesiarum
1219 2188 1459 2244 omnium
1491 2191 1768 2260 praesules,
1800 2202 1857 2247 ut
1885 2193 2127 2250 subscri-

537 2281 750 2352 ptiones
806 2279 924 2354 [U.,
975 2281 1320 2356 scriptiones]
1375 2299 1502 2338 suas
1567 2282 1742 2342 eidem
1819 2289 2130 2358 apostolicae

537 2379 696 2441 atque
724 2361 969 2443 synodali
996 2373 1294 2427 definitioni
1347 2373 1686 2442 subuectant,
1713 2385 1768 2433 et
1816 2387 2002 2447 utpote
2035 2395 2131 2450 pro

534 2455 660 2517 filiis
680 2471 839 2532 atque
870 2477 990 2517 eum
1017 2463 1138 2518 filiis
1170 2473 1347 2534 patres
1377 2480 1476 2520 sua
1504 2469 1717 2523 nomina
1740 2468 1793 2523 in
1819 2459 2129 2540 bujusmodi

533 2542 675 2613 libro
701 2559 824 2613 vitae
853 2550 1174 2625 describant,
1200 2558 1267 2613 ad
1295 2558 1507 2615 laudem
1541 2559 1771 2618 fideliter
1801 2577 2128 2620 concurren-

537 2643 668 2708 tium
691 2661 745 2707 et
771 2651 965 2707 Christi
995 2635 1286 2723 Evangelio
1309 2651 1756 2709 collaborantium
1781 2664 1833 2710 et
1854 2670 2130 2714 commen-

535 2744 812 2800 dationem
844 2735 910 2800 ad
968 2735 1166 2824 Deum,
1189 2762 1348 2818 quem
1393 2754 1520 2801 tunc
1573 2762 1880 2802 mereamur
1930 2745 2129 2807 habere

531 2835 824 2920 propitium
858 2833 985 2892 dum
1015 2837 1133 2907 ejus
1157 2837 1281 2892 fidei
1306 2837 1586 2894 veritatem
1630 2838 2005 2895 immutilatam
2035 2825 2124 2917 [Τ.

534 2927 588 2998 1,
619 2929 676 3001 2,
705 2929 1062 3003 immutatam]
1089 2930 1192 2986 fine
1223 2931 1374 2986 tenus
1406 2940 1432 2967 ει
1465 2943 1869 2988 conservemus.
1920 2926 2128 2990 Incolu-

533 3022 673 3078 mem
701 3022 925 3093 gloriam
949 3032 1182 3078 vestram
1217 3009 1385 3092 gratia
1418 3035 1651 3088 superna
1674 3022 1965 3079 custodiat.

600 3109 683 3170 Ad
724 3124 1033 3188 perpetuam
1086 3113 1312 3185 proinde
1357 3121 1552 3166 vestra:
1583 3110 1832 3182 gloriosa:
1856 3114 2126 3170 Christia-

530 3208 720 3266 nitatis
783 3208 1170 3279 prorectioneui
1228 3203 1593 3259 venerabilem
1649 3221 1861 3260 crucem
1918 3207 2122 3263 clavem

527 3299 822 3357 habentem
875 3297 945 3355 de
1001 3295 1328 3352 salutaribus
1389 3291 1615 3349 vinculis
1667 3297 1903 3351 auctoris
1954 3298 2123 3354 nostri

530 3392 678 3453 Petri
711 3393 908 3448 Christi
956 3387 1327 3462 apostolorum
1361 3388 1616 3457 principis
1665 3402 1762 3458 per
1803 3401 2122 3460 praesentem

531 3487 779 3561 gerulum
827 3485 1147 3550 direximus,
1197 3491 1256 3537 ut
1301 3478 1455 3551 cujus
1485 3481 1749 3538 sinceram
1780 3482 2122 3541 dilectionem

530 3579 717 3653 geritis
747 3587 801 3634 et
832 3573 1133 3639 luminartis
1181 3571 1411 3629 fideliter
1456 3571 1750 3644 previdetls
1797 3569 2124 3631 traditionis-

530 3675 635 3746 que
666 3669 1047 3728 rectitudinem
1076 3666 1340 3723 veraciter
1381 3667 1788 3746 amplectimini,
1817 3665 1934 3742 ejus
1977 3665 2124 3742 jugi-

527 3743 617 3822 ter
652 3761 951 3837 apostolica
978 3755 1206 3815 tuitione
1234 3757 1539 3815 salvemini.
1571 3743 1743 3816 Amen
1783 3751 1837 3816 ι).
2097 3833 2106 3836 _

529 3882 835 3940 Benedictus
864 3878 1124 3949 presbyter
1168 3885 1233 3949 etL
1247 3878 1301 3932 in
1330 3876 1424 3932 Dei
1464 3878 1668 3932 nomine
1713 3876 1898 3938 electus
1921 3877 2128 3939 'sancta:

671 3933 806 4007 sedis
847 3933 1145 4017 ἆροειὸιὶσω
1197 3933 1355 4004 Petro
1418 3949 1618 4003 notario
1670 3933 1981 4021 regionnrio.

602 4043 763 4101 Juxta
801 4040 944 4111 quod
986 4050 1132 4101 tuam
1177 4043 1549 4098 strenuitatem
1576 4041 1888 4113 apostolica:
1920 4057 2126 4099 memo-

527 4139 626 4198 riae
682 4135 935 4192 dominus
981 4137 1091 4195 Leo
1139 4154 1274 4210 papa
1303 4133 1620 4210 Hispaniam
1661 4137 1991 4210 provinCiam
2046 4139 2127 4195 ire

528 4232 794 4304 disposuit
838 4233 904 4290 ad
929 4233 1480 4306 praecellentissimum
1507 4242 1562 4290 et
1609 4231 2128 4291 Christianissimum

529 4339 712 4396 regem
758 4334 816 4379 et
861 4325 1233 4382 sanctissimos
1281 4325 1722 4396 archiepiscopus
1757 4334 1812 4380 et
1852 4323 2126 4379 Ecclesia-

529 4411 650 4474 rum
680 4416 922 4474 omnium
969 4417 1226 4490 praesules
1267 4413 1469 4474 ibidem
1493 4417 1839 4486 constitutos,
1871 4414 2034 4471 simul
2075 4425 2130 4472 et

528 4507 825 4581 gloriosum
875 4512 1166 4576 comitem,
1222 4525 1323 4580 pro
1373 4506 1760 4564 innotescenda
1806 4505 2125 4564 venerabilis

2149 3249 2197 3318 C

2237 602 2501 658 stabilitas
2524 603 2647 661 fidei
2682 604 2999 663 Christiana:
3023 605 3299 680 redigitur,
3323 605 3720 664 commendatio
3741 605 3844 662 eis

2238 702 2397 766 atque
2423 698 2694 768 susceptio
2721 698 2829 773 75
2855 697 2922 754 ad
2945 698 3170 756 salutem
3193 695 3492 754 animarum
3517 695 3840 768 proveniat.

2237 787 2484 845 Ofﬁcium
2509 791 2736 862 proinde
2769 793 2985 862 pietatis
3008 800 3345 862 assumptum
3366 790 3638 866 vigilantia
3665 798 3842 860 atque

2237 881 2456 938 solertia
2501 881 2621 956 [U.,
2675 884 2915 960 vigilanti
2961 881 3207 958 solertia]
3235 881 3602 940 condecorans
3631 881 3836 939 festina

2240 975 2525 1048 perficere,
2550 975 2674 1050 quia
2703 987 2759 1033 et
2793 977 3105 1049 tibimetipsi
3132 976 3463 1035 thesaurizas
3493 977 3617 1034 boni
3645 979 3840 1050 operis

2235 1065 2492 1135 fructum,
2549 1077 2605 1124 et
2649 1067 3071 1141 suscipientibus
3119 1069 3378 1142 provides
3407 1070 3642 1128 cmlestis
3672 1069 3834 1140 regni

2235 1147 2619 1218 beatitudinem
2661 1162 3061 1236 perfectamque
3088 1164 3398 1236 apostolicae
3440 1164 3567 1221 fidei
3606 1163 3833 1221 confes-

2235 1253 2444 1310 sionem
2473 1254 2724 1325 adipisci.
2761 1256 3081 1324 Benedictus
3108 1259 3281 1330 gratia
3319 1257 3412 1312 Dei
3441 1256 3732 1329 presbyter
3771 1267 3835 1312 et

2235 1347 2436 1403 electus
2465 1357 2665 1404 sancta:
2693 1343 2837 1407 sedis
2883 1349 3193 1424 apostolica:
3222 1349 3536 1420 subscripsi.

2305 1439 2528 1496 Domino
2552 1451 2601 1496 et
2627 1443 3052 1499 excellentissimo
3084 1443 3192 1513 ﬁlio
3236 1440 3446 1514 Ervigio
3487 1443 3598 1512 regi
3626 1439 3754 1496 Leo.

2304 1529 2438 1591 Cum
2487 1552 2622 1592 unus
2667 1529 2761 1610 [υ.
2795 1537 2921 1592 add.
2971 1548 3026 1594 et
3063 1533 3319 1609 aeternus]
3366 1545 3541 1593 exstet
3583 1551 3676 1591 rex
3703 1550 3827 1590 om-

2234 1627 2381 1685 nium
2432 1631 2594 1700 Deus,
2635 1632 2726 1703 qui
2769 1642 2961 1689 cuncta
3007 1633 3213 1689 creavit
3262 1642 3319 1688 et
3365 1647 3436 1688 ex
3487 1631 3658 1688 nihilo
3705 1646 3830 1703 quae

2232 1723 2435 1804 creavit
2461 1727 2597 1794 regit
2625 1734 2680 1784 et
2703 1726 2943 1783 continet
2967 1767 2982 1793 ,
3014 1726 3104 1799 qui
3133 1741 3258 1782 vere
3287 1725 3406 1782 Rex
3439 1739 3624 1796 regum
3657 1734 3742 1781 est
3770 1735 3825 1781 et

2235 1812 2493 1874 Dominus
2515 1818 2922 1885 dominantium,
2942 1816 3084 1874 idem
3107 1815 3673 1888 incomprehensibilis
3697 1832 3824 1888 pro-

2237 1907 2490 1964 videntite
2536 1926 2647 1966 sua:
2679 1911 2962 1968 libramine
2995 1921 3104 1968 tant
3159 1913 3526 1983 temporaliter
3554 1926 3826 1983 quamque

2235 1999 2482 2058 localiter
2504 2002 2749 2060 diversos
2781 2005 2832 2060 in
2862 2005 3020 2061 terris
3049 2019 3274 2077 regnare
3305 2004 3564 2076 disponit,
3593 2020 3824 2076 quorum

2235 2094 2335 2150 etsi
2365 2093 2532 2149 divisa
2565 2091 2685 2166 [U.,
2712 2095 2947 2170 diversa]
2971 2104 3097 2152 sunt
3130 2111 3314 2164 regna,
3353 2097 3615 2167 aequalem
3643 2105 3826 2154 tamen

2233 2187 2301 2242 de
2332 2187 2560 2258 singulis
2589 2189 2856 2245 rationem
2887 2188 3306 2260 dispensationis
3349 2187 3582 2258 expetit,
3633 2204 3826 2244 unam-

2233 2293 2345 2353 que.
2384 2279 2450 2334 de
2502 2279 2583 2335 eis
2633 2295 2773 2336 verae
2820 2295 2931 2334 sua:
2981 2278 3338 2340 confessionis
3367 2278 3598 2336 hostiam
3649 2280 3824 2336 laudis

2235 2358 2536 2442 exspectat,
2570 2381 2624 2427 et
2652 2373 2754 2426 hoc
2778 2373 2953 2428 solum
3003 2387 3227 2428 munere
3251 2374 3393 2428 circa
3422 2371 3698 2427 hominum
3727 2387 3827 2443 ge-

2234 2478 2333 2517 nus
2362 2459 2732 2534 complacatur
2765 2464 2883 2534 ejus
2913 2463 3212 2536 majestatis
3242 2464 3596 2530 immensitas,
3628 2463 3753 2518 dum
3788 2476 3821 2518 a

2235 2553 2442 2612 cunctis
2480 2570 2604 2610 vera
2630 2554 2695 2609 de
2723 2570 2788 2611 eo
2830 2554 2917 2631 [T.
2946 2546 2998 2625 1,
3027 2555 3083 2623 2,
3117 2557 3185 2612 de
3227 2555 3358 2629 Deo]
3387 2556 3653 2613 confessio
3683 2571 3824 2627 pra:-

2232 2633 2460 2714 dicatur,
2494 2655 2552 2704 ut
2579 2647 2681 2704 etsi
2720 2645 3140 2720 dispositionum
3186 2649 3560 2720 temporalium
3608 2649 3822 2705 videtur

2233 2755 2355 2795 esse
2385 2737 2696 2808 diversitas,
2727 2742 2868 2796 circa
2893 2740 3010 2812 ejus
3041 2742 3164 2798 fidei
3186 2741 3565 2798 reetitudinem
3598 2742 3821 2798 unitatis

2231 2834 2580 2916 consonantia
2612 2843 2874 2890 teneatur.
2914 2835 3024 2889 lloc
3065 2835 3228 2890 etiam
3259 2844 3316 2892 et
3351 2835 3406 2890 in
3450 2834 3650 2891 sanctis
3705 2834 3822 2890 suis

2231 2921 2512 2997 discipulis
2545 2921 2799 2982 Salvator
2828 2927 3014 2982 mundi
3054 2927 3150 2983 Dei
3181 2928 3348 2984 Filius
3375 2942 3495 2984 esse
3519 2927 3824 2999 constituit,

2229 3011 2321 3090 qui
2373 3017 2588 3075 beatum
2637 3017 2853 3074 Petrum
2887 3017 2969 3074 sui
3003 3019 3118 3074 vice
3165 3017 3547 3090 discipulorum
3597 3035 3824 3076 suorum

2231 3106 2459 3166 instituit
2498 3110 2824 3181 principem,
2871 3111 3025 3181 cujus
3074 3111 3295 3167 salutari
3327 3113 3706 3183 praedicatione
3734 3123 3819 3168 at-

2230 3219 2337 3276 que
2382 3205 2669 3261 traditione
2696 3204 2765 3259 ab
2792 3203 2894 3262 hac
2920 3214 3109 3261 sancta
3155 3206 3450 3276 apostolica
3475 3205 3680 3263 Christi
3725 3207 3821 3263 Ec-

2229 3297 2425 3367 clesia,
2478 3299 2623 3354 velut
2675 3313 2705 3353 a
2745 3295 2894 3354 fonte
2950 3297 3350 3370 praedicationis
3402 3297 3818 3370 progrediente,

2228 3401 2437 3448 cunctae
2494 3394 2744 3463 regiones
2797 3394 2991 3464 quibus
3047 3394 3208 3449 etiam
3263 3403 3500 3450 vestrum
3549 3393 3819 3465 fastigium

2231 3487 2479 3557 praesidet
2504 3487 2572 3543 ad
2613 3487 2970 3559 c0gnitionem
3000 3486 3243 3543 veritatis
3271 3495 3327 3542 et
3371 3486 3510 3542 viam
3543 3487 3663 3541 vita:
3692 3501 3815 3558 per-

2229 3577 2404 3651 ducta:
2449 3585 2618 3645 sunt,
2669 3575 2929 3648 regnique
2973 3578 3137 3633 vestri
3185 3577 3404 3632 culmen
3452 3577 3710 3647 illustrat,
3762 3586 3823 3634 et

2229 3669 2356 3724 dum
2388 3683 2485 3740 per
2511 3671 2737 3740 gratiam
2791 3669 2882 3726 Dei
2908 3671 3110 3740 pietate
3137 3668 3397 3741 regnetis,
3427 3667 3496 3724 de
3535 3669 3824 3741 temporali

2229 3753 2398 3834 regno
2443 3767 2663 3818 aeternae
2711 3761 3054 3818 beatitudinis
3101 3777 3324 3833 regnum
3373 3761 3652 3834 acquiritis
3699 3763 3816 3822 :ad

2229 3853 2372 3936 quod
2403 3851 2695 3924 perfectius
2715 3853 3098 3921 obtinendum,
3128 3855 3266 3910 sicut
3290 3855 3554 3911 instanter
3573 3870 3812 3927 oramus,

2229 3945 2359 4002 dum
2414 3945 2510 4003 Dei
2559 3945 2866 4024 dignatione
2924 3956 3133 4017 patrum
3183 3948 3373 4006 ordine
3423 3950 3711 4019 fungimur,
3759 3958 3814 4007 et

2231 4041 2375 4099 beati
2404 4041 2548 4098 Petri
2596 4043 2966 4112 apostolorum
2992 4042 3254 4116 principis
3285 4044 3410 4099 licet
3457 4043 3690 4114 impares
3719 4058 3816 4115 pro

2229 4133 2521 4191 commisso
2567 4131 2746 4190 divina
2787 4148 2888 4205 ope
2925 4134 3228 4192 ministerio
3280 4135 3457 4193 locum
3505 4136 3814 4207 implemus,

2230 4227 2304 4284 ita
2353 4227 2696 4300 praedicando
2745 4238 2908 4300 atque
2957 4227 3352 4286 commonendo
3391 4231 3458 4284 ad
3498 4229 3669 4287 beata:
3694 4230 3817 4286 vita

2231 4323 2482 4379 meritum
2513 4337 2772 4380 conamur
2819 4324 3144 4395 provehere.
3177 4322 3390 4380 initium
3431 4326 3627 4394 quippe
3655 4333 3820 4380 retere

2229 4429 2314 4470 nte
2347 4400 2695 4471 beatitudinis
2728 4415 3032 4474 obtinenda:
3073 4427 3217 4473 recta
3271 4419 3578 4488 apostolica:
3625 4419 3822 4487 praedi-

2231 4506 2460 4562 cationis
2507 4518 2591 4564 est
2633 4510 2838 4578 regula,
2869 4524 3026 4577 quam
3058 4509 3160 4566 etsi
3193 4508 3518 4568 labefactare
3544 4509 3674 4566 olim
3701 4510 3823 4579 qui-

530 4613 699 4659 ssatae
737 4603 927 4674 synodi
969 4602 1304 4673 definitione,
1351 4599 1738 4658 acclamatione
1768 4617 1981 4674 quoque
2006 4619 2123 4673 quae
2155 4598 2356 4687 Ddam
2413 4600 2581 4656 moliti
2628 4609 2774 4667 sunt,
2831 4597 3115 4658 haereticos
3164 4603 3218 4659 in
3270 4603 3564 4660 Eeclesiam
3621 4604 3826 4661 Cfnisti

531 4703 586 4752 et
613 4695 1064 4765 prOSphoneticus
1094 4693 1292 4750 dicitur
1318 4687 1879 4751 reverentissimorum
1927 4697 2130 4767 episco-

536 4804 724 4859 porum
757 4785 848 4858 qui
877 4790 930 4843 in
959 4787 1150 4843 eodem
1179 4801 1208 4840 a
1246 4785 1355 4841 Deo
1386 4795 1712 4858 congregato
1738 4788 1970 4844 concilio
2000 4804 2128 4848 con-

531 4889 801 4936 venerunt
849 4865 915 4935 ad
964 4877 1444 4935 clementissimum
1499 4877 1818 4950 principem,
1852 4889 1908 4936 et
1952 4879 2129 4937 edicto

535 4973 780 5044 ejusdem
813 4969 1040 5044 piissimi
1073 4970 1331 5042 principis
1383 4967 1580 5041 ubique
1608 4972 1937 5041 generaliter
1965 4970 2130 5028 desti-

530 5072 697 5130 nato,
755 5079 851 5134 pro
897 5061 1208 5133 apostolicae
1266 5069 1470 5117 nostra:
1531 5053 1652 5116 fidei
1705 5063 1960 5118 firmitate
2003 5078 2126 5119 cum

529 5158 742 5212 summo
775 5153 988 5221 pietatis
1020 5153 1200 5209 studio
1230 5151 1576 5220 commissum
1619 5149 1973 5210 ministerium
2008 5172 2128 5223 per-

527 5247 651 5323 age.
692 5231 1132 5324 Subscriptiones
1157 5262 1371 5319 quoque
1417 5237 1976 5306 reverentissimorum
2009 5248 2128 5320 epi-

531 5356 824 5418 scoporum
896 5337 1018 5412 pbst
1077 5340 1323 5397 eamdem
1386 5329 1700 5414 synodicam
1757 5329 2127 5400 definitionem

529 5451 656 5492 cum
721 5448 932 5490 summa
990 5428 1278 5489 sedulitate
1338 5442 1500 5505 atque
1565 5433 1840 5506 vigilantia
1896 5448 2130 5506 procura

525 5525 806 5597 subjungi,
836 5536 892 5581 ut
916 5517 971 5582 et
998 5525 1157 5582 iidem
1183 5525 1613 5585 reverentissimi
1662 5528 1902 5598 episcopi
1927 5527 2130 5585 omnis-

527 5632 635 5688 que
689 5632 785 5686 per
809 5631 905 5671 eos
953 5615 1201 5688 religiosa
1230 5615 1507 5688 provincia
1536 5629 1821 5675 consortes
1843 5617 2124 5674 nobiscum

528 5706 806 5763 catholica:
850 5718 1013 5781 atque
1044 5710 1352 5780 apostolicae
1394 5706 1700 5764 traditionis
1729 5716 1786 5764 et
1827 5707 1955 5762 fidei
1979 5721 2129 5763 com-

603 5845 741 5919 {Es
767 5847 918 5914 G.,ln
944 5848 1006 5902 Β.
1029 5848 1120 5914 R.,
1145 5849 1250 5919 ﬁne
1274 5848 1554 5919 teneamus.
1573 5847 1639 5904 Τ.
1670 5848 1726 5919 1,
1752 5847 1855 5918 ﬁne
1881 5855 2125 5908 teneatue.

509 5914 596 5972 Τ.
625 5916 680 5985 2,
707 5917 861 5986 ﬁnem
892 5914 1152 5974 tenemus.
1179 5917 1266 5984 U.,
1305 5917 1410 5986 ﬁde
1437 5927 1602 5976 tenus.

2233 4689 2591 4747 intromittere
2649 4691 2914 4748 enitentes
2948 4708 3190 4750 errores:
3221 4694 3318 4750 sed
3347 4695 3654 4765 evangeliea
3685 4695 3825 4752 veri-

2234 4790 2317 4840 tas
2359 4783 2547 4840 vincit.
2577 4783 2682 4840 Pro
2714 4784 2830 4855 ejus
2860 4786 3154 4844 stabilitate
3204 4785 3529 4843 immutilate
3557 4789 3821 4844 servanda

2233 4875 2474 4932 diversas
2499 4876 2851 4933 afflictionum
2881 4877 3105 4934 insidias
3134 4878 3251 4934 htec
3289 4878 3587 4948 apostolica
3618 4879 3823 4934 Christi

2236 4961 2471 5025 Ecclesia
2520 4969 2777 5025 sustinuit
2833 4984 3048 5042 semper
3102 4978 3158 5026 et
3205 4971 3457 5041 sustinet,
3508 4983 3564 5027 et
3589 4987 3824 5041 superna

2231 5070 2401 5136 gratia
2425 5067 2753 5138 suffragante
2782 5065 2946 5122 illaesa
2974 5068 3233 5138 persistit.
3257 5067 3412 5125 Nunc
3434 5078 3640 5133 autem,
3682 5073 3822 5138 quiuit

2232 5173 2352 5216 cum
2379 5159 2670 5228 gratiarum
2699 5159 2911 5214 actione
2938 5159 2992 5213 in
3018 5158 3184 5214 Deum
3214 5159 3545 5216 exsultantes
3567 5158 3820 5216 efl'aniur.

2233 5265 2331 5321 per
2375 5265 2566 5305 novam
2623 5251 2710 5324 [T.
2768 5251 2820 5316 1,
2855 5249 2949 5320 U.,
2999 5250 3091 5318 6.,
3123 5249 3343 5322 nonam]
3392 5267 3565 5321 nuper
3583 5251 3822 5318 elapsam

2233 5345 2575 5404 iudictionem
2631 5349 2740 5421 76
2788 5348 3066 5419 piissimus
3123 5360 3286 5421 atque
3331 5349 3823 5405 Christianissimus

2233 5446 2416 5498 noster
2436 5440 2544 5499 imo
2559 5441 2815 5499 Ecclesite
2832 5440 2924 5498 Dei
2943 5442 3082 5500 filius
3105 5444 3398 5512 imperator
3420 5442 3487 5496 ad
3513 5443 3825 5512 apostolica

2231 5533 2506 5590 memoriae
2555 5543 2799 5592 nostrum
2850 5536 3193 5593 deeessorem
3245 5535 3582 5606 Agathonem
3633 5551 3824 5606 papam

2232 5632 2393 5696 atque
2442 5627 2753 5695 pontificem
2803 5629 3001 5698 scripta
3031 5627 3323 5698 imperialia
3356 5628 3593 5699 dirigens
3620 5626 3824 5696 affatim

2233 5719 2482 5778 hortatus
2513 5730 2617 5789 est,
2649 5729 2709 5777 ut
2735 5721 2802 5777 ab
2836 5720 2940 5776 hac
2964 5719 3050 5793 [Τ.
3083 5722 3136 5791 1,
3163 5720 3222 5792 2,
3247 5721 3374 5777 add.
3404 5720 3610 5794 nostra]
3638 5735 3824 5777 sancta

2307 5852 2337 5898 ι»
2366 5854 2445 5912 Ex
2467 5855 2533 5914 υ.
2556 5863 2610 5915 et
2631 5854 2724 5925 6.,
2746 5867 2866 5913 cum
2883 5854 3130 5930 δαισςνοχ
3154 5854 3364 5915 destttn
3377 5847 3552 5925 nim;
3583 5849 3648 5914 τ.
3678 5849 3736 5928 1,
3761 5853 3822 5915 2;
