4086 6358
270 376 382 439 119

825 370 1229 434 GRECORUM
1264 370 1599 434 CONCILIA.
1638 400 1709 415 --
1745 369 2612 434 CONSTANTINOPOLITANUM
2648 372 3048 434 SECUNDUM.

3438 380 3538 437 150

268 492 581 569 apostolicae
630 491 773 549 sedis
811 491 1049 547 Ecclesia
1098 491 1165 548 de
1193 491 1440 547 omnibus
1487 487 1933 558 adjacentibusA
1962 484 2013 540 in
2060 486 2258 545 deitate
2318 496 2480 561 atque
2549 490 2879 548 humanitate
2928 490 3141 547 Domini
3190 495 3359 551 noStri
3414 496 3545 554 Jesu

271 593 321 651 ei
349 588 660 648 reverendis
699 588 939 643 conciliis
969 587 1194 659 legatos,
1240 595 1348 640 tam
1390 584 1457 639 de
1491 582 1855 637 Ecclesiarum

273 684 595 758 prmsnlibus
617 696 884 752 quamque
926 682 993 735 de
1020 680 1139 733 aliis
1169 678 1449 733 ordinibus
1475 674 1858 730 ecclesiasticis

270 797 394 839 cum
425 776 742 849 dogmaticis
773 776 967 831 litteris
1010 772 1503 841 venerabiliumque
1546 769 1763 825 Patrum
1797 769 1861 824 li-

277 876 387 929 bris
417 887 481 926 ac
514 868 834 925 testimoniis
874 867 1161 922 instructos
1213 865 1266 920 in
1315 864 1517 934 regiam
1549 863 1861 918 Constanti-

280 964 641 1035 n0politanam
693 961 878 1014 urbem
918 958 1193 1027 dirigeret,
1245 956 1384 1026 quod
1435 955 1530 1011 Dei
1560 965 1687 1008 nutu
1732 953 1859 1009 effe-

279 1069 419 1114 ctum
459 1066 616 1125 atque
647 1052 940 1123 perfectum
978 1059 1081 1105 est.
1115 1049 1317 1117 Quibus
1367 1048 1493 1103 illuc
1521 1047 1591 1101 ob
1638 1048 1739 1101 hoc
1765 1046 1862 1101 ad-

282 1149 614 1205 ventantibus
656 1146 941 1202 concilium
986 1160 1052 1200 ex
1101 1142 1328 1199 diversis
1378 1141 1562 1197 mundi
1620 1140 1861 1210 partibus

282 1246 393 1309 ejus
436 1243 604 1313 pietas
670 1238 1047 1310 congregavit,
1096 1246 1151 1292 et
1196 1235 1499 1291 commissa:
1545 1233 1861 1303 reipublicae

279 1337 419 1392 curis
452 1348 640 1405 parum
672 1346 768 1401 per
799 1347 857 1387 se
886 1330 1094 1401 positis,
1140 1330 1205 1383 in.
1244 1326 1551 1383 venerando
1580 1326 1859 1394 episcopo-

273 1446 389 1486 rum
437 1427 654 1483 Patrum
705 1424 792 1499 [Τ.
839 1427 890 1491 1,
937 1425 996 1492 2,
1042 1422 1287 1495 fratrum]
1336 1420 1562 1479 concilio
1613 1419 1861 1475 residens

277 1525 561 1579 veritatem
614 1519 919 1590 apostolicae
952 1516 1253 1573 traditionis
1297 1526 1348 1571 et
1375 1515 1753 1571 rectitudinem
1798 1513 1862 1566 tl-

274 1618 363 1673 déi
418 1632 514 1687 per
551 1622 769 1670 sanctas
806 1612 1041 1683 synodos
1093 1608 1586 1677 venerabiliumque
1640 1606 1857 1661 Patrum

274 1707 606 1774 testimonia,
657 1715 714 1762 et
749 1706 1076 1760 assertiones
1105 1715 1500 1774 praecessorum
1550 1708 1858 1755 nostrorum

268 1799 639 1870 apostolorum
719 1796 1030 1866 pontiﬁcum
1091 1793 1357 1849 subtiliter
1408 1800 1567 1862 atque
1629 1790 1857 1847 attonite

267 1893 581 1950 examinare
620 1889 765 1955 fecit,
793 1898 846 1943 et
872 1901 1013 1942 verae
1055 1884 1177 1940 ﬁdei
1199 1883 1562 1940 sinceritatem
1596 1896 1626 1935 a
1672 1880 1861 1953 legatis

267 1985 432 2056 hujus
479 1992 681 2039 saneta
734 1980 1043 2051 apostolicae
1069 1977 1215 2033 sedis
1248 1975 1559 2041 monstrari,
1590 1973 1731 2044 quod
1766 1988 1861 2043 per

268 2077 367 2133 Dei
420 2077 649 2147 gratiam
699 2072 909 2142 imperii
972 2070 1247 2125 adnitente
1315 2067 1567 2135 praesidio
1623 2077 1860 2135 emptum

266 2178 435 2237 atque
458 2176 730 2237 peractum
755 2171 840 2219 est
857 2179 874 2227 ς
893 2172 947 2218 et
962 2158 1355 2233 perfectissime
1372 2158 1560 2213 claruit
1577 2172 1720 2211 vera:
1738 2157 1863 2212 ﬁdei

274 2268 479 2317 nostrae
509 2257 773 2313 veracitas
805 2254 960 2326 juxta
988 2251 1291 2309 veneranda
1335 2249 1563 2307 concilia
1593 2258 1649 2305 et
1677 2250 1865 2320 proba-

275 2352 469 2409 bilium
508 2350 726 2405 Patrum
772 2348 1067 2411 doctrinas,
1098 2345 1228 2402 etin
1268 2360 1374 2400 uno
1421 2343 1649 2400 Domino
1678 2350 1863 2398 nostro

274 2447 403 2504 Jesu
453 2445 669 2501 Christo
700 2444 807 2499 ﬁlio
856 2442 976 2508 Dei,
1014 2442 1313 2512 eodemque
1367 2454 1497 2498 vero
1542 2440 1654 2496 Deo
1700 2448 1863 2511 atque

272 2538 540 2610 perfecto,
589 2544 646 2592 et
671 2536 880 2607 {eodem
940 2534 1156 2590 homine
1200 2549 1328 2591 vero
1382 2544 1542 2603 atque
1596 2533 1856 2603 perfecto,

272 2629 418 2685 sicut
464 2630 600 2684 duas
641 2624 1070 2696 inseparabiliter
1117 2634 1173 2681 et
1220 2624 1499 2680 iuconfuse
1542 2624 1862 2680 conﬁtemur

271 2731 514 2787 naturas,
567 2720 620 2775 id
671 2726 758 2776 est
804 2718 1039 2774 divinam
1087 2725 1143 2773 et
1189 2716 1497 2784 humanam,
1548 2716 1619 2770 ita
1648 2724 1703 2771 et
1728 2716 1861 2771 duas

269 2815 547 2872 naturales
589 2814 894 2869 voluntates
938 2820 993 2868 et
1034 2811 1169 2867 duas
1218 2810 1490 2866 naturales
1517 2811 1861 2880 operationes

267 2925 397 2966 eum
419 2922 608 2964 omnes
640 2907 839 2963 habere
868 2906 1224 2975 praedicemus
1256 2904 1549 2960 secundum
1572 2904 1861 2974 qualitates

270 3016 335 3057 ac
387 3001 747 3072 proprietates
810 2998 866 3051 in
910 3013 976 3053 eo
1032 2996 1467 3053 concurrentium
1520 3004 1861 3060 naturarum;

264 3097 398 3165 quia
444 3094 528 3149 sic
573 3107 697 3149 eum
744 3106 908 3147 unum
950 3089 1226 3147 Christum
1269 3102 1537 3160 unamque
1578 3102 1864 3158 personam

268 3195 479 3243 sanctus
526 3184 806 3239 Trinitatis
854 3198 975 3239 esse
1003 3182 1295 3248 credimus,
1344 3191 1401 3236 ut
1444 3188 1500 3237 et
1527 3179 1761 3235 divinam
1806 3185 1859 3233 et

268 3281 563 3335 humanam
592 3288 836 3334 naturam
865 3286 919 3333 et
947 3277 1136 3332 harum
1168 3286 1477 3332 naturarum
1500 3274 1859 3343 proprietates

270 3370 577 3439 inconfuse,
615 3369 846 3424 indivise
876 3377 931 3423 et
957 3367 1275 3423 indiminute
1314 3380 1438 3422 eum
1485 3364 1686 3420 habere
1725 3376 1863 3433 prte-

268 3467 537 3523 dieemus.
583 3467 780 3520 Verum
835 3465 1106 3535 piissimus
1150 3464 1444 3535 imperator
1491 3464 1660 3533 gratia
1691 3463 1863 3517 sancti

272 3560 509 3630 Spiritus
556 3558 844 3626 animatus,
882 3565 937 3612 et
982 3556 1220 3613 laborem
1264 3572 1360 3625 pro
1388 3554 1710 3612 Christianae
1738 3554 1861 3611 ﬁdei

275 3653 515 3724 puritate
558 3661 747 3723 sponte
776 3666 1100 3723 perpessus,
1154 3651 1453 3707 Ecclesiam
1510 3650 1608 3707 Dei
1640 3650 1861 3707 catholi-

276 3756 397 3800 cam
424 3744 490 3798 ab
517 3743 722 3800 erroris
752 3743 989 3799 haeretici
1020 3743 1227 3799 macula
1256 3742 1483 3798 summis
1526 3742 1737 3797 nixibus
1765 3758 1864 3811 pu-

278 3838 495 3892 riﬁcore
525 3837 739 3892 molitus
768 3846 871 3902 est,
912 3844 968 3892 et
1019 3835 1275 3906 quidquid
1305 3835 1655 3891 oll‘eusionem
1709 3834 1865 3889 Chri-

282 3931 476 3986 stianis
506 3930 717 4000 populis
746 3938 953 3997 poterat
977 3942 1239 3999 generare
1262 3928 1332 3984 de
1352 3928 1529 3983 medio
1554 3928 1647 3982 Dei
1677 3928 1866 3983 Eccle-

279 4020 383 4077 siae
434 4022 560 4076 fecit
608 4021 843 4086 auferri,
899 4022 1192 4091 omnesque
1238 4020 1507 4075 haeretica:
1554 4019 1867 4075 assertionis

282 4119 533 4167 auctores
553 4111 861 4166 venerando
882 4119 1137 4166 censente
1166 4110 1284 4184 [U.,
1320 4107 1711 4180 consentiente]
1742 4124 1870 4165 con-

279 4204 409 4263 cilio
429 4204 771 4260 condemnati
797 4203 865 4260 de
886 4203 1161 4260 catholicae
1181 4204 1444 4260 Ecclesiae
1460 4203 1870 4260 annuntiatione

282 4298 507 4371 projeCti
538 4304 685 4365 sunt,
711 4296 763 4352 id
787 4305 871 4354 est
894 4292 1209 4354 Theodorus
1237 4296 1631 4353 Pharanitanus
1655 4297 1870 4368 episco-

281 4404 401 4461 pus,
434 4392 605 4462 Cyrus
648 4390 1058 4457 Alexandrinus,
1088 4390 1327 4462 Sergius,
1362 4389 1577 4457 Paulus,
1630 4390 1865 4461 Pyrrhus

280 4491 337 4538 et
387 4484 576 4537 Petrus
624 4481 894 4553 quondam
952 4480 1531 4551 Constantinopolitani
1584 4481 1867 4551 prmsu‘les,

1959 578 2157 635 Christi
2226 597 2385 637 unam
2444 582 2777 642 voluntatem
2842 600 3108 657 unamque
3172 590 3542 656 operationem

1962 674 2335 744 prmdicantes,
2385 676 2684 733 doctrinam
2734 679 3039 735 haereticam
3074 678 3414 749 impudenter
3444 680 3542 737 de-

1960 766 2181 823 fendere
2206 769 2561 835 conabantur;
2613 786 2789 839 neque
2828 773 2994 839 enim,
3025 782 3082 827 ut
3111 773 3416 828 sacerdotes
3448 774 3545 830 Dei

1960 868 2295 928 oportuerat,
2324 868 2632 914 sanctarum
2662 862 3055 932 Scripturarum
3079 872 3132 919 et
3154 864 3368 919 Patrum
3391 866 3545 920 testi-

1961 954 2156 1006 moniis
2181 953 2283 1008 hoc
2309 952 2771 1021 demonstrabant,
2803 955 2899 1010 sed
2930 956 3213 1012 mundanis
3242 957 3545 1027 sophisma-

1965 1044 2105 1099 tibus
2173 1045 2528 1116 Evangelium
2595 1044 2793 1101 Christi
2846 1048 3037 1104 callide
3102 1050 3546 1104 machinabantur

1964 1144 2294 1202 pervertere.
2337 1132 2484 1204 Quos
2512 1138 2698 1193 omnes
2727 1154 2848 1194 cum
2903 1140 3012 1194 suis
3043 1141 3316 1197 erroribus
3366 1142 3548 1197 divina

1962 1247 2194 1288 censura
2234 1232 2302 1289 de
2363 1243 2546 1288 sancta
2572 1248 2667 1288 sua
2716 1233 2941 1304 projecit
2991 1234 3253 1303 Ecclesia,
3304 1246 3359 1292 et
3408 1252 3549 1292 nunc

1962 1338 2195 1397 superno
2243 1325 2455 1383 favente
2486 1326 2736 1395 prtesidlo
2766 1326 2823 1381 in
2853 1338 3013 1382 unam
3064 1342 3209 1383 verte
3255 1330 3379 1384 ﬁdei
3416 1345 3549 1385 cono

1956 1413 2273 1472 'sonantiam
2323 1430 2513 1474 omnes
2565 1418 2659 1472 Dei
2722 1417 2976 1473 Ecclesire
3042 1419 3299 1487 prmsules
3346 1422 3549 1489 ubique

1962 1510 2314 1577 concordant,
2342 1519 2397 1567 et
2428 1510 2624 1566 factum
2655 1520 2737 1567 est
2766 1527 2926 1565 unum
2957 1527 3017 1568 os
3050 1520 3103 1568 et
3131 1512 3327 1568 labittm
3358 1530 3546 1579 unum,

1968 1617 2211 1673 unusque
2230 1618 2359 1672 grex
2391 1612 2449 1659 et
2475 1618 2614 1660 unus
2636 1611 2816 1673 pastor
2845 1604 3088 1660 Christus
3120 1605 3287 1661 Filius
3322 1606 3434 1673 Dei,
3459 1609 3549 1672 qui

1964 1696 2292 1752 unanimiter
2340 1712 2370 1751 a
2420 1698 2629 1753 cunctis
2667 1697 2785 1768 ejus
2832 1697 3201 1754 sacerdotibus
3229 1707 3387 1767 atque
3429 1698 3547 1770 [U.,

1967 1786 2140 1857 aeque]
2195 1788 2476 1851 sinceriter
2503 1789 2846 1860 praedicatur.
2891 1790 3095 1846 Idcirco
3126 1800 3179 1844 et
3204 1790 3367 1845 vestri
3397 1792 3550 1846 Ωιιτὶ-

1889 1857 1937 1916 Β
1969 1878 2127 1933 stiani
2192 1880 2343 1949 regni
2413 1857 2684 1950 fastigium
2738 1880 2972 1936 studium
3028 1882 3239 1950 pietatis
3287 1892 3546 1950 assumat,

1960 1978 2231 2039 quatenus
2285 1970 2398 2026 haec
2425 1970 2674 2026 omnibus
2725 1971 2819 2027 Dei
2877 1972 3155 2037 Ecclesiis,
3208 1974 3546 2041 praesulibus,

1963 2061 2355 2128 sacerdotibus,
2383 2062 2597 2119 clericis
2641 2072 2697 2117 et
2740 2064 2954 2133 populis
2990 2062 3057 2118 ad
3088 2064 3298 2119 laudem
3327 2065 3421 2119 Dei
3454 2082 3551 2134 pro

1964 2154 2131 2207 vestri
2159 2168 2371 2224 quoque
2405 2155 2556 2225 regni
2584 2155 2880 2209 stabilitate
2919 2164 3078 2225 atque
3109 2156 3279 2210 salute
3310 2157 3551 2211 omnium

1962 2240 2312 2325 pradicetur,
2343 2255 2398 2300 ut
2430 2246 2573 2300 Deus
2604 2242 2942 2321 omnipotens
2973 2247 3038 2301 ab
3064 2246 3311 2302 omnibus
3342 2248 3550 2317 pupulis

1967 2332 2290 2392 unanimiter
2324 2336 2653 2409 gloriﬁcetur
2683 2353 2743 2393 ac
2768 2336 3118 2394 collaudetur.
3167 2326 3549 2394 Deﬁnitionetn

1962 2426 2188 2499 proinde
2227 2431 2395 2486 sancti
2447 2429 2681 2498 concilii,
2715 2439 2768 2486 et
2815 2429 3257 2486 acclamationem
3290 2445 3548 2487 reveren-

1963 2521 2294 2577 tissimorum
2332 2514 2737 2592 episcoporum,
2768 2536 2888 2593 quae
2935 2520 3383 2592 prcephoneticos
3412 2521 3549 2576 dici-

1965 2623 2070 2683 tur,
2104 2615 2171 2670 ad
2203 2614 2500 2685 piissimum
2529 2616 2931 2686 imperatorem,
2976 2624 3031 2670 et
3055 2614 3283 2671 edictum
3314 2614 3550 2670 clemen-

1962 2703 2156 2761 tissimi
2225 2705 2562 2775 imperatoris
2628 2714 2726 2775 pro
2789 2720 2931 2762 verae
2998 2706 3124 2761 ﬁdei
3209 2707 3551 2762 confessione

1964 2797 2330 2866 censeriptum
2378 2807 2431 2853 et
2462 2796 2657 2867 ubique
2710 2796 3018 2853 mandatum
3066 2800 3407 2868 perlatorem
3437 2796 3548 2870 78

1963 2880 2311 2956 praesentium
2355 2888 2571 2944 Petrum
2617 2890 2884 2945 notarium
2934 2891 3301 2960 regionarium
3347 2903 3550 2946 sanctae

1964 2978 2169 3033 'nOStra‘c
2209 2979 2465 3035 Ecclesia:
2513 2980 2638 3036 illuc
2664 2981 3011 3051 pracvidimus
3064 2982 3354 3048 destinare,
3411 2991 3467 3038 ut
3496 2984 3554 3037 in

1968 3071 2155 3128 eadem
2206 3072 2374 3128 Satira:
2411 3073 2599 3145 synodi
2645 3073 2971 3141 deﬁnitione,
3007 3086 3261 3146 tanquam
3308 3092 3405 3147 pro
3436 3076 3551 3146 spi-

1967 3164 2249 3220 ritualibus
2299 3156 2422 3222 ﬁliis
2469 3166 2681 3236 patres,
2732 3180 2918 3223 omnes
2948 3160 3109 3222 vestri
3159 3165 3553 3237 religiosissimi

1967 3254 2124 3331 regni
2158 3255 2518 3313 Ecclesiarum
2568 3254 2834 3315 antistites
2878 3259 3029 3329 juxta
3052 3266 3293 3317 tenorem
3334 3275 3365 3315 a
3394 3260 3550 3321 nobis

1965 3342 2099 3406 illitc
2126 3348 2451 3408 deStinatum
2498 3346 2920 3422 subscriptiones
2973 3350 3097 3407 anas
3144 3353 3283 3409 sicut
3311 3354 3362 3408 in
3407 3354 3549 3409 libro

1970 3442 2094 3496 vitae
2144 3444 2239 3511 per
2282 3444 2399 3497 'suzc
2439 3440 2793 3498 confessionis
2843 3428 3174 3514 signaculum
3205 3442 3550 3499 ascribendas

1968 3534 2339 3605 unustjuiSque
2408 3532 2696 3605 subiungat
2747 3538 2850 3589 :‘ut
2894 3546 3000 3606 pax
3057 3545 3111 3591 et
3157 3535 3439 3591 concordia
3491 3537 3549 3594 in

1967 3616 2226 3682 Ecclesils
2278 3624 2372 3682 Dei
2428 3627 2593 3681 vestri
2652 3625 2897 3682 sublimis
2968 3625 3122 3694 regni
3176 3627 3548 3696 temporibus,

1965 3706 2079 3775 Deo
2120 3716 2451 3775 concedente
2502 3718 2789 3789 vestraque
2841 3716 3242 3774 Christianitate
3291 3718 3546 3784 favente,

1967 3808 2273 3870 Crebrescat
2294 3811 2411 3895 [U.,
2436 3809 2663 3895 crescat]
2710 3818 2767 3867 et
2805 3808 3050 3879 maneat;
3086 3812 3251 3881 utqui
3308 3820 3570 3867 vestrum.

1969 3896 2185 3965 culmen
2220 3892 2445 3978 regnare
2476 3892 2759 3976 disposuit,
2792 3910 2901 3959 ‘sut‘e
2931 3900 3053 3959 ﬁdei
3102 3903 3393 3959 Stabilitate
3422 3904 3554 3959 sub-

1971 3980 2153 4054 nixum
2206 3986 2467 4055 concedat
2511 4006 2607 4068 per
2654 3995 2885 4065 plurima
2917 4004 3157 4063 tempora
3210 4008 3463 4062 prospere
3489 4008 3552 4050 ac

1971 4074 2073 4145 sibi
2115 4090 2309 4159 placite
2362 4088 2706 4144 commissum
2763 4083 3015 4156 populum
3082 4083 3412 4154 dispensare.
3465 4086 3553 4141 ln-

1974 4179 2239 4235 columem
2265 4178 2639 4235 excellentiam
2671 4172 2901 4234 vestram
2923 4174 3092 4248 gratia
3114 4174 3343 4247 superna
3366 4187 3551 4233 custo-

1972 4258 2104 4328 diat.
2130 4269 2302 4326 Amen
2336 4278 2383 4325 τι.
2412 4283 2419 4294 ·

1971 4370 2050 4441 De
2075 4380 2102 4425 ι’
2129 4387 2209 4443 Itis
2247 4387 2335 4458 qui
2364 4390 2541 4458 contra
2587 4370 2825 4458 prtesules
2852 4383 3316 4458 ecclesiarunrDei
3349 4387 3563 4455 procaci

2149 4454 2396 4512 conantur
2444 4457 2633 4510 latrare
2662 4456 2773 4529 [G.,
2814 4454 3092 4528 oblatrure]
3124 4454 3370 4526 alloquio.

279 4584 332 4631 et
377 4584 481 4630 una
523 4551 654 4630 cum
673 4576 756 4631 eis
797 4573 1067 4630 Honorius
1110 4574 1402 4642 Romanus,
1428 4576 1519 4645 qui
1547 4574 1863 4630 immacula—
1891 4568 1947 4646 Ῑ)
2044 4576 2251 4632 Placuit
2304 4574 2428 4630 huic
2472 4558 2670 4630 sancta:
2720 4572 2926 4645 synodo
2972 4551 3267 4629 secundum
3318 4574 3557 4645 priorum

282 4676 391 4724 tam
440 4662 751 4737 apostolica:
793 4666 1096 4723 traditionis
1149 4668 1413 4738 rugulam.
1463 4681 1623 4738 quam
1670 4683 1701 4722 a
1731 4682 1868 4737 prat-

283 4762 586 4819 cessorihus
616 4763 730 4817 suis
756 4762 981 4831 accepit,
1011 4760 1265 4816 maculari
1296 4762 1401 4833 77
1442 4762 1716 4817 consensit
1741 4760 1861 4835 [U.,

283 4852 590 4923 concessit].
619 4852 725 4908 Sed
753 4860 806 4907 et
832 4851 1096 4907 Macarius
1109 4852 1476 4907 Antiochenus
1496 4868 1618 4909 cum
1638 4854 1869 4923 Stepha-

283 4958 349 5001 no
378 4946 492 5014 ejus
518 4942 780 5011 discipulo
831 4945 941 4999 imo
970 4944 1236 5000 haeretica:
1269 4945 1549 5014 pravitatis
1584 4947 1865 5017 magistro,

285 5048 336 5094 et
380 5038 702 5110 Polycronio
749 5038 977 5109 ddodam
1025 5037 1215 5092 insano
1259 5051 1391 5092 sene
1450 5051 1588 5094 novo
1620 5037 1863 5109 Simone,

284 5136 368 5204 qui
401 5148 499 5204 per
522 5132 789 5187 haeretica
814 5128 1205 5201 praedicationis
1236 5130 1485 5187 ﬁduciam
1513 5132 1871 5201 pollicebatur

288 5226 511 5297 implere
558 5230 734 5296 neque
781 5237 968 5279 rursus
1007 5222 1075 5279 ad
1127 5224 1266 5280 viam
1315 5238 1460 5280 verte
1510 5224 1867 5283 confessionis

287 5321 473 5375 saltem
521 5317 777 5373 confusus
824 5315 1103 5380 converti,
1154 5323 1359 5371 mterna
1413 5317 1865 5373 condemnatione

288 5411 570 5467 mulctatus
612 5419 718 5467 est.
768 5406 837 5463 Et
876 5420 1062 5463 omnes
1090 5406 1127 5460 ii
1153 5420 1272 5462 cum
1303 5406 1458 5479 Ario,
1506 5407 1863 5478 Apollinario,

291 5503 551 5573 Nestorio,
577 5502 897 5575 Eutychete,
935 5499 1160 5568 Severo,
1194 5501 1523 5571 Theodosio,
1564 5502 1868 5563 Themistio

361 5666 517 5736 {Vox
535 5666 697 5721 Amen
718 5666 996 5736 desumpta
1018 5671 1100 5719 est
1126 5676 1193 5720 ex
1215 5659 1282 5719 U.
1305 5669 1361 5718 et
1389 5641 1478 5733 0.,
1502 5675 1621 5718 cum
1642 5660 1779 5719 desit
1808 5663 1861 5721 in

294 5734 352 5791 Β.
384 5732 450 5792 Β.
483 5746 538 5792 et
576 5736 812 5808 reliquis.

604 5778 865 5873 3&1.ch
894 5807 1115 5873 canonis
1140 5808 1423 5864 lectionem
1463 5792 1726 5861 exhibent
1746 5870 1753 5873 ‘
1774 5820 1862 5861 so-
1886 5778 1892 5787 I

296 5868 399 5937 lum
424 5870 648 5939 COdices
676 5868 739 5937 υ.
766 5874 823 5936 et
870 5868 960 5947 6.,
986 5894 1017 5936 e
1038 5880 1262 5949 quorum
1306 5876 1478 5949 primo
1508 5880 1714 5934 textum
1741 5870 1863 5935 cum

1972 4669 2306 4728 sanctionem
2336 4683 2623 4736 canonum,
2653 4676 2709 4722 ut
2733 4668 2823 4739 qui
2854 4675 3251 4740 contemptores
3300 4667 3557 4725 Ecclesia:

1972 4763 2167 4823 Christi
2200 4762 2285 4819 vel
2307 4764 2473 4817 sacris
2507 4760 2623 4832 ejus
2651 4759 2977 4816 antistitibus
3009 4759 3323 4829 persistuut,
3353 4778 3383 4817 a
3412 4773 3557 4845 cmt‘u

1973 4854 2233 4909 ﬁdelium
2268 4851 2500 4909 triennio
2526 4852 3143 4917 excommunicarentur,
3198 4851 3367 4908 donec
3397 4846 3558 4908 forsi-

1975 4958 2064 5005 tan
2114 4948 2478 5019 resipiscendo
2512 4950 2611 5004 sub
2654 4947 3017 5002 satisfactione
3067 4928 3413 5017 paenitudinis
3457 4944 3555 4999 ad-

1972 5041 2113 5096 mitti
2164 5040 2377 5095 demum
2422 5024 2488 5093 ad
2534 5036 2964 5093 communionem
3022 5034 3250 5107 possint.
3307 5028 3463 5089 Certe
3508 5035 3557 5089 si

1973 5149 2160 5191 eorum
2183 5133 2358 5188 adhuc
2384 5126 2608 5188 nefanda
2663 5132 2957 5201 procacitas
2998 5122 3395 5199 perseverando
3423 5138 3554 5178 ausa

1970 5229 2132 5287 fuerit
2177 5237 2350 5299 erepta
2402 5224 2764 5282 indesinenter
2812 5225 3115 5280 obtrectare
3147 5230 3195 5288 ο,
3230 5215 3422 5287 placuit
3452 5231 3554 5273 nec

1972 5324 2027 5379 in
2057 5323 2218 5379 ﬁnem
2259 5321 2338 5377 eis
2362 5318 2539 5377 saltim
2567 5319 2815 5376 viaticum
2847 5318 2974 5373 dare
3006 5323 3065 5368 ut
3094 5310 3179 5387 vel
3218 5306 3490 5377 suppliciis
3519 5306 3552 5348 ιι

1972 5416 2206 5474 sentiant
2234 5414 2374 5485 quod
2424 5414 2512 5471 hic
2544 5428 2706 5469 sensu
2759 5417 3031 5480 torpentes
3056 5401 3432 5485 neglexerunt,
3461 5396 3551 5457 di-

1970 5519 2125 5568 cente
2150 5474 2338 5566 sancto
2386 5506 2588 5579 Spiritu
2629 5519 2725 5578 per
2769 5501 3084 5574 prophetam
3120 5513 3134 5551 :
3168 5474 3546 5582 Tantummodo

1970 5672 2297 5731 variantibus
2318 5665 2539 5723 alterius
2567 5658 2882 5731 lectionibus
2926 5647 3373 5721 deprompsimus.

2042 5727 2076 5784 ἕ
2107 5744 2195 5808 G.,
2233 5742 2384 5811 fuerit
2406 5738 2609 5811 domum
2634 5728 2760 5811 talia
2782 5727 3085 5811 obtrectare.
3106 5787 3247 5811 JH:

2022 5814 2067 5885 γά
2222 5790 2416 5868 aliis}:
2458 5800 2871 5885 quomodouunc
2896 5798 2975 5854 vel
3001 5790 3295 5866 suppliciis.
