4086 6358
574 306 675 366 l5!

571 520 692 573 dam
720 528 1004 577 attestante
1024 522 1263 586 doctore,
1294 523 1383 592 qui
1414 523 1570 594 hujus
1595 528 1885 595 preplietia:
1912 544 2145 584 consona

569 621 703 667 voce
728 610 1017 683 alloquitur
1044 612 1226 668 dicens
1251 629 1263 667 :
1295 612 1478 671 Nescit
1502 616 1678 671 omnis
1708 617 1917 687 iniquus
1948 621 2144 677 malum

548 702 559 756 l

1293 313 1665 373 COLLECTIO
1703 318 2024 379 csaosuu
2067 324 2119 377 s.
2168 321 2436 379 lSli:t)lt0
2482 326 2743 385 IllSPAL.
2786 330 3145 394 ASCRIPTA.
3732 314 3853 407 ιη’

571 425 683 481 sola
711 426 906 482 vexatio
934 426 1243 483 intellectum
1271 430 1410 483 dabit
1436 432 1670 498 aeditui;
1703 442 1756 489 et
1783 438 1997 506 egregio
2022 453 2153 506 quo.
2184 438 2231 498 Α
2260 437 2398 507 quod
2446 440 2573 509 agit,
2618 444 2720 499 nisi
2766 459 2889 501 cum
2936 462 3031 521 pro
3069 449 3270 507 eisdem
3301 452 3454 511 malis
3501 458 3678 528 puniri

3720 461 3836 536 jam

2262 531 2504 600 coeperit.

579 762 3821 824 W.__

2186 871 2263 947 X

1462 1031 2131 1121 CONCILIUM
2204 1039 2935 1133 EPHESINUMo

560 1190 994 1246 nucemonusi
1033 1202 1467 1291 EnPISCOPnRUM
1505 1208 1825 1265 HABI’I‘UM,
1854 1211 2176 1257 snvensus
2210 1215 2573 1264 NESTOIUUM
2612 1222 3413 1273 cons'rsu'rmorouruuu
3454 1232 3836 1291 ειηεαονωί,

642 1283 749 1336 QUI
796 1275 1085 1353 Punuuf
1137 1284 1432 1328 HOMINEM
1478 1288 1559 1330 ex
1606 1288 1845 1333 suam
1891 1291 2123 1335 VIRGINI

2227 1297 2400 1341 IARIA
2448 1301 2666 1345 ΝΔἸὍΜ
2714 1304 3018 1348 Αεεεηυιτ
3051 1332 3068 1358 ο
3114 1308 3198 1350 UT
3243 1310 3438 1355 ALIAH
3500 1275 3836 1361 PliIPSCN—A—I'

642 1358 891 1417 CARNI'S,
941 1363 1134 1407 ALIAM
1180 1364 1474 1408 FACERET
1517 1368 1832 1425 DElTATIS,
1887 1371 2007 1415 NEC
2054 1374 2233 1418 UNUII
2279 1377 2602 1425 CHRISTUM
2647 1384 2712 1425 IN
2763 1385 2968 1428 VERBO
3004 1386 3105 1429 DEI
3143 1389 3221 1429 ET
3254 1390 3460 1436 CABNI
3495 1358 3837 1458 ειεΝτηικᾶζ

640 1445 758 1487 8RD
804 1444 1159 1488 SEPARATIM
1210 1445 1415 1498 ATQUE
1464 1446 1815 1492 SBJUNCTIM
1864 1451 2161 1498 ALTERUM
2204 1456 2427 1503 FILIUM
2474 1461 2608 1522 DEI,
2653 1465 2955 1509 ALTBRUM
3000 1468 3264 1513 HOMINIS
3309 1471 3752 1519 PBEDICARET.

633 1574 877 1645 79-80
914 1574 1173 1629 Convenit
1224 1584 1401 1630 autem
1434 1575 1548 1632 base
1576 1578 1814 1647 synodus
1844 1579 2150 1635 Theodosio

558 1664 783 1721 Juniore
815 1663 973 1720 tertio
1015 1663 1226 1720 decimo
1275 1665 1397 1738 [U.,
1444 1667 1656 1723 decimo
1685 1667 1899 1741 quarto]
1952 1680 2009 1727 et
2037 1671 2145 1727 Va-

2258 1582 2421 1639 nitam
2480 1587 2799 1644 sanctissimi
2856 1598 2910 1645 et
2956 1594 3384 1651 venerantissimi
3436 1600 3839 1659 consacerdotis

2253 1678 2359 1749 81
2404 1682 2569 1735 nostri
2620 1681 2875 1739 Romana:
2928 1687 3172 1757 praesulis
3230 1689 3483 1747 Ecclesiae
3534 1691 3835 1765 leestini,

562 1755 855 1811 lentiniano
887 1754 1045 1809 tertio
1094 1755 1402 1811 consulibus
1431 1771 1537 1811 aera
1566 1772 1829 1813 cccccxrx
1855 1758 1883 1797 δ
1906 1761 1990 1814 cui
2012 1775 2144 1833 syn-
2174 1792 2226 1855 Β
2254 1769 2390 1825 scias
2422 1779 2473 1825 te
2517 1774 2719 1829 nullam
2768 1754 2965 1831 sortem
3000 1776 3087 1850 [T.
3118 1777 3170 1845 l,
3230 1781 3458 1855 partem]
3514 1784 3714 1841 habere
3743 1754 3839 1843 ηοξ

557 1850 664 1906 odo
704 1850 955 1920 praesedit
986 1850 1327 1905 beatissimus
1361 1851 1627 1938 quondam
1668 1852 1900 1918 Cyrillus
1921 1854 2148 1911 Alexan-

559 1942 694 1998 driae
720 1944 1022 2012 episcopus,
1056 1944 1146 2014 qui
1175 1957 1298 1999 cum
1356 1946 1499 2000 omni
1548 1946 1778 2002 concilio
1805 1947 1869 2002 ad
1898 1949 2147 2006 eumdem

560 2035 868 2090 Nestorium
908 2034 1023 2089 haec
1050 2034 1326 2104 synodalia
1356 2036 1571 2091 decreta
1607 2039 1924 2094 transmisit.

552 2166 819 2251 Religioso
840 2180 886 2224 et
910 2170 1018 2226 Deo
1040 2173 1615 2251 a_mabiti_co_nsacet_'_do_ti
1634 2177 1877 2251 Nestorio
1895 2178 2142 2251 Cyrillus,

488 2245 493 2252 '
620 2244 701 2296 uel
728 2258 843 2311 quia
867 2246 1098 2297 convenit
1124 2247 1263 2311 apud
1294 2245 1407 2317 |U.,
1429 2245 1516 2319 ad]
1545 2245 1805 2315 Ephesum
1831 2244 2078 2321 synodus.

627 2353 760 2410 Cum
783 2355 1030 2411 Salvator
1059 2364 1242 2412 noster
1270 2368 1453 2429 aperte
1476 2362 1813 2429 pronuntiet:
1842 2362 1942 2428 Qui
1971 2364 2145 2435 diligit

550 2459 748 2522 patrem
777 2459 867 2503 aut
894 2459 1108 2503 matrem
1143 2466 1300 2520 super
1346 2468 1425 2505 me
1451 2467 1552 2505 non
1602 2462 1674 2506 est
1716 2469 1795 2508 me
1841 2454 2047 2523 dignus,
2092 2469 2143 2512 et

552 2544 641 2613 qui
668 2543 837 2613 diligit
867 2544 1037 2613 filium
1074 2553 1162 2599 aut
1191 2546 1350 2614 [ilium
1392 2561 1541 2617 super
1569 2562 1648 2599 me
1686 2562 1787 2600 non
1841 2556 1915 2602 est
1942 2565 2022 2603 me
2048 2551 2141 2604 di-

550 2652 717 2709 gnus;
760 2637 886 2707 quid
951 2652 1050 2693 nos
1080 2637 1343 2705 patiemur
1381 2638 1469 2708 qui
1495 2637 1841 2708 deposcimur
1867 2654 1898 2695 a
1930 2650 2018 2696 tua
2049 2656 2138 2698 re-

552 2733 751 2804 ligione
797 2743 857 2787 ut
910 2743 961 2788 te
1005 2748 1164 2803 super
1201 2732 1473 2788 Christum
1525 2734 1847 2790 salvatorem
1893 2740 2137 2792 omnium

546 2825 869 2896 diligamus?
898 2825 1034 2892 Quid
1073 2826 1216 2881 enim
1249 2825 1477 2882 nobisin
1521 2825 1609 2881 die
1652 2824 1836 2897 judicii
1876 2828 2135 2897 proderit,

543 2925 640 2972 aut
678 2932 834 2986 quam
864 2915 1283 2973 satisfactionem
1310 2917 1546 2988 reperire
1593 2920 1890 2989 poterimus
1920 2929 2137 2991 propter

541 3018 651 3066 tam
702 3011 1010 3066 diuturnum
1057 3011 1331 3067 silentium
1386 3012 1455 3067 de
1510 3012 1732 3082 prolatis
1763 3027 1793 3067 a
1848 3022 1899 3068 te
1946 3024 2134 3071 contra

544 3117 668 3159 eum
720 3101 1108 3171 blaspliemiis?
1159 3103 1225 3157 Et
1271 3102 1533 3173 siquidem
1564 3111 1617 3158 te
1646 3104 2018 3159 tantummodo
2041 3106 2133 3161 lae-

544 3193 705 3249 deres
755 3193 954 3249 docens
1004 3194 1102 3249 ista
1155 3194 1243 3249 vel
1296 3195 1569 3261 sentiens,
1626 3194 1928 3249 sollicitudo
1975 3195 2134 3251 nobis

544 3285 721 3339 minor
764 3286 1021 3341 existeret
1069 3299 1238 3340 :cum
1295 3299 1423 3340 vero
1469 3292 1633 3339 totam
1684 3286 2134 3342 scandalisaveris

542 3378 863 3446 Ecclesiam,
896 3388 951 3435 et
988 3377 1308 3434 fermentum
1336 3376 1567 3432 insolita:
1597 3377 1873 3445 pravitatis
1902 3388 1956 3434 et
1980 3394 2134 3435 novae

542 3469 765 3526 haeresis
814 3470 1094 3527 miscueris
1147 3470 1201 3524 in
1254 3468 1465 3538 ponulis
1520 3482 1620 3523 nec
1670 3477 1875 3523 tantum
1932 3468 2131 3526 ibidem

542 3563 756 3631 positis,
788 3562 882 3616 sed
931 3559 1129 3625 ubique
1176 3558 1613 3624 consistentibus,
1646 3573 1767 3614 nam
1798 3569 2007 3615 tuarum
2038 3575 2132 3617 ex-

542 3654 872 3723 positionum
899 3655 905 3661 ’
932 3650 1053 3704 libri
1083 3664 1175 3717 per
1229 3658 1421 3704 cuncta
1459 3649 1663 3720 vulgati
1690 3659 1849 3715 sunt;
1880 3665 1999 3721 qua:
2031 3666 2130 3721 pro

535 3755 724 3802 nostro
782 3741 998 3798 silentio
1045 3740 1186 3795 ratio
1215 3740 1352 3794 ultra
1396 3740 1481 3795 vel
1533 3741 1900 3796 excusationis
1945 3756 2128 3799 sermo

444 3847 453 3858 '
532 3837 763 3894 sufﬁciat
810 3842 903 3889 aut
947 3831 1216 3903 quomodo
1261 3846 1364 3885 non
1418 3845 1647 3887 necesse
1698 3832 1771 3886 sit
1818 3832 2128 3889 meminisse

532 3928 733 3984 Christi
782 3923 995 3981 Domini
1039 3922 1115 3978 sic
1168 3921 1397 3978 dicentis
1443 3921 1617 3980 :Nim
1647 3923 1831 3992 putetis
1857 3925 1995 3994 quod
2040 3940 2126 3979 υε.

530 4022 691 4075 nerim
711 4033 887 4087 pacem
911 4016 1110 4070 mittere
1136 4016 1190 4070 in
1220 4024 1431 4082 terram,
1460 4016 1551 4071 sed
1580 4015 1831 4089 gladium,
1853 4017 1965 4071 veni
1991 4018 2125 4072 enim

526 4124 769 4180 separare
818 4108 1075 4162 hominem
1120 4107 1366 4163 adversus
1412 4116 1606 4178 patrem
1635 4124 1787 4163 suum
1819 4148 1834 4173 ,
1862 4117 1910 4162 et
1959 4109 2123 4177 ﬁliam

526 4202 774 4256 adversus
801 4196 1018 4255 matrem
1045 4202 1231 4255 auaui?
1270 4199 1401 4256 Nam
1448 4216 1569 4256 cum
1602 4200 1813 4255 laeditur
1840 4201 1995 4268 ﬁdes,
2024 4215 2120 4272 pa-

526 4306 738 4354 rentum
769 4297 1077 4352 reverentia
1106 4295 1253 4349 velut
1284 4293 1488 4349 inutilis
1519 4301 1574 4347 et
1600 4294 1902 4361 periculosa
1924 4293 2119 4363 deSpi-

523 4387 696 4457 citur,
740 4396 795 4442 et
854 4402 1007 4443 amor
1046 4400 1173 4455 erga
1225 4383 1365 4439 ﬁlios
1411 4383 1711 4452 fratresque
1761 4383 1981 4438 vitatur.
2033 4384 2116 4440 Ad

522 4488 857 4550 postremum
887 4479 1049 4533 etiam
1076 4490 1241 4546 super
1284 4474 1455 4543 ipsam
1496 4476 1662 4529 vitam
1691 4490 1839 4531 mors
1871 4476 2048 4543 potius
2083 4492 2114 4532 a

528 4570 637 4640 piis
659 4569 787 4627 viris
813 4568 1049 4643 eligitur,
1076 4578 1135 4623 ut
1159 4567 1434 4623 meliorem
1466 4568 1943 4635 resurrectionem,
1973 4571 2112 4625 sicut

504 4646 781 4735 scriptum
826 4674 938 4730 est,
970 4670 1389 4734 consequantur.
1446 4664 1583 4719 Ecce
1623 4663 1800 4733 itaque
1847 4671 1899 4717 te
1947 4664 2110 4721 simul

520 4772 643 4813 cum
688 4765 869 4810 sancta
900 4754 1108 4826 synodo
1146 4767 1264 4825 quas
1309 4753 1449 4822 apud
1498 4753 1729 4824 amplam
1757 4755 1950 4811 urbem
2001 4756 2111 4811 Ro-

520 4859 665 4903 mam
717 4854 1039 4917 congregata
1098 4856 1204 4914 est,
1274 4845 1598 4916 prasidente
1655 4849 1998 4904 sanctissimo
2053 4860 2110 4906 et

518 4941 970 4996 venerantissimo
1021 4938 1189 4995 fratre
1230 4949 1285 4995 et
1335 4941 1719 4996 consacerdote
1768 4952 1953 5001 DOSU'O
1979 4943 2106 5001 (Ζω-

514 5031 717 5089 lestino
757 5032 1032 5102 episcopo,
1082 5030 1164 5084 bis
1194 5031 1411 5100 scriptis
1439 5032 1709 5099 synodicis
1741 5041 1795 5089 te
1815 5034 1925 5102 jam
1948 5037 2108 5093 tertio

515 5130 890 5194 convenimus,
919 5124 1204 5182 consilium
1236 5124 1425 5179 dantes
1449 5133 1507 5179 ut
1533 5138 1562 5178 a
1594 5134 1699 5180 tam
1728 5128 1907 5196 pravis
1936 5129 2107 5183 absti-

512 5236 646 5278 neas
675 5219 1026 5290 distortisque
1072 5217 1434 5286 dogmatibus,
1488 5231 1607 5286 qua:
1665 5226 1722 5273 et
1768 5220 1974 5275 sentire
2002 5236 2107 5276 co-

514 5313 792 5384 gnosceris
850 5322 906 5368 et
951 5311 1178 5374 docere;
1236 5308 1467 5378 recipias
1505 5324 1633 5366 vero
1682 5308 1840 5365 ﬁdem
1890 5320 2101 5367 rectam

512 5404 774 5460 Ecclesiis
817 5418 913 5469 per
942 5401 1286 5457 beatissimos
1334 5403 1609 5471 apostolos
1653 5409 1709 5457 et
1748 5406 2103 5475 evangelistas

514 5497 585 5551 ab
617 5494 767 5550 initio
819 5493 1087 5560 traditam,
1121 5494 1210 5563 qui
1240 5503 1296 5549 et
1342 5495 1514 5551 oculis
1543 5496 1899 5566 inspexerunt
1923 5508 1977 5554 et
2000 5502 2103 5554 mi-

512 5586 674 5643 nistri
701 5584 851 5641 verbi
875 5584 1037 5640 fuisse
1065 5595 1452 5643 monstrantur.
1506 5587 1660 5655 Quod
1692 5588 1740 5644 si
1783 5591 1883 5647 hoc
1914 5590 2102 5660 religio

516 5691 604 5736 tua
646 5681 821 5737 facere
851 5679 1122 5735 distulerit
1157 5680 1309 5750 juxta
1341 5680 1648 5736 dilationem
1701 5681 1893 5738 litteris
1922 5682 2101 5753 prasti-

588 5825 613 5856 ι
658 5815 738 5873 Ex
770 5817 1019 5875 omnibus
1058 5815 1366 5876 Codicibus.
1396 5816 1455 5876 In
1478 5817 1573 5888 Α.,
1604 5816 1845 5889 primum.

2250 1860 2478 1931 hiscum,
2506 1879 2603 1920 nec
2630 1866 2805 1921 locum
2835 1879 2924 1924 aut
2950 1871 3274 1939 colloquium
3303 1887 3425 1929 cum
3458 1875 3553 1931 Dei
3581 1879 3839 1935 sacerdo-

2247 1953 2387 2009 tibus
2432 1964 2485 2011 et
2516 1958 2782 2029 episcopis
2810 1962 3076 2018 obtinere.
3129 1963 3245 2020 Non
3277 1966 3419 2022 enim
3459 1965 3539 2023 fas
3594 1980 3678 2024 est
3706 1986 3839 2027 con-

2248 2054 2488 2103 temnere
2531 2064 2629 2105 nos
2675 2050 2945 2109 Ecclesias
2976 2055 3044 2108 ita
3086 2055 3327 2110 turbatas
3357 2068 3411 2113 et
3441 2059 3837 2119 scandalizatus

2246 2140 2471 2208 populos
2505 2139 2772 2209 ﬁdemque
2804 2144 3160 2199 rectissimam
3188 2146 3466 2214 violatam,
3514 2148 3835 2219 dissipatum

2243 2231 2370 2301 quin
2392 2231 2554 2288 etiam
2586 2250 2798 2305 gregem
2826 2252 2986 2307 quem
3016 2239 3293 2296 custodire
3323 2241 3612 2307 debueras,
3662 2246 3835 2317 siqui-

2243 2322 2366 2379 dem
2419 2324 2569 2393 juxta
2620 2342 2718 2382 nos
2768 2337 2978 2384 amator
3030 2333 3163 2386 recti
3206 2330 3473 2402 dogmatis
3525 2336 3835 2394 exstitisses

2243 2425 2553 2471 sanctorum
2585 2417 2804 2473 Patrum
2844 2420 3072 2492 vestigia
3116 2422 3201 2491 pia
3232 2433 3575 2481 consectans.
3627 2428 3832 2484 Omnes

2243 2505 2420 2577 itaque
2465 2523 2601 2577 quos
2660 2521 2876 2580 pr0pter
2926 2511 3084 2567 ﬁdem
3130 2522 3219 2568 tua
3277 2515 3462 2585 religio
3506 2530 3538 2571 a
3590 2532 3833 2574 contmn-

2242 2596 2402 2652 nione
2431 2600 2661 2655 removit
2709 2611 2801 2656 aut
2829 2602 2898 2657 ab
2948 2603 3137 2661 ordine
3192 2618 3291 2659 suo
3338 2606 3605 2677 deposuit,
3665 2610 3833 2667 laicos

2242 2699 2331 2745 aut
2376 2692 2623 2758 clericos,
2664 2693 2719 2749 in
2766 2705 3005 2750 nostram
3056 2698 3491 2754 communionem
3540 2701 3831 2771 recipimus

2242 2780 2351 2855 [T.,
2383 2784 2431 2850 l,
2465 2784 2519 2849 2,
2551 2783 2644 2852 6.,
2670 2786 2981 2860 recipimus]
3016 2807 3032 2843 :
3064 2804 3169 2845 non
3198 2789 3344 2845 enim
3387 2790 3591 2861 justum
3621 2804 3707 2849 est
3732 2809 3829 2851 eos

2240 2875 2344 2929 tuis
2371 2876 2601 2934 decretis
2623 2879 2853 2948 opprimi
2875 2880 2965 2950 qui
3004 2890 3267 2936 noverunt
3300 2892 3441 2937 recta
3470 2886 3700 2953 sentire,
3730 2887 3827 2956 qui

2238 2968 2399 3023 etiam
2430 2969 2566 3025 bene
2608 2971 2867 3028 facientes
2891 2974 2985 3028 tibi
3028 2974 3445 3044 prudentissime
3475 2978 3824 3047 restiterunt;

2239 3059 2342 3117 hoc
2372 3060 2513 3117 idem
2546 3076 2777 3135 namque
2808 3065 2859 3118 in
2899 3065 3125 3136 epistola
3155 3081 3317 3136 quam
3347 3067 3541 3123 misisti
3583 3070 3652 3124 ad
3684 3085 3827 3139 pras-

2160 3154 2411 3222 csulem
2485 3158 2677 3224 ampla:
2755 3157 2939 3213 Romae
3014 3167 3259 3213 sanctum
3323 3168 3380 3215 et
3448 3161 3825 3231 coepiscopum

2238 3256 2482 3303 nostrum
2510 3246 2860 3306 Caelestinum
2891 3250 3199 3322 signiﬁcem
3246 3254 3466 3309 curasti.
3490 3253 3615 3335 ,Non
3642 3266 3825 3314 autem

2236 3340 2433 3395 sufficit
2484 3352 2589 3397 tua:
2638 3344 2884 3413 religioni
2933 3344 3270 3401 solummodo
3332 3346 3455 3402 ﬁdei
3518 3349 3823 3419 symbolum

2234 3432 2479 3486 conﬁteri
2508 3434 2649 3503 quod
2674 3436 2977 3504 expositum
3004 3444 3087 3490 est
3122 3451 3215 3505 per
3240 3436 3381 3492 idem
3414 3445 3621 3508 tempus
3649 3442 3824 3497 sanet:

2233 3522 2466 3593 Spiritus
2490 3526 2733 3595 largitate
2754 3542 2784 3581 a
2807 3527 3112 3582 venerando
3134 3537 3187 3582 et
3206 3544 3397 3597 magno
3422 3530 3657 3585 concilio
3678 3531 3823 3600 apud

2231 3613 2462 3671 Nicaeam
2511 3629 2867 3688 congregato;
2900 3618 3002 3673 ltoc
3028 3620 3171 3674 enim
3223 3635 3322 3675 nec
3369 3621 3685 3677 intellexisti
3719 3640 3823 3681 nec

2231 3718 2376 3763 recte
2425 3709 2807 3779 interpretatus
2836 3724 2917 3775 es,
2943 3710 3187 3778 quinimo
3219 3726 3496 3781 perverse,
3529 3712 3655 3767 licet
3683 3729 3820 3770 sono

2228 3801 2378 3857 vocis
2428 3805 2618 3857 eadem
2664 3804 2825 3858 verba
2860 3804 3151 3873 protuleris
3200 3822 3213 3858 :
3244 3806 3341 3860 sed
3371 3819 3707 3874 consequens
3733 3817 3821 3868 est

2228 3905 2280 3952 et
2303 3896 2650 3967 jurejurando
2682 3898 2837 3953 fateri
2863 3907 2936 3963 te,
2964 3900 3107 3969 quod
3149 3899 3570 3956 anathematizes
3597 3900 3819 3970 quidem

2227 3994 2317 4041 tua
2344 3988 2545 4057 polluta
2576 3998 2630 4043 et
2661 3990 2881 4058 profana
2906 3989 3177 4059 dogmata,
3201 3992 3401 4045 sentias
3430 4000 3610 4047 autem
3633 4001 3688 4047 et
3713 3992 3820 4047 do-

2225 4092 2349 4134 ceas
2376 4096 2497 4149 qua:
2529 4094 2627 4135 nos
2666 4081 2897 4137 universi
2944 4097 3037 4148 per
3075 4081 3348 4137 Orientem
3388 4097 3484 4139 seu
3534 4099 3630 4152 per
3660 4086 3819 4139 Occi-

2224 4170 2438 4225 dentem
2466 4171 2705 4241 episc0pi
2735 4182 2788 4226 et
2816 4173 3056 4241 magistri
3088 4173 3453 4242 praesulesque
3495 4177 3814 4245 populorum

2222 4262 2495 4319 credimus
2541 4272 2596 4320 et
2629 4264 2908 4321 docemus.
2958 4266 3209 4334 Epistolis
3254 4275 3431 4322 autem
3482 4268 3552 4323 ab
3581 4268 3815 4326 Alexan-

2220 4357 2373 4413 drina
2402 4367 2504 4413 tuae
2531 4356 2771 4428 religioni
2796 4358 3018 4415 directis
3049 4358 3288 4414 Ecclesia
3316 4374 3640 4416 consensum
3671 4377 3809 4430 pras-

2221 4449 2335 4504 buit
2380 4456 2488 4503 tam
2547 4464 2612 4504 ea
2664 4465 2784 4519 qua:
2837 4450 2978 4519 apud
3035 4450 3219 4505 urbem
3273 4450 3499 4507 Romam
3552 4456 3807 4510 convenit

2222 4550 2406 4597 sancta
2436 4542 2703 4613 synodus,
2732 4557 2890 4611 quam
2923 4543 3082 4598 etiam
3113 4557 3209 4598 nos
3249 4557 3438 4599 omnes
3464 4546 3607 4600 velut
3659 4556 3807 4613 recte

2217 4633 2872 4702 irrepreliensibiliterque
2924 4633 3266 4705 conscriptis.
3332 4634 3686 4691 Subdidimus
3717 4655 3810 4694 au-

2216 4735 2321 4781 tem
2344 4725 2427 4781 bis
2449 4728 2648 4780 nostris
2673 4727 3018 4795 litteris,qua:
3041 4735 3093 4781 te
3115 4727 3318 4781 sentire
3348 4736 3597 4796 oporteat
3625 4738 3679 4784 et
3710 4731 3803 4785 do-

2213 4833 2360 4885 cere,
2387 4826 2442 4873 et
2467 4833 2497 4872 a
2527 4819 2720 4888 quibus
2748 4818 3020 4873 abstinere
3048 4819 3364 4884 conveniat;
3402 4819 3517 4873 haec
3545 4831 3626 4876 est
3659 4823 3801 4877 enim

2212 4909 2343 4966 ﬁdes
2371 4910 2650 4967 catholicae
2687 4910 2937 4966 Ecclesia:
2976 4911 3062 4967 cui
3111 4912 3291 4967 cuncti
3319 4915 3664 4969 consentiunt
3716 4930 3805 4970 or-

2210 5001 2427 5058 tltodoxi
2460 5018 2557 5070 per
2594 5000 2867 5056 Orientem
2899 5002 3353 5073 Occidentemque
3382 5003 3687 5071 pontiﬁces.

2279 5116 2562 5174 Credimus
2586 5118 2639 5171 in
2662 5130 2827 5171 unum
2858 5116 3028 5171 Deum
3082 5117 3294 5172 Patrem
3342 5117 3796 5184 omnipotentem,

2208 5210 2445 5265 omnium
2477 5206 2774 5262 visibilium
2799 5217 2853 5261 et
2882 5207 3225 5264 invisibilium
3247 5206 3589 5263 conditorem
3623 5227 3637 5262 :
3669 5218 3722 5265 et
3746 5211 3798 5265 in

2205 5318 2369 5358 unum
2401 5302 2683 5357 Dominum
2717 5301 2903 5357 Jesum
2928 5300 3200 5357 Christum
3234 5301 3425 5356 Filium
3461 5303 3551 5357 Dei
3610 5312 3796 5359 natum

2205 5397 2273 5453 de
2294 5396 2451 5452 Patre
2472 5398 2799 5466 unigenitum
2817 5436 2832 5461 ,
2860 5394 2961 5450 hoc
2986 5404 3158 5450 estex
3183 5392 3271 5466 [Β.
3294 5394 3388 5458 Π..
3421 5393 3487 5448 Ε.
3514 5394 3569 5463 5,
3595 5393 3797 5468 U.,de]

2204 5491 2501 5546 substantia
2534 5491 2727 5556 Patris,
2763 5490 2929 5546 Deum
2960 5504 3026 5544 ex
3060 5490 3199 5556 Deo,
3233 5489 3410 5544 lumen
3454 5505 3522 5543 ex
3564 5489 3791 5555 lumine,

2204 5584 2369 5639 Deum
2393 5598 2575 5637 verum
2597 5598 2661 5638 es
2692 5582 2802 5636 Deo
2842 5596 2990 5646 vero,
3024 5591 3227 5645 natum,
3265 5596 3370 5635 non
3422 5581 3617 5636 factum
3644 5624 3657 5644 ,
3693 5582 3795 5637 lio-

2201 5676 2445 5731 mousion
2485 5674 2630 5729 Patri
2659 5674 2759 5729 hoc
2787 5681 2869 5729 est
2896 5674 3050 5727 unius
3078 5686 3199 5727 cum
3244 5672 3402 5727 Patre
3451 5674 3793 5739 substantia},

2182 5892 2187 5897 _
2270 5813 2300 5856 δ
2320 5814 2399 5874 Ex
2418 5812 2530 5883 Αἰ..
2562 5812 2626 5871 Τ.
2647 5814 2704 5885 2,
2731 5811 2795 5869 υ.
2816 5812 2872 5868 in
2902 5813 2964 5870 Α.
2981 5822 3033 5871 et
3049 5812 3270 5904 reliquis
3296 5827 3434 5901 mra
3457 5826 3783 5877 ccccuvns.
