4086 6358
240 402 337 459 155

1187 400 1591 462 ϐΒιΕΟΟΒυΜ
1628 399 1966 460 CONCILIA.
2006 430 2078 445 ·--
2116 402 2537 466 EPBESINUM.

3385 410 3492 475 154

230 543 323 600 per
349 538 507 598 quem
538 523 717 581 omnia
744 524 880 581 laeta
908 535 1032 582 sunt
1060 526 1114 581 in
1139 501 1277 582 caelo
1304 532 1359 581 et
1387 525 1442 581 in
1468 532 1612 581 terra
1637 531 1685 589 κ,
1713 523 1803 594 qui
1832 522 1879 580 Α
1907 523 2048 578 enim
2086 522 2313 579 Verbum
2339 525 2656 583 habitaverit
2683 526 2735 582 in
2780 526 2953 594 nobis,
2978 537 3034 584 et
3072 528 3274 587 dictum
3320 531 3392 588 sit
3433 534 3485 591 in

229 631 446 693 propter
483 635 583 675 nos
638 620 884 676 homines
924 628 981 677 et
1027 631 1243 690 propter
1288 627 1526 674 nostram
1577 618 1804 673 salutem
1907 614 2121 670 Christo
2153 617 2397 673 habitare
2420 629 2635 676 onlnem
2666 622 3055 690 plenitudinem
3097 623 3315 680 deitatis
3361 641 3487 682 cor-

230 713 507 770 descendit
525 722 579 768 et
601 712 907 768 incarnatus
934 722 1040 778 est,
1080 721 1134 767 et
1182 711 1342 766 homo
1394 712 1564 765 lactus
1616 722 1806 781 passus

231 820 326 877 est,
356 816 411 864 et
434 823 721 879 resurgens
751 807 837 880 [Β.
868 808 958 872 R.,
993 805 1078 873 1‘.,
1108 807 1165 872 2,
1197 804 1511 875 resurrexit]
1541 803 1696 859 tertia
1722 801 1807 857 die

234 899 470 954 ascendit
500 901 552 953 in
581 900 775 965 caelos;
808 900 929 954 inde
971 908 1230 954 venturus
1275 900 1385 969 82
1434 905 1517 952 est
1566 894 1806 965 judicare

236 990 378 1042 vivos
405 997 461 1043 et
481 996 722 1042 mortuos
748 1006 760 1041 :
786 974 840 1042 et
868 990 920 1042 in
944 987 1200 1056 Spiritum
1218 988 1481 1041 sanctum.
1508 984 1610 1039 Eos
1631 993 1807 1039 autem

239 1079 325 1148 qui
353 1079 535 1133 dicunt
568 1096 580 1129 :
614 1088 729 1133 erat
755 1087 965 1150 tempus
995 1079 1209 1150 quando
1248 1093 1355 1133 non
1397 1086 1533 1144 erat,
1556 1084 1611 1132 et
1653 1086 1809 1132 ante-

244 1185 392 1239 quam
422 1180 725 1225 nasceretur
752 1186 857 1227 non
885 1179 1032 1237 erat,
1064 1181 1121 1227 et
1148 1169 1273 1241 quia
1302 1185 1367 1225 ex
1401 1169 1557 1224 nullis
1588 1177 1810 1224 exstan-

246 1259 375 1315 tibus
397 1261 561 1315 iactus
589 1271 673 1317 est
714 1273 806 1317 aut
838 1278 903 1318 ex
952 1263 1056 1317 alia
1106 1262 1401 1316 substantia
1448 1260 1534 1315 vel
1579 1260 1809 1315 essentia

242 1352 412 1408 dicant
442 1369 584 1424 esse,
613 1364 703 1410 aut
748 1354 1155 1411 convertibilem
1202 1364 1293 1408 aut
1342 1352 1360 1426 [
1388 1351 1453 1407 E.
1486 1354 1541 1418 5,
1574 1351 1633 1407 Τ.
1674 1352 1721 1416 l,
1751 1350 1807 1419 2,

236 1443 324 1517 et]
382 1447 816 1502 commutabilem
869 1448 961 1503 Dei
1012 1446 1203 1502 Filium
1251 1444 1281 1485 δ
1334 1462 1349 1501 :
1400 1443 1813 1501 anathematth

240 1537 502 1593 catholica
529 1548 583 1595 et
611 1540 900 1610 apostolica
929 1540 1187 1595 Ecclesia.

301 1630 599 1697 Sequentes
630 1647 652 1673 ε
678 1634 855 1705 itaque
901 1649 998 1702 per
1042 1634 1221 1687 omnia
1256 1640 1560 1689 sanctorum
1595 1632 1810 1687 Patrum

230 1722 629 1789 coulessiones,
676 1741 808 1795 quas
849 1726 1102 1795 loquente
1147 1725 1198 1779 in
1247 1724 1326 1780 eis
1371 1732 1558 1779 sancto
1608 1723 1811 1791 Spiritu

231 1815 585 1883 protulerunt,
613 1826 668 1871 et
696 1817 979 1873 intentioni
1010 1833 1130 1889 qua:
1159 1807 1250 1877 est?
1270 1817 1321 1871 in
1368 1831 1555 1872 eorum
1602 1814 1813 1869 intelleo

1911 705 2163 774 poraliter
2183 718 2236 763 et
2263 711 2800 784 tamenintelligimus
2816 730 2958 782 eum,
2978 715 3119 785 quod
3143 731 3270 773 caro
3294 717 3489 786 lactus,

1910 813 2015 854 non
2043 800 2183 856 sicut
2211 802 2264 856 in
2309 803 2509 859 sanctis
2548 804 2785 861 habitare
2824 807 3052 876 dicatur,
3082 823 3179 865 nec
3228 810 3388 866 talem
3431 811 3486 868 in

1914 890 2035 961 ipso
2068 893 2450 950 habitationem
2485 896 2677 951 factam
2722 898 2948 956 delinire
2988 901 3340 968 tentavimus;
3390 902 3485 958 sed

1915 988 2094 1042 unitus
2113 988 2264 1058 juxta
2296 998 2539 1045 naturam
2562 1005 2662 1046 nec
2687 991 2740 1046 in
2764 1007 2979 1049 carnem
3003 995 3215 1066 penitus
3245 1010 3489 1051 commu-

1914 1088 2052 1135 tatus
2075 1081 2230 1136 talem
2256 1081 2357 1137 sibi
2386 1081 2513 1137 fecit
2539 1082 2921 1139 habitationem
2962 1086 3267 1155 qualemet
3310 1086 3485 1143 anima

1912 1175 2144 1231 hominis
2176 1176 2373 1232 habere
2400 1175 2635 1232 creditur
2663 1177 2729 1231 ad
2761 1177 3034 1247 proprium
3075 1194 3289 1250 corpus.
3341 1178 3488 1235 Unus

1914 1266 2073 1336 igitur
2121 1279 2204 1324 est
2248 1269 2531 1335 Christus,
2582 1270 2749 1325 Filius
2797 1280 2849 1325 et
2897 1270 3168 1335 Dominus,
3213 1288 3315 1326 non
3345 1272 3491 1328 velut

1912 1361 2342 1432 eonjunctionem
2391 1362 2685 1432 quamlibet
2733 1363 2784 1415 in
2852 1361 3053 1416 unitate
3102 1362 3375 1434 dignitatis
3436 1372 3491 1420 et

1912 1452 2243 1508 auctoritatis
2269 1453 2498 1507 hominis
2522 1453 2765 1508 habentis
2790 1454 2855 1507 ad
2878 1453 3067 1518 Deum,
3092 1468 3194 1508 non
3217 1459 3359 1509 enim
3395 1470 3493 1524 po-

1914 1554 2019 1602 test
2041 1547 2193 1602 unire
2223 1556 2446 1602 naturas
2473 1546 2588 1601 sola
2618 1546 2892 1617 dignitatis
2922 1546 3220 1617 aequalitas.
3259 1546 3495 1617 Denique

1915 1642 2105 1698 Petrus
2132 1651 2188 1698 et
2208 1641 2439 1698 Joannes
2455 1643 2689 1712 aequales
2712 1652 2837 1697 sunt
2857 1642 3170 1698 alterutrum
3195 1639 3493 1712 dignitatis,

1915 1742 2131 1804 preptcr
2186 1734 2326 1804 quod
2381 1744 2436 1789 et
2480 1733 2713 1803 apostoli
2763 1743 2819 1789 et
2862 1733 3030 1787 sancti
3083 1730 3330 1802 discipuli
3376 1714 3497 1785 esse

1917 1834 2302 1891 monstrantur,
2333 1836 2702 1880 verumtamen
2727 1833 2951 1895 uterque
2971 1838 3077 1878 non
3103 1836 3241 1878 unus
3268 1831 3378 1886 ρεις
3396 1835 3498 1876 nec

226 1907 397 1961 ctibus
425 1908 595 1978 :equis
638 1910 876 1979 vestigiis
923 1909 1268 1973 inhmrentes,
1294 1917 1453 1978 atque
1483 1910 1586 1964 iter
1617 1906 1807 1962 ambu-

1913 1916 2062 1987 juxta
2091 1916 2427 1970 collationem
2458 1915 2541 1970 vel
2564 1918 2957 1971 conuersionem
3004 1912 3220 1969 modum
3268 1912 3497 1982 conjun-

224 1997 399 2053 lantes
455 2001 656 2071 regium
708 2002 1021 2072 proﬁtemur
1068 2001 1209 2072 quod
1253 2002 1426 2070 ipsum
1475 2000 1809 2070 unigenitum

228 2089 322 2145 Dei
355 2091 592 2147 Verbum
621 2094 713 2148 Dei
748 2104 926 2149 natum
967 2110 1034 2149 ex
1084 2098 1196 2163 ipsa
1250 2094 1423 2148 Patris
1466 2094 1717 2158 essentia,
1747 2092 1815 2147 de

227 2180 340 2237 Deo
370 2199 501 2237 vero
531 2184 669 2239 Deus
709 2200 887 2249 verus,
929 2186 1107 2241 lumen
1157 2187 1224 2241 de
1266 2184 1489 2251 lumine,
1516 2200 1609 2254 per
1655 2198 1813 2251 quem

220 2274 404 2327 omnia
436 2273 571 2328 facta
598 2285 722 2329 sunt
751 2279 866 2332 sive
896 2279 946 2332 in
978 2280 1130 2334 caelis
1150 2278 1261 2333 sive
1292 2277 1343 2331 in
1374 2288 1509 2333 terra
1537 2277 1554 2349 [
1583 2275 1643 2331 T.
1675 2277 1726 2343 l,
1760 2276 1813 2331 in

223 2366 387 2421 terris
415 2364 453 2436 ],
486 2367 674 2423 salutis
700 2379 898 2424 nostrae
916 2384 1075 2424 causa
1107 2370 1441 2425 descendens
1470 2369 1535 2423 ad
1565 2369 1812 2424 exinani-

223 2458 426 2511 tionem
455 2472 574 2512 sese
594 2458 843 2529 dignatus
872 2470 956 2515 est
983 2462 1258 2516 inclinare.
1297 2461 1611 2516 incarnatus
1631 2470 1810 2515 autem

221 2557 275 2602 et
309 2548 472 2603 homo
514 2548 708 2615 factus,
742 2550 793 2604 id
845 2561 925 2606 est
966 2567 1181 2607 carnem
1238 2552 1307 2608 de
1358 2552 1572 2622 Virgine
1629 2560 1810 2607 sancta

219 2642 524 2711 suscipiens
550 2682 565 2707 ,
610 2656 835 2711 eamque
884 2644 1153 2714 propriam
1199 2642 1403 2699 faciens
1429 2685 1445 2711 ,
1477 2644 1808 2699 nativitatem

222 2744 465 2789 nostram
496 2750 565 2788 ex
591 2736 743 2789 vulva
774 2735 1053 2802 sustinuit,
1086 2737 1247 2791 homo
1268 2737 1336 2791 de
1362 2737 1594 2791 muliere
1622 2750 1810 2806 proce-

217 2826 349 2881 dens
383 2824 547 2900 [/E.,
579 2827 891 2901 prodiens},
926 2845 1024 2885 nec
1044 2830 1184 2899 quod
1209 2841 1323 2885 erat
1347 2830 1626 2899 abjiciens.
1676 2827 1807 2884 Nam

217 2919 341 2976 licet
386 2918 559 2976 factus
598 2925 667 2977 sit
711 2924 762 2978 in
799 2924 1163 2995 assumptione
1203 2925 1380 2979 carnis
1419 2933 1473 2978 et
1511 2923 1806 2993 sanguinis,

218 3020 398 3067 tamen
426 3013 587 3068 etiam
612 3015 690 3068 sic
720 3014 861 3085 quod
890 3025 1029 3070 .erat
1079 3016 1220 3071 Deus
1268 3026 1457 3071 natura
1512 3016 1717 3071 scilicet
1757 3022 1812 3069 et

214 3106 444 3160 veritate
467 3105 777 3175 persistens.
802 3106 910 3162 Nec
937 3122 1152 3162 carnem
1176 3110 1351 3177 itaque
1378 3108 1609 3162 dicimus
1636 3108 1688 3160 in
1715 3120 1809 3161 na—

216 3206 391 3253 turam
419 3199 631 3254 deitatis
671 3216 789 3256 esse
810 3216 1144 3270 conversam,
1181 3217 1281 3256 nec
1311 3200 1662 3256 substantiam
1690 3214 1805 3254 car-

217 3290 298 3345 nis
332 3292 387 3345 in
418 3290 738 3347 inell‘abilem
768 3293 861 3348 Dei
892 3293 1051 3350 Verbi
1078 3294 1365 3349 essentiam
1391 3302 1796 3359 commutatam,

219 3384 650 3441 inconvertibilis
669 3386 811 3442 enim
846 3396 929 3442 est
955 3397 1010 3443 et
1040 3387 1495 3443 incommutabilis
1514 3430 1528 3453 ,
1554 3387 1806 3456 idemque

218 3476 332 3546 ipse
355 3478 510 3557 juxta
537 3477 839 3547 Scripturas
886 3479 1084 3550 jugitcr
1133 3495 1476 3551 permanens.
1522 3479 1679 3534 Visus
1727 3485 1808 3533 est

215 3580 398 3625 autem
429 3584 482 3626 et
513 3574 763 3639 parvulus
788 3576 991 3642 positus
1019 3574 1193 3628 adhuc
1240 3575 1291 3627 in
1335 3571 1603 3627 cunabilis
1652 3579 1708 3627 et
1753 3571 1804 3625 in

215 3664 425 3720 sinibus
462 3664 593 3737 [U.,
621 3666 671 3720 in
701 3665 862 3739 sinu]
891 3668 1163 3737 genitricis
1197 3667 1431 3738 Virginis
1460 3668 1805 3732 constitutus,

221 3758 528 3812 universam
559 3768 857 3813 creaturam
882 3759 1124 3827 replebat
1169 3768 1224 3812 ut
1265 3758 1425 3824 Deus,
1454 3757 1682 3829 genitori
1709 3772 1807 3811 suo

154 3888 161 3895 .
215 3846 480 3902 iudivisus
528 3849 803 3915 existens;
851 3849 993 3918 quod
1037 3848 1277 3903 divinum
1338 3859 1421 3903 est
1490 3849 1631 3903 enim
1692 3848 1808 3903 sine

212 3942 525 4012 quantitate
556 3951 610 3995 et
638 3943 754 3996 sine
784 3943 923 3995 mole
971 3942 1339 4011 cognoscitur,
1368 3955 1469 3997 nec
1519 3940 1642 3994 ullis
1702 3950 1808 3993 ter-

219 4031 391 4087 minis
434 4032 756 4085 continetur.
805 4033 1025 4086 Unitum
1066 4046 1195 4100 ergo
1233 4032 1382 4085 carni
1433 4030 1662 4086 Verbum
1715 4030 1807 4084 Dei

211 4125 519 4181 secundum
561 4122 961 4178 subsistentiam
990 4118 1016 4158 ἀ
1047 4122 1382 4185 confitentes,
1414 4137 1575 4175 unum
1619 4120 1808 4177 adora-

212 4232 337 4272 mus
372 4215 567 4270 Filium
597 4225 650 4270 et
675 4213 957 4268 Dominum
983 4213 1163 4269 Jesum
1191 4213 1487 4277 Christum.
1520 4228 1626 4269 non
1653 4227 1806 4267 seor-

215 4325 334 4366 sum
368 4318 629 4377 ponentes
664 4317 719 4361 et
748 4306 1168 4362 determiuantes
1210 4305 1481 4360 hominem
1532 4313 1586 4360 et
1636 4303 1807 4359 Deum

219 4400 619 4464 velutiuvicem
649 4398 749 4453 sibi
791 4397 1067 4469 dignitatis
1117 4406 1171 4454 et
1216 4397 1553 4452 auctoritatis
1603 4397 1807 4452 unitate

216 4491 557 4559 conjunetos,
592 4489 695 4543 hoc
722 4489 867 4543 enim
899 4490 1107 4544 novitas
1128 4488 1279 4543 vocis
1298 4498 1383 4543 est
1403 4496 1458 4542 et
1477 4488 1623 4543 aliud
1648 4487 1803 4555 nihil,

1915 2008 2113 2062 ctionis
2143 2007 2471 2062 advertimus
2499 2025 2510 2061 :
2555 2010 2655 2061 hoc
2679 2010 2822 2062 enim
2843 2006 2909 2060 ad
2943 2005 3198 2059 unitatem
3232 2018 3338 2058 non
3382 2001 3495 2057 sulo

1920 2100 2374 2164 licituaturalem,
2407 2112 2508 2154 nec
2555 2099 2847 2153 secundum
2895 2095 3321 2166 participationis
3368 2093 3497 2149 ell'e-

1915 2202 2055 2246 ctum
2084 2191 2201 2265 [E.,
2232 2190 2297 2246 Β.
2329 2191 2428 2256 R.,
2459 2192 2756 2262 allectum],
2786 2191 2925 2245 sicut
2974 2204 3073 2244 nos
3115 2190 3276 2245 etiam
3321 2187 3501 2243 adliteo

1917 2293 2096 2340 rentes
2145 2288 2368 2338 Domino
2413 2300 2552 2339 unus
2598 2299 2716 2339 cum
2757 2299 2824 2339 eo
2871 2284 3090 2354 spiritus
3138 2296 3342 2348 sumus,
3389 2282 3497 2339 imo

1916 2376 2092 2446 potius
2131 2374 2530 2445 coniunctionis
2553 2390 2750 2430 nomen
2776 2376 3041 2429 evitamus
3086 2381 3337 2439 tanquam
3387 2387 3496 2428 non

1913 2469 2151 2526 existens
2179 2478 2202 2507 ο
2230 2470 2481 2525 idoneum
2513 2469 2654 2540 quod
2678 2468 2945 2540 signiticet
2968 2467 3188 2523 unitatis
3215 2481 3495 2522 arcanum.

1912 2562 2015 2618 Sed
2040 2579 2210 2633 neque
2242 2562 2412 2618 Deum
2444 2573 2537 2617 aut
2585 2562 2871 2617 Dominum
2915 2559 3113 2616 Christi
3160 2557 3298 2631 [U.,
3345 2557 3498 2613 Clirio

1911 2666 2052 2712 stum
2077 2655 2093 2725 ]
2123 2655 2356 2712 Verbum
2392 2654 2483 2709 Dei
2518 2654 2691 2710 Patris
2714 2652 3030 2718 asserimus,
3064 2666 3133 2706 ne
3164 2650 3356 2705 iterum
3381 2662 3497 2703 rna-

1914 2748 2163 2804 nilestius
2210 2749 2263 2802 in
2309 2750 2415 2802 duo
2455 2746 2759 2801 dividamus
2788 2760 2949 2800 unum
2977 2743 3273 2806 Christum,
3305 2740 3497 2796 Filium

1912 2851 1969 2896 et
2026 2841 2342 2906 Dominum,
2393 2848 2448 2893 et
2498 2840 2550 2893 in
2595 2837 2799 2892 crimen
2848 2832 3114 2902 sacrilegii
3164 2832 3494 2897 recidamus,

1915 2932 2083 2987 Deum
2107 2932 2181 2986 illi
2205 2947 2262 2986 se
2303 2932 2476 3000 ipsum
2521 2929 2778 3003 facientes
2820 2937 2874 2981 et
2921 2925 3200 2981 Dominum
3252 2938 3268 2977 :
3319 2926 3495 2976 uultus

1914 3023 2109 3091 quippe
2148 3020 2558 3089 sicutsuperius
2588 3019 2842 3083 diximus,
2875 3019 3013 3072 Deus
3057 3015 3295 3069 Verbum
3347 3011 3494 3066 carui

1912 3115 2205 3171 secundum
2237 3114 2643 3169 subsistentiam
2693 3112 2839 3185 [/E.,
2888 3110 2952 3167 Β.
2994 3112 3084 3176 ll.,
3115 3105 3494 3180 substantiam]

1917 3209 2057 3264 Deus
2086 3209 2302 3280 quidem
2330 3218 2412 3263 est
2448 3207 2684 3262 omnium
2721 3216 2777 3262 et
2804 3205 3108 3261 dominatur
3136 3201 3497 3259 universitati.

1919 3302 2294 3357 Verumtamen
2326 3316 2424 3356 nec
2451 3315 2635 3356 servus
2663 3309 2748 3355 est
2785 3300 2887 3357 sibi
2917 3301 3033 3369 ipse
3081 3313 3179 3353 nec
3226 3295 3494 3361 dominus,

1910 3397 2031 3465 quia
2064 3396 2305 3465 ineptum
2339 3405 2421 3450 est
2444 3394 2525 3448 vel
2550 3393 2729 3463 potius
2754 3392 2973 3461 impium
3019 3390 3122 3445 hoc
3166 3388 3368 3445 sentire
3412 3385 3495 3445 vel

1911 3489 2092 3545 dicere
2124 3506 2137 3542 :
2163 3488 2404 3555 quamvis
2431 3486 2575 3541 enim
2607 3486 2773 3541 Deum
2801 3500 2957 3540 suum
3011 3483 3222 3557 Patrem
3278 3478 3494 3544 dixerit,

1907 3596 2028 3635 cum
2060 3580 2200 3635 Deus
2227 3579 2299 3634 sit
2324 3578 2483 3634 etiam
2510 3578 2626 3647 ipse
2660 3585 2847 3633 natura
2869 3582 2924 3631 et
2951 3575 3019 3629 de
3048 3573 3195 3628 illius
3224 3569 3493 3636 essentia;

1911 3684 2087 3729 tamen
2110 3673 2414 3727 nullatenus
2431 3671 2740 3741 ignoramus
2760 3667 2903 3740 quod
2929 3679 3150 3723 manens
3174 3664 3312 3720 Deus
3334 3663 3493 3718 homo

1907 3783 2120 3840 quoque
2151 3768 2321 3823 factus
2348 3767 2441 3834 sit,
2477 3765 2565 3836 qui
2595 3762 2695 3819 sub
2725 3763 2833 3818 Deo
2858 3762 3006 3832 juxta
3054 3759 3291 3817 debitam
3321 3756 3493 3827 legem

1908 3870 2097 3914 natura
2127 3857 2479 3912 humanitatis
2508 3854 2761 3910 existeret
2815 3870 2829 3907 :
2876 3853 2990 3921 ipse
3035 3865 3162 3906 vero
3212 3849 3312 3905 sibi
3364 3862 3494 3919 quo-

1909 3953 2069 4008 modo
2090 3951 2172 4006 vel
2204 3952 2342 4006 Deus
2371 3947 2569 4019 poterit
2597 3961 2741 4012 esse,
2766 3944 2851 4001 vel
2874 3944 3161 3999 dominus?
3191 3943 3329 4010 Ergo
3358 3943 3494 3996 sicut

1911 4043 2112 4108 homo,
2164 4051 2421 4113 quantum
2477 4039 2739 4094 decenter
2792 4035 3170 4091 exinanitiouis
3226 4046 3493 4087 mensura:

1911 4135 2176 4206 congruit,
2207 4135 2305 4190 sub
2362 4134 2477 4188 Deo
2515 4146 2575 4187 se
2624 4131 2902 4186 nobiscum
2935 4144 3053 4184 esse
3080 4126 3358 4192 disseruit,
3388 4125 3495 4182 hoc

1908 4227 2069 4282 etiam
2102 4212 2263 4280 modo
2302 4228 2401 4278 sub
2444 4222 2563 4292 lege
2591 4220 2763 4277 factus
2788 4230 2889 4286 est,
2912 4218 3156 4290 quamvis
3201 4219 3314 4287 ipse
3364 4232 3491 4286 pro-

1907 4315 2230 4386 mulgaverit
2286 4315 2456 4384 legem
2502 4324 2556 4371 et
2597 4313 2868 4384 legislator
2912 4320 2969 4368 ut
3020 4311 3159 4367 Deus
3204 4309 3491 4367 exstiterit.

1907 4408 2168 4464 Cavemus
2194 4408 2214 4481 [
2240 4407 2333 4475 U.,
2365 4407 2661 4462 Careamus
2682 4404 2701 4477 ]
2725 4414 2902 4461 autem
2934 4406 3001 4460 de
3030 4402 3245 4460 Christo
3265 4404 3445 4460 dicere
3473 4420 3487 4458 :

1908 4512 2129 4573 propter
2150 4510 2511 4557 assumeutem
2544 4513 2773 4554 veneror
2798 4508 3156 4567 assumptum,
3188 4505 3243 4552 et
3273 4507 3492 4567 propter

220 4600 317 4640 nec
360 4585 488 4639 ίιθηι
543 4582 811 4637 είιτίειιιηὶ
867 4582 1178 4651 Speculum"
1230 4580 1572 4637 nomiﬂames
1636 4580 1802 4636 Deum
1831 4593 2228 4680 Dinvisibilem
2256 4593 2425 4648 adoro
2450 4592 2740 4649 visibilem.
2773 4591 3108 4647 llorrendum
3157 4605 3291 4645 vero
3333 4605 3494 4660 super

220 4676 452 4731 Verbum
476 4674 614 4742 quod
637 4690 708 4729 cx
734 4674 842 4729 Deo
869 4684 970 4739 est,
997 4690 1096 4729 nec
1122 4676 1356 4729 alterum
1379 4673 1627 4729 similiter
1648 4672 1804 4728 Chri-

217 4776 356 4820 slum
389 4764 693 4834 specialiter
720 4766 807 4834 qui
837 4764 904 4820 de
933 4764 1159 4820 muliere
1186 4772 1343 4818 natus
1369 4773 1443 4818 est
1470 4779 1484 4828 ;
1515 4763 1611 4819 sed
1640 4778 1803 4819 unum

218 4857 557 4911 solummodo
583 4855 845 4909 Christum
876 4854 969 4909 Dei
996 4854 1167 4908 Patris
1193 4853 1423 4908 Verbum
1449 4870 1566 4907 (unt
1592 4855 1804 4922 propria

218 4966 377 5006 carne
406 4950 803 5019 cognoscimus.
836 4945 985 5003 Tunc
1026 4956 1049 4985 ο
1088 4947 1230 5002 enim
1271 4947 1423 5015 juxta
1466 4961 1563 5001 nos
1615 4957 1806 5003 unctus

220 5056 315 5111 est,
346 5044 593 5116 quamvis
616 5042 858 5112 spiritum
894 5041 1067 5111 dignis
1099 5042 1215 5111 ipse
1259 5042 1551 5097 contulerit
1598 5051 1654 5096 et
1698 5057 1806 5098 non

220 5136 283 5191 ad
308 5151 642 5200 mensuram,
670 5135 806 5189 sicut
834 5134 1020 5189 beatus
1050 5134 1375 5203 evangelista
1400 5133 1636 5189 Joannes
1658 5148 1805 5190 asse.

224 5234 343 5286 ruit.
372 5230 480 5287 Sed
506 5245 605 5285 nec
636 5229 766 5284 illud
789 5229 1016 5283 dicimus
1041 5228 1180 5297 quod
1240 5227 1328 5282 Dei
1376 5226 1611 5282 Verbum
1658 5227 1807 5282 velut

225 5324 439 5379 homine
464 5322 754 5389 communi,
780 5322 870 5389 qui
902 5321 967 5374 de
993 5324 1175 5373 sancta
1234 5318 1444 5388 Virgine
1495 5327 1653 5373 natus
1693 5327 1800 5386 est,

225 5418 485 5474 habitaret
527 5416 659 5491 {U.,
684 5414 775 5480 6.,
811 5409 1148 5481 habitarit],
1190 5410 1299 5482 83
1341 5427 1407 5466 ne
1448 5410 1612 5465 Deum
1647 5411 1805 5465 homo

224 5508 465 5567 Christus
515 5510 872 5565 habitatorem
932 5505 1208 5577 possidere
1244 5503 1511 5559 credatur.
1550 5503 1805 5571 Quamvis

294 5634 321 5662 ⁸
359 5624 474 5690 .43.,
503 5635 643 5685 sum,
674 5638 788 5692 qua:
819 5624 868 5676 in
893 5622 1016 5677 caelo
1044 5631 1091 5675 et
1120 5635 1233 5688 qua:
1252 5620 1302 5672 in
1330 5627 1481 5672 terra.
1503 5688 1515 5692 _

291 5693 320 5733 δ
368 5688 739 5750 Είοιιιιιὶὺίιε
776 5694 1057 5750 Codicibus
1093 5693 1374 5760 desmnpta
1409 5688 1566 5745 verba
1590 5688 1684 5745 Dei
1710 5690 1805 5747 Fi-

226 5767 367 5827 lium,
388 5768 519 5835 'qum
551 5767 741 5820 desunt
766 5767 818 5819 in
849 5772 913 5820 A.

297 5847 321 5906 εἴ
351 5837 415 5891 Τ.
442 5837 496 5901 2,
522 5836 871 5898 substantiam.
911 5835 997 5903 U.,
1022 5835 1294 5906 justitiam.

298 5903 325 5946 ‘
363 5906 478 5974 13.,
510 5907 641 5975 BIL,
673 5907 733 5962 Ε.
756 5906 810 5971 5,
845 5902 989 5966 v.1.
1023 5902 1082 5975 Ξ,
1118 5905 1211 5974 υ.,
1236 5916 1355 5961 tunc
1373 5902 1506 5960 enim
1525 5904 1703 5961 etiam,

1909 4687 2012 4743 hoc
2040 4687 2198 4741 etiam
2226 4685 2351 4740 illud
2380 4684 2575 4740 docere
2609 4683 2628 4723 τ
2664 4703 2677 4738 :
2713 4686 2758 4738 is
2786 4684 2878 4755 qui
2921 4696 3201 4753 susceptus
3250 4691 3331 4738 est
3372 4697 3491 4736 cum

1908 4794 1974 4835 eo
2002 4779 2091 4850 qui
2121 4778 2356 4846 suscepit
2381 4792 2487 4833 non
2518 4785 2855 4844 nuncupatur
2877 4775 3048 4841 Deus;
3077 4774 3168 4846 qui
3203 4774 3344 4830 enim
3377 4774 3491 4829 haec

1908 4869 2056 4932 dicit,
2084 4868 2491 4925 dividititerum
2516 4870 2568 4923 in
2596 4868 2730 4923 duos
2759 4867 3005 4923 Christos
3054 4881 3175 4923 eum
3222 4867 3310 4937 qui
3359 4882 3492 4921 unus

1908 4973 2011 5027 est,
2041 4961 2311 5016 hominem
2337 4960 2452 5032 84
2479 4974 2721 5015 seorsum
2755 4960 2806 5015 in
2841 4968 3013 5028 parte,
3036 4970 3090 5015 et
3131 4960 3295 5037 Deum
3341 4959 3461 5014 simi

1909 5053 2029 5110 liter
2059 5054 2109 5108 in
2138 5063 2286 5121 parte
2310 5053 2672 5118 constituens;
2697 5050 2976 5112 evidenter
3002 5053 3145 5109 enim
3197 5051 3217 5123 [
3243 5051 3309 5105 U.
3335 5093 3351 5115 ,
3395 5065 3486 5101 au.

1910 5144 2052 5215 tem]
2096 5145 2324 5214 denegat
2348 5145 2611 5200 unitatem
2660 5144 2952 5201 secundum
2998 5160 3156 5214 quam
3207 5158 3311 5196 non
3354 5140 3490 5194 alter

1907 5253 2027 5294 cum
2058 5239 2228 5295 altero
2248 5237 2571 5292 coadoratur
2595 5245 2688 5293 aut
2718 5246 3122 5306 conuncupatur
3168 5234 3337 5295 Deus;
3392 5231 3485 5285 sed

1911 5346 2047 5386 unus
2075 5330 2389 5401 intelligitur
2420 5328 2665 5385 Christus
2688 5329 2849 5387 Jesus
2878 5328 3044 5385 Filius
3094 5325 3187 5379 Dei
3242 5321 3488 5393 unigeni-

1910 5434 2015 5487 tus,
2051 5438 2153 5476 una
2187 5423 2447 5478 servitute
2488 5437 2610 5478 cum
2660 5423 2872 5493 propria
2915 5432 3078 5475 carne
3127 5414 3481 5482 venerandus.

1906 5513 2234 5570 Conﬁtemur
2261 5513 2445 5580 etiam,
2478 5515 2619 5584 quod
2647 5515 2788 5569 idem
2816 5512 2928 5581 ipse
2955 5507 3041 5576 qui
3069 5521 3135 5561 ex
3156 5507 3276 5562 'Deo
3325 5507 3484 5564 Patre

1981 5636 2005 5665 ο
2046 5626 2121 5681 Ex
2144 5627 2356 5681 cmteris
2378 5625 2683 5680 Codicibus.
2713 5624 2767 5675 lu
2799 5624 2889 5684 Α.,
2913 5617 3197 5675 uiuendo.
3230 5618 3483 5686 Quaedam

1905 5706 2081 5753 autem
2117 5697 2275 5767 hujus
2300 5696 2512 5754 Codicis
2536 5696 2657 5749 l'olia
2693 5693 2794 5745 isto
2824 5688 3149 5757 transposita
3180 5690 3296 5745 loco
3330 5705 3484 5761 sepe-

1904 5770 2135 5824 nituntur.

1977 5837 1999 5878 ¹
2033 5838 2152 5909 En
2176 5839 2307 5909 BIL,
2333 5840 2396 5895 Τ.
2427 5840 2482 5906 1,
2503 5835 2562 5907 2,
2583 5832 2676 5896 U.,
2705 5829 2891 5885 dicere.
