4086 6358
571 370 681 435 138

1258 364 1643 426 COLLEC'l‘iO
1673 366 2005 426 cauoaun
2045 368 2116 425 s.
2156 362 2428 423 rsroouo
2466 364 2741 426 utspsu.
2786 352 3149 428 satiatura.

3752 372 3864 434 156

576 498 733 548 natus
759 494 844 544 est
868 484 1037 543 Filius
1058 484 1362 556 unigenitus
1388 485 1554 552 Dens,
1584 485 1711 540 licet
1736 485 1886 554 juxta
1913 494 2160 540 naturam
2192 481 2245 544 Α
2271 481 2577 539 nullatenus
2622 483 2870 553 ignorans
2919 484 3135 542 ludens
3180 486 3469 558 alloquitur
3519 507 3533 544 :
3586 489 3743 545 Nam:
3783 511 3873 548 me

580 598 729 639 suam
769 594 964 650 expers
1001 579 1264 649 passionis
1301 577 1590 644 exstiterit,
1636 592 1735 647 pro
1784 578 1943 633 nobis
1992 587 2169 633 tamen

580 674 874 732 secundum
903 673 1208 743 Seripturas
1237 688 1399 728 carne
1429 687 1714 742 perpessus
1733 674 1839 738 sit,
1872 681 1927 727 et
1971 684 2088 728 erat
2118 674 2173 730 iu

582 767 837 824 cruéilixo
860 780 1088 835 corpore
1117 766 1348 834 propria:
1376 766 1555 820 carnis
1577 765 1985 833 impassibiliter
2022 766 2088 819 ad
2114 779 2175 821 se

585 860 825 915 reie'rcns
855 858 1161 928 passionem
1204 865 1262 924 ις
1289 860 1460 929 gratia
1487 872 1619 913 vero
1652 858 1742 912 Dei
1776 872 1872 927 pro
1922 857 2174 912 omnibus

584 951 819 1020 gustavit
846 959 1100 1015 mortem,
1128 949 1347 1004 tradens
1369 959 1424 1005 et
1445 950 1717 1019 proprium
1739 964 1958 1017 corpus,
1988 964 2177 1019 qnam-

584 1044 666 1099 vis
698 1043 1014 1099 naturaliter
1045 1044 1162 1112 ipse
1204 1043 1311 1097 vita
1341 1043 1412 1097 sit
1465 1051 1519 1097 et
1565 1043 1888 1097 resurrectio
1939 1052 2179 1097 mortuo-

582 1149 725 1189 rum.
756 1134 888 1188 Nam
920 1144 978 1187 ut
1004 1142 1233 1188 mortem
1259 1132 1514 1188 ineliabili
1547 1136 1787 1202 potentia
1819 1134 2177 1203 proculcaret,

580 1240 647 1280 ac
674 1227 820 1295 prius
851 1226 903 1280 in
947 1239 1042 1280 sua
1072 1239 1237 1280 carne
1266 1226 1656 1295 primogenitus
1677 1241 1741 1280 ex
1771 1228 2000 1281 mortuis
2028 1227 2180 1280 iieret

580 1327 640 1373 et.
668 1318 916 1387 primitias
954 1318 1363 1380 dormientium,
1393 1318 1643 1386 viamque
1686 1316 1887 1372 faceret
1932 1319 2179 1373 humana)

583 1424 789 1469 natura:
823 1413 889 1468 ad
922 1412 1338 1482 incorruptibnis
1362 1425 1583 1466 cursum
1615 1410 1664 1477 ιι,
1693 1411 1863 1479 gratia
1894 1410 2012 1476 Dei,
2046 1412 2183 1467 sicut

580 1516 743 1573 supra
770 1502 973 1557 dietum
1009 1510 1234 1575 estnpro
1273 1501 1523 1556 omnibus
1551 1500 1790 1570 gustavit
1841 1509 2095 1568 mortem,
2127 1511 2182 1559 et

586 1598 746 1651 tertio
758 1596 854 1650 “dit:
870 1611 1157 1666 resurgens
1181 1596 1436 1664 spoliavit
1459 1594 1751 1649 infernum.
1776 1594 1978 1650 Idcirco
2003 1610 2185 1665 quam-

586 1691 671 1745 vis
701 1691 913 1745 dicatur
941 1690 1082 1759 quod
1114 1704 1208 1757 per
1251 1690 1525 1744 hominem
1568 1688 1704 1743 facta
1745 1691 1817 1744 sit
1856 1689 2183 1744 resurrectio

587 1792 921 1837 mortuorum
948 1820 962 1846 ,
1008 1790 1211 1835 tamen.
1241 1779 1591 1849 intelligimus
1651 1780 1921 1835 hominem
1980 1777 2181 1834 factum

2270 576 2499 642 quwritis
2527 577 2754 631 occidere
2775 578 3030 632 hominem
3056 581 3144 649 qui
3169 582 3426 636 veritatem
3476 584 3614 637 vobis
3661 586 3871 643 locutu

2272 682 2406 733 sum,
2438 668 2565 721 item
2597 682 2702 722 non
2754 670 2931 724 minus
2976 686 3124 738 eum,
3170 675 3258 742 qui
3309 674 3360 728 in
3411 675 3763 733 similitudine
3818 690 3876 734 et

2274 761 2576 830 cqualitale
2608 760 2778 817 Patris
2816 772 2931 831 est,
2965 763 3132 819 Deum
3184 774 3366 822 verum
3410 767 3570 840 [121,
3604 773 3831 826 verbum
3860 773 3876 845 ι

2276 853 2435 906 etiam
2459 853 2582 906 etin
2613 856 2883 910 mensuris
2936 856 3286 913 humanitatis
3339 861 3456 929 ejus
3511 865 3875 929 agnoscimus.

2278 945 2333 1001 Si
2366 956 2542 1000 antem
2574 951 2877 1003 necessario
2897 950 3155 1017 creditur,
3186 953 3328 1022 quod
3352 964 3539 1008 natura
3575 956 3714 1011 Deus
3761 958 3879 1013 exi-

2276 1047 2425 1094 stens
2448 1039 2618 1094 lactus
2639 1041 2708 1095 sit
2730 1057 2877 1107 caro,
2900 1040 3009 1097 imo
3029 1044 3202 1111 potius
3226 1044 3385 1099 homo
3409 1049 3673 1101 animatus
3694 1050 3878 1104 anima

2281 1132 2525 1186 rationali
2551 1131 2636 1205 jT.
2674 1134 2807 1202 με,
2836 1133 3190 1205 rationabili],
3226 1152 3345 1203 qua:
3394 1151 3553 1191 causa
3604 1150 3688 1194 est
3738 1144 3877 1197 utin

2279 1225 2396 1292 ejus
2428 1226 2651 1293 quilibet
2676 1226 2895 1280 vocibus
2918 1229 3224 1295 erubescat,
3255 1230 3299 1284 si
3328 1243 3419 1284 eas
3449 1231 3665 1287 homine
3686 1233 3878 1302 dignas

2282 1315 2473 1370 cli'atus
2501 1317 2623 1371 est?
2652 1316 2804 1384 Quod
2854 1318 2899 1371 si
2946 1333 3225 1374 sermones
3272 1319 3474 1375 homini
3520 1334 3879 1390 congruentes

2283 1408 2488 1477 objicit,
2514 1410 2661 1479 juxta
2692 1426 2788 1465 nos
2817 1410 3088 1467 hominem
3144 1413 3256 1467 lieri
3307 1416 3425 1484 quis
3474 1417 3687 1486 coegit?
3742 1416 3877 1473 Cum

2287 1516 2417 1556 vero
2443 1500 2754 1573 sc‘propter
2804 1520 2900 1559 nos
2946 1505 3012 1559 ad
3062 1506 3485 1563 exinanitionem
3522 1520 3877 1577 spontaneum

2285 1593 2711 1650 misericorditer
2762 1596 3084 1663 inclinaret,
3113 1614 3272 1667 quam
3312 1600 3383 1653 ob
3427 1614 3643 1655 causam
3690 1603 3881 1672 dignos

2285 1686 2657 1741 exinairitione
2681 1702 2959 1743 sermones
2988 1688 3269 1757 eli‘ugerit?
3297 1690 3397 1745 Uni
3429 1691 3587 1762 igitur
3631 1708 3880 1761 personae

2286 1787 2503 1832 cunctas
2527 1778 2641 1848 ejus
2662 1780 2712 1833 in
2737 1780 3026 1851 Evangeiio
3053 1797 3213 1838 voces
3243 1784 3577 1852 ascrihimus,
3611 1788 3703 1841 uni
3753 1789 3881 1843 sub-

599 1875 829 1930 Verbum
861 1860 1008 1945 quod.
1032 1880 1099 1928 ex
1131 1872 1241 1928 Deo
1261 1883 1364 1939 est,
1388 1882 1445 1927 et
1474 1884 1567 1942 per
1594 1874 1768 1942 ipsum
1800 1874 1985 1929 mortis
2011 1874 2181 1943 impe-
2212 1857 2259 1916 θ
2288 1868 2545 1923 sistentia:
2584 1869 2737 1925 Verbi
2763 1872 2971 1927 scilicet
2998 1872 3280 1941 incarnati,
3310 1876 3432 1946 quia
3463 1892 3601 1932 unus
3644 1890 3726 1932 est
3784 1880 3883 1931 lto-

590 1962 727 2019 rium
761 1965 925 2019 fuisse
963 1964 1315 2019 destructum.
1360 1963 1549 2019 Veniet
1592 1977 1612 2004 ο
1644 1973 1821 2019 autem
1854 1966 2183 2034 temporibus

592 2060 873 2131 praefinitis
902 2059 1040 2113 sicut
1069 2050 1151 2113 es't
1183 2072 1319 2111 unus
1343 2058 1513 2112 Filius
1538 2067 1593 2112 et
1624 2058 1882 2113 Dominus
1925 2060 1977 2113 in
2018 2059 2183 2128 gloria

593 2152 788 2219 Patris,
816 2159 874 2205 ut
898 2151 1104 2222 judicet
1132 2148 1321 2205 orbem
1353 2160 1614 2205 terrarum
1644 2151 1701 2206 in
1742 2153 1995 2222 aequitate
2048 2152 2188 2207 sicut

590 2244 868 2314 Scriptura
900 2253 1147 2298 testatur.
1184 2242 1500 2299 Necessarie
1546 2244 1706 2313 igitur
1748 2253 1804 2299 et
1848 2244 1951 2299 hoc
1994 2243 2185 2314 adjici-

600 2352 756 2392 mus:
787 2335 1170 2389 annuntiantes
1198 2335 1340 2390 enim
1374 2336 1667 2389 secundum
1697 2350 1910 2391 carnem
1959 2346 2185 2392 mortem

596 2430 853 2498 unigeniti
885 2428 1005 2484 Filii
1033 2429 1144 2494 Dei,
1168 2427 1217 2483 id
1246 2429 1491 2499 est,.lesu
1521 2428 1739 2499 Christi,
1758 2439 1811 2485 et
1834 2434 2187 2487 resurrectio-

598 2524 722 2577 hem
752 2521 867 2592 ejus
889 2519 1013 2577 etin
1038 2521 1202 2577 caelos
1223 2521 1592 2576 ascensionem
1621 2523 1819 2591 pariter
1840 2524 2185 2589 conﬁtentes,

600 2614 931 2669 incruentam
956 2614 1293 2670 celebramus
1324 2612 1375 2667 iri
1407 2612 1650 2669 ecclesiis
1680 2614 1929 2669 sacrificii
1960 2616 2189 2670 servitu-

597 2715 730 2761 tem.
753 2706 844 2763 Sic
866 2706 1026 2762 etiam
1056 2707 1122 2761 ad
1150 2707 1401 2777 mysticas
1431 2705 1833 2761 benedictiones
1860 2706 2188 2775 accedimus,

599 2807 656 2853 et
674 2800 1069 2853 sanctiiicarnnr
1098 2800 1391 2868 participes
1422 2798 1590 2852 sancti
1618 2798 1863 2867 corporis
1885 2806 1937 2852 et
1968 2799 2188 2868 pretiosi

600 2892 874 2961 sanguinis
915 2891 1113 2946 Christi
1177 2892 1416 2947 omnium
1476 2898 1779 2945 nostrorum
1831 2889 2189 2961 redemptoris

598 2986 794 3052 ell'emi,
828 3001 931 3040 non
959 2996 1012 3041 ut
1035 3000 1373 3041 communem
1404 2999 1619 3040 carnem
1646 2984 2023 3055 percipientes,
2048 2985 2189 3057 quod

596 3082 756 3148 absit,
785 3094 884 3137 nec
910 3092 965 3136 ut
1000 3081 1095 3137 viri
1122 3082 1442 3137 sanctiiicati
1468 3091 1521 3136 et
1551 3081 1727 3137 Verbo
1776 3082 2049 3151 conjuncti
2099 3097 2188 3138 se-

596 3176 828 3231 cundum
852 3174 1125 3246 dignitatis
1155 3173 1410 3229 unitatem
1443 3184 1533 3228 aut
1560 3174 1701 3229 sicut
1725 3174 1962 3229 divinam
2015 3176 2187 3244 possi-

598 3269 774 3323 dentis
807 3264 1212 3333 habitationem,
1256 3267 1351 3321 sed
1402 3276 1458 3320 ut
1509 3281 1631 3321 vere
1662 3266 2079 3322 ‘vivilicatricem
2137 3277 2191 3324 et

597 3362 768 3433 ipsius
800 3361 957 3416 Verbi
992 3362 1260 3430 propriam
1293 3360 1482 3413 iaciam
1516 3360 1656 3414 :vita
1683 3360 1825 3413 enini
1850 3360 2184 3430 naturaliter,

600 3464 658 3511 ut
692 3456 851 3523 Deus,
897 3452 1161 3521 existens,
1214 3453 1333 3522 quia
1380 3452 1609 3522 propriae
1657 3455 1806 3508 carni
1855 3455 2037 3510 unitus
2085 3466 2187 3522 est,

602 3546 1001 3605 vivillcatricem
1030 3560 1147 3601 eam
1179 3558 1302 3601 esse
1334 3544 1607 3614 professus
1633 3556 1735 3600 est.
1764 3545 1832 3601 Et
1864 3546 1985 3603 ideo
2006 3563 2191 3616 quam-

599 3642 683 3696 vis
713 3642 852 3695 dicat
880 3639 945 3693 ad
972 3652 1069 3692 nos
1098 3655 1112 3693 :
1143 3637 1303 3692 Amen
1332 3652 1483 3691 amen
1514 3639 1626 3692 dico
1648 3639 1805 3705 vobis,
1842 3640 1941 3695 nisi
1975 3642 2193 3695 mandu-

596 3732 830 3787 caueritis
858 3746 1058 3784 carnem
1092 3728 1217 3784 Filii
1257 3730 1541 3785 hominiset
1587 3730 1807 3785 biberitis
1837 3735 1948 3804 ejus
1985 3734 2193 3803 sangui-

600 3832 714 3877 nem
747 3837 766 3875 :
798 3834 904 3876 non
936 3829 1112 3875 tamen
1151 3835 1268 3876 eam
1314 3831 1373 3875 ut
1425 3821 1656 3878 hominis
1710 3823 1864 3879 unius
1919 3838 1986 3879 ex
2040 3827 2191 3881 nobis

599 3916 911 3971 existimare
936 3913 1221 3980 debemus;
1261 3915 1533 3984 quomodo
1573 3915 1714 3969 enim
1761 3919 1909 3984 juxta
1941 3928 2187 3972 naturam

601 4020 751 4064 suam
778 4006 1094 4061 vivilicatrix
1118 4018 1238 4062 esse
1282 4018 1408 4061 caro
1451 4006 1683 4061 hominis
1716 4010 1943 4076 poterit?
1992 4010 2088 4066 sed
2137 4018 2194 4066 ut

600 4114 728 4157 vere
756 4100 1027 4171 propriam
1075 4099 1193 4169 ejus
1243 4098 1462 4166 factam,
1493 4100 1583 4169 qui
1630 4109 1851 4171 propter
1898 4116 1998 4159 nos
2053 4103 2192 4159 ﬁlius

599 4192 833 4249 hominis
874 4202 926 4247 et
978 4191 1150 4247 lactus
1195 4199 1278 4247 est
1327 4200 1383 4247 et
1427 4201 1664 4247 vocatus.
1718 4193 1821 4247 Eas
1866 4203 2042 4248 autem
2091 4209 2190 4250 vo-

598 4276 689 4345 ces
731 4302 863 4360 quas
893 4286 1140 4344 Salvator
1183 4296 1367 4341 noster
1413 4288 1466 4340 in
1523 4286 1824 4356 Evangeliis
1876 4289 1987 4360 35
2011 4298 2192 4358 protu-

601 4377 663 4436 lit
694 4397 798 4436 non
829 4382 880 4435 in
903 4376 1110 4434 duabus
1135 4378 1498 4434 subsistentiis
1525 4388 1619 4433 aut
1669 4382 1912 4449 personis
1967 4383 2190 4436 omnino

597 4474 882 4545 partimdr,
936 4485 1042 4525 non
1092 4471 1236 4525 enim
1280 4470 1471 4539 duplex
1524 4481 1607 4527 est
1661 4486 1801 4526 unus
1850 4471 2096 4527 Christus
2136 4482 2193 4529 et

598 4568 743 4624 solus
770 4562 820 4633 ἀ,
848 4560 1091 4635 quamvis
1113 4576 1176 4617 ex
1208 4560 1415 4616 duabus
1437 4560 1769 4633 diversisque
1791 4564 1949 4619 rebus
1967 4564 2031 4618 ad
2062 4560 2191 4619 uni;
2208 4586 2262 4646 ι)

600 4660 763 4717 talem
811 4665 1172 4729 cognoscatur
1220 4656 1551 4712 individuam
1601 4658 1920 4713 convenisse
1972 4673 1987 4713 :
2046 4660 2184 4716 sicut

597 4752 757 4809 homo
787 4767 1000 4822 quoque
1022 4766 1089 4807 ex
1110 4750 1286 4805 anima
1307 4758 1562 4804 constans
1592 4760 1647 4805 et
1685 4765 1911 4820 corpore
1942 4767 2050 4809 non
2089 4753 2185 4809 du-

596 4845 719 4916 plex
748 4848 948 4914 potius,
974 4842 1067 4899 sed
1097 4857 1235 4897 unus
1265 4850 1347 4897 est
1375 4855 1441 4897 ex
1467 4850 1711 4911 utroque.
1750 4842 2021 4901 liumanas
2049 4861 2179 4917 ergo

593 4944 647 4991 et
675 4936 883 4991 divinas
909 4934 1130 5005 insuper
1153 4946 1315 4989 voces
1358 4933 1425 4989 ab
1447 4948 1554 4989 uno
1584 4933 1795 4990 Christo
1815 4936 1989 4993 dictas
2015 4938 2187 4994 anim-

594 5028 967 5092 advertentes,
1026 5034 1179 5080 recte
1231 5024 1512 5082 sentimus.
1562 5025 1692 5080 Cum
1741 5028 1884 5083 enim
1933 5028 2000 5084 de
2052 5030 2180 5095 Deo,

592 5121 907 5191 dignissime
930 5121 1167 5189 loquitur
1195 5120 1262 5175 de
1286 5133 1345 5175 se
1371 5120 1488 5188 ipso
1514 5135 1527 5173 :
1562 5120 1663 5187 Qui
1694 5134 1773 5174 me
1793 5120 1948 5189 videt,
1978 5121 2114 5175 ridet
2137 5131 2184 5176 et

591 5212 824 5278 Patrem,
852 5220 898 5266 et
947 5226 1038 5283 ego
1087 5219 1135 5266 et
1178 5209 1337 5266 Pater
1365 5222 1525 5265 unum
1570 5222 1769 5277 sumus,
1802 5212 2033 5267 divinam
2064 5213 2181 5281 ejus

590 5305 937 5375 intelligimus
959 5296 1392 5374 ineﬂ'abilemque
1411 5313 1681 5372 naturam,
1709 5304 1999 5361 secundum
2024 5320 2183 5376 quam

592 5410 754 5452 unum
782 5405 865 5453 est
887 5406 1007 5452 cum
1038 5397 1197 5452 Patre
1221 5410 1321 5452 suo
1349 5407 1564 5467 propter
1609 5410 1769 5452 unam
1823 5399 2183 5468 eamdemque

592 5489 966 5557 substantiam,
1000 5487 1175 5560 imago
1201 5497 1256 5545 et
1290 5490 1571 5546 character
1599 5488 1957 5559 splendorque
2000 5491 2182 5558 gloriae

589 5585 709 5657 ejus
736 5584 1001 5641 existens.
1030 5584 1167 5641 Cum
1190 5598 1319 5641 vero
1350 5584 1596 5639 humanas
1626 5590 1832 5637 natura:
1876 5596 2180 5637 mensuram

660 5729 685 5757 ⁸
715 5720 831 5787 AL,
855 5721 917 5776 Β.
948 5721 1041 5790 Β..
1075 5720 1139 5775 Ε.
1167 5720 1223 5790 ζ),
1257 5715 1494 5790 121,2,
1640 5714 2037 5790 9.,passiones.

658 5791 688 5831 ι)
725 5786 843 5859 ις,
871 5792 932 5846 Β.
956 5786 1046 5857 R.,
1070 5791 1135 5845 E.
1165 5789 1321 5859 5,1‘.‘
1355 5786 2032 5859 i,9,,U.,_G.,recursum.

662 5876 684 5905 ε
726 5862 805 5920 Ex
828 5850 947 5931 '53.,
978 5850 1043 5916 B.
1072 5860 1166 5929 Β..
1195 5850 1265 5916 U.
1296 5850 1442 5933 ln_A.
1470 5850 1531 5917 at
1554 5850 1774 5930 reliquis
1804 5876 1818 5915 :
1849 5850 2001 5914 venit.

2217 3220 2264 3285 C

2292 1961 2464 2016 minus
2494 1960 2649 2016 Jesus
2679 1960 2925 2017 Christus
2957 1974 3016 2018 ut
3058 1966 3316 2034 scriptum
3361 1976 3446 2021 est
3489 1984 3505 2022 :
3557 1970 3883 2037 appellatum

2290 2068 2419 2109 vero
2467 2054 2768 2125 apostolum
2818 2065 2870 2109 et
2920 2056 3224 2126 pontiﬁcem
3281 2059 3639 2114 conlessionis
3688 2071 3886 2116 nostra:

2294 2155 2544 2215 tanquam
2566 2146 2956 2201 sacriﬁcantem
2991 2148 3101 2203 Deo
3122 2158 3176 2201 et
3205 2150 3349 2203 Patri
3376 2150 3495 2203 iidei
3529 2162 3728 2204 nostra:
3759 2167 3887 2206 cou-

2295 2236 2605 2305 fessionem,
2636 2254 2755 2309 qum
2783 2255 2811 2291 a
2837 2239 2992 2294 nobis
3024 2240 3156 2309 ipsis
3200 2251 3255 2296 et
3303 2256 3399 2311 per
3442 2241 3614 2311 ipsum
3668 2243 3781 2297 Deo
3837 2256 3887 2299 et

2293 2328 2438 2384 Patri
2462 2329 2793 2385 incessanter
2820 2330 3062 2385 ollertur.
3088 2331 3283 2386 lterum
3311 2347 3433 2388 eum
3462 2333 3689 2388 dicimus
3711 2338 3801 2403 qui
3825 2352 3886 2391 ex

2293 2421 2405 2476 Deo
2432 2421 2721 2477 secundum
2758 2432 3004 2478 naturam
3028 2424 3195 2479 Filius
3225 2426 3547 2495 unigenitus,
3566 2443 3664 2482 nec
3686 2430 3888 2485 homim

2292 2524 2488 2585 praeter
2520 2531 2643 2571 eum
2683 2518 2837 2572 alteri
2866 2519 3153 2573 sacerdotii
3184 2534 3379 2576 nomen
3407 2532 3463 2577 et
3508 2523 3741 2577 oliicium
3792 2526 3885 2581 dc-

2294 2618 2577 2678 putamus;
2606 2610 2768 2663 lactus
2797 2618 2881 2665 est
2907 2611 3048 2665 cnim
3091 2611 3357 2667 mediator
3401 2612 3496 2669 Dei
3524 2623 3578 2668 et
3609 2614 3886 2670 hominum

2294 2709 2350 2757 et
2377 2704 2750 2758 reconciliator
2776 2706 2842 2758 ad
2869 2716 3073 2773 pacem.
3110 2708 3461 2777 semetipsum
3508 2708 3619 2764 Deo
3648 2721 3703 2765 et
3746 2713 3887 2768 Patri

2297 2808 2393 2865 pro
2418 2796 2573 2851 nobis
2602 2796 2833 2851 oii‘erens
2860 2798 2913 2852 in
2945 2799 3163 2854 odorem
3197 2802 3479 2857 suavitatis
3502 2844 3518 2869 ,
3545 2801 3773 2873 ideoque
3814 2805 3890 2859 di-

2295 2884 2449 2939 cebat
2483 2903 2498 2938 :
2528 2885 2857 2955 Sacri/icium
2888 2899 2934 2942 et
2964 2890 3274 2945 oblationem
3305 2895 3545 2961 noluisti,
3587 2895 3889 2952 holocausta

2295 2994 2389 3047 pro
2413 2988 2616 3047 peccato
2639 2995 2742 3033 non
2773 2981 2863 3033 tibi
2894 2982 3220 3051 placuerunt,
3274 3000 3461 3053 corpus
3505 2996 3678 3041 autem
3728 2994 3889 3061 perfe-

2295 3070 2408 3124 cisti
2431 3070 2576 3123 mihi.
2602 3069 2747 3124 Tunc
2776 3071 2884 3125 dixi
2909 3090 2927 3127 :
2959 3071 3091 3127 Ecce
3111 3074 3276 3129 venio.
3305 3074 3370 3129 In
3411 3078 3580 3145 capi:e
3607 3079 3726 3133 libri
3761 3084 3890 3135 scri-

2295 3176 2435 3237 pturn
2454 3176 2529 3221 est
2554 3167 2616 3221 de
2642 3183 2751 3237 me,
2777 3177 2833 3222 ut
2857 3169 3046 3239 faciam
3074 3168 3212 3224 Dens
3243 3173 3554 3227 voluntatem
3582 3183 3723 3229 tuam
3750 3191 3771 3231 :
3799 3178 3892 3233 ob-

2298 3257 2417 3312 tulit
2441 3258 2583 3313 enim
2618 3261 2890 3329 proprium
2922 3276 3118 3332 corpus
3150 3276 3254 3317 non
3287 3280 3386 3333 pro
3412 3280 3492 3333 se,
3521 3267 3615 3321 sed
3643 3283 3743 3336 pro
3792 3284 3891 3324 no-

2294 3352 2376 3408 bis
2405 3352 2458 3406 in
2486 3352 2711 3408 odorem
2742 3356 3041 3410 suavitatis.
3074 3355 3207 3411 Nam
3241 3372 3341 3427 qua
3374 3373 3473 3429 pro
3520 3373 3578 3414 se
3622 3362 3893 3418 oblatione

2293 3445 2377 3499 vei
2401 3446 2667 3501 sacrificio
2689 3447 2955 3517 indigeret
2984 3448 3051 3503 ab
3074 3448 3221 3504 omni
3252 3459 3471 3518 peccato
3496 3450 3631 3505 liber
3660 3462 3718 3506 ut
3748 3452 3892 3509 Deus

2293 3540 2570 3594 existens?
2601 3540 2754 3607 Quod
2779 3541 2825 3595 si
2850 3556 3037 3597 omnes
3067 3552 3425 3613 peccaverunt
3452 3554 3505 3599 et
3533 3553 3692 3615 egent
3718 3546 3889 3617 gloria

2295 3634 2412 3700 Dei,
2442 3634 2737 3690 secundum
2772 3634 2876 3691 hoc
2904 3637 3046 3707 quod
3075 3652 3264 3692 sumus
3292 3638 3359 3693 ad
3393 3638 3766 3695 mutabilitatis
3795 3657 3890 3697 ex-

2292 3739 2507 3781 cessum
2540 3728 2822 3795 proniores
2848 3727 3023 3784 eil'eeti
3049 3740 3103 3785 et
3131 3731 3364 3800 peccatis
3394 3733 3671 3801 mgrotavit
3698 3733 3889 3789 humao

2294 3829 2359 3870 na
2389 3818 2500 3888 88
2556 3827 2781 3884 natura;
2818 3821 2928 3890 ipso
2962 3834 3089 3876 vero
3121 3836 3228 3877 non
3254 3822 3347 3887 ita,
3382 3823 3609 3893 ideoque
3642 3839 3739 3879 nos
3766 3827 3885 3897 glo-

2294 3909 2372 3963 ria
2398 3910 2515 3978 ejus
2543 3912 2874 3977 evincimur;
2909 3928 3006 3967 cur
3032 3914 3137 3969 erit
3170 3916 3306 3969 ultra
3328 3915 3437 3988 jam
3484 3917 3701 3971 dubium
3743 3920 3887 3989 quod

2294 4013 2461 4071 agnus
2485 4016 2641 4057 verus
2668 4018 2762 4073 pro
2791 4005 2944 4061 nobis
2969 4008 3040 4060 sit
3060 4006 3397 4063 immolatus?
3420 4007 3521 4076 Qui
3548 4010 3679 4064 dicit
3700 4020 3883 4068 autem

2292 4094 2415 4161 quia
2446 4095 2793 4166 semetipsum
2827 4105 2930 4151 tarn
2963 4111 3060 4167 pro
3088 4114 3147 4154 se
3178 4115 3337 4168 quam
3369 4116 3465 4170 pro
3510 4103 3663 4157 nobis
3693 4105 3887 4161 obtulit

2294 4186 2382 4258 [Τ.
2436 4187 2487 4257 1,
2546 4187 2601 4255 2,
2663 4190 2940 4261 obtulerit]
2990 4192 3294 4249 nullatenus
3344 4194 3629 4265 impietatis
3679 4199 3883 4256 crimen

2292 4279 2532 4350 ell‘d‘giet,
2555 4296 2674 4337 cum
2704 4283 2834 4337 nihil
2868 4298 3089 4354 prorsus
3110 4286 3212 4341 iste
3239 4287 3525 4357 deliquerit
3566 4305 3665 4345 nec
3715 4293 3883 4351 ul'nru

2294 4371 2478 4427 fecerit
2508 4374 2726 4428 omnino
2745 4385 3022 4444 peccatum
3049 4394 3061 4430 :
3086 4390 3189 4447 qua
3207 4377 3368 4448 igitur
3387 4390 3567 4449 egeret
3587 4382 3885 4451 oblatione,

2293 4465 2440 4519 nullo
2468 4480 2565 4521 suo
2591 4476 2836 4522 exstante
2862 4468 3119 4533 facinore,
3150 4485 3249 4539 pro
3299 4487 3408 4541 quo
3456 4475 3501 4527 si
3553 4483 3698 4530 esset
3752 4482 3886 4531 satis

2291 4557 2580 4613 admodum
2621 4563 3004 4617 convenienter
3030 4563 3287 4618 otierret?
3338 4564 3413 4621 De
3440 4566 3638 4633 Spiritu
3670 4584 3886 4638 quoque

2289 4654 2409 4703 cum
2440 4648 2609 4706 dicit:
2638 4648 2741 4703 Ille
2764 4667 2844 4705 me
2894 4651 3229 4723 gloriﬁcabil,
3262 4655 3364 4710 hoc
3412 4655 3712 4713 rectissime
3756 4673 3887 4713 sen-

2289 4743 2504 4809 tientes,
2532 4758 2697 4799 unum
2723 4743 2997 4801 Christum
3026 4756 3080 4802 et
3108 4747 3326 4817 Filium,
3358 4762 3464 4804 non
3492 4750 3636 4805 velut
3660 4752 3882 4809 alterius

2288 4849 2535 4907 egentem
2565 4838 2755 4907 gloria,
2785 4841 3103 4896 coniitemur
3127 4840 3193 4896 ab
3219 4840 3422 4912 Spiritu
3450 4855 3634 4898 sancto
3655 4845 3881 4915 gloriam

2286 4942 2657 4999 consecutum,
2684 4930 2804 5002 quia
2828 4932 3059 5001 Spiritus
3090 4933 3205 5002 ejus
3232 4948 3330 4990 nec
3361 4935 3557 4991 melior-
3577 4946 3676 4991 nec
3720 4951 3885 5007 supe-

2288 5027 2398 5080 rior
2424 5024 2542 5093 ipso
2564 5034 2682 5091 cst;
2708 5025 2800 5080 sed
2822 5026 2945 5094 quia
2977 5026 3109 5081 mira
3141 5040 3303 5097 opera
3333 5026 3534 5082 faciens
3557 5027 3623 5082 ad
3653 5028 3884 5083 dernon-

2286 5120 2599 5174 strationem
2623 5132 2733 5173 suae
2763 5117 2979 5173 deitatis
3010 5120 3217 5175 virtute
3248 5120 3448 5190 proprii
3474 5119 3707 5190 Spiritus
3757 5131 3878 5177 ute-

2286 5212 2467 5278 batur,
2502 5213 2571 5265 a‘b
2604 5221 2720 5281 Ipso
2750 5209 3034 5282 giorilicari
3077 5210 3295 5281 dicitur,
3328 5210 3783 5283 quemadmodum
3836 5219 3883 5270 si

2286 5308 2403 5377 quis
2429 5306 2496 5363 de
2529 5306 2835 5361 hominibus
2857 5315 3129 5364 asscveret
3160 5307 3301 5376 quod
3336 5307 3504 5362 virtus
3544 5319 3639 5361 sua
3682 5307 3769 5361 vel
3801 5307 3886 5361 di-

2286 5399 2509 5471 sciplina
2542 5400 2795 5471 quaelibet
2825 5415 3257 5472 unumquemque
3298 5396 3579 5455 clarificet.
3623 5400 3883 5467 Quamvis

2286 5498 2426 5549 enim
2458 5492 2512 5549 in
2542 5508 2638 5548 sua
2668 5494 2737 5550 sit
2764 5494 3111 5550 subsistentia
3142 5492 3390 5563 Spiritus,
3422 5502 3475 5549 et
3505 5493 3622 5561 ejus
3674 5494 3884 5548 inteliio

2285 5597 2437 5658 gatur
2463 5588 2515 5642 in
2548 5602 2777 5659 persona
2808 5587 3106 5659 proprietas
3144 5585 3301 5656 juxta
3346 5584 3399 5641 id
3443 5584 3594 5657 quod
3642 5583 3881 5655 Spiritus

2282 5726 2513 5868 “21,133:
2536 5725 2753 5798 reliquis
2781 5732 2973 5805 printer
3002 5725 3094 5792 A.,
3121 5722 3184 5781 E.
3216 5723 3269 5792 3,
3302 5722 3355 5780 in
3385 5720 3578 5822 quibus
3605 5719 3747 5777 ⁸01⁸⁸⁸
3786 5734 3879 5792 9⁸⁸⁸

2420 5814 2427 5819 ’
2470 5816 2484 5853 ι
2522 5838 2533 5854 .

2420 5814 2533 5854 'ms.
