  <div class='ocr_page' id='page_1' title='image "/cluster/home/n/w/nwhite01/storage/ocr_20150623/84/hvd.32044015547136/084.png"; bbox 0 0 4086 6358; ppageno 0'>
   <div class='ocr_carea' id='block_1_1' title="bbox 215 386 879 455">
    <p class='ocr_par' dir='ltr' id='par_1_1' title="bbox 215 386 879 455">
     <span class='ocr_line' id='line_1_1' title="bbox 215 386 879 455; baseline 0 -1"><span class='ocrx_word' id='word_1_1' title='bbox 648 387 748 454; x_wconf 39' lang='lat'><strong>:3):</strong></span> <span class='ocrx_word' id='word_1_2' title='bbox 770 454 777 455; x_wconf 60' lang='lat'><strong><em>,</em></strong></span> 
     </span>
    </p>
   </div>
   <div class='ocr_carea' id='block_1_2' title="bbox 1195 337 2516 450">
    <p class='ocr_par' dir='ltr' id='par_1_2' title="bbox 1195 337 2516 450">
     <span class='ocr_line' id='line_1_2' title="bbox 1195 337 2516 450; baseline 0.002 -3"><span class='ocrx_word' id='word_1_3' title='bbox 1195 342 1598 447; x_wconf 56' lang='lat' dir='ltr'><strong>enaconuu</strong></span> <span class='ocrx_word' id='word_1_4' title='bbox 1632 345 1967 444; x_wconf 63' lang='lat' dir='ltr'><strong>comm.</strong></span> <span class='ocrx_word' id='word_1_5' title='bbox 2000 412 2067 422; x_wconf 84' lang='grc'><strong><em>-</em></strong></span> <span class='ocrx_word' id='word_1_6' title='bbox 2098 337 2516 450; x_wconf 71' lang='lat' dir='ltr'><strong>erttusmun;</strong></span> 
     </span>
    </p>
   </div>
   <div class='ocr_carea' id='block_1_3' title="bbox 3385 401 3483 459">
    <p class='ocr_par' dir='ltr' id='par_1_3' title="bbox 3385 401 3483 459">
     <span class='ocr_line' id='line_1_3' title="bbox 3385 401 3483 459; baseline 0 -1"><span class='ocrx_word' id='word_1_7' title='bbox 3385 401 3483 459; x_wconf 76' lang='grc'><strong>158</strong></span> 
     </span>
    </p>
   </div>
   <div class='ocr_carea' id='block_1_4' title="bbox 213 470 3481 581">
    <p class='ocr_par' dir='ltr' id='par_1_4' title="bbox 213 470 3481 581">
     <span class='ocr_line' id='line_1_4' title="bbox 213 470 3481 581; baseline -0.002 -15"><span class='ocrx_word' id='word_1_8' title='bbox 213 516 294 570; x_wconf 82' lang='lat' dir='ltr'><strong>est</strong></span> <span class='ocrx_word' id='word_1_9' title='bbox 320 514 503 566; x_wconf 83' lang='lat' dir='ltr'><strong>etnon</strong></span> <span class='ocrx_word' id='word_1_10' title='bbox 532 496 727 572; x_wconf 75' lang='lat' dir='ltr'><strong>Filius;</strong></span> <span class='ocrx_word' id='word_1_11' title='bbox 760 510 936 560; x_wconf 89' lang='lat' dir='ltr'><strong>tamen</strong></span> <span class='ocrx_word' id='word_1_12' title='bbox 961 500 1106 577; x_wconf 73' lang='lat' dir='ltr'><strong>[/E.,</strong></span> <span class='ocrx_word' id='word_1_13' title='bbox 1131 499 1197 558; x_wconf 89' lang='lat' dir='ltr'><strong>B.</strong></span> <span class='ocrx_word' id='word_1_14' title='bbox 1230 500 1322 573; x_wconf 85' lang='lat' dir='ltr'><strong>R.,</strong></span> <span class='ocrx_word' id='word_1_15' title='bbox 1344 499 1411 555; x_wconf 89' lang='lat' dir='ltr'><strong>E.</strong></span> <span class='ocrx_word' id='word_1_16' title='bbox 1442 501 1495 569; x_wconf 87' lang='lat'><strong>&#39;5,</strong></span> <span class='ocrx_word' id='word_1_17' title='bbox 1530 494 1788 581; x_wconf 70' lang='lat' dir='ltr'><strong>attamen]</strong></span> <span class='ocrx_word' id='word_1_18' title='bbox 1820 499 1871 560; x_wconf 82' lang='grc' dir='ltr'><strong>Α</strong></span> <span class='ocrx_word' id='word_1_19' title='bbox 1897 503 2017 568; x_wconf 87' lang='lat' dir='ltr'><strong>post</strong></span> <span class='ocrx_word' id='word_1_20' title='bbox 2059 496 2349 568; x_wconf 87' lang='lat' dir='ltr'><strong>unitatem,</strong></span> <span class='ocrx_word' id='word_1_21' title='bbox 2390 501 2503 556; x_wconf 89' lang='lat' dir='ltr'><strong>sola</strong></span> <span class='ocrx_word' id='word_1_22' title='bbox 2546 516 2637 559; x_wconf 90' lang='lat' dir='ltr'><strong>eas</strong></span> <span class='ocrx_word' id='word_1_23' title='bbox 2678 470 3389 580; x_wconf 66' lang='lat' dir='ltr'><strong>connexionbcbnjung&#39;éns</strong></span> <span class='ocrx_word' id='word_1_24' title='bbox 3417 529 3481 569; x_wconf 73' lang='lat' dir='ltr'><strong>ea</strong></span> 
     </span>
    </p>
   </div>
   <div class='ocr_carea' id='block_1_5' title="bbox 215 590 1788 679">
    <p class='ocr_par' dir='ltr' id='par_1_5' title="bbox 215 590 1788 679">
     <span class='ocr_line' id='line_1_5' title="bbox 215 590 1788 679; baseline -0.007 -18"><span class='ocrx_word' id='word_1_25' title='bbox 215 619 316 662; x_wconf 89' lang='lat' dir='ltr'><strong>non</strong></span> <span class='ocrx_word' id='word_1_26' title='bbox 338 608 424 659; x_wconf 86' lang='lat' dir='ltr'><strong>est</strong></span> <span class='ocrx_word' id='word_1_27' title='bbox 452 600 658 657; x_wconf 83' lang='lat' dir='ltr'><strong>alienus</strong></span> <span class='ocrx_word' id='word_1_28' title='bbox 684 596 752 654; x_wconf 89' lang='lat' dir='ltr'><strong>ab</strong></span> <span class='ocrx_word' id='word_1_29' title='bbox 790 598 905 667; x_wconf 81' lang='lat' dir='ltr'><strong>illo,</strong></span> <span class='ocrx_word' id='word_1_30' title='bbox 934 612 1053 653; x_wconf 90' lang='lat' dir='ltr'><strong>nam</strong></span> <span class='ocrx_word' id='word_1_31' title='bbox 1082 596 1314 679; x_wconf 81' lang='lat' dir='ltr'><strong>Spiritus</strong></span> <span class='ocrx_word' id='word_1_32' title='bbox 1362 596 1658 667; x_wconf 88' lang='lat' dir='ltr'><strong>appellatus</strong></span> <span class='ocrx_word' id='word_1_33' title='bbox 1706 590 1788 650; x_wconf 86' lang='lat' dir='ltr'><strong>est</strong></span> 
     </span>
    </p>
   </div>
   <div class='ocr_carea' id='block_1_6' title="bbox 215 687 1797 755">
    <p class='ocr_par' dir='ltr' id='par_1_6' title="bbox 215 687 1797 755">
     <span class='ocr_line' id='line_1_6' title="bbox 215 687 1797 755; baseline -0.008 0"><span class='ocrx_word' id='word_1_34' title='bbox 215 694 451 755; x_wconf 81' lang='lat' dir='ltr'><strong>veritatis</strong></span> <span class='ocrx_word' id='word_1_35' title='bbox 474 701 531 750; x_wconf 90' lang='lat' dir='ltr'><strong>et</strong></span> <span class='ocrx_word' id='word_1_36' title='bbox 561 692 761 748; x_wconf 84' lang='lat' dir='ltr'><strong>veritas</strong></span> <span class='ocrx_word' id='word_1_37' title='bbox 790 690 1029 747; x_wconf 90' lang='lat' dir='ltr'><strong>Christus</strong></span> <span class='ocrx_word' id='word_1_38' title='bbox 1051 700 1172 748; x_wconf 89' lang='lat' dir='ltr'><strong>est:</strong></span> <span class='ocrx_word' id='word_1_39' title='bbox 1202 689 1344 746; x_wconf 91' lang='lat' dir='ltr'><strong>unde</strong></span> <span class='ocrx_word' id='word_1_40' title='bbox 1383 700 1435 745; x_wconf 91' lang='lat' dir='ltr'><strong>et</strong></span> <span class='ocrx_word' id='word_1_41' title='bbox 1464 690 1531 744; x_wconf 89' lang='lat' dir='ltr'><strong>ab</strong></span> <span class='ocrx_word' id='word_1_42' title='bbox 1580 690 1682 744; x_wconf 86' lang='lat' dir='ltr'><strong>isto</strong></span> <span class='ocrx_word' id='word_1_43' title='bbox 1727 687 1797 743; x_wconf 79' lang='lat' dir='ltr'><strong>&#39;si-</strong></span> 
     </span>
    </p>
   </div>
   <div class='ocr_carea' id='block_1_7' title="bbox 215 778 1795 857">
    <p class='ocr_par' dir='ltr' id='par_1_7' title="bbox 215 778 1795 857">
     <span class='ocr_line' id='line_1_7' title="bbox 215 778 1795 857; baseline -0.01 -6"><span class='ocrx_word' id='word_1_44' title='bbox 215 794 407 854; x_wconf 78' lang='lat' dir='ltr'><strong>utiliter</strong></span> <span class='ocrx_word' id='word_1_45' title='bbox 434 790 576 847; x_wconf 90' lang='lat' dir='ltr'><strong>sicut</strong></span> <span class='ocrx_word' id='word_1_46' title='bbox 625 804 691 845; x_wconf 83' lang='lat' dir='ltr'><strong>ex</strong></span> <span class='ocrx_word' id='word_1_47' title='bbox 740 788 853 845; x_wconf 90' lang='lat' dir='ltr'><strong>Deo</strong></span> <span class='ocrx_word' id='word_1_48' title='bbox 901 784 1060 842; x_wconf 83' lang='lat' dir='ltr'><strong>Patre</strong></span> <span class='ocrx_word' id='word_1_49' title='bbox 1117 782 1372 853; x_wconf 85' lang='lat' dir='ltr'><strong>procedit.</strong></span> <span class='ocrx_word' id='word_1_50' title='bbox 1421 778 1658 853; x_wconf 83' lang='lat' dir='ltr'><strong>Denique</strong></span> <span class='ocrx_word' id='word_1_51' title='bbox 1705 778 1795 857; x_wconf 82' lang='lat' dir='ltr'><strong>hic</strong></span> 
     </span>
    </p>
   </div>
   <div class='ocr_carea' id='block_1_8' title="bbox 216 870 1798 958">
    <p class='ocr_par' dir='ltr' id='par_1_8' title="bbox 216 870 1798 958">
     <span class='ocr_line' id='line_1_8' title="bbox 216 870 1798 958; baseline -0.011 -15"><span class='ocrx_word' id='word_1_52' title='bbox 216 888 326 958; x_wconf 83' lang='lat' dir='ltr'><strong>ipse</strong></span> <span class='ocrx_word' id='word_1_53' title='bbox 353 883 584 956; x_wconf 83' lang='lat' dir='ltr'><strong>Spiritus</strong></span> <span class='ocrx_word' id='word_1_54' title='bbox 605 880 766 943; x_wconf 86' lang='lat' dir='ltr'><strong>etiam</strong></span> <span class='ocrx_word' id='word_1_55' title='bbox 794 895 888 951; x_wconf 91' lang='lat' dir='ltr'><strong>per</strong></span> <span class='ocrx_word' id='word_1_56' title='bbox 932 886 1239 935; x_wconf 88' lang='lat' dir='ltr'><strong>sanctorum</strong></span> <span class='ocrx_word' id='word_1_57' title='bbox 1288 890 1478 930; x_wconf 89' lang='lat' dir='ltr'><strong>manus</strong></span> <span class='ocrx_word' id='word_1_58' title='bbox 1525 870 1798 955; x_wconf 71' lang='lat' dir='ltr'><strong>apostolo-</strong></span> 
     </span>
    </p>
   </div>
   <div class='ocr_carea' id='block_1_9' title="bbox 218 962 1797 1044">
    <p class='ocr_par' dir='ltr' id='par_1_9' title="bbox 218 962 1797 1044">
     <span class='ocr_line' id='line_1_9' title="bbox 218 962 1797 1044; baseline -0.011 -9"><span class='ocrx_word' id='word_1_59' title='bbox 218 994 332 1035; x_wconf 85' lang='lat' dir='ltr'><strong>rum</strong></span> <span class='ocrx_word' id='word_1_60' title='bbox 358 974 612 1032; x_wconf 87' lang='lat' dir='ltr'><strong>miracula</strong></span> <span class='ocrx_word' id='word_1_61' title='bbox 636 973 863 1044; x_wconf 77' lang='lat' dir='ltr'><strong>gloriosa</strong></span> <span class='ocrx_word' id='word_1_62' title='bbox 906 968 1207 1041; x_wconf 86' lang='lat' dir='ltr'><strong>perliciens,</strong></span> <span class='ocrx_word' id='word_1_63' title='bbox 1258 965 1541 1021; x_wconf 90' lang='lat' dir='ltr'><strong>Dominum</strong></span> <span class='ocrx_word' id='word_1_64' title='bbox 1597 962 1797 1034; x_wconf 66' lang='grc' dir='ltr'><strong>εἰοτίηὲ</strong></span> 
     </span>
    </p>
   </div>
   <div class='ocr_carea' id='block_1_10' title="bbox 223 1056 1792 1143">
    <p class='ocr_par' dir='ltr' id='par_1_10' title="bbox 223 1056 1792 1143">
     <span class='ocr_line' id='line_1_10' title="bbox 223 1056 1792 1143; baseline -0.011 -15"><span class='ocrx_word' id='word_1_65' title='bbox 223 1070 357 1128; x_wconf 87' lang='lat' dir='ltr'><strong>cavit</strong></span> <span class='ocrx_word' id='word_1_66' title='bbox 384 1069 558 1126; x_wconf 82' lang='lat' dir='ltr'><strong>Jesum</strong></span> <span class='ocrx_word' id='word_1_67' title='bbox 591 1065 863 1122; x_wconf 86' lang='lat' dir='ltr'><strong>Christum</strong></span> <span class='ocrx_word' id='word_1_68' title='bbox 891 1071 1170 1134; x_wconf 84' lang='lat' dir='ltr'><strong>postquam</strong></span> <span class='ocrx_word' id='word_1_69' title='bbox 1199 1057 1443 1143; x_wconf 86' lang='lat' dir='ltr'><strong>ascendit</strong></span> <span class='ocrx_word' id='word_1_70' title='bbox 1482 1059 1533 1113; x_wconf 92' lang='lat' dir='ltr'><strong>in</strong></span> <span class='ocrx_word' id='word_1_71' title='bbox 1564 1056 1792 1143; x_wconf 73' lang='lat' dir='ltr'><strong>cmlum;</strong></span> 
     </span>
    </p>
   </div>
   <div class='ocr_carea' id='block_1_11' title="bbox 226 1142 1799 1233">
    <p class='ocr_par' dir='ltr' id='par_1_11' title="bbox 226 1142 1799 1233">
     <span class='ocr_line' id='line_1_11' title="bbox 226 1142 1799 1233; baseline -0.011 -14"><span class='ocrx_word' id='word_1_72' title='bbox 226 1176 341 1229; x_wconf 85' lang='lat' dir='ltr'><strong>nam</strong></span> <span class='ocrx_word' id='word_1_73' title='bbox 367 1160 595 1219; x_wconf 88' lang='lat' dir='ltr'><strong>creditus</strong></span> <span class='ocrx_word' id='word_1_74' title='bbox 623 1166 708 1215; x_wconf 90' lang='lat' dir='ltr'><strong>est</strong></span> <span class='ocrx_word' id='word_1_75' title='bbox 738 1155 1007 1220; x_wconf 82' lang='lat' dir='ltr'><strong>Christus,</strong></span> <span class='ocrx_word' id='word_1_76' title='bbox 1036 1163 1226 1209; x_wconf 87' lang='lat' dir='ltr'><strong>natura</strong></span> <span class='ocrx_word' id='word_1_77' title='bbox 1250 1142 1396 1207; x_wconf 84' lang='lat' dir='ltr'><strong>Deus</strong></span> <span class='ocrx_word' id='word_1_78' title='bbox 1427 1150 1663 1205; x_wconf 78' lang='lat' dir='ltr'><strong>existens</strong></span> <span class='ocrx_word' id='word_1_79' title='bbox 1703 1142 1799 1233; x_wconf 81' lang='lat' dir='ltr'><strong>per</strong></span> 
     </span>
    </p>
   </div>
   <div class='ocr_carea' id='block_1_12' title="bbox 222 1240 1793 1324">
    <p class='ocr_par' dir='ltr' id='par_1_12' title="bbox 222 1240 1793 1324">
     <span class='ocr_line' id='line_1_12' title="bbox 222 1240 1793 1324; baseline -0.012 -12"><span class='ocrx_word' id='word_1_80' title='bbox 222 1269 368 1312; x_wconf 86' lang='lat' dir='ltr'><strong>suum</strong></span> <span class='ocrx_word' id='word_1_81' title='bbox 394 1252 649 1324; x_wconf 87' lang='lat' dir='ltr'><strong>Spiritum</strong></span> <span class='ocrx_word' id='word_1_82' title='bbox 678 1250 902 1305; x_wconf 82' lang='lat' dir='ltr'><strong>virtutes</strong></span> <span class='ocrx_word' id='word_1_83' title='bbox 951 1246 1208 1311; x_wconf 84' lang='lat' dir='ltr'><strong>efficiens,</strong></span> <span class='ocrx_word' id='word_1_84' title='bbox 1262 1243 1489 1313; x_wconf 88' lang='lat' dir='ltr'><strong>ideoque</strong></span> <span class='ocrx_word' id='word_1_85' title='bbox 1534 1240 1747 1296; x_wconf 89' lang='lat' dir='ltr'><strong>dicebat</strong></span> <span class='ocrx_word' id='word_1_86' title='bbox 1779 1257 1793 1293; x_wconf 87' lang='lat'><strong>:</strong></span> 
     </span>
    </p>
   </div>
   <div class='ocr_carea' id='block_1_13' title="bbox 218 1336 1797 1415">
    <p class='ocr_par' dir='ltr' id='par_1_13' title="bbox 218 1336 1797 1415">
     <span class='ocr_line' id='line_1_13' title="bbox 218 1336 1797 1415; baseline -0.008 -15"><span class='ocrx_word' id='word_1_87' title='bbox 218 1346 294 1403; x_wconf 77' lang='lat' dir='ltr'><strong>De</strong></span> <span class='ocrx_word' id='word_1_88' title='bbox 326 1361 437 1401; x_wconf 77' lang='lat' dir='ltr'><strong>meo</strong></span> <span class='ocrx_word' id='word_1_89' title='bbox 457 1344 674 1415; x_wconf 75' lang='lat' dir='ltr'><strong>accipiet</strong></span> <span class='ocrx_word' id='word_1_90' title='bbox 700 1352 747 1396; x_wconf 86' lang='lat' dir='ltr'><strong>et</strong></span> <span class='ocrx_word' id='word_1_91' title='bbox 773 1338 1093 1396; x_wconf 80' lang='lat' dir='ltr'><strong>annuntiabit</strong></span> <span class='ocrx_word' id='word_1_92' title='bbox 1114 1338 1276 1395; x_wconf 82' lang='lat' dir='ltr'><strong>vobis.</strong></span> <span class='ocrx_word' id='word_1_93' title='bbox 1301 1336 1644 1406; x_wconf 82' lang='lat' dir='ltr'><strong>Nequaquam</strong></span> <span class='ocrx_word' id='word_1_94' title='bbox 1669 1346 1797 1389; x_wconf 88' lang='lat' dir='ltr'><strong>vero</strong></span> 
     </span>
    </p>
   </div>
   <div class='ocr_carea' id='block_1_14' title="bbox 216 1432 1798 1512">
    <p class='ocr_par' dir='ltr' id='par_1_14' title="bbox 216 1432 1798 1512">
     <span class='ocr_line' id='line_1_14' title="bbox 216 1432 1798 1512; baseline -0.008 -15"><span class='ocrx_word' id='word_1_95' title='bbox 216 1440 618 1512; x_wconf 90' lang='lat' dir='ltr'><strong>participatione</strong></span> <span class='ocrx_word' id='word_1_96' title='bbox 643 1438 862 1493; x_wconf 82' lang='lat' dir='ltr'><strong>alterius</strong></span> <span class='ocrx_word' id='word_1_97' title='bbox 893 1437 1033 1492; x_wconf 90' lang='lat' dir='ltr'><strong>idem</strong></span> <span class='ocrx_word' id='word_1_98' title='bbox 1056 1434 1291 1506; x_wconf 89' lang='lat' dir='ltr'><strong>Spiritus</strong></span> <span class='ocrx_word' id='word_1_99' title='bbox 1320 1432 1535 1504; x_wconf 85' lang='lat' dir='ltr'><strong>sapiens</strong></span> <span class='ocrx_word' id='word_1_100' title='bbox 1583 1439 1674 1486; x_wconf 90' lang='lat' dir='ltr'><strong>aut</strong></span> <span class='ocrx_word' id='word_1_101' title='bbox 1704 1444 1798 1500; x_wconf 89' lang='lat' dir='ltr'><strong>po-</strong></span> 
     </span>
    </p>
   </div>
   <div class='ocr_carea' id='block_1_15' title="bbox 216 1522 1797 1601">
    <p class='ocr_par' dir='ltr' id='par_1_15' title="bbox 216 1522 1797 1601">
     <span class='ocr_line' id='line_1_15' title="bbox 216 1522 1797 1601; baseline -0.003 -17"><span class='ocrx_word' id='word_1_102' title='bbox 216 1540 328 1590; x_wconf 90' lang='lat' dir='ltr'><strong>tens</strong></span> <span class='ocrx_word' id='word_1_103' title='bbox 355 1532 571 1599; x_wconf 88' lang='lat' dir='ltr'><strong>dicitur,</strong></span> <span class='ocrx_word' id='word_1_104' title='bbox 601 1531 723 1601; x_wconf 85' lang='lat' dir='ltr'><strong>quia</strong></span> <span class='ocrx_word' id='word_1_105' title='bbox 751 1544 844 1601; x_wconf 91' lang='lat' dir='ltr'><strong>per</strong></span> <span class='ocrx_word' id='word_1_106' title='bbox 873 1528 1052 1585; x_wconf 88' lang='lat' dir='ltr'><strong>omnia</strong></span> <span class='ocrx_word' id='word_1_107' title='bbox 1073 1525 1343 1598; x_wconf 75' lang='lat' dir='ltr'><strong>perfectus</strong></span> <span class='ocrx_word' id='word_1_108' title='bbox 1390 1530 1495 1593; x_wconf 87' lang='lat' dir='ltr'><strong>est,</strong></span> <span class='ocrx_word' id='word_1_109' title='bbox 1551 1534 1605 1579; x_wconf 89' lang='lat' dir='ltr'><strong>et</strong></span> <span class='ocrx_word' id='word_1_110' title='bbox 1652 1522 1797 1579; x_wconf 89' lang='lat' dir='ltr'><strong>nullo</strong></span> 
     </span>
    </p>
   </div>
   <div class='ocr_carea' id='block_1_16' title="bbox 211 1616 1798 1697">
    <p class='ocr_par' dir='ltr' id='par_1_16' title="bbox 211 1616 1798 1697">
     <span class='ocr_line' id='line_1_16' title="bbox 211 1616 1798 1697; baseline -0.008 -16"><span class='ocrx_word' id='word_1_111' title='bbox 211 1639 430 1697; x_wconf 80' lang='lat' dir='ltr'><strong>prorsus</strong></span> <span class='ocrx_word' id='word_1_112' title='bbox 454 1623 694 1693; x_wconf 80' lang='lat' dir='ltr'><strong>indigens</strong></span> <span class='ocrx_word' id='word_1_113' title='bbox 720 1622 893 1688; x_wconf 89' lang='lat' dir='ltr'><strong>bono;</strong></span> <span class='ocrx_word' id='word_1_114' title='bbox 922 1635 1045 1675; x_wconf 92' lang='lat' dir='ltr'><strong>nam</strong></span> <span class='ocrx_word' id='word_1_115' title='bbox 1086 1627 1323 1689; x_wconf 63' lang='lat' dir='ltr'><strong>paternae</strong></span> <span class='ocrx_word' id='word_1_116' title='bbox 1350 1616 1561 1691; x_wconf 83' lang='lat' dir='ltr'><strong>virtutis</strong></span> <span class='ocrx_word' id='word_1_117' title='bbox 1608 1623 1660 1670; x_wconf 91' lang='lat' dir='ltr'><strong>ct</strong></span> <span class='ocrx_word' id='word_1_118' title='bbox 1710 1630 1798 1670; x_wconf 87' lang='lat' dir='ltr'><strong>sa-</strong></span> 
     </span>
    </p>
   </div>
   <div class='ocr_carea' id='block_1_17' title="bbox 210 1708 1796 1787">
    <p class='ocr_par' dir='ltr' id='par_1_17' title="bbox 210 1708 1796 1787">
     <span class='ocr_line' id='line_1_17' title="bbox 210 1708 1796 1787; baseline -0.008 -14"><span class='ocrx_word' id='word_1_119' title='bbox 210 1716 423 1787; x_wconf 72' lang='lat' dir='ltr'><strong>pientiae</strong></span> <span class='ocrx_word' id='word_1_120' title='bbox 450 1715 505 1771; x_wconf 68' lang='grc' dir='ltr'><strong>ιιι</strong></span> <span class='ocrx_word' id='word_1_121' title='bbox 533 1725 617 1771; x_wconf 88' lang='lat' dir='ltr'><strong>est</strong></span> <span class='ocrx_word' id='word_1_122' title='bbox 646 1714 767 1769; x_wconf 86' lang='lat' dir='ltr'><strong>Filii</strong></span> <span class='ocrx_word' id='word_1_123' title='bbox 792 1712 1022 1784; x_wconf 89' lang='lat' dir='ltr'><strong>Spiritus</strong></span> <span class='ocrx_word' id='word_1_124' title='bbox 1044 1712 1300 1776; x_wconf 86' lang='lat' dir='ltr'><strong>creditur,</strong></span> <span class='ocrx_word' id='word_1_125' title='bbox 1322 1717 1378 1766; x_wconf 87' lang='lat' dir='ltr'><strong>et</strong></span> <span class='ocrx_word' id='word_1_126' title='bbox 1408 1709 1529 1765; x_wconf 90' lang='lat' dir='ltr'><strong>ideo</strong></span> <span class='ocrx_word' id='word_1_127' title='bbox 1578 1708 1692 1779; x_wconf 88' lang='lat' dir='ltr'><strong>ipsa</strong></span> <span class='ocrx_word' id='word_1_128' title='bbox 1736 1720 1796 1762; x_wconf 89' lang='lat' dir='ltr'><strong>re</strong></span> 
     </span>
    </p>
   </div>
   <div class='ocr_carea' id='block_1_18' title="bbox 119 1800 1849 1873">
    <p class='ocr_par' dir='ltr' id='par_1_18' title="bbox 119 1800 1849 1873">
     <span class='ocr_line' id='line_1_18' title="bbox 119 1800 1849 1873; baseline -0.003 -10"><span class='ocrx_word' id='word_1_129' title='bbox 119 1852 127 1863; x_wconf 90' lang='lat'><strong>.</strong></span> <span class='ocrx_word' id='word_1_130' title='bbox 210 1819 261 1864; x_wconf 91' lang='lat' dir='ltr'><strong>et</strong></span> <span class='ocrx_word' id='word_1_131' title='bbox 319 1806 663 1863; x_wconf 79' lang='lat' dir='ltr'><strong>subsistentia</strong></span> <span class='ocrx_word' id='word_1_132' title='bbox 722 1805 891 1861; x_wconf 86' lang='lat' dir='ltr'><strong>virtus</strong></span> <span class='ocrx_word' id='word_1_133' title='bbox 939 1813 995 1861; x_wconf 85' lang='lat' dir='ltr'><strong>et</strong></span> <span class='ocrx_word' id='word_1_134' title='bbox 1054 1803 1315 1873; x_wconf 84' lang='lat' dir='ltr'><strong>sapientia</strong></span> <span class='ocrx_word' id='word_1_135' title='bbox 1384 1800 1783 1873; x_wconf 82' lang='lat' dir='ltr'><strong>comprobatur.</strong></span> <span class='ocrx_word' id='word_1_136' title='bbox 1848 1854 1849 1857; x_wconf 44' lang='grc' dir='ltr'><strong>η</strong></span> 
     </span>
    </p>
   </div>
   <div class='ocr_carea' id='block_1_19' title="bbox 1899 591 3485 664">
    <p class='ocr_par' dir='ltr' id='par_1_19' title="bbox 1899 591 3485 664">
     <span class='ocr_line' id='line_1_19' title="bbox 1899 591 3485 664; baseline 0.011 -21"><span class='ocrx_word' id='word_1_137' title='bbox 1899 606 2016 660; x_wconf 77' lang='lat' dir='ltr'><strong>quzc</strong></span> <span class='ocrx_word' id='word_1_138' title='bbox 2060 591 2353 646; x_wconf 89' lang='lat' dir='ltr'><strong>secundum</strong></span> <span class='ocrx_word' id='word_1_139' title='bbox 2400 593 2712 664; x_wconf 87' lang='lat' dir='ltr'><strong>dignitatem</strong></span> <span class='ocrx_word' id='word_1_140' title='bbox 2740 603 2823 652; x_wconf 89' lang='lat' dir='ltr'><strong>est</strong></span> <span class='ocrx_word' id='word_1_141' title='bbox 2850 595 2934 651; x_wconf 89' lang='lat' dir='ltr'><strong>vel</strong></span> <span class='ocrx_word' id='word_1_142' title='bbox 2967 593 3128 652; x_wconf 88' lang='lat' dir='ltr'><strong>etiam</strong></span> <span class='ocrx_word' id='word_1_143' title='bbox 3177 605 3485 661; x_wconf 83' lang='lat' dir='ltr'><strong>auctorita-</strong></span> 
     </span>
    </p>
   </div>
   <div class='ocr_carea' id='block_1_20' title="bbox 1902 686 3484 766">
    <p class='ocr_par' dir='ltr' id='par_1_20' title="bbox 1902 686 3484 766">
     <span class='ocr_line' id='line_1_20' title="bbox 1902 686 3484 766; baseline 0.011 -31"><span class='ocrx_word' id='word_1_144' title='bbox 1902 691 2005 736; x_wconf 88' lang='lat' dir='ltr'><strong>tem</strong></span> <span class='ocrx_word' id='word_1_145' title='bbox 2042 691 2135 737; x_wconf 87' lang='lat' dir='ltr'><strong>aut</strong></span> <span class='ocrx_word' id='word_1_146' title='bbox 2172 686 2528 751; x_wconf 71' lang='lat' dir='ltr'><strong>potestatem,</strong></span> <span class='ocrx_word' id='word_1_147' title='bbox 2576 698 2641 742; x_wconf 90' lang='lat' dir='ltr'><strong>ac</strong></span> <span class='ocrx_word' id='word_1_148' title='bbox 2686 703 2793 743; x_wconf 87' lang='lat' dir='ltr'><strong>non</strong></span> <span class='ocrx_word' id='word_1_149' title='bbox 2845 686 3023 756; x_wconf 83' lang='lat' dir='ltr'><strong>potius</strong></span> <span class='ocrx_word' id='word_1_150' title='bbox 3070 703 3360 762; x_wconf 76' lang='lat' dir='ltr'><strong>conventu,</strong></span> <span class='ocrx_word' id='word_1_151' title='bbox 3391 699 3484 766; x_wconf 87' lang='lat' dir='ltr'><strong>qui</strong></span> 
     </span>
    </p>
   </div>
   <div class='ocr_carea' id='block_1_21' title="bbox 1900 773 3413 849">
    <p class='ocr_par' dir='ltr' id='par_1_21' title="bbox 1900 773 3413 849">
     <span class='ocr_line' id='line_1_21' title="bbox 1900 773 3413 849; baseline 0.011 -21"><span class='ocrx_word' id='word_1_152' title='bbox 1900 782 1994 845; x_wconf 80' lang='lat' dir='ltr'><strong>per</strong></span> <span class='ocrx_word' id='word_1_153' title='bbox 2028 773 2289 831; x_wconf 82' lang='lat' dir='ltr'><strong>unitatem</strong></span> <span class='ocrx_word' id='word_1_154' title='bbox 2323 775 2497 832; x_wconf 78' lang='lat' dir='ltr'><strong>factus</strong></span> <span class='ocrx_word' id='word_1_155' title='bbox 2525 782 2607 834; x_wconf 69' lang='grc' dir='ltr'><strong>εει</strong></span> <span class='ocrx_word' id='word_1_156' title='bbox 2646 781 2975 849; x_wconf 80' lang='lat' dir='ltr'><strong>naturalem;</strong></span> <span class='ocrx_word' id='word_1_157' title='bbox 3008 785 3291 840; x_wconf 81' lang='lat' dir='ltr'><strong>anathema</strong></span> <span class='ocrx_word' id='word_1_158' title='bbox 3325 790 3413 844; x_wconf 90' lang='lat' dir='ltr'><strong>sit.</strong></span> 
     </span>
    </p>
   </div>
   <div class='ocr_carea' id='block_1_22' title="bbox 1970 863 3484 939">
    <p class='ocr_par' dir='ltr' id='par_1_22' title="bbox 1970 863 3484 939">
     <span class='ocr_line' id='line_1_22' title="bbox 1970 863 3484 939; baseline 0.011 -18"><span class='ocrx_word' id='word_1_159' title='bbox 1970 865 2060 922; x_wconf 88' lang='lat' dir='ltr'><strong>IV.</strong></span> <span class='ocrx_word' id='word_1_160' title='bbox 2100 863 2157 922; x_wconf 85' lang='lat' dir='ltr'><strong>Si</strong></span> <span class='ocrx_word' id='word_1_161' title='bbox 2198 869 2316 939; x_wconf 90' lang='lat' dir='ltr'><strong>&#39;quis</strong></span> <span class='ocrx_word' id='word_1_162' title='bbox 2352 869 2595 938; x_wconf 87' lang='lat' dir='ltr'><strong>personis</strong></span> <span class='ocrx_word' id='word_1_163' title='bbox 2630 866 2840 927; x_wconf 86' lang='lat' dir='ltr'><strong>duabus</strong></span> <span class='ocrx_word' id='word_1_164' title='bbox 2868 872 2953 929; x_wconf 92' lang='lat' dir='ltr'><strong>vel</strong></span> <span class='ocrx_word' id='word_1_165' title='bbox 2994 874 3353 930; x_wconf 85' lang='lat' dir='ltr'><strong>subsistentiis</strong></span> <span class='ocrx_word' id='word_1_166' title='bbox 3390 882 3484 937; x_wconf 72' lang='lat' dir='ltr'><strong>cas</strong></span> 
     </span>
    </p>
   </div>
   <div class='ocr_carea' id='block_1_23' title="bbox 1895 959 3489 1033">
    <p class='ocr_par' dir='ltr' id='par_1_23' title="bbox 1895 959 3489 1033">
     <span class='ocr_line' id='line_1_23' title="bbox 1895 959 3489 1033; baseline 0.008 -22"><span class='ocrx_word' id='word_1_167' title='bbox 1895 964 2059 1012; x_wconf 77' lang='lat' dir='ltr'><strong>voces</strong></span> <span class='ocrx_word' id='word_1_168' title='bbox 2112 972 2230 1028; x_wconf 71' lang='lat' dir='ltr'><strong>qua:</strong></span> <span class='ocrx_word' id='word_1_169' title='bbox 2292 959 2343 1013; x_wconf 88' lang='lat' dir='ltr'><strong>in</strong></span> <span class='ocrx_word' id='word_1_170' title='bbox 2398 959 2710 1028; x_wconf 79' lang='lat' dir='ltr'><strong>apostolicis</strong></span> <span class='ocrx_word' id='word_1_171' title='bbox 2770 964 2982 1033; x_wconf 86' lang='lat' dir='ltr'><strong>scriptis</strong></span> <span class='ocrx_word' id='word_1_172' title='bbox 3046 964 3388 1023; x_wconf 87' lang='lat' dir='ltr'><strong>continentur</strong></span> <span class='ocrx_word' id='word_1_173' title='bbox 3432 972 3489 1024; x_wconf 80' lang='lat' dir='ltr'><strong>et</strong></span> 
     </span>
    </p>
   </div>
   <div class='ocr_carea' id='block_1_24' title="bbox 1898 1049 3491 1123">
    <p class='ocr_par' dir='ltr' id='par_1_24' title="bbox 1898 1049 3491 1123">
     <span class='ocr_line' id='line_1_24' title="bbox 1898 1049 3491 1123; baseline 0.007 -21"><span class='ocrx_word' id='word_1_174' title='bbox 1898 1049 2240 1116; x_wconf 82' lang='lat' dir='ltr'><strong>evangelicis,</strong></span> <span class='ocrx_word' id='word_1_175' title='bbox 2275 1050 2486 1119; x_wconf 84' lang='lat' dir='ltr'><strong>dividit,</strong></span> <span class='ocrx_word' id='word_1_176' title='bbox 2529 1052 2609 1107; x_wconf 90' lang='lat' dir='ltr'><strong>vel</strong></span> <span class='ocrx_word' id='word_1_177' title='bbox 2634 1068 2755 1123; x_wconf 67' lang='lat' dir='ltr'><strong>qua:</strong></span> <span class='ocrx_word' id='word_1_178' title='bbox 2780 1054 2850 1108; x_wconf 90' lang='lat' dir='ltr'><strong>de</strong></span> <span class='ocrx_word' id='word_1_179' title='bbox 2875 1052 3093 1111; x_wconf 85' lang='lat' dir='ltr'><strong>Christo</strong></span> <span class='ocrx_word' id='word_1_180' title='bbox 3122 1072 3152 1112; x_wconf 91' lang='lat' dir='ltr'><strong>a</strong></span> <span class='ocrx_word' id='word_1_181' title='bbox 3180 1060 3379 1114; x_wconf 85' lang='lat' dir='ltr'><strong>sanctis</strong></span> <span class='ocrx_word' id='word_1_182' title='bbox 3408 1058 3491 1113; x_wconf 74' lang='lat' dir='ltr'><strong>di-</strong></span> 
     </span>
    </p>
   </div>
   <div class='ocr_carea' id='block_1_25' title="bbox 1898 1140 3490 1219">
    <p class='ocr_par' dir='ltr' id='par_1_25' title="bbox 1898 1140 3490 1219">
     <span class='ocr_line' id='line_1_25' title="bbox 1898 1140 3490 1219; baseline 0.008 -26"><span class='ocrx_word' id='word_1_183' title='bbox 1898 1150 2092 1193; x_wconf 90' lang='lat' dir='ltr'><strong>cuntur</strong></span> <span class='ocrx_word' id='word_1_184' title='bbox 2123 1140 2208 1196; x_wconf 86' lang='lat' dir='ltr'><strong>vel</strong></span> <span class='ocrx_word' id='word_1_185' title='bbox 2241 1141 2311 1197; x_wconf 87' lang='lat' dir='ltr'><strong>ab</strong></span> <span class='ocrx_word' id='word_1_186' title='bbox 2338 1142 2456 1213; x_wconf 91' lang='lat' dir='ltr'><strong>ipso</strong></span> <span class='ocrx_word' id='word_1_187' title='bbox 2486 1143 2647 1199; x_wconf 81' lang='lat' dir='ltr'><strong>etiam</strong></span> <span class='ocrx_word' id='word_1_188' title='bbox 2677 1144 2746 1200; x_wconf 91' lang='lat' dir='ltr'><strong>de</strong></span> <span class='ocrx_word' id='word_1_189' title='bbox 2775 1158 2836 1213; x_wconf 69' lang='lat' dir='ltr'><strong>se</strong></span> <span class='ocrx_word' id='word_1_190' title='bbox 2872 1146 3013 1215; x_wconf 91' lang='lat' dir='ltr'><strong>ipso,</strong></span> <span class='ocrx_word' id='word_1_191' title='bbox 3047 1158 3101 1203; x_wconf 86' lang='lat' dir='ltr'><strong>et</strong></span> <span class='ocrx_word' id='word_1_192' title='bbox 3128 1149 3336 1219; x_wconf 87' lang='lat' dir='ltr'><strong>aliquas</strong></span> <span class='ocrx_word' id='word_1_193' title='bbox 3372 1152 3490 1218; x_wconf 82' lang='lat' dir='ltr'><strong>qui-</strong></span> 
     </span>
    </p>
   </div>
   <div class='ocr_carea' id='block_1_26' title="bbox 1898 1229 3487 1307">
    <p class='ocr_par' dir='ltr' id='par_1_26' title="bbox 1898 1229 3487 1307">
     <span class='ocr_line' id='line_1_26' title="bbox 1898 1229 3487 1307; baseline 0.008 -22"><span class='ocrx_word' id='word_1_194' title='bbox 1898 1229 2017 1285; x_wconf 89' lang='lat' dir='ltr'><strong>dem</strong></span> <span class='ocrx_word' id='word_1_195' title='bbox 2057 1246 2122 1287; x_wconf 77' lang='lat' dir='ltr'><strong>ex</strong></span> <span class='ocrx_word' id='word_1_196' title='bbox 2179 1232 2262 1287; x_wconf 85' lang='lat' dir='ltr'><strong>Itis</strong></span> <span class='ocrx_word' id='word_1_197' title='bbox 2301 1234 2451 1288; x_wconf 85' lang='lat' dir='ltr'><strong>velut</strong></span> <span class='ocrx_word' id='word_1_198' title='bbox 2495 1234 2696 1290; x_wconf 89' lang='lat' dir='ltr'><strong>homini</strong></span> <span class='ocrx_word' id='word_1_199' title='bbox 2734 1236 2826 1307; x_wconf 85' lang='lat' dir='ltr'><strong>qui</strong></span> <span class='ocrx_word' id='word_1_200' title='bbox 2875 1247 3070 1305; x_wconf 83' lang='lat' dir='ltr'><strong>praeter</strong></span> <span class='ocrx_word' id='word_1_201' title='bbox 3120 1239 3211 1294; x_wconf 88' lang='lat' dir='ltr'><strong>Dei</strong></span> <span class='ocrx_word' id='word_1_202' title='bbox 3259 1241 3487 1297; x_wconf 91' lang='lat' dir='ltr'><strong>Verbum</strong></span> 
     </span>
    </p>
   </div>
   <div class='ocr_carea' id='block_1_27' title="bbox 1899 1316 3486 1403">
    <p class='ocr_par' dir='ltr' id='par_1_27' title="bbox 1899 1316 3486 1403">
     <span class='ocr_line' id='line_1_27' title="bbox 1899 1316 3486 1403; baseline 0.007 -26"><span class='ocrx_word' id='word_1_203' title='bbox 1899 1316 2205 1393; x_wconf 80' lang='lat' dir='ltr'><strong>specialiter</strong></span> <span class='ocrx_word' id='word_1_204' title='bbox 2246 1325 2594 1403; x_wconf 77' lang='lat' dir='ltr'><strong>intelligatur,</strong></span> <span class='ocrx_word' id='word_1_205' title='bbox 2639 1330 2938 1397; x_wconf 89' lang='lat' dir='ltr'><strong>aptaverit,</strong></span> <span class='ocrx_word' id='word_1_206' title='bbox 2985 1330 3101 1384; x_wconf 88' lang='lat' dir='ltr'><strong>illas</strong></span> <span class='ocrx_word' id='word_1_207' title='bbox 3141 1343 3318 1386; x_wconf 88' lang='lat' dir='ltr'><strong>autem</strong></span> <span class='ocrx_word' id='word_1_208' title='bbox 3371 1347 3486 1389; x_wconf 84' lang='lat' dir='ltr'><strong>tan-</strong></span> 
     </span>
    </p>
   </div>
   <div class='ocr_carea' id='block_1_28' title="bbox 1898 1415 3484 1493">
    <p class='ocr_par' dir='ltr' id='par_1_28' title="bbox 1898 1415 3484 1493">
     <span class='ocr_line' id='line_1_28' title="bbox 1898 1415 3484 1493; baseline 0.007 -25"><span class='ocrx_word' id='word_1_209' title='bbox 1898 1430 2056 1486; x_wconf 90' lang='lat' dir='ltr'><strong>quam</strong></span> <span class='ocrx_word' id='word_1_210' title='bbox 2090 1415 2200 1471; x_wconf 88' lang='lat' dir='ltr'><strong>Deo</strong></span> <span class='ocrx_word' id='word_1_211' title='bbox 2231 1417 2418 1488; x_wconf 80' lang='lat' dir='ltr'><strong>dignas</strong></span> <span class='ocrx_word' id='word_1_212' title='bbox 2448 1419 2548 1474; x_wconf 78' lang='lat' dir='ltr'><strong>Soli</strong></span> <span class='ocrx_word' id='word_1_213' title='bbox 2578 1416 2676 1476; x_wconf 88' lang='lat' dir='ltr'><strong>Dei</strong></span> <span class='ocrx_word' id='word_1_214' title='bbox 2710 1419 2884 1477; x_wconf 90' lang='lat' dir='ltr'><strong>Patris</strong></span> <span class='ocrx_word' id='word_1_215' title='bbox 2915 1419 3092 1477; x_wconf 90' lang='lat' dir='ltr'><strong>Verbo</strong></span> <span class='ocrx_word' id='word_1_216' title='bbox 3116 1420 3484 1493; x_wconf 87' lang='lat' dir='ltr'><strong>deputaverit;</strong></span> 
     </span>
    </p>
   </div>
   <div class='ocr_carea' id='block_1_29' title="bbox 1899 1514 2301 1567">
    <p class='ocr_par' dir='ltr' id='par_1_29' title="bbox 1899 1514 2301 1567">
     <span class='ocr_line' id='line_1_29' title="bbox 1899 1514 2301 1567; baseline 0.002 -3"><span class='ocrx_word' id='word_1_217' title='bbox 1899 1514 2180 1565; x_wconf 88' lang='lat' dir='ltr'><strong>anathema</strong></span> <span class='ocrx_word' id='word_1_218' title='bbox 2212 1514 2301 1567; x_wconf 86' lang='lat' dir='ltr'><strong>sit.</strong></span> 
     </span>
    </p>
   </div>
   <div class='ocr_carea' id='block_1_30' title="bbox 1972 1600 3484 1675">
    <p class='ocr_par' dir='ltr' id='par_1_30' title="bbox 1972 1600 3484 1675">
     <span class='ocr_line' id='line_1_30' title="bbox 1972 1600 3484 1675; baseline 0.008 -18"><span class='ocrx_word' id='word_1_219' title='bbox 1972 1600 2033 1657; x_wconf 86' lang='lat' dir='ltr'><strong>V.</strong></span> <span class='ocrx_word' id='word_1_220' title='bbox 2075 1601 2133 1658; x_wconf 89' lang='lat' dir='ltr'><strong>Si</strong></span> <span class='ocrx_word' id='word_1_221' title='bbox 2163 1605 2282 1675; x_wconf 87' lang='lat' dir='ltr'><strong>quis</strong></span> <span class='ocrx_word' id='word_1_222' title='bbox 2332 1605 2495 1662; x_wconf 81' lang='lat' dir='ltr'><strong>audet</strong></span> <span class='ocrx_word' id='word_1_223' title='bbox 2521 1606 2700 1664; x_wconf 89' lang='lat' dir='ltr'><strong>dicere</strong></span> <span class='ocrx_word' id='word_1_224' title='bbox 2726 1606 2995 1666; x_wconf 89' lang='lat' dir='ltr'><strong>Christum</strong></span> <span class='ocrx_word' id='word_1_225' title='bbox 3027 1610 3298 1666; x_wconf 90' lang='lat' dir='ltr'><strong>hominem</strong></span> <span class='ocrx_word' id='word_1_226' title='bbox 3331 1612 3484 1669; x_wconf 93' lang='lat' dir='ltr'><strong>theo-</strong></span> 
     </span>
    </p>
   </div>
   <div class='ocr_carea' id='block_1_31' title="bbox 1897 1689 3480 1773">
    <p class='ocr_par' dir='ltr' id='par_1_31' title="bbox 1897 1689 3480 1773">
     <span class='ocr_line' id='line_1_31' title="bbox 1897 1689 3480 1773; baseline 0.01 -28"><span class='ocrx_word' id='word_1_227' title='bbox 1897 1689 2127 1764; x_wconf 89' lang='lat' dir='ltr'><strong>phoron,</strong></span> <span class='ocrx_word' id='word_1_228' title='bbox 2176 1695 2228 1749; x_wconf 91' lang='lat' dir='ltr'><strong>id</strong></span> <span class='ocrx_word' id='word_1_229' title='bbox 2262 1705 2344 1750; x_wconf 87' lang='lat' dir='ltr'><strong>est</strong></span> <span class='ocrx_word' id='word_1_230' title='bbox 2373 1696 2538 1752; x_wconf 86' lang='lat' dir='ltr'><strong>Deum</strong></span> <span class='ocrx_word' id='word_1_231' title='bbox 2567 1699 2846 1768; x_wconf 89' lang='lat' dir='ltr'><strong>ferentem,</strong></span> <span class='ocrx_word' id='word_1_232' title='bbox 2878 1717 2939 1756; x_wconf 91' lang='lat' dir='ltr'><strong>ac</strong></span> <span class='ocrx_word' id='word_1_233' title='bbox 2975 1718 3077 1756; x_wconf 91' lang='lat' dir='ltr'><strong>non</strong></span> <span class='ocrx_word' id='word_1_234' title='bbox 3114 1702 3285 1773; x_wconf 89' lang='lat' dir='ltr'><strong>potius</strong></span> <span class='ocrx_word' id='word_1_235' title='bbox 3317 1704 3480 1762; x_wconf 84' lang='lat' dir='ltr'><strong>Deum</strong></span> 
     </span>
    </p>
   </div>
   <div class='ocr_carea' id='block_1_32' title="bbox 1896 1785 3487 1863">
    <p class='ocr_par' dir='ltr' id='par_1_32' title="bbox 1896 1785 3487 1863">
     <span class='ocr_line' id='line_1_32' title="bbox 1896 1785 3487 1863; baseline 0.009 -26"><span class='ocrx_word' id='word_1_236' title='bbox 1896 1797 2016 1837; x_wconf 90' lang='lat' dir='ltr'><strong>esse</strong></span> <span class='ocrx_word' id='word_1_237' title='bbox 2048 1786 2309 1841; x_wconf 87' lang='lat' dir='ltr'><strong>veraciter</strong></span> <span class='ocrx_word' id='word_1_238' title='bbox 2337 1785 2567 1854; x_wconf 76' lang='lat' dir='ltr'><strong>dixerit,</strong></span> <span class='ocrx_word' id='word_1_239' title='bbox 2610 1790 2861 1860; x_wconf 90' lang='lat' dir='ltr'><strong>tanquam</strong></span> <span class='ocrx_word' id='word_1_240' title='bbox 2890 1789 3085 1847; x_wconf 88' lang='lat' dir='ltr'><strong>Filium</strong></span> <span class='ocrx_word' id='word_1_241' title='bbox 3118 1807 3213 1863; x_wconf 88' lang='lat' dir='ltr'><strong>per</strong></span> <span class='ocrx_word' id='word_1_242' title='bbox 3239 1805 3487 1851; x_wconf 86' lang='lat' dir='ltr'><strong>naturam</strong></span> 
     </span>
    </p>
   </div>
   <div class='ocr_carea' id='block_1_33' title="bbox 122 1872 3487 1970">
    <p class='ocr_par' dir='ltr' id='par_1_33' title="bbox 122 1872 3487 1970">
     <span class='ocr_line' id='line_1_33' title="bbox 122 1872 3487 1970; baseline 0.001 -30"><span class='ocrx_word' id='word_1_243' title='bbox 122 1872 129 1887; x_wconf 25' lang='grc' dir='ltr'><em>ἲ</em></span> <span class='ocrx_word' id='word_1_244' title='bbox 206 1898 369 1970; x_wconf 59' lang='grc' dir='ltr'><strong>[δίμη-</strong></span> <span class='ocrx_word' id='word_1_245' title='bbox 420 1899 543 1970; x_wconf 75' lang='lat' dir='ltr'><strong>quia</strong></span> <span class='ocrx_word' id='word_1_246' title='bbox 598 1898 764 1953; x_wconf 71' lang='lat' dir='ltr'><strong>Deum</strong></span> <span class='ocrx_word' id='word_1_247' title='bbox 813 1911 976 1951; x_wconf 74' lang='lat' dir='ltr'><strong>came</strong></span> <span class='ocrx_word' id='word_1_248' title='bbox 1022 1872 1230 1950; x_wconf 53' lang='lat' dir='ltr'><strong>unitum</strong></span> <span class='ocrx_word' id='word_1_249' title='bbox 1280 1894 1438 1963; x_wconf 58' lang='lat' dir='ltr'><strong>juxta</strong></span> <span class='ocrx_word' id='word_1_250' title='bbox 1486 1872 1783 1947; x_wconf 16' lang='lat' dir='ltr'><strong>grubsjslen-</strong></span> <span class='ocrx_word' id='word_1_251' title='bbox 1814 1873 1863 1934; x_wconf 70' lang='grc' dir='ltr'><strong>Β</strong></span> <span class='ocrx_word' id='word_1_252' title='bbox 1889 1875 2181 1970; x_wconf 81' lang='lat' dir='ltr'><strong>secundum</strong></span> <span class='ocrx_word' id='word_1_253' title='bbox 2213 1874 2355 1965; x_wconf 83' lang='lat' dir='ltr'><strong>quod</strong></span> <span class='ocrx_word' id='word_1_254' title='bbox 2387 1877 2614 1969; x_wconf 81' lang='lat' dir='ltr'><strong>Verbum</strong></span> <span class='ocrx_word' id='word_1_255' title='bbox 2646 1892 2773 1937; x_wconf 77' lang='lat' dir='ltr'><strong>‘earo</strong></span> <span class='ocrx_word' id='word_1_256' title='bbox 2798 1886 2993 1939; x_wconf 86' lang='lat' dir='ltr'><strong>factum</strong></span> <span class='ocrx_word' id='word_1_257' title='bbox 3025 1896 3130 1953; x_wconf 72' lang='lat' dir='ltr'><strong>est,</strong></span> <span class='ocrx_word' id='word_1_258' title='bbox 3160 1897 3212 1942; x_wconf 90' lang='lat' dir='ltr'><strong>et</strong></span> <span class='ocrx_word' id='word_1_259' title='bbox 3242 1902 3487 1942; x_wconf 82' lang='lat' dir='ltr'><strong>commu-</strong></span> 
     </span>
    </p>
   </div>
   <div class='ocr_carea' id='block_1_34' title="bbox 208 1982 1795 2058">
    <p class='ocr_par' dir='ltr' id='par_1_34' title="bbox 208 1982 1795 2058">
     <span class='ocr_line' id='line_1_34' title="bbox 208 1982 1795 2058; baseline -0.004 -16"><span class='ocrx_word' id='word_1_260' title='bbox 208 1990 334 2045; x_wconf 84' lang='lat' dir='ltr'><strong>tiam</strong></span> <span class='ocrx_word' id='word_1_261' title='bbox 380 1996 568 2043; x_wconf 88' lang='lat' dir='ltr'><strong>sancta</strong></span> <span class='ocrx_word' id='word_1_262' title='bbox 618 1985 780 2058; x_wconf 84' lang='lat' dir='ltr'><strong>Virgo</strong></span> <span class='ocrx_word' id='word_1_263' title='bbox 809 1983 1159 2055; x_wconf 85' lang='lat' dir='ltr'><strong>corporaliter</strong></span> <span class='ocrx_word' id='word_1_264' title='bbox 1190 1984 1416 2054; x_wconf 87' lang='lat' dir='ltr'><strong>peperit,</strong></span> <span class='ocrx_word' id='word_1_265' title='bbox 1446 1982 1645 2038; x_wconf 87' lang='lat' dir='ltr'><strong>ideirco</strong></span> <span class='ocrx_word' id='word_1_266' title='bbox 1673 1996 1795 2036; x_wconf 87' lang='lat' dir='ltr'><strong>eam</strong></span> 
     </span>
    </p>
   </div>
   <div class='ocr_carea' id='block_1_35' title="bbox 204 2072 1797 2152">
    <p class='ocr_par' dir='ltr' id='par_1_35' title="bbox 204 2072 1797 2152">
     <span class='ocr_line' id='line_1_35' title="bbox 204 2072 1797 2152; baseline -0.006 -14"><span class='ocrx_word' id='word_1_267' title='bbox 204 2072 303 2138; x_wconf 87' lang='lat' dir='ltr'><strong>Dei</strong></span> <span class='ocrx_word' id='word_1_268' title='bbox 332 2081 647 2152; x_wconf 76' lang='lat' dir='ltr'><strong>genitricem</strong></span> <span class='ocrx_word' id='word_1_269' title='bbox 698 2094 816 2135; x_wconf 86' lang='lat' dir='ltr'><strong>esse</strong></span> <span class='ocrx_word' id='word_1_270' title='bbox 865 2078 1176 2149; x_wconf 83' lang='lat' dir='ltr'><strong>profitemur</strong></span> <span class='ocrx_word' id='word_1_271' title='bbox 1228 2092 1243 2129; x_wconf 88' lang='lat'><strong>:</strong></span> <span class='ocrx_word' id='word_1_272' title='bbox 1295 2090 1399 2131; x_wconf 89' lang='lat' dir='ltr'><strong>non</strong></span> <span class='ocrx_word' id='word_1_273' title='bbox 1448 2074 1587 2144; x_wconf 87' lang='lat' dir='ltr'><strong>quod</strong></span> <span class='ocrx_word' id='word_1_274' title='bbox 1635 2073 1797 2129; x_wconf 89' lang='lat' dir='ltr'><strong>Verbi</strong></span> 
     </span>
    </p>
   </div>
   <div class='ocr_carea' id='block_1_36' title="bbox 202 2158 1797 2243">
    <p class='ocr_par' dir='ltr' id='par_1_36' title="bbox 202 2158 1797 2243">
     <span class='ocr_line' id='line_1_36' title="bbox 202 2158 1797 2243; baseline -0.004 -13"><span class='ocrx_word' id='word_1_275' title='bbox 202 2185 396 2230; x_wconf 88' lang='lat' dir='ltr'><strong>natura</strong></span> <span class='ocrx_word' id='word_1_276' title='bbox 426 2173 687 2229; x_wconf 68' lang='lat' dir='ltr'><strong>esistendi</strong></span> <span class='ocrx_word' id='word_1_277' title='bbox 718 2172 1038 2243; x_wconf 87' lang='lat' dir='ltr'><strong>principium</strong></span> <span class='ocrx_word' id='word_1_278' title='bbox 1067 2172 1134 2227; x_wconf 90' lang='lat' dir='ltr'><strong>de</strong></span> <span class='ocrx_word' id='word_1_279' title='bbox 1158 2184 1318 2226; x_wconf 87' lang='lat' dir='ltr'><strong>carne</strong></span> <span class='ocrx_word' id='word_1_280' title='bbox 1345 2169 1533 2225; x_wconf 88' lang='lat' dir='ltr'><strong>sortita</strong></span> <span class='ocrx_word' id='word_1_281' title='bbox 1564 2170 1656 2237; x_wconf 91' lang='lat' dir='ltr'><strong>sit,</strong></span> <span class='ocrx_word' id='word_1_282' title='bbox 1687 2158 1797 2224; x_wconf 75' lang='lat' dir='ltr'><strong>erat</strong></span> 
     </span>
    </p>
   </div>
   <div class='ocr_carea' id='block_1_37' title="bbox 202 2262 1795 2339">
    <p class='ocr_par' dir='ltr' id='par_1_37' title="bbox 202 2262 1795 2339">
     <span class='ocr_line' id='line_1_37' title="bbox 202 2262 1795 2339; baseline -0.004 -14"><span class='ocrx_word' id='word_1_283' title='bbox 202 2270 349 2326; x_wconf 91' lang='lat' dir='ltr'><strong>enim</strong></span> <span class='ocrx_word' id='word_1_284' title='bbox 376 2270 428 2323; x_wconf 87' lang='lat' dir='ltr'><strong>in</strong></span> <span class='ocrx_word' id='word_1_285' title='bbox 453 2267 706 2339; x_wconf 84' lang='lat' dir='ltr'><strong>principio</strong></span> <span class='ocrx_word' id='word_1_286' title='bbox 740 2265 959 2320; x_wconf 69' lang='lat' dir='ltr'><strong>Verbum</strong></span> <span class='ocrx_word' id='word_1_287' title='bbox 988 2273 1035 2317; x_wconf 85' lang='lat' dir='ltr'><strong>et</strong></span> <span class='ocrx_word' id='word_1_288' title='bbox 1065 2264 1204 2319; x_wconf 77' lang='lat' dir='ltr'><strong>Deus</strong></span> <span class='ocrx_word' id='word_1_289' title='bbox 1224 2274 1332 2318; x_wconf 81' lang='lat' dir='ltr'><strong>erat</strong></span> <span class='ocrx_word' id='word_1_290' title='bbox 1364 2262 1578 2318; x_wconf 81' lang='lat' dir='ltr'><strong>Verbum</strong></span> <span class='ocrx_word' id='word_1_291' title='bbox 1595 2274 1639 2316; x_wconf 84' lang='lat' dir='ltr'><strong>et</strong></span> <span class='ocrx_word' id='word_1_292' title='bbox 1670 2262 1795 2318; x_wconf 76' lang='lat' dir='ltr'><strong>Ver-</strong></span> 
     </span>
    </p>
   </div>
   <div class='ocr_carea' id='block_1_38' title="bbox 202 2355 1790 2431">
    <p class='ocr_par' dir='ltr' id='par_1_38' title="bbox 202 2355 1790 2431">
     <span class='ocr_line' id='line_1_38' title="bbox 202 2355 1790 2431; baseline -0.006 -14"><span class='ocrx_word' id='word_1_293' title='bbox 202 2363 323 2416; x_wconf 85' lang='lat' dir='ltr'><strong>bum</strong></span> <span class='ocrx_word' id='word_1_294' title='bbox 352 2370 462 2415; x_wconf 82' lang='lat' dir='ltr'><strong>erat</strong></span> <span class='ocrx_word' id='word_1_295' title='bbox 491 2360 629 2431; x_wconf 83' lang='lat' dir='ltr'><strong>apud</strong></span> <span class='ocrx_word' id='word_1_296' title='bbox 661 2357 843 2425; x_wconf 85' lang='lat' dir='ltr'><strong>Deum,</strong></span> <span class='ocrx_word' id='word_1_297' title='bbox 870 2364 925 2412; x_wconf 91' lang='lat' dir='ltr'><strong>et</strong></span> <span class='ocrx_word' id='word_1_298' title='bbox 947 2357 1060 2426; x_wconf 91' lang='lat' dir='ltr'><strong>ipse</strong></span> <span class='ocrx_word' id='word_1_299' title='bbox 1081 2364 1164 2411; x_wconf 88' lang='lat' dir='ltr'><strong>est</strong></span> <span class='ocrx_word' id='word_1_300' title='bbox 1184 2355 1428 2411; x_wconf 88' lang='lat' dir='ltr'><strong>conditor</strong></span> <span class='ocrx_word' id='word_1_301' title='bbox 1449 2356 1790 2421; x_wconf 77' lang='lat' dir='ltr'><strong>saeculorum,</strong></span> 
     </span>
    </p>
   </div>
   <div class='ocr_carea' id='block_1_39' title="bbox 201 2443 1791 2517">
    <p class='ocr_par' dir='ltr' id='par_1_39' title="bbox 201 2443 1791 2517">
     <span class='ocr_line' id='line_1_39' title="bbox 201 2443 1791 2517; baseline -0.005 -8"><span class='ocrx_word' id='word_1_302' title='bbox 201 2452 347 2510; x_wconf 90' lang='lat' dir='ltr'><strong>Patri</strong></span> <span class='ocrx_word' id='word_1_303' title='bbox 366 2461 687 2517; x_wconf 66' lang='lat' dir='ltr'><strong>comternus,</strong></span> <span class='ocrx_word' id='word_1_304' title='bbox 710 2458 764 2505; x_wconf 90' lang='lat' dir='ltr'><strong>et</strong></span> <span class='ocrx_word' id='word_1_305' title='bbox 816 2448 1176 2503; x_wconf 87' lang='lat' dir='ltr'><strong>universitatis</strong></span> <span class='ocrx_word' id='word_1_306' title='bbox 1218 2456 1460 2512; x_wconf 88' lang='lat' dir='ltr'><strong>creator;</strong></span> <span class='ocrx_word' id='word_1_307' title='bbox 1510 2445 1607 2501; x_wconf 86' lang='lat' dir='ltr'><strong>sed</strong></span> <span class='ocrx_word' id='word_1_308' title='bbox 1650 2443 1791 2516; x_wconf 88' lang='lat' dir='ltr'><strong>quod</strong></span> 
     </span>
    </p>
   </div>
   <div class='ocr_carea' id='block_1_40' title="bbox 202 2540 1790 2616">
    <p class='ocr_par' dir='ltr' id='par_1_40' title="bbox 202 2540 1790 2616">
     <span class='ocr_line' id='line_1_40' title="bbox 202 2540 1790 2616; baseline -0.003 -14"><span class='ocrx_word' id='word_1_309' title='bbox 202 2545 452 2616; x_wconf 86' lang='lat' dir='ltr'><strong>superius</strong></span> <span class='ocrx_word' id='word_1_310' title='bbox 477 2545 729 2610; x_wconf 79' lang='lat' dir='ltr'><strong>diximus,</strong></span> <span class='ocrx_word' id='word_1_311' title='bbox 753 2542 904 2613; x_wconf 79' lang='lat' dir='ltr'><strong>juxta</strong></span> <span class='ocrx_word' id='word_1_312' title='bbox 939 2540 1339 2597; x_wconf 87' lang='lat' dir='ltr'><strong>subsistentiant</strong></span> <span class='ocrx_word' id='word_1_313' title='bbox 1366 2540 1582 2596; x_wconf 88' lang='lat' dir='ltr'><strong>sibimet</strong></span> <span class='ocrx_word' id='word_1_314' title='bbox 1604 2542 1790 2597; x_wconf 90' lang='lat' dir='ltr'><strong>uniens</strong></span> 
     </span>
    </p>
   </div>
   <div class='ocr_carea' id='block_1_41' title="bbox 204 2635 1791 2705">
    <p class='ocr_par' dir='ltr' id='par_1_41' title="bbox 204 2635 1791 2705">
     <span class='ocr_line' id='line_1_41' title="bbox 204 2635 1791 2705; baseline -0.003 -9"><span class='ocrx_word' id='word_1_315' title='bbox 204 2638 494 2696; x_wconf 88' lang='lat' dir='ltr'><strong>humanam</strong></span> <span class='ocrx_word' id='word_1_316' title='bbox 524 2647 770 2693; x_wconf 89' lang='lat' dir='ltr'><strong>naturam</strong></span> <span class='ocrx_word' id='word_1_317' title='bbox 820 2635 1151 2692; x_wconf 86' lang='lat' dir='ltr'><strong>nativitatem</strong></span> <span class='ocrx_word' id='word_1_318' title='bbox 1201 2635 1518 2691; x_wconf 86' lang='lat' dir='ltr'><strong>sustinuerit</strong></span> <span class='ocrx_word' id='word_1_319' title='bbox 1565 2650 1629 2690; x_wconf 86' lang='lat' dir='ltr'><strong>ex</strong></span> <span class='ocrx_word' id='word_1_320' title='bbox 1675 2636 1791 2705; x_wconf 91' lang='lat' dir='ltr'><strong>ipsa</strong></span> 
     </span>
    </p>
   </div>
   <div class='ocr_carea' id='block_1_42' title="bbox 203 2728 1792 2802">
    <p class='ocr_par' dir='ltr' id='par_1_42' title="bbox 203 2728 1792 2802">
     <span class='ocr_line' id='line_1_42' title="bbox 203 2728 1792 2802; baseline -0.004 -13"><span class='ocrx_word' id='word_1_321' title='bbox 203 2734 358 2790; x_wconf 86' lang='lat' dir='ltr'><strong>vulva</strong></span> <span class='ocrx_word' id='word_1_322' title='bbox 383 2746 677 2802; x_wconf 88' lang='lat' dir='ltr'><strong>corporea;</strong></span> <span class='ocrx_word' id='word_1_323' title='bbox 729 2745 838 2785; x_wconf 91' lang='lat' dir='ltr'><strong>non</strong></span> <span class='ocrx_word' id='word_1_324' title='bbox 889 2729 1030 2801; x_wconf 90' lang='lat' dir='ltr'><strong>quod</strong></span> <span class='ocrx_word' id='word_1_325' title='bbox 1084 2731 1289 2800; x_wconf 88' lang='lat' dir='ltr'><strong>eguerit</strong></span> <span class='ocrx_word' id='word_1_326' title='bbox 1343 2728 1645 2785; x_wconf 85' lang='lat' dir='ltr'><strong>necessario</strong></span> <span class='ocrx_word' id='word_1_327' title='bbox 1700 2736 1792 2783; x_wconf 89' lang='lat' dir='ltr'><strong>aut</strong></span> 
     </span>
    </p>
   </div>
   <div class='ocr_carea' id='block_1_43' title="bbox 206 2819 1789 2897">
    <p class='ocr_par' dir='ltr' id='par_1_43' title="bbox 206 2819 1789 2897">
     <span class='ocr_line' id='line_1_43' title="bbox 206 2819 1789 2897; baseline -0.004 -17"><span class='ocrx_word' id='word_1_328' title='bbox 206 2834 430 2897; x_wconf 90' lang='lat' dir='ltr'><strong>propter</strong></span> <span class='ocrx_word' id='word_1_329' title='bbox 465 2836 613 2877; x_wconf 88' lang='lat' dir='ltr'><strong>suam</strong></span> <span class='ocrx_word' id='word_1_330' title='bbox 661 2830 907 2876; x_wconf 88' lang='lat' dir='ltr'><strong>naturam</strong></span> <span class='ocrx_word' id='word_1_331' title='bbox 960 2820 1240 2875; x_wconf 87' lang='lat' dir='ltr'><strong>nativitate</strong></span> <span class='ocrx_word' id='word_1_332' title='bbox 1290 2821 1409 2888; x_wconf 84' lang='lat' dir='ltr'><strong>ista,</strong></span> <span class='ocrx_word' id='word_1_333' title='bbox 1444 2834 1562 2889; x_wconf 79' lang='lat' dir='ltr'><strong>qua:</strong></span> <span class='ocrx_word' id='word_1_334' title='bbox 1608 2828 1691 2874; x_wconf 89' lang='lat' dir='ltr'><strong>est</strong></span> <span class='ocrx_word' id='word_1_335' title='bbox 1738 2819 1789 2873; x_wconf 92' lang='lat' dir='ltr'><strong>in</strong></span> 
     </span>
    </p>
   </div>
   <div class='ocr_carea' id='block_1_44' title="bbox 202 2904 1792 2983">
    <p class='ocr_par' dir='ltr' id='par_1_44' title="bbox 202 2904 1792 2983">
     <span class='ocr_line' id='line_1_44' title="bbox 202 2904 1792 2983; baseline -0.005 -9"><span class='ocrx_word' id='word_1_336' title='bbox 202 2914 659 2976; x_wconf 72' lang='lat' dir='ltr'><strong>extremisszeculi</strong></span> <span class='ocrx_word' id='word_1_337' title='bbox 684 2911 820 2970; x_wconf 88' lang='lat' dir='ltr'><strong>facta</strong></span> <span class='ocrx_word' id='word_1_338' title='bbox 849 2904 1200 2983; x_wconf 86' lang='lat' dir='ltr'><strong>temporibus,</strong></span> <span class='ocrx_word' id='word_1_339' title='bbox 1217 2912 1309 2969; x_wconf 90' lang='lat' dir='ltr'><strong>sed</strong></span> <span class='ocrx_word' id='word_1_340' title='bbox 1333 2922 1391 2966; x_wconf 91' lang='lat' dir='ltr'><strong>ut</strong></span> <span class='ocrx_word' id='word_1_341' title='bbox 1414 2911 1555 2981; x_wconf 87' lang='lat' dir='ltr'><strong>ipsas</strong></span> <span class='ocrx_word' id='word_1_342' title='bbox 1573 2906 1792 2966; x_wconf 86' lang='lat' dir='ltr'><strong>benedi-</strong></span> 
     </span>
    </p>
   </div>
   <div class='ocr_carea' id='block_1_45' title="bbox 203 3002 1791 3077">
    <p class='ocr_par' dir='ltr' id='par_1_45' title="bbox 203 3002 1791 3077">
     <span class='ocr_line' id='line_1_45' title="bbox 203 3002 1791 3077; baseline -0.005 -11"><span class='ocrx_word' id='word_1_343' title='bbox 203 3018 347 3066; x_wconf 89' lang='lat' dir='ltr'><strong>ceret</strong></span> <span class='ocrx_word' id='word_1_344' title='bbox 376 3007 697 3066; x_wconf 67' lang='lat' dir='ltr'><strong>substantia:</strong></span> <span class='ocrx_word' id='word_1_345' title='bbox 720 3015 916 3061; x_wconf 78' lang='lat' dir='ltr'><strong>nostra:</strong></span> <span class='ocrx_word' id='word_1_346' title='bbox 951 3006 1232 3077; x_wconf 89' lang='lat' dir='ltr'><strong>primitias,</strong></span> <span class='ocrx_word' id='word_1_347' title='bbox 1266 3015 1319 3060; x_wconf 86' lang='lat' dir='ltr'><strong>et</strong></span> <span class='ocrx_word' id='word_1_348' title='bbox 1341 3005 1466 3059; x_wconf 90' lang='lat' dir='ltr'><strong>dum</strong></span> <span class='ocrx_word' id='word_1_349' title='bbox 1490 3019 1611 3059; x_wconf 91' lang='lat' dir='ltr'><strong>eum</strong></span> <span class='ocrx_word' id='word_1_350' title='bbox 1641 3002 1791 3059; x_wconf 88' lang='lat' dir='ltr'><strong>carni</strong></span> 
     </span>
    </p>
   </div>
   <div class='ocr_carea' id='block_1_46' title="bbox 202 3100 1793 3173">
    <p class='ocr_par' dir='ltr' id='par_1_46' title="bbox 202 3100 1793 3173">
     <span class='ocr_line' id='line_1_46' title="bbox 202 3100 1793 3173; baseline -0.003 -12"><span class='ocrx_word' id='word_1_351' title='bbox 202 3107 412 3163; x_wconf 86' lang='lat' dir='ltr'><strong>unitum</strong></span> <span class='ocrx_word' id='word_1_352' title='bbox 434 3104 629 3162; x_wconf 84' lang='lat' dir='ltr'><strong>mulier</strong></span> <span class='ocrx_word' id='word_1_353' title='bbox 657 3102 939 3171; x_wconf 82' lang='lat' dir='ltr'><strong>edidisset,</strong></span> <span class='ocrx_word' id='word_1_354' title='bbox 964 3102 1052 3158; x_wconf 85' lang='lat' dir='ltr'><strong>illa</strong></span> <span class='ocrx_word' id='word_1_355' title='bbox 1081 3118 1201 3173; x_wconf 76' lang='lat' dir='ltr'><strong>qua:</strong></span> <span class='ocrx_word' id='word_1_356' title='bbox 1230 3100 1488 3158; x_wconf 82' lang='lat' dir='ltr'><strong>adversus</strong></span> <span class='ocrx_word' id='word_1_357' title='bbox 1517 3114 1678 3157; x_wconf 90' lang='lat' dir='ltr'><strong>omne</strong></span> <span class='ocrx_word' id='word_1_358' title='bbox 1702 3114 1793 3171; x_wconf 83' lang='lat' dir='ltr'><strong>ge-</strong></span> 
     </span>
    </p>
   </div>
   <div class='ocr_carea' id='block_1_47' title="bbox 203 3192 1787 3265">
    <p class='ocr_par' dir='ltr' id='par_1_47' title="bbox 203 3192 1787 3265">
     <span class='ocr_line' id='line_1_47' title="bbox 203 3192 1787 3265; baseline -0.006 -9"><span class='ocrx_word' id='word_1_359' title='bbox 203 3215 301 3256; x_wconf 92' lang='lat' dir='ltr'><strong>nus</strong></span> <span class='ocrx_word' id='word_1_360' title='bbox 332 3200 628 3255; x_wconf 90' lang='lat' dir='ltr'><strong>humanum</strong></span> <span class='ocrx_word' id='word_1_361' title='bbox 678 3195 987 3253; x_wconf 88' lang='lat' dir='ltr'><strong>maledictio</strong></span> <span class='ocrx_word' id='word_1_362' title='bbox 1025 3193 1204 3252; x_wconf 85' lang='lat' dir='ltr'><strong>fuerat</strong></span> <span class='ocrx_word' id='word_1_363' title='bbox 1252 3194 1456 3265; x_wconf 88' lang='lat' dir='ltr'><strong>prolata</strong></span> <span class='ocrx_word' id='word_1_364' title='bbox 1498 3192 1787 3262; x_wconf 85' lang='lat' dir='ltr'><strong>desineret,</strong></span> 
     </span>
    </p>
   </div>
   <div class='ocr_carea' id='block_1_48' title="bbox 204 3285 1792 3363">
    <p class='ocr_par' dir='ltr' id='par_1_48' title="bbox 204 3285 1792 3363">
     <span class='ocr_line' id='line_1_48' title="bbox 204 3285 1792 3363; baseline -0.004 -15"><span class='ocrx_word' id='word_1_365' title='bbox 204 3307 301 3349; x_wconf 88' lang='lat' dir='ltr'><strong>nec</strong></span> <span class='ocrx_word' id='word_1_366' title='bbox 345 3291 462 3363; x_wconf 88' lang='lat' dir='ltr'><strong>jam</strong></span> <span class='ocrx_word' id='word_1_367' title='bbox 506 3289 668 3361; x_wconf 85' lang='lat' dir='ltr'><strong>morti</strong></span> <span class='ocrx_word' id='word_1_368' title='bbox 716 3296 900 3344; x_wconf 87' lang='lat' dir='ltr'><strong>nostra</strong></span> <span class='ocrx_word' id='word_1_369' title='bbox 926 3303 1154 3357; x_wconf 88' lang='lat' dir='ltr'><strong>corpora</strong></span> <span class='ocrx_word' id='word_1_370' title='bbox 1178 3288 1286 3359; x_wconf 76' lang='lat'><strong>87</strong></span> <span class='ocrx_word' id='word_1_371' title='bbox 1313 3287 1630 3352; x_wconf 80' lang='lat' dir='ltr'><strong>destinaret,</strong></span> <span class='ocrx_word' id='word_1_372' title='bbox 1662 3285 1792 3341; x_wconf 90' lang='lat' dir='ltr'><strong>illud</strong></span> 
     </span>
    </p>
   </div>
   <div class='ocr_carea' id='block_1_49' title="bbox 206 3378 1794 3458">
    <p class='ocr_par' dir='ltr' id='par_1_49' title="bbox 206 3378 1794 3458">
     <span class='ocr_line' id='line_1_49' title="bbox 206 3378 1794 3458; baseline -0.007 -13"><span class='ocrx_word' id='word_1_373' title='bbox 206 3400 417 3458; x_wconf 73' lang='lat' dir='ltr'><strong>quoque</strong></span> <span class='ocrx_word' id='word_1_374' title='bbox 444 3383 588 3456; x_wconf 91' lang='lat' dir='ltr'><strong>quod</strong></span> <span class='ocrx_word' id='word_1_375' title='bbox 615 3382 817 3438; x_wconf 89' lang='lat' dir='ltr'><strong>dictum</strong></span> <span class='ocrx_word' id='word_1_376' title='bbox 845 3390 929 3437; x_wconf 90' lang='lat' dir='ltr'><strong>est</strong></span> <span class='ocrx_word' id='word_1_377' title='bbox 958 3399 971 3436; x_wconf 92' lang='lat'><strong>:</strong></span> <span class='ocrx_word' id='word_1_378' title='bbox 1014 3378 1081 3436; x_wconf 83' lang='lat' dir='ltr'><strong>In</strong></span> <span class='ocrx_word' id='word_1_379' title='bbox 1111 3380 1315 3434; x_wconf 77' lang='lat' dir='ltr'><strong>tristitia</strong></span> <span class='ocrx_word' id='word_1_380' title='bbox 1338 3380 1507 3450; x_wconf 81' lang='lat' dir='ltr'><strong>paries</strong></span> <span class='ocrx_word' id='word_1_381' title='bbox 1526 3378 1661 3448; x_wconf 81' lang='lat' dir='ltr'><strong>ﬁlios</strong></span> <span class='ocrx_word' id='word_1_382' title='bbox 1681 3380 1794 3447; x_wconf 84' lang='lat' dir='ltr'><strong>ipse</strong></span> 
     </span>
    </p>
   </div>
   <div class='ocr_carea' id='block_1_50' title="bbox 206 3470 1794 3545">
    <p class='ocr_par' dir='ltr' id='par_1_50' title="bbox 206 3470 1794 3545">
     <span class='ocr_line' id='line_1_50' title="bbox 206 3470 1794 3545; baseline -0.006 -11"><span class='ocrx_word' id='word_1_383' title='bbox 206 3479 528 3545; x_wconf 75' lang='lat' dir='ltr'><strong>dissolvens,</strong></span> <span class='ocrx_word' id='word_1_384' title='bbox 558 3490 744 3532; x_wconf 86' lang='lat' dir='ltr'><strong>verum</strong></span> <span class='ocrx_word' id='word_1_385' title='bbox 784 3488 904 3531; x_wconf 89' lang='lat' dir='ltr'><strong>esse</strong></span> <span class='ocrx_word' id='word_1_386' title='bbox 956 3480 1284 3529; x_wconf 85' lang='lat' dir='ltr'><strong>monstraret</strong></span> <span class='ocrx_word' id='word_1_387' title='bbox 1327 3470 1468 3543; x_wconf 91' lang='lat' dir='ltr'><strong>quod</strong></span> <span class='ocrx_word' id='word_1_388' title='bbox 1517 3472 1794 3543; x_wconf 73' lang='lat' dir='ltr'><strong>propheta:</strong></span> 
     </span>
    </p>
   </div>
   <div class='ocr_carea' id='block_1_51' title="bbox 205 3564 1792 3641">
    <p class='ocr_par' dir='ltr' id='par_1_51' title="bbox 205 3564 1792 3641">
     <span class='ocr_line' id='line_1_51' title="bbox 205 3564 1792 3641; baseline -0.004 -14"><span class='ocrx_word' id='word_1_389' title='bbox 205 3583 336 3627; x_wconf 80' lang='lat' dir='ltr'><strong>voce</strong></span> <span class='ocrx_word' id='word_1_390' title='bbox 361 3570 683 3641; x_wconf 70' lang='lat' dir='ltr'><strong>praedixerat</strong></span> <span class='ocrx_word' id='word_1_391' title='bbox 701 3583 717 3624; x_wconf 87' lang='lat'>:</span> <span class='ocrx_word' id='word_1_392' title='bbox 735 3566 985 3638; x_wconf 82' lang='lat' dir='ltr'><strong>Absorpta</strong></span> <span class='ocrx_word' id='word_1_393' title='bbox 1012 3575 1083 3621; x_wconf 69' lang='lat' dir='ltr'><strong>est</strong></span> <span class='ocrx_word' id='word_1_394' title='bbox 1108 3582 1243 3621; x_wconf 83' lang='lat' dir='ltr'><strong>mors</strong></span> <span class='ocrx_word' id='word_1_395' title='bbox 1274 3566 1326 3621; x_wconf 84' lang='lat' dir='ltr'><strong>in</strong></span> <span class='ocrx_word' id='word_1_396' title='bbox 1350 3565 1583 3631; x_wconf 83' lang='lat' dir='ltr'><strong>victoria,</strong></span> <span class='ocrx_word' id='word_1_397' title='bbox 1609 3570 1665 3619; x_wconf 92' lang='lat' dir='ltr'><strong>et</strong></span> <span class='ocrx_word' id='word_1_398' title='bbox 1693 3564 1792 3620; x_wconf 90' lang='lat' dir='ltr'><strong>ite-</strong></span> 
     </span>
    </p>
   </div>
   <div class='ocr_carea' id='block_1_52' title="bbox 203 3656 1793 3729">
    <p class='ocr_par' dir='ltr' id='par_1_52' title="bbox 203 3656 1793 3729">
     <span class='ocr_line' id='line_1_52' title="bbox 203 3656 1793 3729; baseline -0.006 -11"><span class='ocrx_word' id='word_1_399' title='bbox 203 3675 323 3718; x_wconf 87' lang='lat' dir='ltr'><strong>rum</strong></span> <span class='ocrx_word' id='word_1_400' title='bbox 357 3677 372 3715; x_wconf 89' lang='lat'><strong>:</strong></span> <span class='ocrx_word' id='word_1_401' title='bbox 404 3659 624 3716; x_wconf 72' lang='lat' dir='ltr'><strong>Abstulit</strong></span> <span class='ocrx_word' id='word_1_402' title='bbox 649 3656 903 3713; x_wconf 78' lang='lat' dir='ltr'><strong>Dominus</strong></span> <span class='ocrx_word' id='word_1_403' title='bbox 931 3674 1131 3715; x_wconf 84' lang='lat' dir='ltr'><strong>omnem</strong></span> <span class='ocrx_word' id='word_1_404' title='bbox 1150 3658 1429 3729; x_wconf 83' lang='lat' dir='ltr'><strong>Iacrymam</strong></span> <span class='ocrx_word' id='word_1_405' title='bbox 1454 3657 1516 3711; x_wconf 91' lang='lat' dir='ltr'><strong>ab</strong></span> <span class='ocrx_word' id='word_1_406' title='bbox 1542 3658 1678 3711; x_wconf 84' lang='lat' dir='ltr'><strong>omni</strong></span> <span class='ocrx_word' id='word_1_407' title='bbox 1707 3660 1793 3727; x_wconf 81' lang='lat' dir='ltr'><strong>fa-</strong></span> 
     </span>
    </p>
   </div>
   <div class='ocr_carea' id='block_1_53' title="bbox 203 3745 1794 3824">
    <p class='ocr_par' dir='ltr' id='par_1_53' title="bbox 203 3745 1794 3824">
     <span class='ocr_line' id='line_1_53' title="bbox 203 3745 1794 3824; baseline -0.006 -13"><span class='ocrx_word' id='word_1_408' title='bbox 203 3754 297 3815; x_wconf 75' lang='lat' dir='ltr'><strong>cie.</strong></span> <span class='ocrx_word' id='word_1_409' title='bbox 338 3752 567 3824; x_wconf 87' lang='lat' dir='ltr'><strong>Propter</strong></span> <span class='ocrx_word' id='word_1_410' title='bbox 593 3750 733 3806; x_wconf 90' lang='lat' dir='ltr'><strong>hanc</strong></span> <span class='ocrx_word' id='word_1_411' title='bbox 773 3750 970 3805; x_wconf 89' lang='lat' dir='ltr'><strong>etenim</strong></span> <span class='ocrx_word' id='word_1_412' title='bbox 1015 3762 1232 3804; x_wconf 91' lang='lat' dir='ltr'><strong>causam</strong></span> <span class='ocrx_word' id='word_1_413' title='bbox 1274 3748 1502 3803; x_wconf 89' lang='lat' dir='ltr'><strong>dicimus</strong></span> <span class='ocrx_word' id='word_1_414' title='bbox 1543 3763 1666 3804; x_wconf 89' lang='lat' dir='ltr'><strong>eum</strong></span> <span class='ocrx_word' id='word_1_415' title='bbox 1712 3745 1794 3802; x_wconf 90' lang='lat' dir='ltr'><strong>di-</strong></span> 
     </span>
    </p>
   </div>
   <div class='ocr_carea' id='block_1_54' title="bbox 202 3839 1795 3915">
    <p class='ocr_par' dir='ltr' id='par_1_54' title="bbox 202 3839 1795 3915">
     <span class='ocr_line' id='line_1_54' title="bbox 202 3839 1795 3915; baseline -0.004 -15"><span class='ocrx_word' id='word_1_416' title='bbox 202 3844 547 3915; x_wconf 78' lang='lat' dir='ltr'><strong>Spensatorie</strong></span> <span class='ocrx_word' id='word_1_417' title='bbox 574 3853 630 3898; x_wconf 91' lang='lat' dir='ltr'><strong>et</strong></span> <span class='ocrx_word' id='word_1_418' title='bbox 648 3841 776 3912; x_wconf 89' lang='lat' dir='ltr'><strong>ipsis</strong></span> <span class='ocrx_word' id='word_1_419' title='bbox 798 3840 1139 3897; x_wconf 83' lang='lat' dir='ltr'><strong>benedixisse</strong></span> <span class='ocrx_word' id='word_1_420' title='bbox 1181 3850 1305 3895; x_wconf 89' lang='lat' dir='ltr'><strong>tunc</strong></span> <span class='ocrx_word' id='word_1_421' title='bbox 1334 3841 1563 3910; x_wconf 88' lang='lat' dir='ltr'><strong>nuptiis,</strong></span> <span class='ocrx_word' id='word_1_422' title='bbox 1587 3855 1707 3895; x_wconf 88' lang='lat' dir='ltr'><strong>cum</strong></span> <span class='ocrx_word' id='word_1_423' title='bbox 1740 3839 1795 3894; x_wconf 89' lang='lat' dir='ltr'><strong>in</strong></span> 
     </span>
    </p>
   </div>
   <div class='ocr_carea' id='block_1_55' title="bbox 199 3933 1795 4005">
    <p class='ocr_par' dir='ltr' id='par_1_55' title="bbox 199 3933 1795 4005">
     <span class='ocr_line' id='line_1_55' title="bbox 199 3933 1795 4005; baseline -0.003 -12"><span class='ocrx_word' id='word_1_424' title='bbox 199 3936 348 3994; x_wconf 84' lang='lat' dir='ltr'><strong>Cana</strong></span> <span class='ocrx_word' id='word_1_425' title='bbox 373 3934 612 3990; x_wconf 72' lang='lat' dir='ltr'><strong>Galilzete</strong></span> <span class='ocrx_word' id='word_1_426' title='bbox 642 3949 763 3989; x_wconf 89' lang='lat' dir='ltr'><strong>cum</strong></span> <span class='ocrx_word' id='word_1_427' title='bbox 809 3933 1011 3989; x_wconf 88' lang='lat' dir='ltr'><strong>sanctis</strong></span> <span class='ocrx_word' id='word_1_428' title='bbox 1050 3941 1270 3990; x_wconf 87' lang='lat' dir='ltr'><strong>vocatus</strong></span> <span class='ocrx_word' id='word_1_429' title='bbox 1299 3934 1558 4005; x_wconf 88' lang='lat' dir='ltr'><strong>apostolis</strong></span> <span class='ocrx_word' id='word_1_430' title='bbox 1604 3933 1795 3989; x_wconf 89' lang='lat' dir='ltr'><strong>adesse</strong></span> 
     </span>
    </p>
   </div>
   <div class='ocr_carea' id='block_1_56' title="bbox 201 4024 1795 4100">
    <p class='ocr_par' dir='ltr' id='par_1_56' title="bbox 201 4024 1795 4100">
     <span class='ocr_line' id='line_1_56' title="bbox 201 4024 1795 4100; baseline -0.003 -13"><span class='ocrx_word' id='word_1_431' title='bbox 201 4031 457 4100; x_wconf 88' lang='lat' dir='ltr'><strong>dignatus</strong></span> <span class='ocrx_word' id='word_1_432' title='bbox 523 4037 628 4084; x_wconf 86' lang='lat' dir='ltr'><strong>est.</strong></span> <span class='ocrx_word' id='word_1_433' title='bbox 671 4026 799 4081; x_wconf 82' lang='lat' dir='ltr'><strong>ILec</strong></span> <span class='ocrx_word' id='word_1_434' title='bbox 837 4040 1025 4095; x_wconf 85' lang='lat' dir='ltr'><strong>sapere</strong></span> <span class='ocrx_word' id='word_1_435' title='bbox 1067 4039 1253 4082; x_wconf 87' lang='lat' dir='ltr'><strong>sumus</strong></span> <span class='ocrx_word' id='word_1_436' title='bbox 1299 4024 1475 4080; x_wconf 86' lang='lat' dir='ltr'><strong>edocti</strong></span> <span class='ocrx_word' id='word_1_437' title='bbox 1514 4040 1544 4078; x_wconf 91' lang='lat' dir='ltr'><strong>a</strong></span> <span class='ocrx_word' id='word_1_438' title='bbox 1593 4024 1795 4082; x_wconf 85' lang='lat' dir='ltr'><strong>sanctis</strong></span> 
     </span>
    </p>
   </div>
   <div class='ocr_carea' id='block_1_57' title="bbox 202 4115 1797 4194">
    <p class='ocr_par' dir='ltr' id='par_1_57' title="bbox 202 4115 1797 4194">
     <span class='ocr_line' id='line_1_57' title="bbox 202 4115 1797 4194; baseline -0.004 -15"><span class='ocrx_word' id='word_1_439' title='bbox 202 4121 471 4194; x_wconf 83' lang='lat' dir='ltr'><strong>apostolis</strong></span> <span class='ocrx_word' id='word_1_440' title='bbox 496 4128 551 4175; x_wconf 90' lang='lat' dir='ltr'><strong>et</strong></span> <span class='ocrx_word' id='word_1_441' title='bbox 564 4118 906 4189; x_wconf 89' lang='lat' dir='ltr'><strong>evangelistis</strong></span> <span class='ocrx_word' id='word_1_442' title='bbox 926 4118 1057 4174; x_wconf 85' lang='lat' dir='ltr'><strong>etab</strong></span> <span class='ocrx_word' id='word_1_443' title='bbox 1077 4118 1225 4173; x_wconf 92' lang='lat' dir='ltr'><strong>omni</strong></span> <span class='ocrx_word' id='word_1_444' title='bbox 1249 4116 1520 4186; x_wconf 90' lang='lat' dir='ltr'><strong>Scriptura</strong></span> <span class='ocrx_word' id='word_1_445' title='bbox 1541 4115 1797 4174; x_wconf 89' lang='lat' dir='ltr'><strong>divinitus</strong></span> 
     </span>
    </p>
   </div>
   <div class='ocr_carea' id='block_1_58' title="bbox 201 4209 1793 4285">
    <p class='ocr_par' dir='ltr' id='par_1_58' title="bbox 201 4209 1793 4285">
     <span class='ocr_line' id='line_1_58' title="bbox 201 4209 1793 4285; baseline -0.004 -12"><span class='ocrx_word' id='word_1_446' title='bbox 201 4213 485 4285; x_wconf 85' lang='lat' dir='ltr'><strong>inspirata,</strong></span> <span class='ocrx_word' id='word_1_447' title='bbox 510 4226 612 4269; x_wconf 91' lang='lat' dir='ltr'><strong>nec</strong></span> <span class='ocrx_word' id='word_1_448' title='bbox 642 4227 747 4266; x_wconf 91' lang='lat' dir='ltr'><strong>non</strong></span> <span class='ocrx_word' id='word_1_449' title='bbox 778 4221 834 4267; x_wconf 91' lang='lat' dir='ltr'><strong>et</strong></span> <span class='ocrx_word' id='word_1_450' title='bbox 866 4226 896 4265; x_wconf 89' lang='lat' dir='ltr'><strong>a</strong></span> <span class='ocrx_word' id='word_1_451' title='bbox 920 4210 1090 4266; x_wconf 88' lang='lat' dir='ltr'><strong>beatis</strong></span> <span class='ocrx_word' id='word_1_452' title='bbox 1110 4209 1329 4266; x_wconf 89' lang='lat' dir='ltr'><strong>Patrum</strong></span> <span class='ocrx_word' id='word_1_453' title='bbox 1367 4209 1793 4267; x_wconf 86' lang='lat' dir='ltr'><strong>confessionibus</strong></span> 
     </span>
    </p>
   </div>
   <div class='ocr_carea' id='block_1_59' title="bbox 202 4300 1796 4374">
    <p class='ocr_par' dir='ltr' id='par_1_59' title="bbox 202 4300 1796 4374">
     <span class='ocr_line' id='line_1_59' title="bbox 202 4300 1796 4374; baseline -0.003 -10"><span class='ocrx_word' id='word_1_454' title='bbox 202 4307 433 4364; x_wconf 89' lang='lat' dir='ltr'><strong>veritate</strong></span> <span class='ocrx_word' id='word_1_455' title='bbox 460 4303 719 4361; x_wconf 81' lang='lat' dir='ltr'><strong>subnixis.</strong></span> <span class='ocrx_word' id='word_1_456' title='bbox 746 4303 841 4358; x_wconf 82' lang='lat' dir='ltr'><strong>His</strong></span> <span class='ocrx_word' id='word_1_457' title='bbox 861 4303 1108 4358; x_wconf 89' lang='lat' dir='ltr'><strong>omnibus</strong></span> <span class='ocrx_word' id='word_1_458' title='bbox 1129 4303 1289 4358; x_wconf 83' lang='lat' dir='ltr'><strong>etiam</strong></span> <span class='ocrx_word' id='word_1_459' title='bbox 1315 4314 1457 4357; x_wconf 91' lang='lat' dir='ltr'><strong>tuam</strong></span> <span class='ocrx_word' id='word_1_460' title='bbox 1481 4300 1796 4374; x_wconf 74' lang='lat' dir='ltr'><strong>religionem</strong></span> 
     </span>
    </p>
   </div>
   <div class='ocr_carea' id='block_1_60' title="bbox 144 4392 1795 4465">
    <p class='ocr_par' dir='ltr' id='par_1_60' title="bbox 144 4392 1795 4465">
     <span class='ocr_line' id='line_1_60' title="bbox 144 4392 1795 4465; baseline 0.001 -16"><span class='ocrx_word' id='word_1_461' title='bbox 144 4442 152 4449; x_wconf 75' lang='grc'>.</span> <span class='ocrx_word' id='word_1_462' title='bbox 206 4397 578 4463; x_wconf 84' lang='lat' dir='ltr'><strong>concordare,</strong></span> <span class='ocrx_word' id='word_1_463' title='bbox 620 4404 675 4451; x_wconf 92' lang='lat' dir='ltr'><strong>et</strong></span> <span class='ocrx_word' id='word_1_464' title='bbox 732 4404 927 4465; x_wconf 66' lang='lat' dir='ltr'><strong>praeter</strong></span> <span class='ocrx_word' id='word_1_465' title='bbox 980 4394 1211 4465; x_wconf 89' lang='lat' dir='ltr'><strong>aliquem</strong></span> <span class='ocrx_word' id='word_1_466' title='bbox 1257 4392 1438 4449; x_wconf 84' lang='lat' dir='ltr'><strong>dolum</strong></span> <span class='ocrx_word' id='word_1_467' title='bbox 1489 4395 1795 4451; x_wconf 85' lang='lat' dir='ltr'><strong>consentire</strong></span> 
     </span>
    </p>
   </div>
   <div class='ocr_carea' id='block_1_61' title="bbox 207 4472 1793 4561">
    <p class='ocr_par' dir='ltr' id='par_1_61' title="bbox 207 4472 1793 4561">
     <span class='ocr_line' id='line_1_61' title="bbox 207 4472 1793 4561; baseline -0.003 -15"><span class='ocrx_word' id='word_1_468' title='bbox 207 4492 308 4561; x_wconf 84' lang='lat' dir='ltr'><strong>iant</strong></span> <span class='ocrx_word' id='word_1_469' title='bbox 332 4490 586 4546; x_wconf 86' lang='lat' dir='ltr'><strong>convenit</strong></span> <span class='ocrx_word' id='word_1_470' title='bbox 618 4506 631 4543; x_wconf 89' lang='lat'><strong>:</strong></span> <span class='ocrx_word' id='word_1_471' title='bbox 660 4503 779 4559; x_wconf 67' lang='lat' dir='ltr'><strong>quae</strong></span> <span class='ocrx_word' id='word_1_472' title='bbox 804 4502 932 4544; x_wconf 86' lang='lat' dir='ltr'><strong>vero</strong></span> <span class='ocrx_word' id='word_1_473' title='bbox 961 4472 1277 4558; x_wconf 78' lang='lat' dir='ltr'><strong>religionem</strong></span> <span class='ocrx_word' id='word_1_474' title='bbox 1306 4494 1449 4542; x_wconf 88' lang='lat' dir='ltr'><strong>tuam</strong></span> <span class='ocrx_word' id='word_1_475' title='bbox 1478 4485 1793 4542; x_wconf 82' lang='lat' dir='ltr'><strong>anathema-</strong></span> 
     </span>
    </p>
   </div>
   <div class='ocr_carea' id='block_1_62' title="bbox 1903 1956 3484 2051">
    <p class='ocr_par' dir='ltr' id='par_1_62' title="bbox 1903 1956 3484 2051">
     <span class='ocr_line' id='line_1_62' title="bbox 1903 1956 3484 2051; baseline 0.008 -29"><span class='ocrx_word' id='word_1_476' title='bbox 1903 1964 2167 2024; x_wconf 84' lang='lat' dir='ltr'><strong>nicaverit</strong></span> <span class='ocrx_word' id='word_1_477' title='bbox 2212 1956 2325 2043; x_wconf 65' lang='lat'><strong>88</strong></span> <span class='ocrx_word' id='word_1_478' title='bbox 2373 1958 2624 2029; x_wconf 68' lang='lat' dir='ltr'><strong>similiter</strong></span> <span class='ocrx_word' id='word_1_479' title='bbox 2671 1984 2728 2030; x_wconf 91' lang='lat' dir='ltr'><strong>ut</strong></span> <span class='ocrx_word' id='word_1_480' title='bbox 2779 1991 2877 2033; x_wconf 87' lang='lat' dir='ltr'><strong>nos</strong></span> <span class='ocrx_word' id='word_1_481' title='bbox 2925 1976 3075 2033; x_wconf 80' lang='lat' dir='ltr'><strong>carni</strong></span> <span class='ocrx_word' id='word_1_482' title='bbox 3122 1982 3175 2034; x_wconf 85' lang='lat' dir='ltr'><strong>et</strong></span> <span class='ocrx_word' id='word_1_483' title='bbox 3202 1980 3484 2051; x_wconf 80' lang='lat' dir='ltr'><strong>Sattguini;</strong></span> 
     </span>
    </p>
   </div>
   <div class='ocr_carea' id='block_1_63' title="bbox 1902 2060 2312 2117">
    <p class='ocr_par' dir='ltr' id='par_1_63' title="bbox 1902 2060 2312 2117">
     <span class='ocr_line' id='line_1_63' title="bbox 1902 2060 2312 2117; baseline 0.012 -5"><span class='ocrx_word' id='word_1_484' title='bbox 1902 2060 2187 2115; x_wconf 82' lang='lat' dir='ltr'><strong>anathema</strong></span> <span class='ocrx_word' id='word_1_485' title='bbox 2220 2064 2312 2117; x_wconf 87' lang='lat' dir='ltr'><strong>sit.</strong></span> 
     </span>
    </p>
   </div>
   <div class='ocr_carea' id='block_1_64' title="bbox 1976 2142 3491 2226">
    <p class='ocr_par' dir='ltr' id='par_1_64' title="bbox 1976 2142 3491 2226">
     <span class='ocr_line' id='line_1_64' title="bbox 1976 2142 3491 2226; baseline 0.009 -19"><span class='ocrx_word' id='word_1_486' title='bbox 1976 2142 2062 2209; x_wconf 88' lang='lat' dir='ltr'><strong>Vi.</strong></span> <span class='ocrx_word' id='word_1_487' title='bbox 2107 2154 2164 2210; x_wconf 89' lang='lat' dir='ltr'><strong>Si</strong></span> <span class='ocrx_word' id='word_1_488' title='bbox 2194 2154 2312 2226; x_wconf 88' lang='lat' dir='ltr'><strong>quis</strong></span> <span class='ocrx_word' id='word_1_489' title='bbox 2342 2152 2474 2212; x_wconf 89' lang='lat' dir='ltr'><strong>dicit</strong></span> <span class='ocrx_word' id='word_1_490' title='bbox 2516 2157 2682 2213; x_wconf 87' lang='lat' dir='ltr'><strong>Deum</strong></span> <span class='ocrx_word' id='word_1_491' title='bbox 2714 2158 2834 2214; x_wconf 79' lang='lat' dir='ltr'><strong>esse</strong></span> <span class='ocrx_word' id='word_1_492' title='bbox 2865 2159 2945 2215; x_wconf 93' lang='lat' dir='ltr'><strong>vel</strong></span> <span class='ocrx_word' id='word_1_493' title='bbox 2976 2154 3260 2218; x_wconf 87' lang='lat' dir='ltr'><strong>Dominum</strong></span> <span class='ocrx_word' id='word_1_494' title='bbox 3290 2159 3491 2220; x_wconf 77' lang='lat' dir='ltr'><strong>Christi</strong></span> 
     </span>
    </p>
   </div>
   <div class='ocr_carea' id='block_1_65' title="bbox 1901 2236 3489 2324">
    <p class='ocr_par' dir='ltr' id='par_1_65' title="bbox 1901 2236 3489 2324">
     <span class='ocr_line' id='line_1_65' title="bbox 1901 2236 3489 2324; baseline 0.007 -24"><span class='ocrx_word' id='word_1_495' title='bbox 1901 2243 1999 2301; x_wconf 89' lang='lat' dir='ltr'><strong>Dei</strong></span> <span class='ocrx_word' id='word_1_496' title='bbox 2040 2236 2215 2302; x_wconf 80' lang='lat' dir='ltr'><strong>Patris</strong></span> <span class='ocrx_word' id='word_1_497' title='bbox 2260 2240 2513 2315; x_wconf 86' lang='lat' dir='ltr'><strong>Verbum,</strong></span> <span class='ocrx_word' id='word_1_498' title='bbox 2565 2246 2619 2304; x_wconf 89' lang='lat' dir='ltr'><strong>et</strong></span> <span class='ocrx_word' id='word_1_499' title='bbox 2658 2266 2764 2305; x_wconf 90' lang='lat' dir='ltr'><strong>non</strong></span> <span class='ocrx_word' id='word_1_500' title='bbox 2808 2246 2976 2323; x_wconf 80' lang='lat' dir='ltr'><strong>magis</strong></span> <span class='ocrx_word' id='word_1_501' title='bbox 3021 2254 3269 2310; x_wconf 88' lang='lat' dir='ltr'><strong>eumdem</strong></span> <span class='ocrx_word' id='word_1_502' title='bbox 3318 2257 3489 2324; x_wconf 82' lang='lat' dir='ltr'><strong>ipSum</strong></span> 
     </span>
    </p>
   </div>
   <div class='ocr_carea' id='block_1_66' title="bbox 1899 2334 3489 2416">
    <p class='ocr_par' dir='ltr' id='par_1_66' title="bbox 1899 2334 3489 2416">
     <span class='ocr_line' id='line_1_66' title="bbox 1899 2334 3489 2416; baseline 0.006 -24"><span class='ocrx_word' id='word_1_503' title='bbox 1899 2334 2185 2392; x_wconf 83' lang='lat' dir='ltr'><strong>confitetur</strong></span> <span class='ocrx_word' id='word_1_504' title='bbox 2219 2335 2386 2394; x_wconf 85' lang='lat' dir='ltr'><strong>Deum</strong></span> <span class='ocrx_word' id='word_1_505' title='bbox 2418 2338 2575 2395; x_wconf 81' lang='lat' dir='ltr'><strong>simul</strong></span> <span class='ocrx_word' id='word_1_506' title='bbox 2616 2349 2667 2396; x_wconf 91' lang='lat' dir='ltr'><strong>et</strong></span> <span class='ocrx_word' id='word_1_507' title='bbox 2695 2338 3315 2414; x_wconf 74' lang='lat' dir='ltr'><strong>hominem,proptere‘a</strong></span> <span class='ocrx_word' id='word_1_508' title='bbox 3346 2336 3489 2416; x_wconf 83' lang='lat' dir='ltr'><strong>quod</strong></span> 
     </span>
    </p>
   </div>
   <div class='ocr_carea' id='block_1_67' title="bbox 1900 2425 3489 2508">
    <p class='ocr_par' dir='ltr' id='par_1_67' title="bbox 1900 2425 3489 2508">
     <span class='ocr_line' id='line_1_67' title="bbox 1900 2425 3489 2508; baseline 0.007 -26"><span class='ocrx_word' id='word_1_509' title='bbox 1900 2425 2135 2483; x_wconf 77' lang='lat' dir='ltr'><strong>Verbum</strong></span> <span class='ocrx_word' id='word_1_510' title='bbox 2167 2432 2293 2486; x_wconf 82' lang='lat' dir='ltr'><strong>caro</strong></span> <span class='ocrx_word' id='word_1_511' title='bbox 2332 2427 2533 2488; x_wconf 87' lang='lat' dir='ltr'><strong>factum</strong></span> <span class='ocrx_word' id='word_1_512' title='bbox 2563 2426 2645 2489; x_wconf 86' lang='lat' dir='ltr'><strong>est</strong></span> <span class='ocrx_word' id='word_1_513' title='bbox 2672 2428 2965 2490; x_wconf 80' lang='lat' dir='ltr'><strong>secundum</strong></span> <span class='ocrx_word' id='word_1_514' title='bbox 2992 2432 3331 2508; x_wconf 83' lang='lat' dir='ltr'><strong>Scripturas;</strong></span> <span class='ocrx_word' id='word_1_515' title='bbox 3362 2450 3489 2493; x_wconf 82' lang='lat' dir='ltr'><strong>ana-</strong></span> 
     </span>
    </p>
   </div>
   <div class='ocr_carea' id='block_1_68' title="bbox 1898 2518 3404 2597">
    <p class='ocr_par' dir='ltr' id='par_1_68' title="bbox 1898 2518 3404 2597">
     <span class='ocr_line' id='line_1_68' title="bbox 1898 2518 3404 2597; baseline 0.007 -23"><span class='ocrx_word' id='word_1_516' title='bbox 1898 2520 2078 2575; x_wconf 84' lang='lat' dir='ltr'><strong>thema</strong></span> <span class='ocrx_word' id='word_1_517' title='bbox 2109 2518 2200 2576; x_wconf 80' lang='lat' dir='ltr'><strong>sit.</strong></span> <span class='ocrx_word' id='word_1_518' title='bbox 3401 2594 3404 2597; x_wconf 23' lang='grc' dir='ltr'>λ</span> 
     </span>
    </p>
   </div>
   <div class='ocr_carea' id='block_1_69' title="bbox 1970 2605 3488 2690">
    <p class='ocr_par' dir='ltr' id='par_1_69' title="bbox 1970 2605 3488 2690">
     <span class='ocr_line' id='line_1_69' title="bbox 1970 2605 3488 2690; baseline 0.01 -26"><span class='ocrx_word' id='word_1_519' title='bbox 1970 2607 2084 2666; x_wconf 88' lang='lat' dir='ltr'><strong>VII.</strong></span> <span class='ocrx_word' id='word_1_520' title='bbox 2124 2606 2183 2667; x_wconf 81' lang='lat' dir='ltr'><strong>Si</strong></span> <span class='ocrx_word' id='word_1_521' title='bbox 2213 2612 2332 2683; x_wconf 86' lang='lat' dir='ltr'><strong>quis</strong></span> <span class='ocrx_word' id='word_1_522' title='bbox 2360 2605 2506 2670; x_wconf 83' lang='lat' dir='ltr'><strong>velut</strong></span> <span class='ocrx_word' id='word_1_523' title='bbox 2534 2613 2804 2673; x_wconf 87' lang='lat' dir='ltr'><strong>hominem</strong></span> <span class='ocrx_word' id='word_1_524' title='bbox 2830 2616 3016 2675; x_wconf 82' lang='lat' dir='ltr'><strong>Jesu‘m</strong></span> <span class='ocrx_word' id='word_1_525' title='bbox 3047 2622 3358 2690; x_wconf 76' lang='lat' dir='ltr'><strong>operatione</strong></span> <span class='ocrx_word' id='word_1_526' title='bbox 3390 2618 3488 2679; x_wconf 85' lang='lat' dir='ltr'><strong>Dei</strong></span> 
     </span>
    </p>
   </div>
   <div class='ocr_carea' id='block_1_70' title="bbox 1900 2698 3487 2789">
    <p class='ocr_par' dir='ltr' id='par_1_70' title="bbox 1900 2698 3487 2789">
     <span class='ocr_line' id='line_1_70' title="bbox 1900 2698 3487 2789; baseline 0.009 -29"><span class='ocrx_word' id='word_1_527' title='bbox 1900 2702 2059 2761; x_wconf 79' lang='lat' dir='ltr'><strong>Verbi</strong></span> <span class='ocrx_word' id='word_1_528' title='bbox 2116 2698 2241 2763; x_wconf 77' lang='lat' dir='ltr'><strong>dicit</strong></span> <span class='ocrx_word' id='word_1_529' title='bbox 2288 2702 2549 2779; x_wconf 81' lang='lat' dir='ltr'><strong>adjutum,</strong></span> <span class='ocrx_word' id='word_1_530' title='bbox 2580 2721 2635 2768; x_wconf 93' lang='lat' dir='ltr'><strong>et</strong></span> <span class='ocrx_word' id='word_1_531' title='bbox 2674 2714 2929 2786; x_wconf 84' lang='lat' dir='ltr'><strong>unigeniti</strong></span> <span class='ocrx_word' id='word_1_532' title='bbox 2975 2718 3194 2787; x_wconf 83' lang='lat' dir='ltr'><strong>gloriam</strong></span> <span class='ocrx_word' id='word_1_533' title='bbox 3233 2725 3487 2789; x_wconf 77' lang='lat' dir='ltr'><strong>tanquam</strong></span> 
     </span>
    </p>
   </div>
   <div class='ocr_carea' id='block_1_71' title="bbox 1898 2792 3484 2878">
    <p class='ocr_par' dir='ltr' id='par_1_71' title="bbox 1898 2792 3484 2878">
     <span class='ocr_line' id='line_1_71' title="bbox 1898 2792 3484 2878; baseline 0.011 -26"><span class='ocrx_word' id='word_1_534' title='bbox 1898 2792 2051 2854; x_wconf 77' lang='lat' dir='ltr'><strong>alteri</strong></span> <span class='ocrx_word' id='word_1_535' title='bbox 2086 2811 2280 2870; x_wconf 68' lang='lat' dir='ltr'><strong>prmter</strong></span> <span class='ocrx_word' id='word_1_536' title='bbox 2309 2804 2483 2874; x_wconf 75' lang='lat' dir='ltr'><strong>ipsam</strong></span> <span class='ocrx_word' id='word_1_537' title='bbox 2511 2808 2762 2863; x_wconf 78' lang='lat' dir='ltr'><strong>eitiStenti</strong></span> <span class='ocrx_word' id='word_1_538' title='bbox 2815 2808 3032 2878; x_wconf 85' lang='lat' dir='ltr'><strong>tribuit;</strong></span> <span class='ocrx_word' id='word_1_539' title='bbox 3078 2810 3360 2868; x_wconf 83' lang='lat' dir='ltr'><strong>anathema</strong></span> <span class='ocrx_word' id='word_1_540' title='bbox 3393 2812 3484 2870; x_wconf 79' lang='lat' dir='ltr'><strong>sit.</strong></span> 
     </span>
    </p>
   </div>
   <div class='ocr_carea' id='block_1_72' title="bbox 1970 2892 3484 2973">
    <p class='ocr_par' dir='ltr' id='par_1_72' title="bbox 1970 2892 3484 2973">
     <span class='ocr_line' id='line_1_72' title="bbox 1970 2892 3484 2973; baseline 0.011 -26"><span class='ocrx_word' id='word_1_541' title='bbox 1970 2892 2102 2947; x_wconf 86' lang='lat' dir='ltr'><strong>VIII.</strong></span> <span class='ocrx_word' id='word_1_542' title='bbox 2145 2895 2201 2951; x_wconf 89' lang='lat' dir='ltr'><strong>Si</strong></span> <span class='ocrx_word' id='word_1_543' title='bbox 2247 2897 2366 2967; x_wconf 81' lang='lat' dir='ltr'><strong>quis</strong></span> <span class='ocrx_word' id='word_1_544' title='bbox 2411 2899 2571 2954; x_wconf 88' lang='lat' dir='ltr'><strong>audet</strong></span> <span class='ocrx_word' id='word_1_545' title='bbox 2619 2898 2798 2958; x_wconf 83' lang='lat' dir='ltr'><strong>dicere</strong></span> <span class='ocrx_word' id='word_1_546' title='bbox 2842 2906 3173 2973; x_wconf 75' lang='lat' dir='ltr'><strong>aSStImpluttt</strong></span> <span class='ocrx_word' id='word_1_547' title='bbox 3212 2905 3484 2963; x_wconf 77' lang='lat' dir='ltr'><strong>hominem</strong></span> 
     </span>
    </p>
   </div>
   <div class='ocr_carea' id='block_1_73' title="bbox 1900 2980 3484 3065">
    <p class='ocr_par' dir='ltr' id='par_1_73' title="bbox 1900 2980 3484 3065">
     <span class='ocr_line' id='line_1_73' title="bbox 1900 2980 3484 3065; baseline 0.011 -30"><span class='ocrx_word' id='word_1_548' title='bbox 1900 2980 2293 3065; x_wconf 51' lang='lat' dir='ltr'><strong>c&#39;Oad&#39;orandum</strong></span> <span class='ocrx_word' id='word_1_549' title='bbox 2330 2986 2436 3042; x_wconf 90' lang='lat' dir='ltr'><strong>Deo</strong></span> <span class='ocrx_word' id='word_1_550' title='bbox 2480 2986 2674 3057; x_wconf 83' lang='lat' dir='ltr'><strong>Verbo,</strong></span> <span class='ocrx_word' id='word_1_551' title='bbox 2705 2999 2759 3045; x_wconf 90' lang='lat' dir='ltr'><strong>et</strong></span> <span class='ocrx_word' id='word_1_552' title='bbox 2806 2994 3314 3062; x_wconf 74' lang='lat' dir='ltr'><strong>cong‘OriIicandunt</strong></span> <span class='ocrx_word' id='word_1_553' title='bbox 3348 2995 3396 3065; x_wconf 73' lang='grc' dir='ltr'><strong>ει,</strong></span> <span class='ocrx_word' id='word_1_554' title='bbox 3429 3007 3484 3052; x_wconf 91' lang='lat' dir='ltr'><strong>et</strong></span> 
     </span>
    </p>
   </div>
   <div class='ocr_carea' id='block_1_74' title="bbox 1900 3062 3482 3155">
    <p class='ocr_par' dir='ltr' id='par_1_74' title="bbox 1900 3062 3482 3155">
     <span class='ocr_line' id='line_1_74' title="bbox 1900 3062 3482 3155; baseline 0.008 -26"><span class='ocrx_word' id='word_1_555' title='bbox 1900 3062 2382 3145; x_wconf 80' lang='lat' dir='ltr'><strong>conuncupandum</strong></span> <span class='ocrx_word' id='word_1_556' title='bbox 2412 3066 2577 3143; x_wconf 65' lang='lat' dir='ltr'><strong>[leum</strong></span> <span class='ocrx_word' id='word_1_557' title='bbox 2608 3090 2857 3152; x_wconf 68' lang='lat' dir='ltr'><strong>tanquam</strong></span> <span class='ocrx_word' id='word_1_558' title='bbox 2891 3084 3115 3140; x_wconf 85' lang='lat' dir='ltr'><strong>alterum</strong></span> <span class='ocrx_word' id='word_1_559' title='bbox 3145 3102 3265 3142; x_wconf 91' lang='lat' dir='ltr'><strong>cum</strong></span> <span class='ocrx_word' id='word_1_560' title='bbox 3293 3062 3482 3155; x_wconf 77' lang='lat' dir='ltr'><strong>altero,</strong></span> 
     </span>
    </p>
   </div>
   <div class='ocr_carea' id='block_1_75' title="bbox 1901 3158 3553 3251">
    <p class='ocr_par' dir='ltr' id='par_1_75' title="bbox 1901 3158 3553 3251">
     <span class='ocr_line' id='line_1_75' title="bbox 1901 3158 3553 3251; baseline 0.009 -30"><span class='ocrx_word' id='word_1_561' title='bbox 1901 3170 2020 3223; x_wconf 86' lang='lat' dir='ltr'><strong>nam</strong></span> <span class='ocrx_word' id='word_1_562' title='bbox 2053 3186 2168 3224; x_wconf 86' lang='lat' dir='ltr'><strong>cum</strong></span> <span class='ocrx_word' id='word_1_563' title='bbox 2198 3170 2404 3242; x_wconf 85' lang='lat' dir='ltr'><strong>syllaba</strong></span> <span class='ocrx_word' id='word_1_564' title='bbox 2434 3188 2651 3244; x_wconf 89' lang='lat' dir='ltr'><strong>semper</strong></span> <span class='ocrx_word' id='word_1_565' title='bbox 2678 3170 2888 3247; x_wconf 82' lang='lat' dir='ltr'><strong>adjecta</strong></span> <span class='ocrx_word' id='word_1_566' title='bbox 2923 3176 3024 3233; x_wconf 91' lang='lat' dir='ltr'><strong>hoc</strong></span> <span class='ocrx_word' id='word_1_567' title='bbox 3052 3174 3193 3250; x_wconf 81' lang='lat' dir='ltr'><strong>cogit</strong></span> <span class='ocrx_word' id='word_1_568' title='bbox 3238 3178 3481 3251; x_wconf 71' lang='lat' dir='ltr'><strong>intelligi,</strong></span> <span class='ocrx_word' id='word_1_569' title='bbox 3534 3158 3553 3167; x_wconf 39' lang='lat' dir='ltr'><strong><em>l</em></strong></span> 
     </span>
    </p>
   </div>
   <div class='ocr_carea' id='block_1_76' title="bbox 1897 3254 3487 3337">
    <p class='ocr_par' dir='ltr' id='par_1_76' title="bbox 1897 3254 3487 3337">
     <span class='ocr_line' id='line_1_76' title="bbox 1897 3254 3487 3337; baseline 0.007 -22"><span class='ocrx_word' id='word_1_570' title='bbox 1897 3268 1952 3316; x_wconf 85' lang='lat' dir='ltr'><strong>et</strong></span> <span class='ocrx_word' id='word_1_571' title='bbox 2000 3276 2105 3317; x_wconf 90' lang='lat' dir='ltr'><strong>non</strong></span> <span class='ocrx_word' id='word_1_572' title='bbox 2149 3263 2327 3333; x_wconf 86' lang='lat' dir='ltr'><strong>p0tius&#39;</strong></span> <span class='ocrx_word' id='word_1_573' title='bbox 2375 3278 2480 3318; x_wconf 91' lang='lat' dir='ltr'><strong>una</strong></span> <span class='ocrx_word' id='word_1_574' title='bbox 2523 3254 2913 3337; x_wconf 85' lang='lat' dir='ltr'><strong>supplicatione</strong></span> <span class='ocrx_word' id='word_1_575' title='bbox 2943 3283 3228 3324; x_wconf 87' lang='lat' dir='ltr'><strong>veneratur</strong></span> <span class='ocrx_word' id='word_1_576' title='bbox 3274 3262 3487 3326; x_wconf 80' lang='lat' dir='ltr'><strong>Emma-</strong></span> 
     </span>
    </p>
   </div>
   <div class='ocr_carea' id='block_1_77' title="bbox 1896 3352 3482 3436">
    <p class='ocr_par' dir='ltr' id='par_1_77' title="bbox 1896 3352 3482 3436">
     <span class='ocr_line' id='line_1_77' title="bbox 1896 3352 3482 3436; baseline 0.008 -27"><span class='ocrx_word' id='word_1_577' title='bbox 1896 3352 2046 3422; x_wconf 88' lang='lat' dir='ltr'><strong>nuei,</strong></span> <span class='ocrx_word' id='word_1_578' title='bbox 2101 3372 2368 3427; x_wconf 89' lang='lat' dir='ltr'><strong>unamque</strong></span> <span class='ocrx_word' id='word_1_579' title='bbox 2425 3356 2475 3414; x_wconf 93' lang='lat' dir='ltr'><strong>ei</strong></span> <span class='ocrx_word' id='word_1_580' title='bbox 2533 3354 2978 3429; x_wconf 84' lang='lat' dir='ltr'><strong>glorificationetn</strong></span> <span class='ocrx_word' id='word_1_581' title='bbox 3037 3363 3291 3434; x_wconf 85' lang='lat' dir='ltr'><strong>dependit</strong></span> <span class='ocrx_word' id='word_1_582' title='bbox 3335 3366 3482 3436; x_wconf 73' lang='lat' dir='ltr'><strong>juxta</strong></span> 
     </span>
    </p>
   </div>
   <div class='ocr_carea' id='block_1_78' title="bbox 1899 3442 3271 3521">
    <p class='ocr_par' dir='ltr' id='par_1_78' title="bbox 1899 3442 3271 3521">
     <span class='ocr_line' id='line_1_78' title="bbox 1899 3442 3271 3521; baseline 0.009 -22"><span class='ocrx_word' id='word_1_583' title='bbox 1899 3442 2040 3516; x_wconf 86' lang='lat' dir='ltr'><strong>quod</strong></span> <span class='ocrx_word' id='word_1_584' title='bbox 2075 3442 2307 3503; x_wconf 76' lang='lat' dir='ltr'><strong>Verbum</strong></span> <span class='ocrx_word' id='word_1_585' title='bbox 2336 3464 2464 3505; x_wconf 89' lang='lat' dir='ltr'><strong>caro</strong></span> <span class='ocrx_word' id='word_1_586' title='bbox 2496 3450 2692 3507; x_wconf 88' lang='lat' dir='ltr'><strong>factum</strong></span> <span class='ocrx_word' id='word_1_587' title='bbox 2722 3455 2834 3521; x_wconf 87' lang='lat' dir='ltr'><strong>est;</strong></span> <span class='ocrx_word' id='word_1_588' title='bbox 2868 3450 3152 3510; x_wconf 84' lang='lat' dir='ltr'><strong>anathema</strong></span> <span class='ocrx_word' id='word_1_589' title='bbox 3179 3456 3271 3513; x_wconf 90' lang='lat' dir='ltr'><strong>sit.</strong></span> 
     </span>
    </p>
   </div>
   <div class='ocr_carea' id='block_1_79' title="bbox 1904 3561 3487 3641">
    <p class='ocr_par' dir='ltr' id='par_1_79' title="bbox 1904 3561 3487 3641">
     <span class='ocr_line' id='line_1_79' title="bbox 1904 3561 3487 3641; baseline 0.004 -24"><span class='ocrx_word' id='word_1_590' title='bbox 1904 3573 1911 3580; x_wconf 86' lang='lat'><strong><em>&#39;</em></strong></span> <span class='ocrx_word' id='word_1_591' title='bbox 1968 3561 2063 3618; x_wconf 83' lang='lat' dir='ltr'><strong>IX.</strong></span> <span class='ocrx_word' id='word_1_592' title='bbox 2105 3562 2163 3618; x_wconf 90' lang='lat' dir='ltr'><strong>Si</strong></span> <span class='ocrx_word' id='word_1_593' title='bbox 2192 3562 2311 3633; x_wconf 88' lang='lat' dir='ltr'><strong>quis</strong></span> <span class='ocrx_word' id='word_1_594' title='bbox 2352 3579 2515 3621; x_wconf 87' lang='lat' dir='ltr'><strong>unum</strong></span> <span class='ocrx_word' id='word_1_595' title='bbox 2548 3566 2829 3623; x_wconf 88' lang='lat' dir='ltr'><strong>Dominum</strong></span> <span class='ocrx_word' id='word_1_596' title='bbox 2859 3567 3042 3626; x_wconf 86' lang='lat' dir='ltr'><strong>Jesum</strong></span> <span class='ocrx_word' id='word_1_597' title='bbox 3074 3567 3346 3625; x_wconf 90' lang='lat' dir='ltr'><strong>Christum</strong></span> <span class='ocrx_word' id='word_1_598' title='bbox 3374 3565 3487 3641; x_wconf 83' lang='lat' dir='ltr'><strong>glo-</strong></span> 
     </span>
    </p>
   </div>
   <div class='ocr_carea' id='block_1_80' title="bbox 1896 3653 3484 3732">
    <p class='ocr_par' dir='ltr' id='par_1_80' title="bbox 1896 3653 3484 3732">
     <span class='ocr_line' id='line_1_80' title="bbox 1896 3653 3484 3732; baseline 0.004 -21"><span class='ocrx_word' id='word_1_599' title='bbox 1896 3654 2162 3711; x_wconf 83' lang='lat' dir='ltr'><strong>riﬁcatum</strong></span> <span class='ocrx_word' id='word_1_600' title='bbox 2189 3653 2320 3711; x_wconf 90' lang='lat' dir='ltr'><strong>dicit</strong></span> <span class='ocrx_word' id='word_1_601' title='bbox 2343 3655 2411 3709; x_wconf 90' lang='lat' dir='ltr'><strong>ab</strong></span> <span class='ocrx_word' id='word_1_602' title='bbox 2435 3657 2638 3727; x_wconf 89' lang='lat' dir='ltr'><strong>Spiritu</strong></span> <span class='ocrx_word' id='word_1_603' title='bbox 2667 3670 2877 3725; x_wconf 87' lang='lat' dir='ltr'><strong>sancto,</strong></span> <span class='ocrx_word' id='word_1_604' title='bbox 2913 3670 3163 3732; x_wconf 84' lang='lat' dir='ltr'><strong>tanquam</strong></span> <span class='ocrx_word' id='word_1_605' title='bbox 3192 3663 3281 3731; x_wconf 91' lang='lat' dir='ltr'><strong>qui</strong></span> <span class='ocrx_word' id='word_1_606' title='bbox 3312 3663 3484 3718; x_wconf 87' lang='lat' dir='ltr'><strong>aliena</strong></span> 
     </span>
    </p>
   </div>
   <div class='ocr_carea' id='block_1_81' title="bbox 1897 3745 3484 3824">
    <p class='ocr_par' dir='ltr' id='par_1_81' title="bbox 1897 3745 3484 3824">
     <span class='ocr_line' id='line_1_81' title="bbox 1897 3745 3484 3824; baseline 0.006 -25"><span class='ocrx_word' id='word_1_607' title='bbox 1897 3745 2100 3801; x_wconf 84' lang='lat' dir='ltr'><strong>virtute</strong></span> <span class='ocrx_word' id='word_1_608' title='bbox 2130 3760 2227 3816; x_wconf 87' lang='lat' dir='ltr'><strong>per</strong></span> <span class='ocrx_word' id='word_1_609' title='bbox 2256 3760 2376 3802; x_wconf 90' lang='lat' dir='ltr'><strong>eum</strong></span> <span class='ocrx_word' id='word_1_610' title='bbox 2415 3748 2770 3815; x_wconf 59' lang='lat' dir='ltr'><strong>usu§fuerit,</strong></span> <span class='ocrx_word' id='word_1_611' title='bbox 2806 3759 2859 3806; x_wconf 91' lang='lat' dir='ltr'><strong>et</strong></span> <span class='ocrx_word' id='word_1_612' title='bbox 2887 3752 2954 3806; x_wconf 90' lang='lat' dir='ltr'><strong>ab</strong></span> <span class='ocrx_word' id='word_1_613' title='bbox 2981 3767 3045 3807; x_wconf 92' lang='lat' dir='ltr'><strong>eo</strong></span> <span class='ocrx_word' id='word_1_614' title='bbox 3072 3756 3339 3824; x_wconf 89' lang='lat' dir='ltr'><strong>acceperit</strong></span> <span class='ocrx_word' id='word_1_615' title='bbox 3367 3755 3484 3810; x_wconf 86' lang='lat' dir='ltr'><strong>eili-</strong></span> 
     </span>
    </p>
   </div>
   <div class='ocr_carea' id='block_1_82' title="bbox 1897 3841 3485 3916">
    <p class='ocr_par' dir='ltr' id='par_1_82' title="bbox 1897 3841 3485 3916">
     <span class='ocr_line' id='line_1_82' title="bbox 1897 3841 3485 3916; baseline 0.003 -19"><span class='ocrx_word' id='word_1_616' title='bbox 1897 3841 2097 3898; x_wconf 85' lang='lat' dir='ltr'><strong>caeiam</strong></span> <span class='ocrx_word' id='word_1_617' title='bbox 2130 3852 2320 3899; x_wconf 86' lang='lat' dir='ltr'><strong>contra</strong></span> <span class='ocrx_word' id='word_1_618' title='bbox 2370 3843 2675 3900; x_wconf 88' lang='lat' dir='ltr'><strong>immumlos</strong></span> <span class='ocrx_word' id='word_1_619' title='bbox 2703 3846 2942 3914; x_wconf 88' lang='lat' dir='ltr'><strong>spiritus,</strong></span> <span class='ocrx_word' id='word_1_620' title='bbox 2978 3860 3136 3916; x_wconf 88' lang='lat' dir='ltr'><strong>posse</strong></span> <span class='ocrx_word' id='word_1_621' title='bbox 3164 3854 3219 3901; x_wconf 89' lang='lat' dir='ltr'><strong>et</strong></span> <span class='ocrx_word' id='word_1_622' title='bbox 3251 3846 3485 3901; x_wconf 86' lang='lat' dir='ltr'><strong>homini-</strong></span> 
     </span>
    </p>
   </div>
   <div class='ocr_carea' id='block_1_83' title="bbox 1897 3933 3485 4005">
    <p class='ocr_par' dir='ltr' id='par_1_83' title="bbox 1897 3933 3485 4005">
     <span class='ocr_line' id='line_1_83' title="bbox 1897 3933 3485 4005; baseline 0.003 -17"><span class='ocrx_word' id='word_1_623' title='bbox 1897 3933 1998 3988; x_wconf 91' lang='lat' dir='ltr'><strong>bus</strong></span> <span class='ocrx_word' id='word_1_624' title='bbox 2037 3934 2221 3988; x_wconf 83' lang='lat' dir='ltr'><strong>divina</strong></span> <span class='ocrx_word' id='word_1_625' title='bbox 2259 3934 2412 4004; x_wconf 89' lang='lat' dir='ltr'><strong>signa</strong></span> <span class='ocrx_word' id='word_1_626' title='bbox 2440 3935 2729 4005; x_wconf 84' lang='lat' dir='ltr'><strong>perlicere,</strong></span> <span class='ocrx_word' id='word_1_627' title='bbox 2761 3950 2826 3989; x_wconf 90' lang='lat' dir='ltr'><strong>ac</strong></span> <span class='ocrx_word' id='word_1_628' title='bbox 2858 3951 2963 3990; x_wconf 90' lang='lat' dir='ltr'><strong>non</strong></span> <span class='ocrx_word' id='word_1_629' title='bbox 3008 3939 3183 4004; x_wconf 88' lang='lat' dir='ltr'><strong>potius</strong></span> <span class='ocrx_word' id='word_1_630' title='bbox 3216 3936 3485 4005; x_wconf 88' lang='lat' dir='ltr'><strong>proprium</strong></span> 
     </span>
    </p>
   </div>
   <div class='ocr_carea' id='block_1_84' title="bbox 1898 4022 3487 4100">
    <p class='ocr_par' dir='ltr' id='par_1_84' title="bbox 1898 4022 3487 4100">
     <span class='ocr_line' id='line_1_84' title="bbox 1898 4022 3487 4100; baseline 0.006 -24"><span class='ocrx_word' id='word_1_631' title='bbox 1898 4022 2096 4081; x_wconf 79' lang='lat' dir='ltr'><strong>fatetur</strong></span> <span class='ocrx_word' id='word_1_632' title='bbox 2124 4025 2241 4093; x_wconf 88' lang='lat' dir='ltr'><strong>ejus</strong></span> <span class='ocrx_word' id='word_1_633' title='bbox 2269 4025 2523 4095; x_wconf 90' lang='lat' dir='ltr'><strong>Spiritum</strong></span> <span class='ocrx_word' id='word_1_634' title='bbox 2551 4041 2647 4097; x_wconf 88' lang='lat' dir='ltr'><strong>per</strong></span> <span class='ocrx_word' id='word_1_635' title='bbox 2673 4042 2831 4097; x_wconf 86' lang='lat' dir='ltr'><strong>quem</strong></span> <span class='ocrx_word' id='word_1_636' title='bbox 2863 4026 3044 4083; x_wconf 89' lang='lat' dir='ltr'><strong>divina</strong></span> <span class='ocrx_word' id='word_1_637' title='bbox 3075 4030 3226 4100; x_wconf 83' lang='lat' dir='ltr'><strong>signa</strong></span> <span class='ocrx_word' id='word_1_638' title='bbox 3253 4033 3487 4100; x_wconf 85' lang='lat' dir='ltr'><strong>comple-</strong></span> 
     </span>
    </p>
   </div>
   <div class='ocr_carea' id='block_1_85' title="bbox 1900 4114 2444 4183">
    <p class='ocr_par' dir='ltr' id='par_1_85' title="bbox 1900 4114 2444 4183">
     <span class='ocr_line' id='line_1_85' title="bbox 1900 4114 2444 4183; baseline -0.002 -13"><span class='ocrx_word' id='word_1_639' title='bbox 1900 4114 2010 4183; x_wconf 86' lang='lat' dir='ltr'><strong>vit;</strong></span> <span class='ocrx_word' id='word_1_640' title='bbox 2040 4116 2327 4169; x_wconf 89' lang='lat' dir='ltr'><strong>anathema</strong></span> <span class='ocrx_word' id='word_1_641' title='bbox 2356 4116 2444 4170; x_wconf 92' lang='lat' dir='ltr'><strong>sit.</strong></span> 
     </span>
    </p>
   </div>
   <div class='ocr_carea' id='block_1_86' title="bbox 1974 4206 3484 4278">
    <p class='ocr_par' dir='ltr' id='par_1_86' title="bbox 1974 4206 3484 4278">
     <span class='ocr_line' id='line_1_86' title="bbox 1974 4206 3484 4278; baseline 0.006 -16"><span class='ocrx_word' id='word_1_642' title='bbox 1974 4206 2041 4263; x_wconf 84' lang='lat' dir='ltr'><strong>X.</strong></span> <span class='ocrx_word' id='word_1_643' title='bbox 2095 4207 2409 4263; x_wconf 84' lang='lat' dir='ltr'><strong>Pontiﬁcem</strong></span> <span class='ocrx_word' id='word_1_644' title='bbox 2452 4215 2508 4263; x_wconf 90' lang='lat' dir='ltr'><strong>et</strong></span> <span class='ocrx_word' id='word_1_645' title='bbox 2542 4207 2842 4278; x_wconf 88' lang='lat' dir='ltr'><strong>apostolum</strong></span> <span class='ocrx_word' id='word_1_646' title='bbox 2886 4209 3240 4268; x_wconf 84' lang='lat' dir='ltr'><strong>confessionis</strong></span> <span class='ocrx_word' id='word_1_647' title='bbox 3289 4220 3484 4271; x_wconf 74' lang='lat' dir='ltr'><strong>nostra:</strong></span> 
     </span>
    </p>
   </div>
   <div class='ocr_carea' id='block_1_87' title="bbox 1898 4294 3486 4372">
    <p class='ocr_par' dir='ltr' id='par_1_87' title="bbox 1898 4294 3486 4372">
     <span class='ocr_line' id='line_1_87' title="bbox 1898 4294 3486 4372; baseline 0.005 -20"><span class='ocrx_word' id='word_1_648' title='bbox 1898 4294 2099 4353; x_wconf 90' lang='lat' dir='ltr'><strong>factum</strong></span> <span class='ocrx_word' id='word_1_649' title='bbox 2148 4310 2270 4353; x_wconf 88' lang='lat' dir='ltr'><strong>esse</strong></span> <span class='ocrx_word' id='word_1_650' title='bbox 2300 4298 2568 4354; x_wconf 88' lang='lat' dir='ltr'><strong>Christum</strong></span> <span class='ocrx_word' id='word_1_651' title='bbox 2615 4298 2792 4356; x_wconf 88' lang='lat' dir='ltr'><strong>divina</strong></span> <span class='ocrx_word' id='word_1_652' title='bbox 2838 4300 3111 4372; x_wconf 88' lang='lat' dir='ltr'><strong>Scriptura</strong></span> <span class='ocrx_word' id='word_1_653' title='bbox 3157 4318 3486 4360; x_wconf 84' lang='lat' dir='ltr'><strong>commemo-</strong></span> 
     </span>
    </p>
   </div>
   <div class='ocr_carea' id='block_1_88' title="bbox 1899 4378 3484 4469">
    <p class='ocr_par' dir='ltr' id='par_1_88' title="bbox 1899 4378 3484 4469">
     <span class='ocr_line' id='line_1_88' title="bbox 1899 4378 3484 4469; baseline 0.005 -25"><span class='ocrx_word' id='word_1_654' title='bbox 1899 4399 2011 4455; x_wconf 91' lang='lat' dir='ltr'><strong>rat;</strong></span> <span class='ocrx_word' id='word_1_655' title='bbox 2044 4388 2238 4447; x_wconf 90' lang='lat' dir='ltr'><strong>obtulit</strong></span> <span class='ocrx_word' id='word_1_656' title='bbox 2266 4378 2443 4447; x_wconf 84' lang='lat' dir='ltr'><strong>autem</strong></span> <span class='ocrx_word' id='word_1_657' title='bbox 2480 4391 2834 4469; x_wconf 80' lang='lat' dir='ltr'><strong>semetipsum</strong></span> <span class='ocrx_word' id='word_1_658' title='bbox 2868 4407 2965 4463; x_wconf 88' lang='lat' dir='ltr'><strong>pro</strong></span> <span class='ocrx_word' id='word_1_659' title='bbox 2993 4394 3146 4449; x_wconf 91' lang='lat' dir='ltr'><strong>nobis</strong></span> <span class='ocrx_word' id='word_1_660' title='bbox 3176 4396 3226 4449; x_wconf 93' lang='lat' dir='ltr'><strong>in</strong></span> <span class='ocrx_word' id='word_1_661' title='bbox 3264 4395 3484 4454; x_wconf 86' lang='lat' dir='ltr'><strong>odorem</strong></span> 
     </span>
    </p>
   </div>
   <div class='ocr_carea' id='block_1_89' title="bbox 1899 4468 3485 4559">
    <p class='ocr_par' dir='ltr' id='par_1_89' title="bbox 1899 4468 3485 4559">
     <span class='ocr_line' id='line_1_89' title="bbox 1899 4468 3485 4559; baseline 0.005 -23"><span class='ocrx_word' id='word_1_662' title='bbox 1899 4481 2178 4537; x_wconf 82' lang='lat' dir='ltr'><strong>suavitatis</strong></span> <span class='ocrx_word' id='word_1_663' title='bbox 2218 4468 2327 4537; x_wconf 85' lang='lat' dir='ltr'><strong>Deo</strong></span> <span class='ocrx_word' id='word_1_664' title='bbox 2371 4490 2428 4537; x_wconf 91' lang='lat' dir='ltr'><strong>et</strong></span> <span class='ocrx_word' id='word_1_665' title='bbox 2453 4481 2618 4541; x_wconf 87' lang='lat' dir='ltr'><strong>Patri.</strong></span> <span class='ocrx_word' id='word_1_666' title='bbox 2666 4480 2724 4538; x_wconf 88' lang='lat' dir='ltr'><strong>Si</strong></span> <span class='ocrx_word' id='word_1_667' title='bbox 2769 4470 2891 4554; x_wconf 89' lang='lat' dir='ltr'><strong>quis</strong></span> <span class='ocrx_word' id='word_1_668' title='bbox 2932 4498 3060 4555; x_wconf 90' lang='lat' dir='ltr'><strong>ergo</strong></span> <span class='ocrx_word' id='word_1_669' title='bbox 3098 4487 3400 4559; x_wconf 76' lang='lat' dir='ltr'><strong>pontiﬁcem</strong></span> <span class='ocrx_word' id='word_1_670' title='bbox 3430 4497 3485 4544; x_wconf 89' lang='lat' dir='ltr'><strong>et</strong></span> 
     </span>
    </p>
   </div>
   <div class='ocr_carea' id='block_1_90' title="bbox 210 4562 3482 4662">
    <p class='ocr_par' dir='ltr' id='par_1_90' title="bbox 210 4562 3482 4662">
     <span class='ocr_line' id='line_1_90' title="bbox 210 4562 3482 4662; baseline 0 -27"><span class='ocrx_word' id='word_1_671' title='bbox 210 4584 368 4635; x_wconf 85' lang='lat' dir='ltr'><strong>tizare</strong></span> <span class='ocrx_word' id='word_1_672' title='bbox 397 4594 620 4636; x_wconf 84' lang='lat' dir='ltr'><strong>necesse</strong></span> <span class='ocrx_word' id='word_1_673' title='bbox 645 4589 728 4636; x_wconf 86' lang='lat' dir='ltr'><strong>est</strong></span> <span class='ocrx_word' id='word_1_674' title='bbox 756 4579 878 4635; x_wconf 91' lang='lat' dir='ltr'><strong>huic</strong></span> <span class='ocrx_word' id='word_1_675' title='bbox 905 4577 1144 4650; x_wconf 70' lang='lat' dir='ltr'><strong>epistola:</strong></span> <span class='ocrx_word' id='word_1_676' title='bbox 1184 4586 1384 4634; x_wconf 66' lang='lat' dir='ltr'><strong>nostra:</strong></span> <span class='ocrx_word' id='word_1_677' title='bbox 1413 4577 1653 4650; x_wconf 87' lang='lat' dir='ltr'><strong>subjecta</strong></span> <span class='ocrx_word' id='word_1_678' title='bbox 1684 4575 1786 4652; x_wconf 80' lang='lat' dir='ltr'><strong>{T.</strong></span> <span class='ocrx_word' id='word_1_679' title='bbox 1818 4582 1875 4662; x_wconf 66' lang='lat' dir='ltr'><strong>ﬂ</strong></span> <span class='ocrx_word' id='word_1_680' title='bbox 1900 4574 2197 4645; x_wconf 76' lang='lat' dir='ltr'><strong>apostolum</strong></span> <span class='ocrx_word' id='word_1_681' title='bbox 2229 4583 2470 4629; x_wconf 89' lang='lat' dir='ltr'><strong>nostrum</strong></span> <span class='ocrx_word' id='word_1_682' title='bbox 2498 4572 2628 4631; x_wconf 91' lang='lat' dir='ltr'><strong>dicit</strong></span> <span class='ocrx_word' id='word_1_683' title='bbox 2655 4572 2849 4631; x_wconf 84' lang='lat' dir='ltr'><strong>factum</strong></span> <span class='ocrx_word' id='word_1_684' title='bbox 2882 4592 2988 4632; x_wconf 92' lang='lat' dir='ltr'><strong>non</strong></span> <span class='ocrx_word' id='word_1_685' title='bbox 3022 4580 3193 4648; x_wconf 89' lang='lat' dir='ltr'><strong>ipsum</strong></span> <span class='ocrx_word' id='word_1_686' title='bbox 3225 4578 3318 4635; x_wconf 89' lang='lat' dir='ltr'><strong>Dei</strong></span> <span class='ocrx_word' id='word_1_687' title='bbox 3352 4562 3482 4636; x_wconf 81' lang='lat' dir='ltr'><strong>Ver-</strong></span> 
     </span>
    </p>
   </div>
   <div class='ocr_carea' id='block_1_91' title="bbox 215 4672 864 4745">
    <p class='ocr_par' dir='ltr' id='par_1_91' title="bbox 215 4672 864 4745">
     <span class='ocr_line' id='line_1_91' title="bbox 215 4672 864 4745; baseline 0.003 -18"><span class='ocrx_word' id='word_1_688' title='bbox 215 4675 260 4739; x_wconf 93' lang='lat' dir='ltr'><strong>I,</strong></span> <span class='ocrx_word' id='word_1_689' title='bbox 290 4675 343 4739; x_wconf 72' lang='lat'><strong>9,</strong></span> <span class='ocrx_word' id='word_1_690' title='bbox 375 4672 693 4745; x_wconf 88' lang='lat' dir='ltr'><strong>subjuncta]</strong></span> <span class='ocrx_word' id='word_1_691' title='bbox 720 4682 864 4730; x_wconf 90' lang='lat' dir='ltr'><strong>sunt.</strong></span> 
     </span>
    </p>
   </div>
   <div class='ocr_carea' id='block_1_92' title="bbox 283 4785 1790 4858">
    <p class='ocr_par' dir='ltr' id='par_1_92' title="bbox 283 4785 1790 4858">
     <span class='ocr_line' id='line_1_92' title="bbox 283 4785 1790 4858; baseline 0.003 -16"><span class='ocrx_word' id='word_1_692' title='bbox 283 4788 319 4842; x_wconf 91' lang='lat' dir='ltr'><strong>l.</strong></span> <span class='ocrx_word' id='word_1_693' title='bbox 363 4787 425 4844; x_wconf 90' lang='lat' dir='ltr'><strong>Si</strong></span> <span class='ocrx_word' id='word_1_694' title='bbox 470 4788 590 4858; x_wconf 87' lang='lat' dir='ltr'><strong>quis</strong></span> <span class='ocrx_word' id='word_1_695' title='bbox 640 4800 747 4843; x_wconf 91' lang='lat' dir='ltr'><strong>non</strong></span> <span class='ocrx_word' id='word_1_696' title='bbox 793 4785 1080 4842; x_wconf 83' lang='lat' dir='ltr'><strong>conﬁtetur</strong></span> <span class='ocrx_word' id='word_1_697' title='bbox 1128 4787 1296 4842; x_wconf 90' lang='lat' dir='ltr'><strong>Deum</strong></span> <span class='ocrx_word' id='word_1_698' title='bbox 1353 4788 1617 4843; x_wconf 81' lang='lat' dir='ltr'><strong>veraciter</strong></span> <span class='ocrx_word' id='word_1_699' title='bbox 1665 4801 1790 4846; x_wconf 85' lang='lat' dir='ltr'><strong>esse</strong></span> 
     </span>
    </p>
   </div>
   <div class='ocr_carea' id='block_1_93' title="bbox 215 4877 1797 4951">
    <p class='ocr_par' dir='ltr' id='par_1_93' title="bbox 215 4877 1797 4951">
     <span class='ocr_line' id='line_1_93' title="bbox 215 4877 1797 4951; baseline 0.001 -18"><span class='ocrx_word' id='word_1_700' title='bbox 215 4877 526 4937; x_wconf 82' lang='lat' dir='ltr'><strong>Emmanuel</strong></span> <span class='ocrx_word' id='word_1_701' title='bbox 576 4888 630 4937; x_wconf 90' lang='lat' dir='ltr'><strong>et</strong></span> <span class='ocrx_word' id='word_1_702' title='bbox 670 4887 956 4951; x_wconf 85' lang='lat' dir='ltr'><strong>propterea</strong></span> <span class='ocrx_word' id='word_1_703' title='bbox 986 4878 1081 4935; x_wconf 89' lang='lat' dir='ltr'><strong>Dei</strong></span> <span class='ocrx_word' id='word_1_704' title='bbox 1130 4878 1447 4951; x_wconf 71' lang='lat' dir='ltr'><strong>genitricem</strong></span> <span class='ocrx_word' id='word_1_705' title='bbox 1492 4890 1735 4935; x_wconf 79' lang='lat' dir='ltr'><strong>sanctam</strong></span> <span class='ocrx_word' id='word_1_706' title='bbox 1768 4886 1797 4920; x_wconf 71' lang='grc' dir='ltr'>ἰ</span> 
     </span>
    </p>
   </div>
   <div class='ocr_carea' id='block_1_94' title="bbox 218 4969 1794 5043">
    <p class='ocr_par' dir='ltr' id='par_1_94' title="bbox 218 4969 1794 5043">
     <span class='ocr_line' id='line_1_94' title="bbox 218 4969 1794 5043; baseline 0.001 -20"><span class='ocrx_word' id='word_1_707' title='bbox 218 4969 480 5042; x_wconf 82' lang='lat' dir='ltr'><strong>Virginem</strong></span> <span class='ocrx_word' id='word_1_708' title='bbox 510 4969 560 5038; x_wconf 69' lang='grc' dir='ltr'><strong>δ,</strong></span> <span class='ocrx_word' id='word_1_709' title='bbox 594 4972 801 5043; x_wconf 82' lang='lat' dir='ltr'><strong>peperit</strong></span> <span class='ocrx_word' id='word_1_710' title='bbox 827 4971 970 5026; x_wconf 83' lang='lat' dir='ltr'><strong>enim</strong></span> <span class='ocrx_word' id='word_1_711' title='bbox 996 4970 1290 5026; x_wconf 79' lang='lat' dir='ltr'><strong>secundum</strong></span> <span class='ocrx_word' id='word_1_712' title='bbox 1317 4980 1556 5035; x_wconf 84' lang='lat' dir='ltr'><strong>carnem,</strong></span> <span class='ocrx_word' id='word_1_713' title='bbox 1574 4982 1794 5025; x_wconf 88' lang='lat' dir='ltr'><strong>carnem</strong></span> 
     </span>
    </p>
   </div>
   <div class='ocr_carea' id='block_1_95' title="bbox 215 5061 1795 5133">
    <p class='ocr_par' dir='ltr' id='par_1_95' title="bbox 215 5061 1795 5133">
     <span class='ocr_line' id='line_1_95' title="bbox 215 5061 1795 5133; baseline 0.002 -18"><span class='ocrx_word' id='word_1_714' title='bbox 215 5061 405 5119; x_wconf 84' lang='lat' dir='ltr'><strong>factum</strong></span> <span class='ocrx_word' id='word_1_715' title='bbox 442 5063 533 5119; x_wconf 89' lang='lat' dir='ltr'><strong>Dei</strong></span> <span class='ocrx_word' id='word_1_716' title='bbox 568 5063 800 5118; x_wconf 89' lang='lat' dir='ltr'><strong>Verbum</strong></span> <span class='ocrx_word' id='word_1_717' title='bbox 847 5062 1141 5118; x_wconf 82' lang='lat' dir='ltr'><strong>secundum</strong></span> <span class='ocrx_word' id='word_1_718' title='bbox 1188 5062 1333 5132; x_wconf 86' lang='lat' dir='ltr'><strong>quod</strong></span> <span class='ocrx_word' id='word_1_719' title='bbox 1377 5062 1633 5133; x_wconf 84' lang='lat' dir='ltr'><strong>scriptum</strong></span> <span class='ocrx_word' id='word_1_720' title='bbox 1676 5071 1795 5118; x_wconf 79' lang='lat' dir='ltr'><strong>est:</strong></span> 
     </span>
    </p>
   </div>
   <div class='ocr_carea' id='block_1_96' title="bbox 228 5149 1376 5220">
    <p class='ocr_par' dir='ltr' id='par_1_96' title="bbox 228 5149 1376 5220">
     <span class='ocr_line' id='line_1_96' title="bbox 228 5149 1376 5220; baseline -0.001 -13"><span class='ocrx_word' id='word_1_721' title='bbox 228 5149 441 5207; x_wconf 75' lang='lat' dir='ltr'><strong>Verbum</strong></span> <span class='ocrx_word' id='word_1_722' title='bbox 468 5168 588 5206; x_wconf 81' lang='lat' dir='ltr'><strong>caro</strong></span> <span class='ocrx_word' id='word_1_723' title='bbox 614 5152 805 5220; x_wconf 73' lang='lat' dir='ltr'><strong>factum</strong></span> <span class='ocrx_word' id='word_1_724' title='bbox 833 5161 939 5217; x_wconf 74' lang='lat' dir='ltr'><strong>est;</strong></span> <span class='ocrx_word' id='word_1_725' title='bbox 970 5153 1255 5206; x_wconf 85' lang='lat' dir='ltr'><strong>anathema</strong></span> <span class='ocrx_word' id='word_1_726' title='bbox 1284 5151 1376 5207; x_wconf 89' lang='lat' dir='ltr'><strong>sit.</strong></span> 
     </span>
    </p>
   </div>
   <div class='ocr_carea' id='block_1_97' title="bbox 284 5246 1795 5318">
    <p class='ocr_par' dir='ltr' id='par_1_97' title="bbox 284 5246 1795 5318">
     <span class='ocr_line' id='line_1_97' title="bbox 284 5246 1795 5318; baseline 0.003 -18"><span class='ocrx_word' id='word_1_727' title='bbox 284 5246 343 5301; x_wconf 91' lang='lat' dir='ltr'><strong>II.</strong></span> <span class='ocrx_word' id='word_1_728' title='bbox 385 5247 445 5303; x_wconf 91' lang='lat' dir='ltr'><strong>Si</strong></span> <span class='ocrx_word' id='word_1_729' title='bbox 474 5248 594 5318; x_wconf 85' lang='lat' dir='ltr'><strong>quis</strong></span> <span class='ocrx_word' id='word_1_730' title='bbox 621 5263 729 5302; x_wconf 91' lang='lat' dir='ltr'><strong>non</strong></span> <span class='ocrx_word' id='word_1_731' title='bbox 760 5246 1050 5302; x_wconf 78' lang='lat' dir='ltr'><strong>conﬁtetur</strong></span> <span class='ocrx_word' id='word_1_732' title='bbox 1076 5248 1228 5301; x_wconf 84' lang='lat' dir='ltr'><strong>carni</strong></span> <span class='ocrx_word' id='word_1_733' title='bbox 1272 5246 1569 5303; x_wconf 83' lang='lat' dir='ltr'><strong>secundum</strong></span> <span class='ocrx_word' id='word_1_734' title='bbox 1614 5246 1795 5304; x_wconf 81' lang='lat' dir='ltr'><strong>subsl-</strong></span> 
     </span>
    </p>
   </div>
   <div class='ocr_carea' id='block_1_98' title="bbox 219 5337 1799 5411">
    <p class='ocr_par' dir='ltr' id='par_1_98' title="bbox 219 5337 1799 5411">
     <span class='ocr_line' id='line_1_98' title="bbox 219 5337 1799 5411; baseline 0.004 -22"><span class='ocrx_word' id='word_1_735' title='bbox 219 5339 458 5392; x_wconf 83' lang='lat' dir='ltr'><strong>stcntiam</strong></span> <span class='ocrx_word' id='word_1_736' title='bbox 491 5339 690 5393; x_wconf 91' lang='lat' dir='ltr'><strong>unitum</strong></span> <span class='ocrx_word' id='word_1_737' title='bbox 724 5338 815 5392; x_wconf 90' lang='lat' dir='ltr'><strong>Dei</strong></span> <span class='ocrx_word' id='word_1_738' title='bbox 847 5338 1022 5393; x_wconf 90' lang='lat' dir='ltr'><strong>Patris</strong></span> <span class='ocrx_word' id='word_1_739' title='bbox 1055 5337 1287 5394; x_wconf 90' lang='lat' dir='ltr'><strong>Verbum</strong></span> <span class='ocrx_word' id='word_1_740' title='bbox 1312 5378 1329 5405; x_wconf 91' lang='lat'><strong>,</strong></span> <span class='ocrx_word' id='word_1_741' title='bbox 1380 5355 1647 5411; x_wconf 88' lang='lat' dir='ltr'><strong>unumque</strong></span> <span class='ocrx_word' id='word_1_742' title='bbox 1676 5354 1799 5397; x_wconf 87' lang='lat' dir='ltr'><strong>esse</strong></span> 
     </span>
    </p>
   </div>
   <div class='ocr_carea' id='block_1_99' title="bbox 222 5416 1796 5501">
    <p class='ocr_par' dir='ltr' id='par_1_99' title="bbox 222 5416 1796 5501">
     <span class='ocr_line' id='line_1_99' title="bbox 222 5416 1796 5501; baseline 0.004 -19"><span class='ocrx_word' id='word_1_743' title='bbox 222 5427 482 5485; x_wconf 86' lang='lat' dir='ltr'><strong>Christum</strong></span> <span class='ocrx_word' id='word_1_744' title='bbox 514 5446 636 5485; x_wconf 91' lang='lat' dir='ltr'><strong>cum</strong></span> <span class='ocrx_word' id='word_1_745' title='bbox 668 5431 883 5501; x_wconf 89' lang='lat' dir='ltr'><strong>propria</strong></span> <span class='ocrx_word' id='word_1_746' title='bbox 907 5444 1087 5497; x_wconf 91' lang='lat' dir='ltr'><strong>carne,</strong></span> <span class='ocrx_word' id='word_1_747' title='bbox 1118 5416 1365 5486; x_wconf 84' lang='lat' dir='ltr'><strong>eumdem</strong></span> <span class='ocrx_word' id='word_1_748' title='bbox 1396 5431 1601 5486; x_wconf 89' lang='lat' dir='ltr'><strong>scilicet</strong></span> <span class='ocrx_word' id='word_1_749' title='bbox 1631 5422 1796 5488; x_wconf 86' lang='lat' dir='ltr'><strong>Deum</strong></span> 
     </span>
    </p>
   </div>
   <div class='ocr_carea' id='block_1_100' title="bbox 214 5521 1223 5593">
    <p class='ocr_par' dir='ltr' id='par_1_100' title="bbox 214 5521 1223 5593">
     <span class='ocr_line' id='line_1_100' title="bbox 214 5521 1223 5593; baseline 0.004 -20"><span class='ocrx_word' id='word_1_750' title='bbox 214 5521 369 5593; x_wconf 58' lang='lat' dir='ltr'><strong>simul</strong></span> <span class='ocrx_word' id='word_1_751' title='bbox 400 5524 454 5577; x_wconf 77' lang='lat' dir='ltr'><strong>et</strong></span> <span class='ocrx_word' id='word_1_752' title='bbox 482 5523 786 5590; x_wconf 76' lang='lat' dir='ltr'><strong>hominem;</strong></span> <span class='ocrx_word' id='word_1_753' title='bbox 819 5522 1104 5577; x_wconf 85' lang='lat' dir='ltr'><strong>anathema</strong></span> <span class='ocrx_word' id='word_1_754' title='bbox 1134 5522 1223 5577; x_wconf 91' lang='lat' dir='ltr'><strong>sit.</strong></span> 
     </span>
    </p>
   </div>
   <div class='ocr_carea' id='block_1_101' title="bbox 292 5612 1800 5684">
    <p class='ocr_par' dir='ltr' id='par_1_101' title="bbox 292 5612 1800 5684">
     <span class='ocr_line' id='line_1_101' title="bbox 292 5612 1800 5684; baseline 0.005 -17"><span class='ocrx_word' id='word_1_755' title='bbox 292 5613 370 5667; x_wconf 91' lang='lat' dir='ltr'><strong>Ill.</strong></span> <span class='ocrx_word' id='word_1_756' title='bbox 420 5624 441 5653; x_wconf 83' lang='grc' dir='ltr'><strong>ο</strong></span> <span class='ocrx_word' id='word_1_757' title='bbox 483 5614 540 5671; x_wconf 90' lang='lat' dir='ltr'><strong>Si</strong></span> <span class='ocrx_word' id='word_1_758' title='bbox 581 5617 700 5684; x_wconf 85' lang='lat' dir='ltr'><strong>quis</strong></span> <span class='ocrx_word' id='word_1_759' title='bbox 742 5614 795 5669; x_wconf 93' lang='lat' dir='ltr'><strong>in</strong></span> <span class='ocrx_word' id='word_1_760' title='bbox 843 5628 949 5669; x_wconf 93' lang='lat' dir='ltr'><strong>uno</strong></span> <span class='ocrx_word' id='word_1_761' title='bbox 992 5613 1208 5671; x_wconf 83' lang='lat' dir='ltr'><strong>Christo</strong></span> <span class='ocrx_word' id='word_1_762' title='bbox 1250 5612 1439 5671; x_wconf 84' lang='lat' dir='ltr'><strong>dividit</strong></span> <span class='ocrx_word' id='word_1_763' title='bbox 1477 5612 1800 5674; x_wconf 74' lang='lat' dir='ltr'><strong>substantias</strong></span> 
     </span>
    </p>
   </div>
   <div class='ocr_carea' id='block_1_102' title="bbox 295 5743 1241 5816">
    <p class='ocr_par' dir='ltr' id='par_1_102' title="bbox 295 5743 1241 5816">
     <span class='ocr_line' id='line_1_102' title="bbox 295 5743 1241 5816; baseline 0.001 -16"><span class='ocrx_word' id='word_1_764' title='bbox 295 5753 318 5816; x_wconf 53' lang='grc' dir='ltr'><strong><em>ξ</em></strong></span> <span class='ocrx_word' id='word_1_765' title='bbox 359 5745 446 5813; x_wconf 83' lang='grc' dir='ltr'><strong>υ.,</strong></span> <span class='ocrx_word' id='word_1_766' title='bbox 479 5756 708 5800; x_wconf 80' lang='lat' dir='ltr'><strong>sanctam</strong></span> <span class='ocrx_word' id='word_1_767' title='bbox 726 5743 949 5799; x_wconf 80' lang='lat' dir='ltr'><strong>Mariam</strong></span> <span class='ocrx_word' id='word_1_768' title='bbox 976 5746 1241 5816; x_wconf 77' lang='lat' dir='ltr'><strong>virginem.</strong></span> 
     </span>
    </p>
   </div>
   <div class='ocr_carea' id='block_1_103' title="bbox 293 5812 1795 5891">
    <p class='ocr_par' dir='ltr' id='par_1_103' title="bbox 293 5812 1795 5891">
     <span class='ocr_line' id='line_1_103' title="bbox 293 5812 1795 5891; baseline 0.005 -23"><span class='ocrx_word' id='word_1_769' title='bbox 293 5812 318 5849; x_wconf 63' lang='grc' dir='ltr'>δ</span> <span class='ocrx_word' id='word_1_770' title='bbox 359 5812 555 5891; x_wconf 49' lang='lat' dir='ltr'><strong>triarii&quot;</strong></span> <span class='ocrx_word' id='word_1_771' title='bbox 578 5816 635 5870; x_wconf 86' lang='lat' dir='ltr'><strong>B.</strong></span> <span class='ocrx_word' id='word_1_772' title='bbox 656 5818 743 5891; x_wconf 49' lang='lat' dir='ltr'><strong>IL,</strong></span> <span class='ocrx_word' id='word_1_773' title='bbox 762 5817 863 5891; x_wconf 82' lang='lat' dir='ltr'><strong>&#39;I_‘_._‘l</strong></span> <span class='ocrx_word' id='word_1_774' title='bbox 883 5860 897 5882; x_wconf 93' lang='lat'><strong>,</strong></span> <span class='ocrx_word' id='word_1_775' title='bbox 914 5817 976 5891; x_wconf 21' lang='grc' dir='ltr'><strong>ΛΞ,</strong></span> <span class='ocrx_word' id='word_1_776' title='bbox 996 5812 1071 5871; x_wconf 65' lang='grc' dir='ltr'><strong>(ἓξ</strong></span> <span class='ocrx_word' id='word_1_777' title='bbox 1087 5817 1141 5872; x_wconf 88' lang='lat' dir='ltr'><strong>In</strong></span> <span class='ocrx_word' id='word_1_778' title='bbox 1168 5822 1233 5871; x_wconf 84' lang='lat' dir='ltr'><strong>A.</strong></span> <span class='ocrx_word' id='word_1_779' title='bbox 1256 5814 1395 5891; x_wconf 88' lang='lat' dir='ltr'><strong>et</strong></span> <span class='ocrx_word' id='word_1_780' title='bbox 1417 5814 1795 5891; x_wconf 77' lang='lat' dir='ltr'><strong>3.,Vt&#39;rgt&#39;nem,</strong></span> 
     </span>
    </p>
   </div>
   <div class='ocr_carea' id='block_1_104' title="bbox 214 5886 1723 5960">
    <p class='ocr_par' dir='ltr' id='par_1_104' title="bbox 214 5886 1723 5960">
     <span class='ocr_line' id='line_1_104' title="bbox 214 5886 1723 5960; baseline 0.007 -22"><span class='ocrx_word' id='word_1_781' title='bbox 214 5886 465 5957; x_wconf 62' lang='lat' dir='ltr'><strong>peperisse</strong></span> <span class='ocrx_word' id='word_1_782' title='bbox 486 5903 621 5944; x_wconf 82' lang='lat' dir='ltr'><strong>eum.</strong></span> <span class='ocrx_word' id='word_1_783' title='bbox 658 5887 743 5956; x_wconf 90' lang='lat' dir='ltr'><strong>U.,</strong></span> <span class='ocrx_word' id='word_1_784' title='bbox 777 5886 1039 5958; x_wconf 76' lang='lat' dir='ltr'><strong>Virginem</strong></span> <span class='ocrx_word' id='word_1_785' title='bbox 1067 5904 1176 5958; x_wconf 67' lang='lat' dir='ltr'><strong>qua:</strong></span> <span class='ocrx_word' id='word_1_786' title='bbox 1204 5890 1395 5960; x_wconf 75' lang='lat' dir='ltr'><strong>peperit</strong></span> <span class='ocrx_word' id='word_1_787' title='bbox 1421 5886 1723 5949; x_wconf 73' lang='lat' dir='ltr'><strong>secundum.</strong></span> 
     </span>
    </p>
   </div>
   <div class='ocr_carea' id='block_1_105' title="bbox 1900 4666 3486 4738">
    <p class='ocr_par' dir='ltr' id='par_1_105' title="bbox 1900 4666 3486 4738">
     <span class='ocr_line' id='line_1_105' title="bbox 1900 4666 3486 4738; baseline 0.003 -16"><span class='ocrx_word' id='word_1_788' title='bbox 1900 4666 2050 4735; x_wconf 89' lang='lat' dir='ltr'><strong>bum,</strong></span> <span class='ocrx_word' id='word_1_789' title='bbox 2083 4666 2299 4737; x_wconf 91' lang='lat' dir='ltr'><strong>quando</strong></span> <span class='ocrx_word' id='word_1_790' title='bbox 2329 4680 2455 4721; x_wconf 85' lang='lat' dir='ltr'><strong>caro</strong></span> <span class='ocrx_word' id='word_1_791' title='bbox 2483 4666 2681 4721; x_wconf 83' lang='lat' dir='ltr'><strong>factum</strong></span> <span class='ocrx_word' id='word_1_792' title='bbox 2724 4675 2823 4736; x_wconf 89' lang='lat' dir='ltr'><strong>est,</strong></span> <span class='ocrx_word' id='word_1_793' title='bbox 2873 4678 2927 4723; x_wconf 91' lang='lat' dir='ltr'><strong>et</strong></span> <span class='ocrx_word' id='word_1_794' title='bbox 2965 4667 3115 4738; x_wconf 83' lang='lat' dir='ltr'><strong>juxta</strong></span> <span class='ocrx_word' id='word_1_795' title='bbox 3165 4685 3262 4725; x_wconf 91' lang='lat' dir='ltr'><strong>nos</strong></span> <span class='ocrx_word' id='word_1_796' title='bbox 3311 4671 3486 4726; x_wconf 84' lang='lat' dir='ltr'><strong>homi-</strong></span> 
     </span>
    </p>
   </div>
   <div class='ocr_carea' id='block_1_106' title="bbox 1899 4757 3484 4830">
    <p class='ocr_par' dir='ltr' id='par_1_106' title="bbox 1899 4757 3484 4830">
     <span class='ocr_line' id='line_1_106' title="bbox 1899 4757 3484 4830; baseline 0.002 -16"><span class='ocrx_word' id='word_1_797' title='bbox 1899 4773 2044 4826; x_wconf 88' lang='lat' dir='ltr'><strong>nem,</strong></span> <span class='ocrx_word' id='word_1_798' title='bbox 2091 4757 2190 4814; x_wconf 88' lang='lat' dir='ltr'><strong>sed</strong></span> <span class='ocrx_word' id='word_1_799' title='bbox 2240 4757 2387 4813; x_wconf 92' lang='lat' dir='ltr'><strong>velut</strong></span> <span class='ocrx_word' id='word_1_800' title='bbox 2428 4759 2666 4815; x_wconf 84' lang='lat' dir='ltr'><strong>alterum</strong></span> <span class='ocrx_word' id='word_1_801' title='bbox 2722 4767 2914 4826; x_wconf 66' lang='lat' dir='ltr'><strong>praeter</strong></span> <span class='ocrx_word' id='word_1_802' title='bbox 2961 4759 3133 4829; x_wconf 89' lang='lat' dir='ltr'><strong>ipsum</strong></span> <span class='ocrx_word' id='word_1_803' title='bbox 3181 4763 3484 4830; x_wconf 79' lang='lat' dir='ltr'><strong>Specialiter‘</strong></span> 
     </span>
    </p>
   </div>
   <div class='ocr_carea' id='block_1_107' title="bbox 1901 4844 3484 4922">
    <p class='ocr_par' dir='ltr' id='par_1_107' title="bbox 1901 4844 3484 4922">
     <span class='ocr_line' id='line_1_107' title="bbox 1901 4844 3484 4922; baseline 0.002 -17"><span class='ocrx_word' id='word_1_804' title='bbox 1901 4847 2174 4905; x_wconf 86' lang='lat' dir='ltr'><strong>hominem</strong></span> <span class='ocrx_word' id='word_1_805' title='bbox 2217 4865 2281 4904; x_wconf 82' lang='lat' dir='ltr'><strong>ex</strong></span> <span class='ocrx_word' id='word_1_806' title='bbox 2313 4849 2571 4917; x_wconf 88' lang='lat' dir='ltr'><strong>muliere;</strong></span> <span class='ocrx_word' id='word_1_807' title='bbox 2602 4857 2694 4904; x_wconf 89' lang='lat' dir='ltr'><strong>aut</strong></span> <span class='ocrx_word' id='word_1_808' title='bbox 2721 4846 2842 4921; x_wconf 89' lang='lat' dir='ltr'><strong>quis</strong></span> <span class='ocrx_word' id='word_1_809' title='bbox 2882 4844 3011 4905; x_wconf 83' lang='lat' dir='ltr'><strong>dicit</strong></span> <span class='ocrx_word' id='word_1_810' title='bbox 3037 4861 3090 4907; x_wconf 88' lang='lat' dir='ltr'><strong>et</strong></span> <span class='ocrx_word' id='word_1_811' title='bbox 3117 4868 3213 4922; x_wconf 92' lang='lat' dir='ltr'><strong>pro</strong></span> <span class='ocrx_word' id='word_1_812' title='bbox 3241 4870 3299 4910; x_wconf 85' lang='lat' dir='ltr'><strong>se</strong></span> <span class='ocrx_word' id='word_1_813' title='bbox 3323 4855 3484 4909; x_wconf 83' lang='lat' dir='ltr'><strong>obtu-</strong></span> 
     </span>
    </p>
   </div>
   <div class='ocr_carea' id='block_1_108' title="bbox 1899 4936 3482 5017">
    <p class='ocr_par' dir='ltr' id='par_1_108' title="bbox 1899 4936 3482 5017">
     <span class='ocr_line' id='line_1_108' title="bbox 1899 4936 3482 5017; baseline 0.004 -22"><span class='ocrx_word' id='word_1_814' title='bbox 1899 4938 2028 4996; x_wconf 85' lang='lat' dir='ltr'><strong>lisse</strong></span> <span class='ocrx_word' id='word_1_815' title='bbox 2054 4942 2403 5011; x_wconf 86' lang='lat' dir='ltr'><strong>semetipsum</strong></span> <span class='ocrx_word' id='word_1_816' title='bbox 2433 4936 2756 4997; x_wconf 88' lang='lat' dir='ltr'><strong>oblationem</strong></span> <span class='ocrx_word' id='word_1_817' title='bbox 2784 4950 2839 4996; x_wconf 94' lang='lat' dir='ltr'><strong>et</strong></span> <span class='ocrx_word' id='word_1_818' title='bbox 2867 4958 2970 4998; x_wconf 91' lang='lat' dir='ltr'><strong>non</strong></span> <span class='ocrx_word' id='word_1_819' title='bbox 3004 4942 3179 5015; x_wconf 88' lang='lat' dir='ltr'><strong>potius</strong></span> <span class='ocrx_word' id='word_1_820' title='bbox 3206 4962 3300 5017; x_wconf 88' lang='lat' dir='ltr'><strong>pro</strong></span> <span class='ocrx_word' id='word_1_821' title='bbox 3328 4947 3482 5001; x_wconf 88' lang='lat' dir='ltr'><strong>nobis</strong></span> 
     </span>
    </p>
   </div>
   <div class='ocr_carea' id='block_1_109' title="bbox 1901 5026 3479 5111">
    <p class='ocr_par' dir='ltr' id='par_1_109' title="bbox 1901 5026 3479 5111">
     <span class='ocr_line' id='line_1_109' title="bbox 1901 5026 3479 5111; baseline 0.003 -24"><span class='ocrx_word' id='word_1_822' title='bbox 1901 5026 2054 5111; x_wconf 80' lang='lat' dir='ltr'><strong>solis,</strong></span> <span class='ocrx_word' id='word_1_823' title='bbox 2120 5030 2229 5086; x_wconf 82' lang='lat' dir='ltr'><strong>non</strong></span> <span class='ocrx_word' id='word_1_824' title='bbox 2296 5030 2438 5088; x_wconf 91' lang='lat' dir='ltr'><strong>enim</strong></span> <span class='ocrx_word' id='word_1_825' title='bbox 2505 5033 2653 5103; x_wconf 90' lang='lat' dir='ltr'><strong>eguit</strong></span> <span class='ocrx_word' id='word_1_826' title='bbox 2713 5031 2985 5091; x_wconf 74' lang='lat' dir='ltr'><strong>ablatione</strong></span> <span class='ocrx_word' id='word_1_827' title='bbox 3051 5038 3141 5108; x_wconf 92' lang='lat' dir='ltr'><strong>qui</strong></span> <span class='ocrx_word' id='word_1_828' title='bbox 3205 5047 3479 5111; x_wconf 83' lang='lat' dir='ltr'><strong>peccatum</strong></span> 
     </span>
    </p>
   </div>
   <div class='ocr_carea' id='block_1_110' title="bbox 1899 5104 2849 5192">
    <p class='ocr_par' dir='ltr' id='par_1_110' title="bbox 1899 5104 2849 5192">
     <span class='ocr_line' id='line_1_110' title="bbox 1899 5104 2849 5192; baseline 0.002 -11"><span class='ocrx_word' id='word_1_829' title='bbox 1899 5104 2121 5183; x_wconf 85' lang='lat' dir='ltr'><strong>omnino</strong></span> <span class='ocrx_word' id='word_1_830' title='bbox 2158 5123 2416 5192; x_wconf 86' lang='lat' dir='ltr'><strong>nescivit;</strong></span> <span class='ocrx_word' id='word_1_831' title='bbox 2445 5116 2731 5183; x_wconf 85' lang='lat' dir='ltr'><strong>anathema</strong></span> <span class='ocrx_word' id='word_1_832' title='bbox 2760 5127 2849 5183; x_wconf 91' lang='lat' dir='ltr'><strong>sit.</strong></span> 
     </span>
    </p>
   </div>
   <div class='ocr_carea' id='block_1_111' title="bbox 1974 5237 3481 5307">
    <p class='ocr_par' dir='ltr' id='par_1_111' title="bbox 1974 5237 3481 5307">
     <span class='ocr_line' id='line_1_111' title="bbox 1974 5237 3481 5307; baseline 0.003 -14"><span class='ocrx_word' id='word_1_833' title='bbox 1974 5237 2066 5294; x_wconf 73' lang='lat' dir='ltr'><strong>XI.</strong></span> <span class='ocrx_word' id='word_1_834' title='bbox 2108 5238 2166 5295; x_wconf 85' lang='lat' dir='ltr'><strong>Si</strong></span> <span class='ocrx_word' id='word_1_835' title='bbox 2193 5238 2312 5307; x_wconf 79' lang='lat' dir='ltr'><strong>quis</strong></span> <span class='ocrx_word' id='word_1_836' title='bbox 2351 5254 2458 5296; x_wconf 90' lang='lat' dir='ltr'><strong>non</strong></span> <span class='ocrx_word' id='word_1_837' title='bbox 2499 5242 2789 5297; x_wconf 82' lang='lat' dir='ltr'><strong>confitetur</strong></span> <span class='ocrx_word' id='word_1_838' title='bbox 2819 5256 3034 5300; x_wconf 85' lang='lat' dir='ltr'><strong>carnem</strong></span> <span class='ocrx_word' id='word_1_839' title='bbox 3068 5241 3276 5297; x_wconf 87' lang='lat' dir='ltr'><strong>Domini</strong></span> <span class='ocrx_word' id='word_1_840' title='bbox 3308 5243 3481 5298; x_wconf 89' lang='lat' dir='ltr'><strong>viviti-</strong></span> 
     </span>
    </p>
   </div>
   <div class='ocr_carea' id='block_1_112' title="bbox 1901 5333 3477 5411">
    <p class='ocr_par' dir='ltr' id='par_1_112' title="bbox 1901 5333 3477 5411">
     <span class='ocr_line' id='line_1_112' title="bbox 1901 5333 3477 5411; baseline 0.004 -23"><span class='ocrx_word' id='word_1_841' title='bbox 1901 5333 2152 5389; x_wconf 88' lang='lat' dir='ltr'><strong>catricem</strong></span> <span class='ocrx_word' id='word_1_842' title='bbox 2198 5348 2319 5389; x_wconf 89' lang='lat' dir='ltr'><strong>esse</strong></span> <span class='ocrx_word' id='word_1_843' title='bbox 2371 5342 2425 5389; x_wconf 90' lang='lat' dir='ltr'><strong>et</strong></span> <span class='ocrx_word' id='word_1_844' title='bbox 2454 5337 2726 5407; x_wconf 83' lang='lat' dir='ltr'><strong>pr0priam</strong></span> <span class='ocrx_word' id='word_1_845' title='bbox 2776 5338 2943 5408; x_wconf 74' lang='lat' dir='ltr'><strong>ipsius</strong></span> <span class='ocrx_word' id='word_1_846' title='bbox 2972 5336 3129 5392; x_wconf 88' lang='lat' dir='ltr'><strong>Verbi</strong></span> <span class='ocrx_word' id='word_1_847' title='bbox 3159 5336 3251 5389; x_wconf 86' lang='lat' dir='ltr'><strong>Dei</strong></span> <span class='ocrx_word' id='word_1_848' title='bbox 3284 5337 3477 5411; x_wconf 86' lang='lat' dir='ltr'><strong>Patris,</strong></span> 
     </span>
    </p>
   </div>
   <div class='ocr_carea' id='block_1_113' title="bbox 1900 5416 3480 5509">
    <p class='ocr_par' dir='ltr' id='par_1_113' title="bbox 1900 5416 3480 5509">
     <span class='ocr_line' id='line_1_113' title="bbox 1900 5416 3480 5509; baseline 0.001 -20"><span class='ocrx_word' id='word_1_849' title='bbox 1900 5432 1995 5489; x_wconf 85' lang='lat' dir='ltr'><strong>sed</strong></span> <span class='ocrx_word' id='word_1_850' title='bbox 2025 5430 2172 5487; x_wconf 90' lang='lat' dir='ltr'><strong>velut</strong></span> <span class='ocrx_word' id='word_1_851' title='bbox 2202 5432 2422 5489; x_wconf 90' lang='lat' dir='ltr'><strong>alterius</strong></span> <span class='ocrx_word' id='word_1_852' title='bbox 2453 5444 2650 5504; x_wconf 66' lang='lat' dir='ltr'><strong>praeter</strong></span> <span class='ocrx_word' id='word_1_853' title='bbox 2677 5435 2849 5503; x_wconf 85' lang='lat' dir='ltr'><strong>Ipsum</strong></span> <span class='ocrx_word' id='word_1_854' title='bbox 2880 5416 3147 5509; x_wconf 70' lang='lat' dir='ltr'><strong>conjuncti</strong></span> <span class='ocrx_word' id='word_1_855' title='bbox 3180 5420 3351 5489; x_wconf 74' lang='lat' dir='ltr'><strong>éidem</strong></span> <span class='ocrx_word' id='word_1_856' title='bbox 3385 5451 3480 5506; x_wconf 88' lang='lat' dir='ltr'><strong>per</strong></span> 
     </span>
    </p>
   </div>
   <div class='ocr_carea' id='block_1_114' title="bbox 1900 5520 3478 5596">
    <p class='ocr_par' dir='ltr' id='par_1_114' title="bbox 1900 5520 3478 5596">
     <span class='ocr_line' id='line_1_114' title="bbox 1900 5520 3478 5596; baseline -0.001 -15"><span class='ocrx_word' id='word_1_857' title='bbox 1900 5523 2253 5595; x_wconf 86' lang='lat' dir='ltr'><strong>dignitatem,</strong></span> <span class='ocrx_word' id='word_1_858' title='bbox 2292 5532 2384 5581; x_wconf 86' lang='lat' dir='ltr'><strong>aut</strong></span> <span class='ocrx_word' id='word_1_859' title='bbox 2425 5527 2577 5596; x_wconf 90' lang='lat' dir='ltr'><strong>quasi</strong></span> <span class='ocrx_word' id='word_1_860' title='bbox 2628 5524 2861 5583; x_wconf 86' lang='lat' dir='ltr'><strong>divinam</strong></span> <span class='ocrx_word' id='word_1_861' title='bbox 2909 5520 3153 5577; x_wconf 85' lang='lat' dir='ltr'><strong>habentis</strong></span> <span class='ocrx_word' id='word_1_862' title='bbox 3194 5521 3478 5580; x_wconf 81' lang='lat' dir='ltr'><strong>habitatio-</strong></span> 
     </span>
    </p>
   </div>
   <div class='ocr_carea' id='block_1_115' title="bbox 1900 5613 3477 5690">
    <p class='ocr_par' dir='ltr' id='par_1_115' title="bbox 1900 5613 3477 5690">
     <span class='ocr_line' id='line_1_115' title="bbox 1900 5613 3477 5690; baseline 0 -16"><span class='ocrx_word' id='word_1_863' title='bbox 1900 5632 2047 5688; x_wconf 87' lang='lat' dir='ltr'><strong>nem,</strong></span> <span class='ocrx_word' id='word_1_864' title='bbox 2084 5626 2139 5676; x_wconf 89' lang='lat' dir='ltr'><strong>et</strong></span> <span class='ocrx_word' id='word_1_865' title='bbox 2175 5633 2283 5675; x_wconf 90' lang='lat' dir='ltr'><strong>non</strong></span> <span class='ocrx_word' id='word_1_866' title='bbox 2319 5619 2497 5690; x_wconf 86' lang='lat' dir='ltr'><strong>potius</strong></span> <span class='ocrx_word' id='word_1_867' title='bbox 2540 5629 2596 5675; x_wconf 92' lang='lat' dir='ltr'><strong>ut</strong></span> <span class='ocrx_word' id='word_1_868' title='bbox 2624 5616 2855 5673; x_wconf 77' lang='lat' dir='ltr'><strong>diximus</strong></span> <span class='ocrx_word' id='word_1_869' title='bbox 2903 5613 3300 5673; x_wconf 84' lang='lat' dir='ltr'><strong>vivitieatricem</strong></span> <span class='ocrx_word' id='word_1_870' title='bbox 3332 5631 3477 5689; x_wconf 82' lang='lat' dir='ltr'><strong>esse,</strong></span> 
     </span>
    </p>
   </div>
   <div class='ocr_carea' id='block_1_116' title="bbox 1978 5749 2877 5811">
    <p class='ocr_par' dir='ltr' id='par_1_116' title="bbox 1978 5749 2877 5811">
     <span class='ocr_line' id='line_1_116' title="bbox 1978 5749 2877 5811; baseline -0.009 1"><span class='ocrx_word' id='word_1_871' title='bbox 1978 5765 2000 5796; x_wconf 74' lang='grc' dir='ltr'><strong><em>ο</em></strong></span> <span class='ocrx_word' id='word_1_872' title='bbox 2042 5755 2204 5811; x_wconf 87' lang='lat' dir='ltr'><strong>Deest</strong></span> <span class='ocrx_word' id='word_1_873' title='bbox 2229 5754 2317 5811; x_wconf 89' lang='lat' dir='ltr'><strong>hic</strong></span> <span class='ocrx_word' id='word_1_874' title='bbox 2341 5768 2511 5809; x_wconf 90' lang='lat' dir='ltr'><strong>canon</strong></span> <span class='ocrx_word' id='word_1_875' title='bbox 2542 5755 2594 5806; x_wconf 93' lang='lat' dir='ltr'><strong>in</strong></span> <span class='ocrx_word' id='word_1_876' title='bbox 2635 5750 2702 5805; x_wconf 91' lang='lat' dir='ltr'><strong>U.</strong></span> <span class='ocrx_word' id='word_1_877' title='bbox 2728 5757 2782 5804; x_wconf 90' lang='lat' dir='ltr'><strong>et</strong></span> <span class='ocrx_word' id='word_1_878' title='bbox 2808 5749 2877 5805; x_wconf 77' lang='grc' dir='ltr'><strong>ϐ.</strong></span> 
     </span>
    </p>
   </div>
   <div class='ocr_carea' id='block_1_117' title="bbox 1974 5790 3500 5898">
    <p class='ocr_par' dir='ltr' id='par_1_117' title="bbox 1974 5790 3500 5898">
     <span class='ocr_line' id='line_1_117' title="bbox 1974 5790 3500 5898; baseline -0.007 -12"><span class='ocrx_word' id='word_1_879' title='bbox 1974 5790 2003 5866; x_wconf 68' lang='grc' dir='ltr'><strong>ἆ</strong></span> <span class='ocrx_word' id='word_1_880' title='bbox 2039 5790 2983 5896; x_wconf 57' lang='grc' dir='ltr'><strong>ἕῗὲἒ.’ζ’ὖῗ.⁶“ἱῗῗιὶἰᾏῖὲῖὶθῖίίιιιίε</strong></span> <span class='ocrx_word' id='word_1_881' title='bbox 3015 5842 3027 5881; x_wconf 79' lang='grc' dir='ltr'>ε</span> <span class='ocrx_word' id='word_1_882' title='bbox 3058 5790 3460 5898; x_wconf 63' lang='grc' dir='ltr'><strong>σιοτίβοάπάιιηι</strong></span> <span class='ocrx_word' id='word_1_883' title='bbox 3479 5861 3500 5875; x_wconf 93' lang='grc'><strong>.</strong></span> 
     </span>
    </p>
   </div>
  </div>
