4086 6358
525 1237 533 1291 l

562 355 670 416 159

1257 352 1639 412 COLLECTIO
1676 348 2010 411 CANONUM
2047 350 2106 407 S.
2138 351 2388 417 lSlDOBl
2426 358 2696 418 IIISPAL.
2739 302 3098 419 ASCRIPVA.

3740 358 3845 424 160

559 474 679 544 quia
709 473 842 529 facta
868 479 957 530 est
978 474 1195 545 propria
1239 471 1399 529 Verbi
1428 482 1621 528 cuncta
1651 471 1929 526 vivificare
1961 470 2145 525 valen-
2179 474 2223 531 A
2247 478 2412 547 ipsius
2456 478 2729 550 proprium
2777 488 2860 535 est
2897 478 3090 533 factum
3141 490 3355 548 passum
3387 484 3505 546 est,
3556 474 3680 534 ideo
3724 477 3840 534 bac

562 571 657 639 tis;
689 569 972 625 anathema
1001 570 1095 626 sit.

629 689 741 762 89
777 688 891 745 Xll.
932 688 989 745 Si
1020 688 1138 758 quis
1166 701 1271 742 non
1315 685 1602 743 confitetur
1628 684 1723 740 Dei
1750 683 1987 739 Verbum
2020 697 2149 754 pas-

563 796 685 840 sum
724 799 907 847 carne,
936 783 1249 839 crucifixum
1279 796 1463 849 carne,
1504 788 1559 836 et
1602 784 1832 835 m’ortem
1860 792 2023 833 carne
2051 792 2150 847 gu-

560 883 751 943 stasse,
784 875 1085 946 factumque
1113 874 1528 943 primogenitum
1557 886 1625 927 ex
1667 870 1916 936 mortuis,
1956 883 2152 923 secun-

559 966 685 1023 dum
715 967 855 1039 quod
885 966 994 1021 vita
1024 974 1109 1021 est
1137 974 1193 1021 et
1220 964 1517 1021 viviticator
1550 973 1610 1019 ut
1638 962 1813 1027 Deus;
1862 960 2149 1016 anathema

561 1056 655 1116 sit.

638 1190 781 1245 -Alia
809 1190 877 1243 ad
904 1190 1141 1244 eumdem
1173 1188 1225 1243 Ν
1231 1188 1472 1244 estorium
1501 1188 1772 1243 decretalis
1798 1188 2041 1256 epistola.

628 1305 720 1360 Ait
762 1306 923 1377 igitur
964 1316 1148 1361 sancta
1191 1314 1246 1361 et
1291 1320 1477 1376 magna
1516 1303 1757 1379 synodus
1794 1323 1806 1359 :
1850 1306 2028 1374 ipsum
2061 1305 2151 1377 qui

556 1405 641 1453 est
675 1406 746 1452 cx
781 1396 887 1451 Deo
918 1396 1078 1451 Patre
1111 1396 1425 1452 naturaliter
1452 1406 1629 1465 natus,
1667 1397 1857 1452 Filium
1906 1397 2153 1469 unigeni-

557 1497 692 1556 tum,
725 1487 894 1544 Deum
943 1505 1127 1545 verum
1176 1489 1245 1545 de
1274 1488 1385 1545 Deo
1415 1505 1565 1554 vero,
1600 1491 1783 1545 lumen
1829 1490 1897 1545 de
1928 1489 2151 1558 lumine,

560 1598 660 1655 per
688 1596 846 1653 quem
884 1591 937 1639 et
967 1598 1088 1638 eum
1117 1597 1223 1653 quo
1251 1584 1432 1638 omnia
1465 1582 1649 1641 fecerit
1682 1584 1860 1649 Pater,
1896 1583 2038 1638 hunc
2064 1582 2156 1639 de-

558 1674 869 1741 seen'disse,
922 1675 1254 1731 incarnatum
1306 1691 1447 1742 esse,
1504 1687 1556 1732 et
1600 1675 1877 1730 hominem
1930 1676 2149 1740 factum,

560 1780 778 1838 passum
806 1781 946 1831 esse,
976 1767 1337 1822 resurrexisse
1369 1767 1525 1822 tertia
1551 1766 1664 1833 die,
1695 1766 2001 1823 ascendisse
2029 1783 2152 1821 rur-

2243 570 2428 627 omnia
2453 586 2548 643 pro
2579 571 2732 625 nobis
2772 571 2887 641 ipse
2916 569 3115 625 dicitur
3142 583 3330 638 passus
3354 583 3370 635 ;
3406 569 3580 625 inerat
3604 569 3750 625 enim
3782 570 3835 626 in

2244 678 2311 721 eo
2332 679 2559 734 corpore
2588 664 2727 735 quod
2754 664 3055 733 patiebatur
3082 663 3219 719 Deus
3263 663 3351 734 qui
3394 664 3498 731 pati
3543 677 3650 717 non
3683 670 3839 734 pots-

2244 766 2349 815 rat.
2385 758 2557 815 Simili
2596 760 2754 814 modu
2786 767 2840 813 et
2876 768 3099 813 mortem
3131 758 3297 829 ipsius
3328 758 3705 829 intelligimus,
3738 760 3842 813 im-

2244 852 2474 909 mortale
2497 851 2640 906 enim
2672 860 2727 907 et
2765 850 3169 921 ineorruptibile
3194 860 3277 907 est
3312 849 3623 905 naturaliter
3645 861 3701 906 et
3728 850 3841 906 vita

2243 951 2302 1003 et
2346 944 2623 1000 vivificans
2678 943 2771 999 Dei
2821 943 3084 1010 Verbum;
3128 943 3222 999 sed
3266 942 3383 1014 quia
3422 958 3617 1015 corpus
3667 943 3839 1014 ipsius

2243 1036 2519 1109 praprium
2556 1035 2726 1107 gratia
2754 1035 2845 1089 Dei
2869 1035 3018 1104 juxta
3052 1034 3200 1091 Pauli
3233 1050 3419 1091 vocem
3452 1049 3549 1105 pro
3577 1036 3839 1091 omnibus

2244 1140 2475 1188 mortem
2500 1131 2751 1203 gustavit,
2779 1128 2975 1185 idcirco
3002 1130 3114 1200 ipse
3140 1128 3333 1185 dicitur
3362 1139 3589 1185 mortem
3640 1142 3833 1198 passus

2244 1237 2367 1280 esse
2394 1237 2493 1293 pro
2530 1222 2703 1288 nobis,
2739 1238 2844 1277 non
2870 1221 3010 1291 quod
3060 1222 3173 1292 ipse
3201 1230 3425 1276 mortem
3453 1231 3599 1277 esset
3639 1236 3837 1292 exper-

2245 1322 2353 1381 tus,
2396 1324 2651 1386 quantum
2692 1314 2756 1369 ad
2800 1314 2965 1382 ipsius
3018 1324 3261 1368 naturam
3309 1315 3579 1382 pertinet,
3624 1312 3836 1369 insania

2244 1407 2387 1464 enim
2428 1418 2510 1464 est
2553 1408 2653 1463 hoc
2681 1407 2762 1462 vel
2810 1408 3009 1462 sentire
3060 1406 3139 1460 vel
3171 1405 3388 1473 dicere,
3438 1404 3533 1461 sed
3566 1405 3746 1475 quod,
3780 1414 3835 1460 ut

2243 1515 2407 1565 supra
2438 1500 2690 1565 diximus,
2718 1517 2842 1555 vera
2871 1515 2999 1556 caro
3020 1498 3185 1569 ipsius
3209 1510 3431 1553 mortem
3460 1500 3697 1569 gustavit
3722 1514 3734 1551 :
3765 1496 3835 1553 ita

2254 1592 2310 1637 et
2351 1592 2667 1652 resurgente
2708 1599 2903 1650 carne,
2951 1586 3117 1656 ipsius
3163 1603 3346 1643 rursus
3388 1596 3842 1649 resurrectionem

2254 1674 2503 1741 dicimus,
2538 1692 2645 1731 non
2674 1678 2795 1745 quia
2837 1678 2887 1732 in
2920 1680 3320 1749 corruptionem
3352 1683 3641 1747 ceciderat,
3676 1688 3836 1753 absit,

2256 1768 2350 1823 sed
2382 1768 2502 1838 quia
2531 1769 2648 1839 ejus
2674 1772 2907 1825 surrexit
2939 1786 3156 1843 corpus.
3193 1773 3267 1828 Ita
3295 1783 3349 1829 et
3378 1775 3650 1832 Christum
3680 1795 3843 1836 unum

560 1875 654 1917 sus
698 1861 753 1916 in
791 1862 976 1915 cmlos.
1023 1860 1147 1916 Haec
1190 1876 1288 1917 nos
1333 1861 1485 1932 sequi
1524 1861 1687 1915 verba
1724 1860 2018 1926 debemus,
2066 1860 2150 1917 his
2179 1862 2229 1923 B
2260 1867 2314 1913 et
2356 1858 2636 1914 Dominum
2685 1864 3047 1929 conlltemur,
3111 1878 3215 1918 non
3265 1874 3515 1935 tanquam
3566 1867 3843 1925 hominem

562 1972 663 2015 nos
706 1956 955 2012 convenit
983 1956 1353 2025 obtemperare
1392 1954 1751 2025 dogmatibus,
1792 1954 2151 2011 consideran-

565 2058 646 2103 tes
672 2049 797 2120 quid
830 2049 901 2104 sit
927 2048 1262 2104 inearnatum
1292 2064 1415 2104 esse
1438 2057 1491 2103 et
1522 2049 1793 2103 hominem
1825 2048 2021 2104 factum
2056 2049 2151 2105 Dei

559 2136 818 2195 Verbum.
854 2139 967 2194 Non
1008 2140 1149 2194 enim
1194 2139 1421 2195 dicimus
1448 2139 1591 2210 quod
1635 2138 1730 2195 Dei
1780 2148 1971 2195 natura
2019 2154 2152 2196 eon-

558 2250 714 2293 versa
740 2236 829 2292 vel
861 2237 1140 2292 immutata
1188 2236 1325 2293 facta
1352 2236 1421 2291 sit
1467 2251 1617 2303 caro,
1654 2251 1753 2291 nec
1786 2236 1929 2303 quod
1984 2236 2035 2291 in
2070 2245 2152 2293 to-

560 2340 674 2388 tum
704 2332 975 2389 hominem
1006 2334 1097 2404 qui
1127 2342 1211 2390 est
1238 2349 1305 2390 ex
1334 2336 1509 2390 anima
1537 2345 1591 2390 et
1622 2348 1852 2403 corpore
1882 2334 2151 2390 transfor-

565 2434 710 2481 mata
754 2426 855 2494 sit,
899 2426 992 2481 sed
1025 2425 1153 2481 illud
1195 2426 1362 2497 magis
1408 2425 1551 2497 quod
1596 2438 1814 2481 carnem
1861 2425 2151 2481 animatam

562 2518 743 2572 anima
773 2517 1070 2573 rationabili
1101 2517 1205 2573 sibi
1232 2518 1565 2587 copulaverit
1600 2516 1867 2581 Verbum;
1896 2516 2151 2571 substan-

564 2608 784 2677 tialiter,
832 2610 1176 2667 ineil'abiliter
1215 2619 1270 2665 et
1300 2608 1843 2681 irreprehensibiliter
1877 2606 2050 2663 factus
2083 2609 2154 2663 sit

562 2700 757 2769 homo,
799 2710 854 2758 et
890 2712 1231 2773 nuncupatus
1273 2702 1341 2756 sit
1381 2702 1541 2757 etiam
1585 2702 1723 2756 filius
1755 2700 2012 2765 hominis,
2045 2715 2152 2757 non

561 2792 703 2846 nuda
755 2791 1123 2847 tantummodo
1172 2791 1467 2857 voluntate,
1501 2792 1597 2847 sed
1645 2806 1743 2847 nee
1779 2792 2153 2863 assumptione

561 2882 674 2939 sola
707 2896 988 2953 personas,
1027 2882 1122 2939 sed
1152 2882 1293 2953 quod
1324 2882 1555 2937 diversa:
1582 2881 1801 2953 quidem
1848 2893 2052 2937 natura:
2099 2885 2150 2938 in

561 2990 723 3031 unum
771 2974 1155 3040 convenerint;
1187 2988 1323 3029 unus
1354 2985 1531 3030 tamen
1561 2991 1627 3032 ex
1656 2975 1915 3030 ambabus
1944 2985 1969 3013 ⁸·
1996 2975 2152 3031 Chri-

556 3077 672 3125 stus
709 3077 762 3124 et
798 3067 986 3135 Filius,
1032 3084 1137 3123 nou
1170 3077 1425 3123 evacuata
1459 3078 1552 3123 aut
1590 3069 1800 3123 sublata
1832 3069 2151 3125 diversitate

560 3171 873 3216 naturarum
906 3175 1003 3230 per
1033 3158 1471 3230 conjunctiones,
1509 3154 1757 3230 sed'quia
1804 3159 1965 3215 simul
1996 3161 2151 3216 nobis

2255 1964 2377 2006 cum
2414 1949 2589 2006 Verbo
2618 1952 2991 2017 coadorantes,
3026 1970 3093 2008 ne
3123 1955 3401 2012 divisionis
3443 1960 3691 2029 quaedam
3724 1976 3849 2027 sre-

2255 2041 2365 2097 cies
2396 2042 2698 2109 inducatur,
2725 2044 2820 2098 sed
2849 2060 3011 2099 unum
3036 2046 3145 2114 jam
3177 2059 3229 2102 et
3254 2050 3499 2105 eumdem
3523 2052 3841 2119 adorantes;

2254 2138 2379 2209 quia
2408 2152 2514 2191 non
2536 2146 2619 2191 est
2648 2138 2878 2195 alienum
2912 2154 2940 2192 a
2968 2138 3143 2196 Verbo
3162 2156 3355 2212 corpus
3380 2158 3555 2209 suum,
3587 2161 3709 2201 eum
3741 2165 3845 2219 quo

2256 2226 2359 2296 ipsi
2404 2227 2563 2282 etiam
2612 2229 2816 2284 assidet
2847 2230 3015 2287 Patri.
3070 2232 3175 2288 Nec
3204 2234 3305 2289 hoc
3332 2233 3402 2287 ita
3437 2234 3663 2291 dicimus
3693 2240 3845 2309 quasi

2256 2320 2466 2376 duobus
2511 2322 2632 2377 filiis
2662 2322 3042 2393 assidentibus,
3092 2328 3185 2383 sed
3236 2343 3342 2383 uno
3386 2345 3505 2384 cum
3535 2345 3698 2389 carne
3751 2349 3847 2403 per

2256 2416 2543 2483 unitatem,
2593 2418 2714 2486 quia
2752 2429 2773 2457 ο
2805 2420 2849 2473 si
2884 2421 3042 2475 talem
3084 2422 3481 2493 copulationem
3515 2425 3703 2480 factam
3749 2441 3846 2498 per

2258 2514 2637 2575 substantiam,
2669 2521 2760 2567 aut
2802 2516 2950 2584 quasi
2998 2516 3386 2585 impassibilcm
3439 2529 3529 2573 aut
3556 2522 3707 2590 quasi
3752 2537 3847 2592 pa-

2257 2621 2376 2661 rum
2421 2604 2672 2659 decoram
2706 2607 3039 2662 uoluerimus
3068 2610 3333 2678 accipere,
3382 2612 3433 2665 in
3476 2612 3526 2666 id
3562 2613 3845 2670 incidimus

2257 2708 2316 2753 ut
2341 2698 2476 2754 duos
2506 2700 2644 2754 tilios
2674 2715 2792 2757 esse
2818 2701 3331 2759 dicaxuus.Necesse
3358 2716 3441 2761 est
3469 2708 3611 2761 enim
3642 2708 3847 2763 disco-r-

2258 2806 2387 2848 nere
2431 2802 2485 2847 et
2528 2792 2731 2854 dicere,
2768 2793 3039 2849 hominem
3090 2799 3374 2865 separatim
3418 2797 3581 2853 fuisse
3607 2801 3719 2853 sola
3753 2799 3843 2854 filii

2259 2886 2616 2955 appellatione
2644 2886 2990 2953 honoratum,
3021 2895 3076 2942 et
3105 2903 3293 2943 rursus
3325 2888 3554 2944 Verbum
3594 2892 3738 2961 quod
3764 2900 3847 2946 est

2258 2990 2323 3033 ex
2350 2975 2461 3031 Deo
2489 2987 2543 3032 et
2571 2979 2787 3034 nomine
2815 2988 2869 3033 et
2896 2980 3119 3033 veritate
3153 2978 3317 3035 Filius
3354 2981 3470 3046 De},
3503 2980 3596 3035 sed
3646 2979 3847 3035 discer-

2259 3083 2388 3123 nere
2439 3070 2492 3123 in
2540 3070 2675 3124 duos
2728 3069 2867 3125 titius
2911 3085 3017 3125 non
3068 3069 3324 3125 debemus
3367 3087 3527 3125 unum
3562 3070 3846 3126 Dominum

2260 3172 2503 3215 nostrum
2534 3160 2714 3216 Jesum
2758 3161 3063 3226 Christum,
3125 3178 3299 3234 neque
3355 3165 3498 3219 enim
3549 3164 3598 3217 id
3631 3164 3849 3234 adjuvat

560 3253 859 3310 eﬂ'ecerunt
886 3268 1048 3306 unum
1081 3252 1245 3307 Deum
1276 3261 1329 3307 et
1352 3250 1623 3307 Christum
1654 3260 1709 3306 et.
1737 3250 1955 3319 Filium,
1990 3251 2039 3305 id
2070 3260 2153 3307 est
2182 3241 2229 3307 C
2260 3248 2286 3289 ά
2309 3263 2510 3306 rectam
2542 3252 2660 3307 lidei
2693 3254 2976 3322 rationem,
3010 3255 3135 3309 licet
3166 3255 3406 3309 nonnulli
3448 3256 3844 3326 copulationeut

558 3343 812 3398 divinitas
852 3353 906 3397 et
950 3344 1254 3397 humanitas
1290 3359 1385 3412 per
1426 3357 1679 3398 arcanam
1720 3342 1863 3397 illam
1907 3342 2151 3399 ineffabi-

559 3434 773 3505 lemque
802 3434 1195 3505 c0pulationem
1222 3434 1289 3490 ad
1320 3436 1597 3493 unitatem.
1633 3433 1813 3505 Itaque
1841 3436 1885 3491 is
1909 3434 2000 3506 qui
2026 3444 2151 3493 ante

559 3526 758 3582 smcula
797 3527 977 3582 omnia
1006 3535 1091 3583 est
1137 3538 1293 3583 natus
1336 3542 1401 3583 ex
1432 3528 1591 3583 Patre
1619 3531 1782 3583 etiam
1828 3544 1895 3584 ex
1926 3529 2151 3585 muliere

559 3618 846 3673 carnaliter
870 3617 1068 3675 dicitur
1099 3628 1433 3691 procreatus,
1464 3634 1571 3676 non
1612 3621 1735 3690 quia
1770 3620 1947 3675 divina
1982 3621 2151 3692 ipsius

561 3718 753 3765 natura
800 3710 867 3765 de
911 3720 1120 3765 sacrata
1151 3710 1370 3782 Virgine
1420 3712 1650 3782 sumpsit
1695 3712 1997 3779 exordium,
2050 3727 2151 3768 nec

561 3801 707 3874 quod
742 3811 961 3873 propter
1006 3818 1064 3859 se
1113 3775 1282 3872 ipsam
1326 3818 1461 3872 opus
1492 3775 1679 3858 habuit
1717 3803 1956 3858 secundo
1983 3775 2148 3859 nasci

566 3903 687 3965 post
731 3894 877 3949 illam
910 3894 1239 3949 nativitatem
1281 3908 1440 3963 quam
1475 3892 1706 3949 habebat
1734 3908 1800 3949 ex
1835 3892 1991 3948 Patre
2023 3910 2034 3946 :
2066 3902 2149 3948 est

563 3972 707 4043 enim
752 3989 990 4058 ineptum
1036 3996 1087 4043 et
1139 3987 1362 4042 stultum
1411 3986 1512 4042 hoc
1560 3986 1765 4053 dicere,
1792 3986 1934 4057 quod
1982 3987 2026 4041 is
2056 3987 2147 4058 qui

560 4094 689 4140 ante
716 4084 892 4140 omnia
923 4084 1123 4140 smcula
1149 4094 1229 4140 est
1259 4082 1725 4155 consempiternus
1757 4084 1900 4140 Patri
1952 4098 2150 4141 secun-

562 4176 646 4231 dae
673 4177 1036 4247 generationis
1074 4175 1282 4246 eguerit
1314 4185 1369 4231 ut
1405 4192 1525 4232 esse
1566 4177 1860 4248 inciperet;
1896 4176 1991 4232 sed
2022 4177 2148 4247 quia

559 4279 779 4341 propter
827 4277 1067 4324 nostram
1127 4268 1355 4322 salutem
1414 4278 1660 4323 naturam
1726 4267 1827 4323 sibi
1882 4269 2152 4337 copulavit

560 4363 851 4417 humanam
900 4371 953 4415 et
999 4359 1261 4431 processit
1306 4374 1371 4413 ex
1417 4359 1660 4424 muliere,
1711 4358 1912 4414 idcirco
1957 4357 2154 4414 dicitur

562 4462 721 4510 natus
750 4466 871 4509 esse
898 4451 1207 4508 carnaliter.
1238 4450 1421 4522 Neque
1448 4450 1590 4505 enim
1623 4451 1857 4521 primum
1889 4460 2044 4504 natus
2070 4457 2153 4504 est

563 4544 726 4600 homo
752 4544 1052 4599 communis
1090 4543 1158 4598 de
1200 4552 1384 4597 saneta
1413 4541 1650 4614 Virgine,
1693 4550 1749 4596 et
1790 4548 1902 4595 tum
1932 4540 2147 4596 demum

562 4634 881 4692 inbabitavit
922 4636 975 4689 in
1015 4650 1081 4690 eo
1107 4634 1363 4698 Verbum,
1404 4633 1498 4689 sed
1532 4634 1585 4687 in
1630 4631 1744 4701 ipsa
1776 4632 1932 4686 vulva
1973 4640 2154 4688 utero-

560 4742 666 4801 que
694 4727 942 4799 virginali
996 4741 1055 4783 se
1096 4742 1218 4783 cum
1247 4742 1408 4783 carne
1444 4726 1720 4796 conjunxit
1749 4724 1775 4763 ι’
1808 4735 1863 4781 et
1899 4726 2153 4783 sustinuit

562 4822 963 4895 generationem
1026 4823 1295 4879 carnalem
1331 4865 1346 4889 ,
1417 4823 1593 4879 carnis
1651 4837 1764 4877 sum
1818 4823 2181 4887 nativitatem_

560 4930 712 4972 suam
747 4917 968 4972 faciens.
1009 4916 1101 4974 Sic
1144 4918 1288 4972 illum
1320 4915 1549 4971 dicimus
1595 4925 1651 4972 et
1678 4930 1897 4987 passum
1943 4930 2067 4971 esse
2097 4926 2152 4971 et

561 5012 952 5078 resurrexisse,
1004 5028 1112 5067 non
1160 5011 1283 5083 quia
1333 5009 1475 5066 Deus
1506 5008 1739 5065 Verbum
1787 5010 1898 5082 9o
1948 5008 1999 5064 in
2053 5023 2148 5064 sua

561 5112 748 5157 natura
780 5116 967 5171 passus
996 5102 1068 5156 sit
1094 5112 1185 5155 aut
1212 5100 1393 5171 plagas
1419 5108 1510 5155 aut
1537 5099 1809 5154 clavorum
1844 5098 2150 5153 transflxio-

561 5206 657 5247 nes
707 5200 798 5246 aut
845 5191 948 5246 alia
994 5189 1261 5255 vulnera,
1313 5191 1451 5245 Deus
1510 5204 1745 5260 namque
1795 5186 2149 5257 incorporalis

560 5295 709 5337 extra
756 5280 1059 5352 passionem
1105 5290 1211 5348 est,
1264 5279 1358 5335 sed
1405 5280 1528 5351 quia
1575 5293 1773 5349 corpus
1819 5276 1950 5333 illud
2000 5277 2182 5361 quod)

634 5446 658 5473 ⁸
699 5438 815 5501 ΑΞ..
847 5438 908 5493 Β.
934 5438 1024 5504 IL,
1056 5437 1149 5504 U.,
1170 5438 1433 5495 antbobus.

638 5508 663 5545 ι’
793 5510 881 5581 IL,
903 5526 1075 5563 secum
1102 5528 1306 5566 carnem
1330 5508 1613 5581 conjunxit.

636 5580 779 5654 εει
806 5580 994 5634 Graeco
1021 5582 1333 5654 exemplari,
1360 5575 1617 5636 mendose
1644 5577 1788 5634 enim
1817 5576 1874 5632 in
1896 5575 2147 5632 omnibus

566 5648 875 5722 Codicibus,
900 5654 1068 5725 quasi.

2258 3344 2441 3399 nescio
2461 3360 2617 3414 quam
2646 3348 2960 3414 perbibeant
2990 3362 3359 3418 personarum.
3392 3347 3506 3404 Non
3536 3349 3673 3403 dixit
3702 3351 3847 3406 enim

2256 3434 2531 3506 Scriptura
2572 3436 2804 3493 Verbum
2850 3439 2943 3495 Dei
2992 3455 3274 3509 personam
3323 3440 3424 3497 sibi
3477 3442 3709 3497 hominis
3755 3456 3847 3498 as-

2256 3529 2570 3599 sumpsisse,
2602 3530 2697 3585 sed
2741 3546 2956 3586 carnem
3006 3532 3201 3587 factum
3248 3548 3368 3589 esse
3401 3550 3415 3589 :
3447 3533 3497 3589 id
3546 3543 3726 3591 autem
3765 3545 3848 3591 est

2256 3624 2545 3680 ostendere
2575 3624 2808 3680 Verbum
2846 3625 2939 3680 Dei
2969 3626 3215 3681 similiter
3244 3641 3305 3680 ac
3337 3640 3434 3681 nos
3466 3627 3844 3697 participatum

2259 3722 2509 3775 habuisse
2559 3718 2737 3773 carnis
2784 3728 2837 3772 et
2891 3718 3195 3787 sanguinis,
3252 3727 3305 3773 et
3353 3734 3548 3789 corpus
3598 3729 3845 3775 nostrum

2258 3811 2473 3883 proprie
2498 3825 2652 3865 suum
2698 3808 2906 3874 fecisse,
2954 3818 3010 3865 et
3042 3808 3309 3863 hominem
3343 3824 3407 3865 ex
3457 3810 3683 3866 muliere
3714 3825 3843 3879 pro-

2256 3906 2512 3967 cessisse,
2551 3915 2654 3954 non
2685 3900 2892 3969 abiecta
2925 3915 3023 3954 nec
3060 3900 3300 3969 deposita
3331 3902 3529 3956 deitate
3559 3912 3650 3956 aut
3678 3917 3844 3972 gene-

2258 3992 2465 4048 ratione
2509 3991 2595 4046 illa
2627 4006 2788 4061 quam
2839 3991 3072 4047 habebat
3116 4008 3181 4047 ex
3215 3992 3405 4060 Patre;
3438 3994 3530 4049 sed
3582 3997 3843 4051 mansisse

2258 4082 2417 4139 etiam
2470 4082 2521 4137 in
2568 4083 2933 4148 assumptione
2962 4085 3137 4137 carnis
3169 4082 3333 4137 Deum
3366 4084 3509 4151 quod
3538 4093 3676 4139 erat.
3734 4085 3844 4140 lloc

2257 4177 2452 4248 ubique
2482 4186 2626 4231 recta
2675 4175 2796 4230 fidei
2840 4176 2975 4229 ratio
3020 4184 3376 4244 prolestalur;
3432 4175 3485 4229 in
3538 4175 3627 4229 tali
3680 4190 3844 4232 sensu

2256 4278 2471 4324 sanctos
2496 4267 2681 4322 Patres
2713 4266 2880 4321 fuisse
2910 4268 3299 4333 comperimus;
3335 4267 3455 4320 ideo
3499 4267 3576 4321 illi
3607 4282 3712 4319 non
3740 4268 3843 4321 du-

2256 4358 2497 4413 bitarunt
2532 4368 2771 4412 sanctam
2825 4356 3097 4426 Virginem
3138 4356 3323 4411 dicere
3365 4355 3700 4421 'l‘beotocou,
3734 4371 3842 4411 non

2256 4451 2379 4521 quia
2408 4449 2572 4505 Verbi
2612 4458 2803 4504 natura
2832 4448 3109 4519 deitasque
3154 4448 3208 4503 in
3235 4457 3420 4503 sancta
3449 4448 3664 4517 Virgine
3692 4465 3844 4503 surn-

2260 4544 2364 4613 psit
2391 4541 2692 4611 exordium,
2741 4541 2834 4597 sed
2880 4543 3018 4610 quod
3069 4556 3132 4596 ex
3171 4554 3233 4595 ea
3284 4549 3465 4596 natum
3517 4542 3588 4593 sit
3632 4555 3843 4594 sacrum

2182 4607 2392 4691 Dillud
2440 4650 2636 4707 corpus
2677 4607 2971 4689 animatum
3017 4634 3191 4688 anima
3235 4633 3553 4694 rationabili.
3588 4633 3672 4687 cui
3702 4634 3847 4685 sub-

2256 4727 2576 4784 stantialiter
2621 4726 2914 4781 adunatum
2968 4726 3060 4779 Dei
3097 4725 3328 4781 Verbum
3380 4724 3669 4779 carnaliter
3723 4736 3846 4778 esse

2258 4830 2438 4876 natum
2486 4820 2701 4876 dicitur.
2756 4820 2882 4875 llzec
2930 4820 3091 4892 igitur
3142 4835 3237 4889 pro
3283 4821 3389 4892 91
3434 4804 3698 4875 charitate
3735 4830 3757 4855 ·
3791 4818 3845 4872 in

2253 4912 2471 4969 Christo
2502 4912 2684 4967 scribo
2712 4909 2760 4977 ί,
2785 4928 3031 4982 quaerens
3063 4918 3313 4982 tauquam
3345 4910 3589 4976 fratrem,
3619 4919 3673 4964 et
3716 4924 3847 4965 con-

2254 5013 2456 5061 testans
2482 5019 2661 5060 coram
2698 5004 2810 5059 Deo
2836 5010 2895 5058 et
2935 5004 3121 5059 electis
3165 5004 3392 5073 angelis,
3424 5013 3483 5057 ut
3511 5005 3625 5057 haec
3656 5001 3844 5057 uobis-

2256 5112 2379 5154 cum
2412 5106 2469 5153 et
2498 5096 2699 5153 sentias
2728 5098 2839 5168 92
2868 5097 3024 5151 simul
3053 5105 3109 5151 et
3136 5098 3330 5152 doceas
3359 5136 3372 5161 ε
3403 5106 3460 5150 ιιι
3491 5095 3844 5150 ecclesiarum

2257 5208 2361 5264 pax
2389 5191 2532 5246 salva
2580 5201 2843 5255 servetur,
2870 5199 2925 5245 et
2963 5191 3263 5246 concordiae
3310 5189 3693 5259 cbaritatisque
3727 5187 3844 5243 vin-

2255 5287 2437 5342 culum
2462 5283 2833 5340 indissolubile
2862 5292 3077 5339 maneat
3104 5282 3488 5338 sacerdotibus.

2327 5421 2355 5461 ἀ
2489 5424 2541 5503 1,,
2569 5420 2627 5503 2)
2662 5420 2726 5478 U.
2755 5434 2808 5477 et
2838 5420 3146 5503 φάναιτί.
3378 5490 3391 5503 ¹
3470 5491 3483 5502 .

2329 5503 2354 5533 ο
2393 5492 2455 5550 Τ.
2498 5495 2550 5556 l,
2581 5496 2637 5555 2.
2670 5509 2777 5562 pra:
2806 5488 3073 5545 chariton.
3106 5488 3191 5555 U.,
3224 5504 3314 5557 per
3341 5490 3657 5562 maritalem.

2326 5562 2346 5602 ί
2392 5567 2469 5619 Ex
2502 5555 2689 5619 Graeco
2717 5564 3033 5630 exemplari,
3056 5576 3177 5617 cum
3205 5555 3257 5615 in
3281 5560 3527 5613 omnibus
3547 5555 3839 5614 Codicibul

2250 5637 2511 5694 mendose
2541 5639 2748 5705 legatur
2775 5650 2788 5687 :
2817 5634 3029 5703 scripto.
