4086 6358
215 290 319 352 161

1097 287 1492 348 δκτΕωιιυΜ
1532 288 1865 347 CONCILIA.
1895 308 1966 330 οε-
1991 289 2633 348 οηΑωΕυυΜςΝδε..

3390 284 3493 344 162

216 423 3492 449 —————-———————————-—-—_—_——_——_

1814 516 1936 589 XI

943 668 1613 755 CONCILIUM
1687 637 2756 753 CH‘ALCEDONENSE.

215 827 681 873 θειειῑιητοιιωι
727 828 1030 872 TIUGINTA
1072 828 1541 884 EPISCOPORUM,
1595 827 1887 870 HABITUM
1950 828 2198 873 CONTRA
2248 832 2458 874 OMNES
2516 833 2841 891 HERESES,

2908 832 2987 873 ΕΤ
3049 828 3308 875 ΜΔΧΥΜΕ
3372 826 3493 870 Δυσ-

299 909 534 951 VERSUS
583 909 925 952 EUTYCHEM
975 909 1053 951 ΕΤ
1099 909 1462 952 υιυεροιιυδι
1498 936 1515 967 ,
1564 906 1810 953 ιἈιΕΝτ

1900 908 2035 953 arvo
2102 912 2357 956 SEPTIES
2419 912 2498 954 ET
2549 914 2781 955 ABIENO
2826 910 3242 965 consumens,
3288 907 3428 951 mu
3463 899 3492 931 ⁸

296 988 791 1033 οροοωιικνιιη.

287 1092 541 1148 Consulto
569 1090 596 1131 δ
627 1090 851 1163 piissimi
883 1101 937 1146 et
982 1090 1235 1147 amatoris
1266 1090 1467 1147 Christi
1510 1089 1801 1162 imperato-
1827 1094 1879 1154 Α
1902 1108 2023 1149 rum
2053 1109 2173 1163 quae
2202 1101 2386 1149 sancta
2418 1103 2472 1149 et
2500 1107 2626 1148 vera
2656 1090 2904 1148 consistit
2933 1091 3283 1148 indubitatam
3321 1089 3496 1147 omnl-

226 1189 299 1243 ris
320 1185 481 1241 Flavii
509 1185 760 1241 Marciani
786 1190 1026 1256 perpetui
1046 1186 1270 1257 Augusti
1295 1184 1382 1239 die
1405 1184 1529 1240 Idus
1552 1183 1801 1240 Octobris

222 1280 453 1352 synodus
508 1278 647 1333 facta
700 1279 751 1332 in
776 1276 1207 1334 Chalcedonensi
1252 1277 1469 1333 civitate
1514 1276 1801 1346 metrOpoli

217 1373 503 1444 provincia:
531 1372 794 1444 Bithynia:
814 1386 879 1426 ex
902 1372 1120 1428 decreto
1142 1371 1501 1439 piissimorum
1524 1379 1581 1425 et
1602 1370 1802 1426 fidelis-

213 1466 470 1522 simorum
497 1466 875 1534 imperatorum
906 1463 1263 1519 Valentiniani
1288 1472 1342 1518 et
1374 1461 1647 1529 Marciani,
1672 1478 1803 1517 con-

213 1558 549 1614 venientibus
573 1557 623 1611 in
643 1557 869 1611 ecclesia
896 1565 1097 1612 sanctze
1117 1570 1181 1611 ac
1211 1554 1632 1624 triumphatricis
1660 1569 1802 1608 mar-

208 1651 338 1722 tyris
358 1650 672 1721 Euphemia:
692 1649 1097 1719 gloriosissimis
1119 1645 1472 1718 principibus,
1491 1645 1542 1700 id
1565 1656 1668 1712 est,
1687 1661 1802 1699 ma-

208 1744 653 1814 gnificentissimo
680 1750 735 1796 et
762 1741 1247 1811 glorificentissimo
1277 1739 1531 1809 magistro
1572 1738 1798 1793 militum

203 1854 264 1893 cx
275 1836 530 1906 praefecto
548 1848 601 1893 ct
629 1835 924 1893 exconsule
943 1836 1158 1905 patritio
1176 1833 1484 1900 Anatltolio,
1510 1844 1565 1889 et
1592 1831 1799 1902 magni-

205 1930 562 1985 ficentissimo
594 1938 649 1985 et
672 1928 1065 1997 gloriosissimo
1095 1927 1347 1999 praefecto
1388 1926 1529 1982 sacri
1563 1923 1800 1996 przctorii

202 2012 541 2088 praefecturae
568 2019 828 2080 Palladio.
858 2029 914 2075 et
943 2017 1479 2089 magnificentissimo
1506 2026 1559 2071 et
1605 2014 1803 2085 glorio-

200 2111 423 2167 sissimo
455 2111 713 2180 praefecto
741 2111 889 2165 urbis
911 2110 1160 2175 Tatiano,
1186 2118 1239 2164 et
1271 2104 1803 2177 magnificentissimo

198 2212 255 2257 et
286 2203 683 2273 gloriosissimo
716 2202 971 2269 magistro
1009 2201 1173 2255 divini
1205 2202 1366 2255 officii
1395 2198 1801 2262 Vincomalonc,

199 2304 252 2349 et
288 2292 828 2362 inagnilicentissimo
877 2303 931 2347 et
958 2291 1349 2363 gloriosissimo
1397 2289 1593 2345 comite
1638 2286 1802 2357 largi-

199 2396 320 2442 tore
355 2385 476 2459 [U.,
501 2385 592 2449 ϐ..
620 2385 980 2457 largitionum]
1011 2385 1293 2450 Martialio,
1331 2392 1386 2439 et
1414 2382 1803 2455 gloriosissimo

1906 1183 2008 1239 bus
2037 1185 2333 1240 declarare.
2368 1184 2704 1240 Manifestum
2738 1193 2821 1238 est
2849 1185 2990 1238 enim
3015 1184 3156 1255 quod
3186 1200 3252 1241 ex
3275 1184 3493 1240 avaritia

1906 1277 1989 1331 vel
2035 1292 2177 1333 vano
2224 1278 2402 1333 studio
2448 1278 2525 1344 hi,
2557 1278 2645 1348 qui
2690 1276 3116 1348 praecedentibus
3166 1278 3494 1347 temporibus

1904 1368 2122 1425 diversa
2174 1380 2468 1441 sapuerunt
2523 1379 2579 1426 et
2618 1370 2921 1425 docuerunt
2982 1370 3231 1439 populum
3284 1386 3379 1437 pro
3427 1384 3495 1425 eo

1904 1461 2046 1534 quod
2091 1464 2171 1517 eis
2210 1463 2465 1532 expediit,
2508 1480 2611 1518 non
2653 1471 2813 1533 prout
2852 1461 3103 1517 convenit
3144 1477 3316 1531 neque
3351 1460 3491 1531 quod

1905 1554 2101 1609 veritas
2132 1564 2225 1609 aut
2259 1554 2500 1610 doctrina
2534 1557 2747 1610 Patrum
2779 1556 3030 1626 evquirit,
3067 1554 3215 1610 multi
3245 1554 3314 1608 ad
3344 1569 3495 1609 erro-

1904 1662 2018 1703 rem
2049 1647 2254 1702 seducti
2277 1648 2421 1722 [ΛΞ.,
2444 1648 2505 1705 Β.
2528 1649 2617 1715 fl.,
2646 1648 2883 1723 adducti]
2906 1659 3027 1704 sont
3051 1666 3064 1702 :
3086 1649 3226 1703 unde
3253 1658 3492 1703 sanctam

1906 1742 2170 1811 synodum
2203 1742 2409 1797 scilicet
2438 1743 2502 1795 ad
2535 1743 2690 1797 istam
2726 1742 2839 1797 fieri
2871 1742 3254 1812 perfectionem
3295 1740 3492 1811 proha-

1904 1833 2078 1888 vimus
2113 1832 2130 1871 ί
2159 1842 2212 1887 et
2245 1833 2481 1888 laborem
2516 1834 2662 1888 vobis
2704 1834 2945 1889 arbitrati
2972 1850 3157 1889 sumus
3191 1833 3490 1902 imponere,

1904 1935 1962 1981 ut
2002 1927 2148 1981 omni
2191 1928 2394 1983 erroris
2443 1927 2670 1998 caligine
2717 1930 2950 1997 detersa,
3003 1928 3303 1985 secundum
3351 1924 3491 1997 quod

1904 2018 2019 2088 ipsa
2047 2018 2299 2074 divinitas
2348 2020 2654 2075 hoanibus
2702 2036 2761 2076 se
2801 2022 2912 2075 lieri
2961 2020 3295 2076 manifestam
3326 2018 3494 2073 voluit

1906 2117 1962 2162 et
1988 2108 2206 2162 Patrum
2257 2108 2653 2162 demonstravit
2698 2109 2961 2175 doctrina,
3012 2108 3090 2163 sic
3131 2109 3263 2163 fides
3310 2118 3493 2161 nostra

1907 2213 2027 2268 quae
2059 2214 2190 2269 pura
2222 2209 2278 2254 ct
2308 2211 2494 2255 sancta
2524 2200 2768 2255 consistit
2816 2200 2868 2256 in
2902 2199 3140 2253 omnium
3187 2197 3492 2269 ingrediens

1905 2292 2115 2347 animas
2156 2295 2387 2363 pr0pria:
2431 2294 2676 2350 veritatis
2719 2294 2968 2364 effulgent
3021 2294 3156 2348 luce.
3193 2293 3267 2348 De
3296 2304 3494 2348 caetero

1906 2386 2101 2439 audeat
2131 2400 2291 2440 nemo
2309 2387 2375 2441 de
2405 2386 2679 2441 nativitate
2700 2386 2909 2442 Domini
2939 2398 2989 2443 et
3008 2384 3297 2441 Salvatoris
3326 2383 3493 2440 nostri

200 2490 252 2535 ct
306 2480 844 2550 rnagnilicentissimo
885 2484 1082 2536 comite
1133 2481 1549 2535 domesticorum
1601 2481 1796 2547 Sparo-
1826 2459 1874 2518 Β
1903 2475 2029 2531 Jesu
2057 2476 2257 2531 Chriin
2306 2477 2461 2533 aliter
2490 2477 2764 2548 disputare
2796 2487 2990 2548 prmter
3036 2478 3178 2548 quod
3221 2476 3493 2548 apostolo-

199 2574 283 2626 cio
311 2584 357 2635 ε,
391 2583 447 2627 et
474 2573 1005 2643 magnificentissimo
1037 2573 1233 2628 comite
1260 2588 1436 2628 rerum
1471 2572 1797 2641 privatarum

207 2660 535 2719 Genctholio
562 2663 629 2731 .d';
661 2665 921 2736 appositis
962 2664 1121 2719 etiam
1173 2680 1204 2720 e
1247 2665 1482 2734 glorioso
1512 2673 1722 2725 senatu,
1748 2662 1800 2717 id

200 2764 303 2822 est,
335 2756 879 2825 magnificentissimo
932 2764 987 2810 et
1034 2755 1426 2826 gloriosissimo
1479 2753 1801 2822 expraefccto

205 2857 261 2903 et
288 2847 588 2903 exconsule
616 2860 668 2901 et
701 2846 918 2918 patritio
943 2846 1237 2913 Florentio,
1269 2856 1323 2901 et
1368 2845 1800 2916 magnificentis-

206 2941 347 2997 simo
396 2951 453 2997 et
500 2939 897 3011 gloriosissimo
945 2938 1246 2993 exconsule
1275 2950 1327 2994 et
1377 2937 1600 3007 patricio
1643 2952 1801 2992 sena-

202 3042 340 3102 toce,
371 3042 433 3089 et
460 3029 998 3102 magnificentissimo
1031 3041 1085 3086 et
1114 3028 1507 3100 gloriosissimo
1562 3027 1802 3095 exinagi—

198 3140 309 3183 ειη)
337 3136 399 3184 et
427 3127 726 3183 exconsule
758 3123 985 3194 patricio
1027 3122 1230 3188 Nonio,
1282 3131 1337 3178 et
1380 3119 1799 3192 magnificentis-

199 3221 335 3275 simo
361 3230 423 3277 et
451 3218 845 3292 gloriosissimo
890 3216 1215 3287 expraafecto
1264 3226 1318 3272 et
1364 3215 1656 3270 exconsule
1703 3229 1800 3281 ra-

201 3316 355 3371 tricio
381 3314 733 3385 Protogenio,
768 3322 823 3369 et
864 3310 1396 3383 magniﬁcentissimo
1443 3320 1497 3365 et
1522 3307 1800 3378 gloriosis-

154 3414 159 3420 '
199 3405 336 3461 simo
386 3408 713 3475 exprmfecto
744 3405 921 3472 Zolio,
974 3413 1029 3459 et
1057 3401 1592 3475 magnificentissimo
1638 3410 1800 3469 atque

200 3497 591 3567 gloriosissimo
628 3497 953 3567 exprazfecto
986 3497 1133 3552 urbis
1145 3495 1466 3565 Theodoro,
1479 3506 1532 3549 et
1555 3492 1798 3564 magniﬁ-

199 3589 510 3645 centissimo
528 3597 582 3643 ct
593 3588 978 3659 gloriosissimo
992 3587 1315 3657 exprmfecto
1332 3585 1477 3640 urbis
1490 3582 1795 3655 Apollonio,

199 3690 251 3737 et
271 3680 803 3751 magnificentissimo
822 3688 873 3735 et
896 3677 1285 3752 gloriosissimo
1307 3678 1669 3748 exprmposito
1691 3676 1795 3730 Ar-

198 3784 445 3841 taxerxe;
461 3774 815 3830 conveniente
834 3774 994 3829 etiam
1018 3784 1204 3829 sancto
1224 3772 1449 3828 concilio
1470 3771 1629 3826 totius
1646 3769 1792 3824 orbis

1904 2581 2021 2621 rum
2056 2568 2383 2636 praeconium
2424 2578 2479 2624 et
2518 2580 2881 2624 trecentorum
2911 2569 3098 2625 decem
3130 2580 3183 2623 et
3213 2579 3336 2624 octo
3362 2583 3492 2624 san-

1903 2667 2111 2715 ctorum
2146 2659 2363 2715 Patrum
2398 2677 2701 2717 consonans
2731 2663 2853 2717 huic
2896 2662 3156 2717 doctrina:
3207 2661 3492 2718 tradidisse

1902 2769 2234 2821 noscuntur,
2292 2757 2429 2813 sicut
2474 2769 2529 2814 et
2586 2759 2911 2815 sanctissimi
2962 2773 3110 2828 papa:
3160 2755 3354 2813 Leonis
3401 2756 3491 2826 qui

1901 2851 2254 2918 apostolicum
2303 2852 2563 2923 gubernat
2608 2852 2856 2907 thronum
2890 2852 2955 2907 ad
2985 2863 3185 2907 sancta:
3216 2850 3490 2908 memoria:

1904 2939 2219 2995 Flavianum
2274 2945 2435 3012 regia!
2477 2944 2626 2998 urbis
2665 2944 3266 3013 Constantinopolitana:
3321 2961 3493 3014 quon-

1902 3030 2023 3087 dam
2056 3033 2367 3103 episcopum
2398 3042 2667 3089 testantur
2706 3036 2915 3091 littcrzn.
2961 3035 3201 3091 lletnotis
3241 3035 3400 3106 igitur
3437 3045 3491 3093 et

1902 3128 2193 3196 amputatis
2236 3127 2426 3185 talibus
2459 3131 2770 3199 patrociniis
2810 3139 2863 3186 et
2893 3130 3225 3187 cessantibus
3250 3129 3491 3186 avaritiis

1901 3220 2077 3274 omnis
2125 3206 2325 3276 veritas
2378 3222 2753 3278 manifestetur
2786 3238 2800 3277 :
2830 3237 2926 3278 nos
2968 3224 3165 3277 ctenim
3199 3222 3263 3277 ad
3293 3222 3491 3279 confir-

1900 3312 2149 3367 mandam
2210 3313 2391 3381 fidem,
2425 3329 2532 3369 non
2578 3314 2646 3369 ad
2700 3315 3086 3371 ostendendam
3136 3314 3386 3370 virtutem
3433 3323 3490 3371 et

1900 3403 2149 3472 exemplo
2190 3403 2530 3473 imperatoris
2559 3406 2894 3462 Constantini
2936 3406 3125 3463 adesse
3154 3406 3360 3479 synodo
3386 3422 3485 3462 ex-

1898 3494 2271 3565 cogitavimus,
2302 3498 2403 3557 ,sed
2444 3513 2511 3553 nc
2555 3498 2608 3553 in
2651 3509 2922 3569 posterum
2971 3499 3254 3554 multitudo
3305 3500 3486 3570 populi

1898 3586 2324 3644 institutionibus
2374 3591 2674 3645 inveniatur
2723 3591 3084 3657 dissentiens;
3131 3591 3281 3646 facile
3342 3592 3483 3646 enim

1899 3675 2217 3748 simplicitas
2244 3681 2596 3749 quorumdam
2632 3685 2952 3737 commentis
2982 3680 3280 3752 loquacium
3314 3697 3485 3751 usque

1900 3786 2043 3826 nunc
2085 3774 2270 3826 delusa
2311 3782 2393 3828 est
2424 3790 2437 3827 :
2468 3774 2808 3829 manifestum
2855 3775 3101 3843 quoniam
3147 3772 3480 3828 diversorum

196 3868 495 3921 secundum
519 3864 760 3921 divinum
782 3863 1547 3936 prmeeptuminChaleedonia
1576 3864 1792 3920 civitate
1822 3846 1871 3909 ἶ)
1898 3866 2074 3933 pravis
2122 3866 2380 3921 doctrinis
2427 3866 2711 3922 discordia:
2764 3874 2820 3921 et
2871 3866 3106 3922 lncreses
3158 3876 3288 3921 orta:
3334 3876 3483 3923 sunt.

195 3966 555 4029 congregato,
600 3957 654 4012 id
696 3966 779 4012 est
804 3956 1091 4011 l’aschasio
1133 3968 1188 4013 et
1218 3956 1479 4013 Lucensio
1522 3956 1792 4027 episcopis

198 4061 257 4106 et
281 4049 566 4105 Bonifacio
592 4049 908 4118 presbytero
934 4047 1332 4103 continentibus
1359 4048 1533 4103 locum
1564 4060 1795 4103 venera-

200 4144 327 4202 bilis
376 4153 436 4199 et
463 4145 635 4198 sancti
669 4140 1064 4211 archiepiscopi
1109 4140 1340 4212 antiquae
1362 4140 1546 4195 Roma:
1574 4140 1791 4205 Leonis,

197 4248 252 4297 et
279 4236 582 4295 Anatholio
601 4246 789 4294 sancto
818 4232 1225 4304 archiepiscopo
1251 4231 1793 4303 magnificentissima:

198 4330 803 4402 Constantinopolitanae
854 4345 1004 4384 nova:
1032 4328 1241 4397 Romae,
1291 4337 1345 4383 et
1394 4327 1613 4397 reliquis
1663 4340 1791 4380 san-

204 4427 458 4483 ctissimis
489 4436 541 4481 et
584 4423 1044 4482 reverentissimis
1089 4421 1363 4479 sexcentis
1412 4421 1626 4491 triginta
1676 4422 1791 4491 epi-

204 4518 411 4587 scopis;
440 4526 495 4573 et
520 4516 833 4572 sedentibus
871 4514 1122 4571 omnibus
1146 4524 1272 4571 ante
1311 4516 1583 4571 cancellos
1613 4514 1787 4571 sancti

206 4608 385 4664 altaris
423 4624 545 4664 cum
581 4607 1123 4681 magnificentissimis
1154 4608 1484 4679 principibus
1512 4617 1566 4664 et
1592 4608 1789 4680 glorio-

206 4699 430 4757 sissimis
461 4710 484 4738 ⁸
512 4709 568 4756 et
589 4700 801 4757 eximiis
827 4710 1074 4766 senatus;
1118 4699 1437 4756 adveniente
1463 4700 1622 4754 etiam
1655 4701 1785 4769 piis-

208 4792 337 4848 simo
369 4793 697 4864 imperatore
719 4792 987 4848 Marciano
1005 4794 1055 4846 in
1072 4793 1376 4862 supradicta
1397 4792 1645 4864 93-94
1664 4807 1788 4848 san-

209 4884 444 4940 ctissima
475 4884 715 4952 basilica,
749 4892 1013 4955 prmseute
1054 4885 1213 4938 etiam
1245 4883 1361 4938 zelo
1397 4884 1578 4937 divino
1608 4894 1660 4939 ct
1690 4899 1785 4938 ca-

212 4973 318 5030 lore
348 4974 473 5032 fidei
519 4991 743 5035 accensa
775 4978 1008 5046 piissima
1039 4984 1093 5032 et
1120 4975 1429 5032 fidelissima
1481 4976 1659 5046 regina
1691 4993 1787 5031 au-

211 5081 355 5138 gusta
401 5070 708 5138 Pulcheria,
758 5078 1000 5127 sanctam
1048 5070 1310 5142 synodum
1350 5068 1612 5124 allocutus
1641 5067 1783 5141 [/E.,

1894 3958 2059 4015 Nobis
2110 3971 2288 4015 autem
2323 3976 2485 4015 omne
2532 3960 2764 4016 studium
2812 3960 3175 4017 adhibendum
3208 3971 3289 4016 est
3319 3975 3484 4030 popu-

1895 4054 2003 4108 lum
2038 4066 2253 4123 propter
2282 4070 2461 4108 veram
2494 4065 2547 4108 et
2594 4063 2832 4109 sanctam
2876 4054 3172 4108 doctrinam
3222 4053 3271 4106 id
3307 4054 3480 4122 ipsum

1895 4149 2217 4203 sentientem
2271 4148 2361 4203 uni
2416 4155 2579 4203 recta:
2625 4147 2896 4217 applicare
2949 4145 3219 4209 Ecclesiae,
3257 4154 3311 4200 et
3362 4145 3485 4202 ideo

1894 4255 2078 4295 veram
2108 4240 2266 4295 fidem
2298 4239 2623 4294 catholicam
2676 4239 2836 4295 etiam
2870 4252 3143 4308 exponere
3184 4239 3478 4295 secundum

1895 4335 2112 4390 Patrum
2175 4333 2475 4389 doctrinam
2528 4334 2980 4390 concordantibus
3037 4331 3229 4388 animis
3286 4332 3485 4390 vestris

1893 4436 2069 4483 vestra
2119 4434 2373 4497 properet
2424 4428 2763 4494 reverentia,
2818 4437 2874 4481 ut
2917 4428 3147 4495 qualiter
3192 4441 3222 4480 a
3270 4426 3480 4483 Nica-na

1892 4524 2102 4597 synodo
2152 4541 2317 4596 usque
2350 4525 2402 4578 in
2453 4523 2554 4577 hoc
2602 4533 2811 4591 tempus
2846 4521 3085 4576 abscisso
3128 4535 3314 4576 errore
3356 4536 3483 4578 vera

1892 4618 2024 4671 fides
2074 4626 2157 4672 est
2206 4617 2452 4672 rtnnibus
2494 4618 2729 4687 Cognita,
2784 4615 2862 4669 sic
2908 4624 2961 4669 et
3008 4627 3170 4679 nunc,
3204 4630 3298 4683 per
3343 4613 3482 4670 hanc

1890 4724 2132 4766 sanetam
2159 4710 2422 4780 synodum
2464 4711 2705 4777 deposita
2755 4708 2969 4775 nebula,
3002 4708 3204 4777 qntein
3238 4708 3321 4763 his
3352 4724 3481 4777 pau-

1890 4806 1969 4861 cis
2007 4810 2185 4869 anns,
2220 4814 2277 4859 ut
2307 4806 2554 4875 superius
2584 4804 2841 4871 diximus,
2870 4818 2937 4858 ex
2974 4802 3234 4872 pravitate
3263 4812 3317 4857 et
3355 4817 3480 4859 ava-

1892 4896 2015 4949 ritia
2055 4897 2408 4965 quorumdam
2454 4895 2561 4950 visa
2594 4904 2676 4950 est
2726 4894 2948 4959 exoriri,
3000 4894 3043 4949 si
3098 4910 3312 4965 semper
3357 4909 3477 4949 ser-

1891 5001 2083 5043 ventur
2114 5005 2233 5057 qua:
2262 4998 2457 5043 statuta
2493 5000 2638 5055 sunt,
2672 4990 2773 5045 erit
2801 4989 3013 5059 quidem
3059 4989 3253 5045 divinae
3302 4988 3476 5060 provi-

1890 5080 2108 5145 dentiae,
2139 5081 2279 5150 quod
2316 5080 2401 5150 pie
2430 5080 2545 5136 ﬁeri
2591 5082 2855 5152 volumus,
2904 5084 2953 5137 in
2985 5084 3179 5139 szncula
3217 5081 3303 5156 [T.
3332 5084 3385 5147 1,
3414 5080 3468 5148 2,

218 5161 305 5232 U.,
332 5164 581 5238 allocuta]
611 5175 695 5221 est
720 5164 834 5220 hinc
866 5180 879 5217 :
911 5162 1044 5219 Cum
1085 5164 1312 5234 primum
1347 5180 1439 5232 per
1464 5164 1782 5220 electionem

1900 5176 1945 5231 in
1970 5176 2231 5249 Ecclesia]
2262 5179 2363 5233 hoc
2390 5194 2708 5235 conservare
2736 5179 3060 5235 firmissime.
3097 5180 3164 5234 Et
3186 5186 3302 5248 post
3328 5178 3473 5246 regia

216 5256 265 5311 in
296 5274 512 5331 regnum
550 5259 773 5344 decreto
802 5257 894 5313 Dei
931 5257 1152 5327 profecti
1189 5273 1405 5328 sumus,
1439 5256 1579 5313 inter
1611 5268 1786 5315 tantas

217 5351 447 5417 publicas
478 5351 736 5409 utilitates
778 5349 984 5405 nullum
1023 5348 1103 5403 sic
1132 5350 1300 5420 magis
1332 5366 1433 5406 nos
1464 5352 1789 5408 constrinxit

218 5446 500 5515 negotium,
527 5459 690 5515 quam
732 5450 933 5498 rectam
964 5449 1020 5496 et
1045 5454 1231 5495 veram
1260 5440 1417 5497 [idem
1451 5442 1784 5499 Christiano-

282 5604 307 5633 ⁸
342 5598 456 5668 AL,
497 5601 562 5658 Ε.
602 5598 659 5668 3,
719 5597 851 5657 Era
915 5613 1316 5656 cccccxxxvm.
1384 5599 1448 5655 Τ.
1493 5601 1545 5669 l,
1581 5600 1637 5671 9,
1678 5615 1783 5657 aera

219 5679 626 5826 αξῦὲιιῖἰῖῗίὲ,
760 5742 897 5826 Ιηβ.
937 5742 1090 5826 ln__A.
1123 5752 1176 5802 et
1206 5742 1425 5815 reliquis
1452 5761 1464 5799 :
1489 5744 1778 5800 consulatu.

286 5812 452 5886 ἧκε,
484 5816 543 5873 Β.
572 5814 662 5885 Β..
692 5815 784 5887 υ,,
806 5814 1069 5885 Sparatio.
1324 5812 1337 5815 ⁷
1772 5838 1783 5881 ,’

1893 5270 2008 5326 hwc
2056 5272 2213 5327 verba
2261 5288 2451 5327 omnes
2482 5274 2717 5343 episcoini
2769 5269 3473 5330 cl.unavcrunt:Marciano

1892 5376 2031 5417 novo
2061 5362 2414 5418 Constantino
2459 5366 2655 5421 multos
2705 5382 2901 5432 annos,
2934 5363 3085 5418 multi
3133 5358 3257 5414 anni
3306 5360 3469 5430 regis,

1890 5456 2046 5513 multi
2073 5458 2196 5514 anni
2228 5460 2425 5528 regina:
2451 5459 2732 5516 orthodox.
2758 5476 2893 5521 rum,
2926 5453 3108 5511 multis
3150 5450 3303 5508 annis
3332 5450 3473 5509 Mar-

1964 5610 1988 5650 ι¹
2029 5612 2091 5666 Τ.
2126 5613 2177 5679 1,
2204 5611 2261 5676 ‘2,
2301 5612 2391 5677 G.,
2418 5612 2711 5667 Genetltlio.

1967 5691 1989 5718 θ
2033 5685 2093 5738 Β.
2121 5685 2210 5741 ll..
2244 5682 2638 5738 Gloriost'uimis
2663 5682 2836 5734 eximii
2868 5684 3092 5734 senatus.
3486 5715 3499 5741 ,

1954 5752 2123 5834 "116.,
2162 5755 2220 5811 Ε.
2256 5754 2309 5822 5,
2341 5754 2403 5810 Τ.
2444 5754 2485 5819 l,
2514 5754 2569 5819 ‘2,
2609 5753 2696 5817 U.,
2727 5751 2816 5819 6.,
2850 5750 3250 5820 properavimus.

1919 5912 1963 5945 ν.
