4086 6358
585 349 690 412 ωδ

1290 345 1672 410 αοιιεοῑιο
1709 339 2043 412 CAHONUM
2081 346 2138 413 ὃ.

2253 344 2436 416 tuom
2477 343 2743 420 lilSPAL.
2780 343 3144 424 ascalprs.

3764 355 3876 415 ίϐι

581 471 725 529 ciani
751 469 1010 526 amatoris
1031 467 1226 526 Christi
1256 481 1499 537 regnum,
1524 467 1578 522 in
1605 465 1800 523 saecula
1825 471 2168 537 permaneat:
2198 463 2253 556 ,ἦ
2277 473 2396 513 rum
2448 457 2636 514 decem
2681 468 2738 514 et
2797 467 2920 516 octo
2964 468 3270 514 sanctorum
3319 473 3384 517 ac
3428 460 3877 522 beatissimoru

583 563 728 632 digni
763 561 1075 618 orthodoxa:
1108 561 1252 626 ﬁdei,
1304 569 1575 614 amatores
1604 557 1844 625 Christi,
1897 559 1968 613 sit
2017 556 2166 612 vobis

581 659 768 730 procul
800 659 1016 714 invidia.
1068 659 1136 713 Et
1164 665 1285 727 post
1311 656 1407 718 has
1433 671 1597 714 voces
1621 655 1801 718 Etius
1830 656 2164 721 archidiaco-

583 767 685 812 nus
711 750 1315 822 Constantinopolitanae
1353 766 1507 810 nova:
1538 751 1722 807 Romae
1750 760 1806 814 et
1830 750 2166 823 primicerius

540 867 550 915 ε
583 848 917 920 notariorum
945 845 1078 902 dixit
1105 860 1120 900 :
1150 843 1418 914 Quoniam
1448 857 1580 910 nutu
1606 861 1857 917 superna:
1894 849 2081 918 gratim
2112 855 2170 922 et,

582 937 700 994 zelo
726 937 910 992 divino
939 938 1247 993 serenitatis
1272 948 1485 1003 vestrae,
1521 937 1742 1008 piissimi
1773 938 1965 1009 quibus
1992 954 2020 992 a
2051 939 2166 994 Deo

577 1046 766 1093 omnes
807 1029 903 1104 [υ.
929 1029 1058 1090 add.
1080 1029 1348 1103 homines]
1378 1045 1566 1102 regere
1595 1045 1909 1092 concessum
1951 1041 2035 1108 est
2064 1030 2165 1098 im-

577 1133 902 1200 peratores,
951 1121 1096 1180 circa
1147 1122 1484 1179 sanctionem
1543 1130 1777 1180 vestram
1844 1132 2166 1194 congregata

575 1223 760 1272 sancta
809 1214 924 1274 hmo
965 1221 1023 1273 et
1067 1227 1261 1288 magna
1295 1213 1477 1272 totius
1521 1212 1706 1267 mundi
1747 1211 2010 1284 synodus,
2041 1227 2162 1280 cum

575 1307 802 1381 plurima
831 1306 1119 1370 multarum
1165 1305 1372 1378 dierum
1406 1305 1688 1360 vacatione
1735 1312 1788 1359 et
1823 1304 2000 1359 divina
2041 1301 2164 1364 dili-.

572 1399 754 1468 gentia
785 1413 999 1456 omnem
1020 1396 1259 1468 quidem,
1289 1396 1344 1450 in
1377 1398 1650 1464 prmterito
1679 1395 1950 1466 quomodo
1976 1403 2162 1450 exorta

574 1499 658 1558 est
679 1499 866 1545 contra
892 1499 1094 1545 rectam
1119 1498 1173 1562 et
1195 1488 1554 1552 inviolabilem
1580 1488 1895 1544 catholicam
1921 1497 2160 1544 nostram

578 1581 764 1656 ﬁdem,
797 1584 962 1639 verbo
993 1582 1232 1652 veritatis
1275 1580 1597 1638 discordiam
1637 1580 1914 1652 eﬁ'ugavit,
1945 1596 2160 1648 omnem

577 1675 842 1746 abigendo
888 1676 1284 1732 innovationem
1310 1692 1324 1729 :
1353 1675 1492 1732 sicut
1517 1683 1572 1733 et
1602 1679 1654 1729 in
1682 1676 1896 1746 scriptis
1928 1691 2019 1746 per
2047 1677 2159 1731 sin-

573 1769 699 1839 gula
725 1785 842 1842 qua:
864 1769 1264 1842 subsequuntur
1293 1779 1408 1824 acta
1435 1769 1837 1836 demonstrant;
1870 1769 2156 1826 terminum

2271 551 2360 620 qui
2411 549 2464 605 in
2507 549 2686 605 Nicaea
2733 549 2834 607 sub
2877 549 3230 608 Constantino
3260 554 3361 625 pia:
3395 558 3673 612 memoria:
3703 560 3878 628 impe-

2271 653 2456 702 ratore
2509 654 2900 702 convenerunt.
2946 646 3264 704 Continetur
3311 659 3490 706 autem
3544 659 3599 707 et
3650 664 3875 710 centum

2247 738 2653 812 quinquaginta
2685 746 2996 795 sanctorum
3028 739 3251 796 Patrum
3298 739 3354 796 in
3393 743 3528 799 urbe
3553 744 3876 801 Constanti-

2271 831 2576 903 nOpolitana
2600 834 2876 889 decretum
2905 832 2972 888 ad
2995 835 3419 905 peremptionem
3449 837 3670 908 quidem
3695 850 3878 896 secta-

2268 939 2386 980 rum
2430 933 2556 979 tunc
2583 925 2956 995 pullulantium
2977 965 2993 992 ,
3045 925 3516 984 conﬁrmationem
3546 944 3677 988 vero
3704 928 3877 1001 ipsius

2270 1013 2298 1054 δ
2335 1016 2616 1073 catholica:
2645 1028 2805 1088 atque
2833 1018 3144 1089 apostolica:
3173 1029 3372 1075 nostrae
3400 1020 3544 1076 ﬁdei.

2358 1131 2665 1206 Symbolum
2697 1142 3042 1206 trecentorum
3069 1134 3240 1189 decem
3271 1147 3316 1190 et
3348 1145 3459 1190 octo
3485 1147 3784 1194 sanctorum

2523 1203 2745 1258 Patrum
2776 1206 2865 1274 qui
2899 1206 2951 1259 in
2995 1204 3230 1260 Nicaeam
3257 1219 3616 1263 convenerunt.

2338 1292 2624 1362 Credimus
2671 1296 2725 1350 in
2765 1311 2927 1350 unum
2960 1297 3125 1352 Deum
3167 1297 3380 1352 Patrem
3416 1298 3869 1368 omnipotentem,
3937 1303 3945 1318 ‘

2265 1388 2504 1443 omnium
2536 1387 2824 1444 visibilium
2847 1402 2899 1446 et
2930 1390 3273 1446 invisibilium
3317 1393 3651 1450 conditorem
3672 1438 3689 1463 ,
3723 1405 3780 1451 et
3817 1397 3873 1452 in

2271 1497 2436 1536 unum
2466 1480 2747 1536 Dominum
2779 1481 2961 1537 Jesum
2993 1483 3265 1540 Christum
3291 1485 3456 1540 ﬁlium
3485 1485 3578 1541 Dei
3609 1486 3680 1542 de
3714 1486 3872 1543 Patre

2265 1580 2468 1637 natum,
2490 1573 2822 1642 unigenitum
2840 1573 2939 1630 hoc
2957 1583 3040 1631 est
3067 1575 3134 1631 de
3161 1576 3457 1632 substantia
3483 1578 3680 1647 Patris,
3697 1579 3866 1635 Deum

2263 1662 2331 1718 de
2361 1662 2492 1733 Deo,
2527 1664 2704 1720 lumen
2736 1665 2804 1721 de
2832 1666 3054 1733 lumine,
3087 1667 3256 1724 Deum
3281 1684 3466 1725 verum
3491 1669 3558 1726 de
3573 1669 3685 1726 Deo
3715 1687 3867 1740 vero,

2265 1767 2470 1824 natum,
2504 1775 2610 1813 non
2639 1758 2836 1814 factum
2856 1799 2872 1824 ,
2907 1760 3223 1817 homousion
3267 1762 3444 1832 Patri,
3476 1762 3578 1819 hoc
3606 1773 3693 1838 est
3723 1764 3867 1834 ejus-

571 1831 701 1916 vero
731 1831 1026 1930 simplicem
1041 1831 1251 1914 'statuit
1283 1858 1582 1916 divinarum
1615 1831 2012 1928 Scripturarum
2052 1862 2155 1916 \ir-
2187 1831 2236 1892 Β
2265 1847 2386 1905 dem
2427 1866 2546 1905 cum
2576 1852 2734 1906 Pall'e
2778 1853 3124 1922 ευῦεωηιίω,
3181 1869 3277 1925 Per
3311 1871 3472 1926 quem
3511 1835 3695 1912 οηιηῖά
3727 1856 3864 1912 tam

572 1960 684 2009 tute
731 1951 1016 2019 munitum,
1045 1962 1101 2010 et
1124 1962 1435 2009 sanctorum
1490 1969 1554 2009 ac
1595 1954 2027 2010 beatissimorum
2060 1953 2162 2010 Pa-

571 2052 711 2100 trum
763 2045 820 2098 in
875 2042 1050 2115 ipsum
1108 2059 1435 2101 conservans
1489 2045 1812 2102 sententiam
1862 2045 1928 2100 ad
1975 2023 2205 2108 verant.

567 2134 895 2206 agnitionem
925 2137 1016 2208 qui
1046 2135 1259 2194 sincere
1309 2138 1614 2208 requirunt.
1664 2137 1927 2210 Longaevo
1976 2150 2156 2196 autem

565 2242 764 2286 corona
794 2230 959 2286 vestri
1006 2229 1260 2301 imperii:
1299 2239 1355 2288 et
1396 2232 1568 2288 habeo
1607 2232 1782 2302 ipsum
1837 2248 1948 2303 prae
1980 2231 2156 2295 manio,

565 2320 686 2398 bus,
724 2330 777 2377 et
806 2321 851 2377 si
879 2320 1091 2400 videtur
1140 2325 1292 2388 nutui
1343 2333 1535 2384 vestra:
1584 2325 1930 2395 serenitatis,
1978 2327 2155 2398 perle-

568 2426 712 2483 gam.
794 2412 1071 2490 Piissimus
1120 2423 1174 2468 ct
1222 2413 1567 2476 ﬁdelissimus
1635 2416 1927 2488 imperator
1977 2417 2154 2477 dixit:

571 2506 827 2578 Perlege;
857 2515 911 2562 et
939 2507 1082 2564 idem
1104 2508 1517 2566 archidiaconus
1547 2511 1791 2586 perlegit.
2058 2492 2078 2511 ⁸

631 2602 826 2659 Sancta
854 2610 910 2658 et
935 2618 1124 2674 magna
1152 2604 1478 2674 universalis
1508 2604 1746 2676 synodus
1765 2646 1782 2674 ,
1809 2619 1930 2684 qua:
1959 2619 2153 2676 secun-

561 2696 687 2752 dum
713 2696 936 2768 gratiam
981 2695 1077 2752 Dei
1121 2704 1175 2752 et
1201 2697 1416 2756 decreto
1447 2697 1807 2766 piissimorum
1857 2697 2153 2769 imperato-

559 2803 677 2843 rum
708 2787 1063 2848 Valentiniani
1093 2795 1149 2844 et
1171 2787 1424 2843 Marciani
1452 2797 1796 2866 augustorum
1827 2801 2151 2862 congregata

556 2891 641 2939 est
667 2882 722 2950 in
753 2881 1252 2939 Chalcedonensem
1296 2881 1571 2938 civitatem
1593 2922 1611 2950 ,
1641 2885 1980 2955 metropolim
2013 2901 2156 2956 pro-.-

564 2974 742 3030 rincia:
771 2974 1058 3047 Bithyniae,
1091 2975 1143 3030 in
1190 2973 1407 3030 basilica
1439 2985 1638 3034 sancta:
1687 2992 1750 3033 ac
1781 2976 2149 3048 triumphatri-

556 3064 634 3121 cis
661 3067 912 3138 martyris
945 3064 1277 3138 Euphemize,
1307 3067 1498 3123 statuit
1527 3084 1645 3140 quae
1683 3071 1868 3127 subter
1899 3086 2147 3142 compre-

556 3158 723 3216 hensa
748 3169 893 3216 sunt.
927 3160 1186 3215 Dominus
1225 3169 1278 3216 et
1306 3160 1553 3218 Salvator
1583 3173 1764 3219 noster
1793 3163 1952 3221 Jesus
1981 3165 2142 3224 Chri-

2262 1947 2385 1994 sunt
2416 1955 2533 2012 qua:
2560 1942 2614 1996 in
2641 1942 2780 1997 cmlo
2807 1950 2864 1998 et
2893 1959 3009 2014 quae
3034 1944 3089 1998 in
3117 1953 3285 2014 terra,
3318 1946 3408 2016 qui
3433 1956 3654 2018 propter
3681 1963 3783 2003 nos
3813 1958 3863 2003 ct

2239 2034 2480 2103 ‘pr0pter
2528 2043 2765 2089 nostram
2796 2034 3021 2089 salutem
3079 2036 3392 2104 descendit,
3451 2047 3506 2094 et
3550 2039 3860 2094 incarnatus

2259 2133 2362 2193 est,
2394 2125 2555 2180 homo
2586 2126 2756 2184 factus
2781 2141 2972 2197 passus
3001 2139 3113 2195 est,
3139 2139 3194 2185 et
3220 2131 3514 2186 resurrexit
3545 2130 3703 2186 tertia
3735 2130 3854 2198 dic,

2258 2223 2307 2272 et
2336 2216 2576 2273 ascendit
2601 2218 2654 2272 in
2681 2221 2882 2285 casias;
2907 2219 3031 2276 inde
3056 2229 3310 2276 venturus
3333 2231 3415 2278 est
3430 2221 3674 2292 judicare
3705 2223 3853 2278 vivos

2257 2320 2314 2366 et
2342 2324 2581 2368 mortuos
2607 2328 2621 2367 :
2653 2321 2708 2368 et
2738 2314 2790 2367 iu
2819 2312 3079 2385 Spiritum
3111 2325 3378 2371 sanctum.
3415 2315 3522 2372 Eos
3553 2326 3733 2372 autem
3765 2317 3851 2387 qui

2255 2403 2483 2460 dicunt:
2536 2415 2652 2461 erat
2680 2408 2895 2478 quando
2918 2424 3022 2462 non
3053 2417 3190 2475 erat,
3241 2419 3297 2466 et
3331 2417 3619 2481 antequam
3666 2425 3851 2466 nasce-

2255 2506 2406 2554 retur
2436 2512 2540 2553 non
2571 2508 2707 2564 erat,
2739 2507 2793 2554 et
2829 2500 2950 2570 quia
2995 2514 3059 2556 ex
3093 2500 3255 2557 nullis
3305 2502 3639 2558 exstantibus
3686 2503 3851 2559 factus

2254 2599 2371 2658 est,
2404 2600 2497 2646 aut
2535 2607 2599 2646 ex
2644 2593 2746 2647 alia
2789 2593 3135 2649 subsistentia
3191 2594 3273 2650 vel
3317 2594 3616 2650 substantia
3669 2595 3850 2651 dicunt

2253 2699 2376 2740 esse
2426 2694 2516 2740 aut
2563 2685 2969 2740 convertibilcm
3009 2687 3092 2743 vel
3142 2686 3452 2743 mutabilem
3493 2687 3692 2744 Filium
3732 2688 3844 2757 Dei,

2255 2779 2675 2834 anathematizat
2698 2779 2956 2834 catholica
2989 2788 3044 2835 et
3079 2779 3372 2852 apostolica
3406 2780 3670 2838 Ecclesia.

2251 2869 2321 2925 Et
2351 2873 2404 2926 id
2451 2873 2619 2940 ipsum
2651 2881 2850 2928 centum
2877 2873 3249 2945 quinquaginta
3283 2884 3576 2931 sanctorum
3604 2873 3842 2932 Patrum.

2322 2964 2602 3038 Credimus
2649 2966 2702 3020 in
2749 2981 2913 3020 unum
2946 2965 3111 3021 Deum
3146 2968 3357 3023 Patrem
3391 2969 3842 3037 omnipotentem,

2249 3058 2512 3114 factorem
2541 3058 2665 3114 coeli
2697 3067 2752 3113 et
2791 3067 2949 3114 terra:
2973 3100 2987 3126 ,
3019 3059 3309 3115 visibilium
3341 3059 3576 3117 omnium
3620 3071 3674 3117 et
3713 3061 3844 3116 invi-

2250 3151 2485 3207 sibiliqu
2530 3152 2905 3209 conditorem:
2955 3162 3009 3209 et
3060 3155 3113 3208 in
3159 3169 3320 3210 unum
3353 3155 3631 3211 Dominum
3662 3155 3844 3212 Jcsum

557 3201 723 3216 .......,..
748 3201 893 3216 μη...
927 3201 1186 3215 ,ιω-...μυ
1225 3201 1278 3216 ν.
1307 3201 1545 3218 om...“
1584 3201 1756 3219 ..υσιυι
1793 3201 1952 3221 ,νων
1982 3201 2141 3224 ω...-
2535 3201 2862 3207 "nm-w-
2890 3201 2905 3209 -
2959 3201 3009 3209 --
3162 3201 3320 3210 -υ--η-
3353 3201 3631 3211 -ν---η--η-
3662 3201 3844 3212 ww—

553 3261 704 3324 swst
727 3253 851 3309 nde;
879 3253 1153 3328 agnitione
1182 3254 1424 3324 ρι-ορι-ίοε
1453 3255 1780 3312 conﬁrmans
1824 3256 2138 3328 discipulos,
2170 3201 2220 3268 α
2249 3241 2517 3299 Christum
2568 3245 2732 3299 lilium
2780 3243 2871 3302 Dei
2926 3245 3291 3316 unigenitum,
3343 3262 3408 3302 ex
3457 3247 3616 3303 Patre
3661 3257 3846 3304 natum

554 3345 662 3410 ait:
722 3344 910 3399 Pacem
951 3361 1114 3400 meam
1159 3345 1224 3400 do
1271 3345 1446 3414 vobis,
1498 3363 1670 3418 pacem
1718 3364 1882 3406 meam
1909 3350 2142 3418 relinquo

553 3437 729 3501 vobis;
787 3447 843 3491 ut
894 3451 992 3492 nec
1017 3446 1044 3474 ⁸
1075 3437 1183 3494 ulla
1225 3438 1349 3492 ﬁdei
1396 3439 1660 3495 dissensio
1691 3439 1828 3496 inter
1859 3443 2148 3512 proximos.

553 3525 776 3592 oriatur,
804 3525 898 3582 sed
929 3541 994 3584 ex
1017 3541 1170 3595 aequo
1196 3528 1433 3584 veritatis
1464 3528 1773 3598 praedicatio
1803 3531 2138 3588 ostendatur.

553 3619 656 3676 Sed
689 3619 812 3689 quia
862 3633 966 3674 non
997 3619 1199 3676 desinit
1247 3621 1508 3693 malignus
1541 3623 1592 3676 in
1625 3622 1754 3695 ipsis
1794 3625 2008 3694 pietatis
2055 3640 2141 3681 se-

549 3712 779 3768 minibus
803 3710 1012 3768 zizania
1061 3727 1156 3771 sua
1194 3713 1454 3781 inserere,
1500 3723 1555 3771 et
1597 3716 1720 3770 novi
1755 3715 2007 3784 quiddam
2043 3703 2140 3773 ad-

550 3818 736 3862 versus
763 3805 1041 3861 veritatem
1088 3789 1300 3876 semper
1329 3807 1634 3878 echgitare
1657 3849 1673 3874 ,
1720 3807 1918 3864 idcirco
1951 3807 2137 3864 Domi-

549 3890 648 3950 nus
680 3905 862 3952 noster
893 3895 1129 3953 humano
1159 3897 1348 3968 generi
1390 3897 1548 3953 solite
1573 3898 1794 3968 cupiens
1819 3899 2135 3970 providere,

546 3989 844 4059 piissimum
876 3987 1018 4045 bunc
1047 3998 1101 4046 et
1129 3989 1500 4045 ﬁdelissimum
1549 3987 1926 4060 imperatorem
1967 3993 2138 4048 erexit

543 4086 608 4142 ad
635 4087 828 4143 cmlum
860 4087 950 4158 qui
983 4086 1217 4158 undique
1272 4085 1612 4143 sacerdotum
1661 4088 1942 4158 pontilices
1969 4089 2036 4143 ad
2075 4104 2136 4145 se

545 4181 896 4244 convocavit,
952 4188 1013 4235 ut
1061 4180 1231 4252 gratia
1284 4179 1493 4236 Domini
1544 4181 1712 4236 nostri
1762 4179 1888 4236 Jesu
1933 4179 2141 4248 Christi.

547 4281 872 4342 cooperante
897 4311 912 4336 ,
954 4285 1168 4326 omnem
1219 4272 1484 4329 mendacii
1516 4272 1874 4342 pestilentiam
1912 4273 1977 4328 ab
2016 4273 2135 4328 ovi-

546 4362 642 4418 bus
693 4361 890 4419 Christi
943 4370 1251 4427 removeat,
1298 4377 1496 4432 easque
1544 4364 1783 4418 veritatis
1805 4364 2134 4433 germinibus

546 4455 773 4512 reﬁciat.
805 4454 957 4521 Quod
987 4461 1044 4509 et
1072 4455 1344 4508 communi
1373 4454 1592 4510 decreto
1625 4457 1947 4525 peregimus,
1978 4472 2132 4512 erro-

545 4550 619 4603 ris
641 4547 854 4618 quidem
877 4555 1056 4603 sectas
1082 4545 1394 4617 abjicieutes
1415 4557 1468 4603 et
1495 4546 1709 4602 Patrum
1734 4557 1932 4604 rectam
1967 4551 2124 4607 ﬁdem
2154 4581 2208 4647 υ

543 4650 904 4711 renovantes,
937 4650 1299 4698 trecentorum
1345 4641 1528 4698 decem
1584 4651 1638 4697 et
1661 4653 1784 4698 octo
1824 4644 2126 4715 symbolum

459 4721 488 4738 ”
543 4735 796 4790 omnibus
827 4733 1204 4804 praedicantes,
1235 4743 1291 4790 et
1320 4734 1467 4789 velut
1496 4733 1687 4789 horum
1727 4736 1833 4808 95
1875 4737 2129 4795 domesti-

540 4845 632 4892 cos
661 4828 795 4886 alios
842 4838 1072 4889 centum,
1091 4827 1471 4900 quinquaginta
1494 4827 1682 4884 Patres
1723 4831 1850 4886 huic
1891 4831 2129 4901 piissimo

543 4923 696 4990 titulo
725 4922 1126 4983 consentientes
1147 4923 1470 4986 notavimus,
1497 4924 1586 4993 qui
1610 4932 1731 4987 post
1765 4922 1880 4979 lucc
1910 4923 1960 4978 in
1994 4924 2130 4980 hanc

539 5017 923 5088 amplissimam
990 5017 1176 5073 urbem
1244 5015 1887 5089 Constantinopolitanam
1935 5033 2131 5076 conve-

541 5109 772 5178 nientes,
814 5109 972 5166 etiam
1021 5109 1122 5179 ipsi
1166 5108 1407 5165 eamdem
1460 5109 1618 5165 ﬁdem
1657 5113 2126 5185 consignaveruut.

538 5203 831 5262 Statuimus
870 5203 1032 5274 igitur
1059 5201 1304 5271 ordinem
1364 5209 1418 5258 et
1465 5217 1655 5259 omnes
1705 5203 1826 5261 ﬁdei
1870 5203 2128 5260 formulas

542 5297 898 5362 custodientes
930 5306 982 5351 et
1009 5307 1244 5351 noStram
1273 5295 1433 5352 etiam
1463 5306 1704 5352 sanctam
1737 5298 1998 5370 synodum
2029 5298 2129 5352 du-

538 5383 663 5440 dum
697 5386 892 5456 Ephesi
923 5387 1146 5453 lactam,
1193 5388 1347 5459 cujus
1373 5385 1593 5445 fuerunt
1623 5396 1872 5446 auctores
1901 5406 2127 5446 venera-

539 5477 660 5535 bilis
689 5479 964 5536 memoria:
991 5478 1314 5538 leestinus
1356 5482 1611 5538 Romana:
1637 5483 1785 5539 urbis
1815 5491 1868 5539 et
1896 5481 2126 5555 Cyrillus

541 5569 914 5627 Alexandrina:
940 5572 1184 5629 ecclesia:
1213 5574 1544 5641 sacerdotes,
1573 5584 1631 5630 ut
1673 5575 1984 5645 praefulgeat
2006 5575 2125 5643 qui-

541 5661 660 5718 dem
706 5675 868 5720 rectte
894 5673 949 5720 et
990 5665 1334 5737 iuculpabilis
1373 5665 1496 5721 ﬁdei
1550 5667 1813 5736 expositio
1855 5677 2125 5724 trecento-

609 5807 632 5864 ἔ
668 5797 710 5854 U
744 5838 757 5864 ,
785 5799 922 5856 vobis
947 5815 967 5857 :
992 5801 1108 5857 ideo
1137 5810 1305 5856 tanien
1330 5799 1629 5854 instruimur
1659 5809 1714 5855 ut
1744 5818 1852 5857 uer.

580 5863 633 5906 'b
671 5863 758 5938 U.,
781 5872 1170 5951 pullttlattliuttt,
1199 5869 1420 5956 continet
1468 5885 1580 5959 vero
1612 5879 1657 5950 et
1686 5873 2124 5946 conﬁrmationem

560 6002 615 6024 νδ

2246 3347 2370 3396 ante
2397 3337 2576 3394 omnia
2598 3339 2813 3407 smcula,
2843 3340 3012 3397 Deum
3043 3342 3109 3397 de
3134 3341 3265 3410 Deo,
3299 3342 3478 3398 lumen
3510 3344 3577 3398 de
3609 3344 3838 3412 lumine,

2246 3430 2411 3488 Deum
2440 3448 2626 3488 verum
2656 3432 2723 3489 de
2759 3434 2866 3489 Deo
2897 3449 3049 3502 vero,
3092 3447 3274 3490 natum
3294 3478 3309 3503 ,
3345 3451 3448 3491 non
3480 3434 3704 3504 factum,
3735 3435 3847 3492 ho-

2244 3529 2490 3584 mousiou
2523 3529 2690 3598 Patri,
2727 3529 2828 3586 hoc
2859 3538 2941 3586 est
2971 3530 3212 3602 ejusdem
3238 3548 3361 3587 cum
3389 3532 3547 3587 Patre
3581 3533 3844 3588 substan—

2245 3617 2354 3694 tia),
2396 3636 2493 3692 per
2520 3637 2678 3692 quem
2711 3621 2893 3676 omnia
2922 3622 3057 3677 facta
3101 3632 3226 3680 sunt
3251 3640 3369 3696 qua:
3397 3625 3449 3679 in
3471 3625 3606 3683 ctelo
3637 3635 3692 3682 et
3719 3643 3841 3698 qun

2243 3712 2300 3792 in
2332 3715 2513 3780 terris,
2544 3717 2631 3786 qui
2665 3725 2881 3786 propter
2910 3731 3008 3772 uos
3025 3727 3078 3772 et
3104 3728 3319 3790 propter
3345 3730 3582 3774 nostram
3611 3720 3838 3778 salutem

2241 3805 2544 3874 descendit,
2567 3808 2676 3880 96
2701 3819 2755 3864 et
2783 3807 3089 3864 incarnatus
3113 3819 3194 3865 est
3225 3810 3294 3866 de
3325 3811 3528 3883 Spiritu
3558 3823 3744 3869 sancto
3771 3829 3838 3868 ex

2243 3899 2405 3955 Maria
2456 3891 2679 3970 virgine,
2737 3901 2895 3956 homo
2942 3901 3112 3957 factus
3161 3916 3350 3972 passus
3379 3914 3465 3959 est
3516 3903 3614 3958 sub
3646 3904 3836 3959 Pontio

2240 3991 2449 4060 Pilato,
2505 3992 2744 4064 sepultus
2792 3993 2944 4048 tertia
3002 3992 3088 4048 die
3136 3981 3456 4063 resurrexit,
3507 3996 3749 4053 ascendit
3779 3997 3834 4052 in

2239 4089 2439 4155 cmlos,
2487 4089 2638 4144 sedet
2679 4087 2743 4141 ad
2776 4088 3049 4142 dexteram
3098 4087 3305 4157 Patris,
3341 4088 3534 4143 iterum
3576 4098 3836 4146 venturus

2239 4181 2293 4247 in
2326 4163 2493 4253 gloria
2517 4181 2762 4252 judicare
2793 4181 2945 4235 vivos
2972 4190 3025 4237 et
3053 4193 3309 4248 mortuos,
3353 4181 3507 4254 cujus
3549 4183 3694 4254 regni
3727 4195 3835 4237 non

2238 4273 2342 4330 erit
2371 4273 2491 4329 linis
2524 4291 2536 4326 :
2571 4284 2624 4327 et
2671 4274 2721 4327 in
2758 4272 3012 4342 Spiritum
3043 4284 3283 4328 sanctum
3312 4274 3588 4329 dominum
3618 4286 3674 4330 et
3704 4275 3836 4329 rivi-

2238 4368 2508 4422 ﬁcatorem
2541 4365 2664 4439 [U.,
2697 4364 3096 4436 viviﬁcantem],
3133 4381 3195 4420 ex
3230 4366 3384 4421 Patre
3417 4366 3829 4442 procedentem,

2235 4474 2353 4514 cum
2389 4460 2543 4524 Patre
2572 4468 2625 4513 ct
2654 4458 2785 4513 Filio
2825 4459 3154 4516 adorandum
3184 4467 3241 4514 et
3269 4458 3705 4529 gloriﬁcandum,
3739 4461 3842 4529 qui

2236 4553 2444 4631 locutus
2485 4562 2566 4610 est
2591 4570 2683 4624 per
2737 4553 3062 4628 prophetas:
3116 4552 3165 4606 in
3199 4568 3357 4606 unam
3393 4553 3715 4631 catholicam
3747 4543 3832 4607 at-

2232 4627 2336 4717 que
2381 4646 2727 4716 apostolicam
2777 4646 3069 4702 Ecclesium
3107 4661 3121 4698 :
3176 4628 3498 4704 conﬁtemur
3545 4662 3707 4721 unum
3739 4647 3832 4700 ba-

2232 4740 2423 4810 ptisma
2473 4739 2527 4794 in
2585 4737 2956 4795 remissionem
3010 4748 3398 4813 peccatorum:
3452 4744 3832 4808 exspectamus

2232 4832 2681 4898 resurrectionem
2709 4840 3040 4903 mortuorum
3075 4829 3344 4908 vitamque
3375 4827 3526 4908 [Av]...
3554 4839 3608 4896 et
3641 4827 3828 4902 vitam]

2232 4921 2397 4976 futuri
2427 4923 2633 4977 saeculi.
2668 4925 2858 4978 Amen.
3387 4925 3390 4928 ’

2303 5013 2595 5071 Suﬁ'eccrat
2625 5015 2845 5085 quidem
2887 5015 2953 5070 ad
3007 5013 3373 5094 plenissimam
3414 5013 3628 5084 pietatis
3670 5013 3828 5087 agni-

2233 5106 2430 5162 tionem
2473 5118 2525 5162 et
2570 5107 3032 5184 conﬁrmationem
3061 5106 3427 5187 cautissimum
3462 5107 3563 5162 hoc
3593 5113 3650 5162 et
3677 5108 3830 5163 salu-

2233 5211 2344 5256 tare
2383 5200 2578 5254 divina:
2621 5199 2803 5270 gratiae
2836 5200 3175 5274 symbolum;
3206 5200 3274 5257 de
3303 5199 3462 5257 Patre
3489 5201 3629 5256 enim
3663 5199 3829 5256 Filio-

2229 5308 2333 5364 que
2358 5302 2381 5331 ε
2413 5299 2467 5348 et
2496 5293 2699 5361 Spiritu
2730 5303 2917 5349 sancto
2943 5294 3240 5371 doctrinam
3270 5292 3566 5362 perfectam
3597 5291 3826 5360 edocet,

2230 5394 2285 5442 et
2314 5385 2734 5444 incarnationem
2767 5388 3089 5446 dominicam
3138 5387 3368 5443 ﬁdeliter
3406 5386 3827 5458 suscipientibus

2230 5479 2556 5535 manifeStat.
2600 5479 2705 5534 Sed
2734 5481 2983 5550 quoniam
3019 5479 3070 5534 hi
3097 5479 3186 5550 qui
3218 5478 3657 5549 praedicationem
3682 5475 3827 5532 veri«

2232 5574 2355 5632 tatis
2383 5572 2661 5636 destruere
2692 5572 2932 5646 nituntur
2981 5573 3245 5646 quasdam,
3278 5571 3511 5654 proripio:
3553 5569 3826 5636 haereseos

2229 5674 2494 5729 novitates
2525 5670 2855 5741 parturiunt;
2907 5671 3118 5752 quidam
3168 5669 3312 5728 enim
3366 5667 3692 5752 mysterium
3725 5677 3841 5737 In

2228 5825 2472 5950 ²¹’⁸‹ἒ”ιῗιέ.,
2507 5876 2567 5938 u.
2596 5877 2688 5950 it,
2719 5876 2760 5935 F
2809 5875 2865 5949 .5,
2897 5858 3042 5952 r,i,
3079 5875 3132 5950 2,
3163 5873 3256 5949 U.,
3288 5887 3332 5933 et
3357 5871 3521 5932 Filio.

3208 6045 3212 6049 .
3270 6028 3348 6058 ,πικ
3371 6049 3405 6059 __
3437 6051 3496 6070 ί.-
