4086 6358
230 318 344 385 Ιᾶῦ

1150 319 1552 381 euocauit
1591 314 1934 381 CONCILIA.
1972 302 2045 367 -έ-
2078 317 2695 389 CHALCEDONENSB.

3404 330 3510 398 466

229 438 599 524 nobisactum
638 436 837 493 divinis
872 437 1286 511 dispensationis
1333 442 1530 501 audent
1574 458 1817 500 eorrum-
1842 446 1892 506 Δ
1921 442 2076 499 nobis
2105 444 2306 516 absque
2335 458 2577 519 peccato,
2622 454 2748 504 ante
2793 416 2989 504 uacula
3018 413 3238 520 quidem
3263 465 3333 511 ex
3358 460 3512 524 patre

230 520 457 606 perget
486 543 668 586 vocem
694 530 839 585 illam
856 532 1025 587 divini
1049 545 1229 602 partus
1251 532 1334 589 fac
1362 535 1529 590 amad
1550 535 1821 605 Virginem

232 629 527 690 ealegant,
572 623 663 679 alii
702 632 1183 694 temperamentum
1221 626 1697 698 coniusionentque
1739 626 1821 683 in-

230 714 493 771 decentes
527 722 583 770 et
623 732 785 773 unam
827 731 947 773 esse
989 727 1235 774 naturam
1279 718 1458 773 carnis
1504 730 1560 773 et
1610 719 1821 774 deitatis

232 806 504 863 insensate
529 819 914 878 componentes
948 811 1253 882 passibith
1292 812 1553 882 ueigeniti
1584 812 1819 873 divinam

234 909 486 957 naturam
532 901 625 955 tali
663 900 979 967 confusione
1027 904 1329 973 prodigiose
1383 903 1685 975 divulgaut;
1740 902 1820 958 id-

235 997 374 1052 cir‘co
401 994 490 1067 [T.
523 996 576 1062 1,
606 995 661 1060 2,
695 995 944 1068 ideoque]
986 1013 1201 1065 omnem
1248 999 1512 1054 adversus
1544 1000 1818 1054 veritatem

239 1088 605 1158 Opponendam
637 1089 703 1143 ab
749 1091 876 1159 ipsis
925 1091 1378 1147 machinationem
1410 1091 1596 1146 volens
1634 1091 1822 1147 exclu-

240 1178 362 1234 dere
385 1188 566 1236 saneta
594 1190 647 1235 et
669 1196 859 1252 magna
888 1184 1208 1238 universalis
1237 1185 1474 1256 synodus
1498 1226 1512 1250 ,
1544 1184 1819 1251 antiquam

236 1270 664 1341 prsidicationem
698 1274 1025 1329 imrnohilem
1067 1275 1289 1341 docens,
1332 1279 1517 1330 statuit
1553 1275 1820 1347 praecipue

235 1369 589 1416 trecentorum
636 1363 822 1419 decem
872 1374 928 1420 et
971 1377 1093 1421 octo
1126 1378 1433 1439 sanctorum
1489 1352 1817 1422 Patrum'ﬁ-

229 1450 342 1505 dem
394 1453 867 1509 incontaminatam
926 1472 1145 1512 manere
1183 1474 1196 1511 :
1255 1467 1309 1513 et
1354 1466 1576 1529 propter
1604 1474 1697 1511 eos
1728 1457 1819 1527 qui

226 1538 449 1611 Spiritui
498 1554 684 1600 sancto
741 1548 1126 1615 adversantur,
1178 1558 1391 1603 centunt
1436 1548 1818 1619 quinquaginta

227 1634 439 1693 Patrum
474 1640 632 1707 paulo
664 1642 960 1709 posteriore
994 1650 1236 1712 tempore
1270 1643 1320 1696 in
1354 1642 1485 1698 urbe
1516 1642 1818 1698 Constanti-

225 1731 534 1799 nopolitana
592 1734 1027 1789 convenientium
1094 1720 1160 1789 de
1230 1736 1525 1791 substantia
1584 1737 1815 1807 Spiritus

1925 545 2106 591 natum
2137 540 2430 595 secundum
2479 541 2859 610 divinitatem,
2908 542 2961 598 in
3021 544 3334 600 novissimis
3379 562 3510 604 vero

1924 626 2113 682 diebus
2138 629 2387 686 eumdem
2414 641 2635 702 propter
2658 648 2757 689 nos
2784 644 2839 691 et
2867 641 3087 705 propter
3108 643 3346 690 nostram
3374 639 3513 709 salu:

1926 725 2033 772 tem
2050 731 2116 772 ex
2131 717 2295 773 Maria
2312 720 2518 789 virgine
2534 721 2624 778 Dei
2639 725 2901 794 genitrice
2914 726 3204 781 secundum
3224 727 3512 785 humanita-

1925 815 2032 864 tem
2063 825 2227 866 unum
2259 813 2616 887 eamdemque
2645 816 2919 874 Christum
2945 818 3139 875 Filium
3170 830 3198 859 ι
3230 820 3513 880 Dominum

1923 902 2254 972 unigenitum
2274 903 2325 959 in
2348 905 2484 961 duas
2507 916 2724 962 naturas
2746 909 3048 980 inconfuse,
3073 913 3510 985 immutabiliter,

1923 993 2171 1063 indivise,
2199 998 2629 1068 inseparabiliter
2645 1004 3105 1073 cognoscendum;
3130 1008 3184 1063 in
3199 1008 3344 1064 nuilo
3360 1018 3512 1066 natu-

1923 1101 2102 1142 rarum
2119 1089 2449 1148 diﬁ‘erentias
2460 1101 2681 1163 propter
2696 1095 2952 1153 unitatem
2966 1101 3329 1170 perimendas,
3346 1104 3514 1174 magis

1921 1190 2099 1235 autem
2122 1182 2267 1237 salva
2298 1184 2576 1255 utriusque
2603 1198 2807 1243 naturae
2833 1194 3266 1259 proprietate,et
3312 1196 3367 1249 in
3409 1210 3512 1252 una

1921 1280 2151 1327 coeunte
2180 1288 2410 1344 persona
2440 1291 2651 1347 unoque
2696 1286 2843 1334 statu
2868 1293 3257 1352 concurrente;
3305 1302 3413 1342 non
3461 1288 3514 1343 in

1921 1358 2128 1417 duabus
2181 1367 2426 1432 personis
2474 1368 2811 1436 partiendum
2872 1372 2955 1425 vel
3003 1372 3367 1442 dividendum,
3420 1377 3516 1434 sed

1921 1466 2086 1507 unum
2110 1456 2467 1528 eamdemque
2498 1458 2690 1515 Filium
2724 1462 3057 1533 unigenitum
3081 1465 3248 1521 Deum
3281 1468 3514 1526 Verbum

1922 1544 2203 1605 Dominum
2236 1561 2484 1610 nostrum
2514 1554 2696 1616 lesum
2728 1557 3003 1615 Christum
3027 1600 3041 1624 ,
3094 1560 3235 1617 sicut
3260 1562 3329 1617 ab
3356 1578 3517 1623 exon,-

1920 1637 2015 1693 dio,
2039 1642 2311 1711 propheta:
2342 1647 2410 1701 de
2441 1661 2509 1702 eo
2551 1656 2606 1703 et
2645 1649 2760 1719 ipse
2790 1666 2889 1706 nos
2918 1652 3155 1708 erudivit
3197 1663 3249 1710 et
3297 1654 3514 1713 Patrum

1921 1731 2079 1787 nobis
2105 1735 2322 1791 tradidit
2360 1739 2687 1809 symbolum.
2735 1742 2827 1798 llis
2871 1744 3049 1816 itaque
3089 1759 3209 1807 cum
3240 1749 3388 1805 omni
3415 1765 3517 1806 un-

221 1822 390 1875 sancti
430 1823 678 1878 traditam
719 1824 1017 1880 doctrinam
1048 1826 1395 1894 corroborat,
1446 1843 1605 1899 quam
1654 1829 1816 1882 etiam
1846 1825 1896 1886 B
1926 1822 2087 1895 dique
2117 1826 2414 1885 subtilitate
2450 1841 2505 1886 et
2543 1832 2818 1903 diligentia
2844 1850 2874 1890 a
2917 1837 3071 1892 nobis
3095 1838 3376 1907 ordinatis,
3408 1850 3517 1896 sta-

222 1910 293 1963 illi
338 1913 587 1967 omnibus
618 1914 1060 1983 insinuaverunt;
1101 1931 1207 1972 non
1241 1917 1385 1987 quod
1419 1919 1472 1972 in
1508 1919 1818 1985 praeceden-

222 2007 364 2058 tibus
395 2006 593 2075 aliquid
627 2008 841 2063 deesset
870 2008 1207 2078 adjicienles,
1240 2013 1333 2064 sed
1367 2010 1434 2065 de
1461 2011 1663 2080 Spiritu
1688 2027 1816 2066 san-

216 2108 302 2149 cto
326 2101 640 2153 eorumdem
665 2098 1067 2171 [U.,eumdeu~i]
1095 2101 1419 2156 intellectum
1444 2103 1701 2163 adversus
1723 2117 1818 2158 eos

216 2192 309 2259 qui
328 2192 542 2247 deitatis
562 2192 678 2262 ejus
699 2193 1119 2251 dominationem
1141 2195 1384 2250 nituntur
1401 2196 1638 2252 adimere
1667 2194 1816 2252 Scri-

217 2294 502 2351 pturarmn
532 2286 855 2342 testimoniis
882 2289 1088 2357 plenius
1117 2289 1523 2345 manifestautes
1552 2305 1563 2342 :
1598 2300 1817 2362 propter

216 2390 309 2431 eos
338 2392 471 2433 sane
501 2380 589 2450 qui
623 2380 1038 2450 dispensationis
1084 2384 1399 2453 mysterium
1455 2391 1661 2437 tentant
1697 2398 1816 2438 cor-

215 2486 489 2540 rumpere,
523 2483 577 2529 et
605 2489 794 2544 purum
819 2474 1092 2530 hominem
1123 2490 1245 2541 esse
1271 2477 1363 2547 qui
1389 2492 1455 2531 ex
1491 2486 1676 2532 sancta
1707 2476 1813 2531 vir-

216 2568 336 2638 gine
368 2568 531 2623 Maria
562 2579 716 2624 natus
753 2578 837 2626 est
885 2570 1228 2641 impudenter
1256 2570 1527 2640 divulgant
1550 2609 1565 2636 ,
1615 2569 1813 2626 beatis-

216 2665 334 2719 simi
364 2664 633 2734 quondam
663 2663 848 2735 Cyrilli
878 2664 1254 2721 Alexandrinas
1281 2665 1527 2721 ecclesia:
1555 2665 1812 2721 sacerdo-

216 2758 281 2810 tis
310 2758 596 2827 synodicas
625 2759 879 2827 epistolas
936 2766 1044 2811 tam
1086 2757 1154 2829 ad
1198 2756 1505 2813 Nestorium
1551 2772 1711 2828 quam
1742 2755 1810 2811 ad

215 2859 439 2915 caeteros
471 2865 566 2921 per
595 2852 852 2908 orientem
882 2866 1144 2923 congruas
1186 2861 1239 2907 et
1268 2853 1368 2908 sibi
1410 2853 1810 2919 consentientes

214 2942 454 3012 suscepit
487 2941 606 3013 |U.,
658 2942 939 3015 suscipit],
995 2946 1061 3009 ad
1115 2945 1537 3007 confutationem
1595 2944 1811 3015 quidem

216 3031 550 3097 Ne5toriana:
599 3037 852 3105 amentia
877 3078 892 3102 ,
939 3037 1434 3107 interpretationem
1468 3051 1595 3091 vero
1624 3052 1811 3093 eorum

217 3126 304 3197 qui
339 3126 595 3198 religioso
638 3128 759 3191 zelo,
804 3129 1053 3197 salutaris
1097 3128 1327 3198 symboli
1356 3128 1576 3201 cupiunt
1604 3129 1809 3195 intelle-

1924 1914 2025 1971 tuit
2058 1928 2245 1973 sancta
2278 1928 2332 1974 et
2358 1921 2676 1979 universalis
2716 1927 2953 1996 synodus
2984 1926 3142 1983 aliam
3195 1931 3351 1988 ﬁdem
3384 1931 3516 1988 nulli

1920 2005 2086 2063 licere
2119 2009 2383 2078 proferre,
2426 2024 2517 2069 aut
2547 2015 2805 2085 scribere,
2842 2028 2935 2073 aut
2962 2020 3144 2091 edere,
3176 2034 3267 2078 aut
3287 2038 3512 2093 sapere,

1920 2107 2012 2152 aut
2052 2099 2251 2158 docere
2303 2103 2493 2171 aliter;
2523 2106 2615 2174 qui
2644 2116 2821 2163 autem
2861 2110 3061 2167 audent
3113 2122 3204 2167 aut
3247 2098 3515 2183 exponere

1920 2189 2080 2247 aliaat
2113 2192 2274 2249 ﬁdem
2297 2234 2313 2262 ,
2351 2205 2441 2250 ant
2470 2195 2712 2266 proferre
2732 2240 2747 2267 ,
2802 2210 2894 2255 aut
2920 2201 3115 2258 docere
3135 2245 3148 2271 ,
3184 2213 3275 2263 aut
3306 2205 3517 2285 tradere

1920 2282 2061 2338 aliud
2101 2286 2405 2356 symbolum
2462 2289 2769 2346 volentibus
2815 2295 3061 2350 converti
3112 2295 3180 2351 ad
3235 2282 3515 2373 scientiam

1920 2376 2160 2431 veritatis
2190 2394 2255 2433 ex
2284 2378 2611 2450 Gentilibus,
2645 2398 2711 2438 ex
2749 2383 2952 2441 Judmis
2984 2387 3069 2443 vel
3104 2388 3370 2446 haereticis
3398 2392 3515 2460 qui-

1917 2464 2253 2539 buscnnque,
2278 2470 2323 2526 si
2346 2472 2561 2542 quidem
2591 2476 2829 2549 episc0pi
2851 2491 2941 2534 aut
2962 2480 3071 2554 98
3091 2481 3269 2538 clerici
3292 2482 3513 2559 fuerint,

1914 2557 2122 2613 alienos
2167 2574 2288 2615 esse
2337 2563 2622 2634 episcopos
2668 2566 2735 2622 ab
2775 2569 3088 2647 episcopatu
3128 2581 3182 2627 et
3227 2557 3514 2647 clericosa

1914 2648 2101 2705 clero:
2135 2653 2217 2707 sin
2247 2667 2375 2708 vero
2407 2656 2659 2712 monachi
2692 2660 2777 2714 vel
2806 2660 2928 2717 laici
2957 2660 3180 2731 fuerint,
3226 2650 3512 2733 anathema

1916 2742 2059 2799 fieri.

1916 2857 2132 2930 Regulae
2159 2862 2516 2935 ecclesiastich
2536 2866 2793 2935 ordinatio
2813 2885 2846 2925 α
2873 2886 3033 2941 supra
3062 2871 3248 2943 scripto
3274 2874 3513 2939 concilio.

1915 2970 1957 3028 1.
1995 2972 2076 3028 De
2114 2979 2393 3032 canonibus
2434 2981 2841 3054 uniuscujusque
2878 2986 3084 3040 concilii
3131 2991 3511 3047 conservandis.

1986 3087 2031 3142 A
2053 3088 2250 3143 sanctis
2272 3090 2518 3149 Patribus
2539 3094 2594 3149 in
2617 3111 2935 3169 unaquaque
2957 3099 3162 3171 synodo
3183 3116 3349 3174 usque
3372 3117 3513 3160 nunc

216 3179 359 3279 dtum
385 3238 401 3275 :
436 3179 632 3290 quibus
660 3222 766 3292 97
802 3230 855 3277 et
882 3220 1164 3292 episaolam
1211 3220 1382 3276 sancti
1415 3235 1477 3287 ac
1504 3200 1808 3287 beatissimi
1836 3196 1881 3260 (ἶ
1917 3179 2149 3292 promas
2179 3182 2388 3252 regulas
2419 3193 2603 3242 [onere
2630 3194 2939 3245 smuunus'

216 3314 405 3383 primae
434 3315 579 3371 sedis
608 3314 1007 3386 archiepiscopi,
1032 3314 1228 3371 Leonis
1249 3355 1264 3382 ,
1312 3314 1564 3384 scriptam
1595 3315 1662 3369 ad
1694 3314 1810 3387 Fla-

216 3408 432 3463 vianum
489 3418 691 3467 sanetae
754 3407 1145 3466 recordationis
1210 3409 1675 3478 archiepiscopum
1741 3408 1811 3465 ad

219 3503 589 3570 perimendum
639 3502 955 3574 Eutychetis
985 3504 1368 3573 malignitatem
1416 3518 1644 3574 qumque
1694 3519 1809 3558 ma-

215 3598 305 3668 gni
352 3598 500 3653 Petri
555 3599 879 3654 confessioni
947 3598 1274 3663 concordat,
1344 3608 1397 3653 et
1468 3613 1807 3667 communem

217 3690 505 3757 quamdam
549 3691 798 3761 paginam
830 3692 1153 3753 existentem
1200 3701 1386 3759 contra
1430 3706 1523 3753 eos
1567 3691 1657 3762 qui
1701 3706 1808 3747 non

215 3791 362 3837 recte
404 3783 708 3852 gloriﬁcent
750 3783 818 3838 ad
865 3785 1328 3839 conﬁrmationem
1358 3784 1633 3839 catholica:
1682 3784 1809 3839 reli-

215 3874 392 3944 gionis
430 3874 710 3931 evidenter
740 3875 1038 3944 subiunxit.
1083 3877 1220 3931 Nam
1250 3886 1303 3931 et
1332 3890 1424 3931 eos
1455 3879 1543 3945 qui
1574 3875 1630 3930 in
1673 3874 1809 3931 duos

214 3968 358 4022 filios
408 3968 827 4038 dispensationis
866 3971 1149 4027 dominica:
1198 3973 1510 4042 mysterium
1564 3972 1810 4031 scindere

216 4062 511 4117 moliuntur
531 4075 862 4130 exsecratur,
890 4073 945 4119 et
973 4079 1067 4120 eos
1090 4065 1179 4134 qui
1213 4065 1518 4134 passibilem
1551 4064 1811 4119 divinita-

214 4162 323 4210 tem
348 4154 609 4225 unigeniti
640 4154 765 4211 Filii
788 4155 988 4211 audent
1007 4170 1252 4215 asserere
1275 4157 1343 4211 de
1371 4156 1599 4211 concilio
1620 4171 1811 4212 sacer-

214 4245 398 4301 dotum
446 4247 687 4317 repellit,
737 4255 791 4303 et
834 4262 927 4303 eos
966 4249 1056 4319 qui
1100 4248 1152 4303 in
1202 4248 1335 4304 duas
1364 4256 1584 4303 naturas
1611 4250 1811 4306 Christi

217 4346 699 4409 temperamentum
734 4341 815 4395 vel
852 4340 1221 4398 confusionem
1250 4350 1691 4413 argumentantur
1711 4342 1808 4397 ad-

219 4442 479 4500 versatur,
508 4443 562 4489 et
599 4434 687 4506 qui
714 4437 989 4491 ccelestem
1033 4445 1127 4491 aut
1152 4438 1374 4493 alterius
1396 4437 1654 4509 cujusque
1680 4438 1808 4493 sub-

221 4527 467 4583 stantiam
508 4528 741 4585 existere
789 4529 1014 4585 formam
1058 4532 1199 4586 servi
1234 4546 1391 4601 quam
1425 4547 1489 4586 ex
1522 4532 1675 4587 nobis
1720 4546 1803 4588 as-

1944 3289 2017 3346 ll.
2046 3291 2194 3359 Quod
2216 3310 2319 3377 non
2341 3306 2569 3377 oporteat
2590 3302 2853 3377 episr0pos
2888 3312 2977 3358 aut
2993 3306 3238 3377 quoslibet
3259 3323 3322 3362 ex
3340 3308 3476 3364 clero

2234 3366 2489 3441 [clericos]
2522 3366 2880 3443 per-pecunias
2916 3366 3164 3432 ordinari.

1982 3475 2037 3533 Si
2064 3474 2184 3547 quis
2211 3478 2584 3550 episc0porum
2613 3496 2827 3557 accepta
2859 3488 3081 3557 pecunia
3114 3488 3511 3561 ordinationem

1910 3568 2101 3627 fecerit
2121 3580 2177 3625 et
2201 3571 2251 3625 in
2276 3576 2719 3633 nundinationem
2748 3579 3030 3636 deduxerit
3054 3583 3510 3653 inappretiahilem

1910 3671 2158 3740 gratiam,
2176 3680 2335 3743 atque
2357 3671 2685 3727 ordinaverit
2702 3672 3009 3743 episc0pum
3031 3674 3144 3732 sive
3165 3660 3509 3749 chorepisco?

1911 3774 2060 3832 pum,
2082 3778 2175 3818 seu
2202 3763 2596 3836 presbyterum,
2615 3778 2706 3818 seu
2720 3764 3000 3821 diaconum
3026 3774 3119 3821 aut
3143 3783 3514 3845 quemcunque

1911 3857 2075 3909 alium
2102 3856 2193 3927 qui
2215 3858 2633 3913 connuttteratur
2660 3856 2800 3912 inter
2828 3857 3052 3913 clericos
3082 3869 3171 3913 aut
3190 3870 3406 3930 accepta
3431 3877 3516 3941 pe-

1913 3947 2067 4002 cunia
2098 3950 2423 4005 ordinaverit
2452 3965 2821 4013 mconomum,
2848 3950 3191 4007 defensorem
3215 3955 3330 4011 sive
3363 3965 3511 4021 para.

1913 4041 2210 4095 monarium
2232 4060 2245 4107 ;
2265 4043 2561 4121 quiwnque
2575 4059 2703 4113 ergo
2727 4044 2841 4098 lucc
2868 4044 3173 4117 tentaverit,
3190 4043 3307 4103 sive
3326 4046 3514 4123 convi-

1913 4140 2030 4188 ctus
2049 4132 2229 4215 fuerit,
2244 4132 2358 4203 ipse
2379 4118 2593 4205 quidem
2616 4135 2806 4191 subeat
2828 4135 2853 4173 δ
2876 4137 3074 4208 gradus
3088 4137 3171 4207 sui
3185 4118 3508 4213 periculum;

1912 4235 1965 4280 et
1985 4226 2073 4297 qui
2098 4228 2177 4282 sic
2199 4212 2476 4282 Ordinatur
2519 4227 2721 4287 nullum
2752 4228 2943 4286 haheat
2976 4229 3206 4309 fructum
3236 4247 3298 4287 ex
3326 4212 3512 4305 hujus-

1913 4318 2055 4373 modi
2110 4318 2506 4374 mercimoniot=
2541 4326 2595 4373 et
2641 4320 2910 4395 creatione
2958 4322 3249 4392 probrosa,
3301 4323 3396 4379 sed
3442 4324 3514 4380 sit

1911 4410 2119 4466 alienus
2148 4420 2202 4466 et
2244 4411 2516 4481 dignitatis
2542 4422 2597 4468 et
2639 4412 3015 4477 sollicitudinis
3042 4400 3157 4486 ejus
3205 4432 3361 4486 quam
3415 4432 3512 4488 per

1913 4506 2161 4574 pecunias
2199 4505 2507 4576 impetravit
2532 4521 2548 4562 :
2577 4508 2753 4569 sedet
2783 4506 2879 4569 ille
2910 4510 3007 4578 qui
3047 4512 3109 4566 in
3134 4511 3216 4567 his
3246 4521 3352 4567 tam
3400 4521 3511 4567 tur-

223 4618 444 4687 ευηιρεει
470 4583 785 4676 insano
820 4583 1671 4695 staturiagiifagar;gi
1707 4583 1804 4681 ea
1832 4583 1887 4645 ι)
1912 4599 2065 4695 pomus
2091 4606 2143 4654 ει
2183 4597 2379 4695 suae
2401 4598 2561 4695 acris
2585 4597 3209 4695 merces-serenam“.
3242 4604 3506 4695 εεςυίιιεηι

223 4712 306 4780 qui
334 4712 467 4770 duas
514 4716 731 4785 quidem
763 4726 887 4772 ante
918 4718 1295 4773 adunationem
1341 4728 1559 4774 naturas
1590 4718 1808 4775 Domini

225 4805 487 4875 delirant,
520 4825 680 4867 unam
707 4825 837 4868 vero
880 4821 1001 4883 post
1024 4812 1405 4870 adunationem
1445 4814 1762 4885 conﬁngunt
1786 4854 1804 4885 ,

224 4900 498 4957 anathema
526 4901 670 4959 facit.

287 4994 696 5056 Consentientes
728 5000 887 5071 igitur
919 5002 1117 5058 sanctis
1155 5001 1399 5059 Patribus
1441 5018 1609 5058 unum
1654 5017 1808 5059 eum-
1900 5046 1901 5049 η

224 5086 439 5162 demque
494 5092 687 5148 Filium
735 5096 979 5151 conﬁteri
1013 5096 1301 5153 Dominum
1346 5109 1590 5154 nostrum
1620 5098 1805 5154 Jesum

226 5180 480 5243 Christum
536 5202 769 5243 consona
820 5196 956 5245 voce
1010 5190 1215 5260 pariter
1242 5192 1569 5249 edocemnr:
1624 5192 1804 5263 perfe-

226 5284 355 5334 ctum
378 5282 627 5338 eumdem
677 5283 730 5339 in
782 5283 1097 5351 divinitate,
1140 5288 1433 5355 perfectum
1472 5289 1720 5345 eumdem
1751 5289 1804 5343 in

227 5363 563 5443 humanitate,
583 5376 747 5433 Deum
765 5392 948 5433 verum
973 5377 1308 5435 ethominem
1324 5396 1531 5448 verum,
1554 5382 1804 5437 eumdem

227 5454 285 5537 ea
306 5468 470 5525 anima
497 5470 744 5526 rationali
774 5482 829 5527 et
856 5486 1081 5542 corpore
1108 5515 1122 5541 ,
1153 5474 1446 5529 secundum
1466 5475 1802 5532 divinitatem

230 5558 371 5615 unius
399 5575 517 5617 cum
569 5562 728 5620 Patre
780 5571 984 5621 natura:
1008 5608 1023 5635 ,
1052 5565 1368 5621 secundum
1416 5565 1803 5624 humanitatem

232 5652 459 5717 eumdem
483 5656 639 5714 unius
664 5666 872 5715 natura:
900 5658 1198 5730 nobiscum,
1235 5673 1332 5729 per
1357 5658 1537 5715 omnia
1568 5659 1802 5716 similem
1834 5726 1863 5733 __

296 5787 321 5862 ς
352 5782 436 5862 ρ..
464 5786 556 5862 (ξι,
581 5785 895 5862 tramae
922 5790 1258 5862 unigenitum.
1415 5846 1431 5856 ,

296 5844 322 5888 ι’
354 5844 435 5912 δι’
457 5844 730 5929 κείρω..
762 5844 826 5920 υς
856 5844 1346 5939 iniféiiéiiduts
1372 5878 1387 5924 :
1415 5846 1699 5937 iubjaccal.

1908 4693 2136 4750 clericus
2195 4690 2385 4760 fuerin,
2414 4689 2483 4748 de
2512 4691 2729 4762 proprio
2777 4690 2990 4750 decidat
3026 4694 3232 4763 gradu;
3283 4694 3331 4751 si
3380 4710 3508 4755 vero

1908 4788 2085 4855 laicus
2105 4787 2220 4842 sive
2244 4788 2562 4855 monachus,
2594 4785 2879 4845 anathema
2907 4786 2996 4845 sit.

1908 4900 1999 4957 lii.
2043 4900 2196 4968 Quod
2234 4915 2336 4953 non
2380 4907 2608 4970 aportcat
2648 4899 2943 4970 episcopos,
2995 4900 3204 4957 clericos
3232 4890 3289 4957 ἐι
3320 4896 3500 4959 ηιοηιιη

2069 4972 2192 5026 chos
2221 4970 2415 5041 prredia
2443 4969 2715 5033 saecularia
2741 4971 2817 5024 uel
2851 4987 3033 5027 causas
3061 4975 3337 5045 suscipere.

1979 5083 2235 5145 Pervenit
2272 5084 2327 5140 in
2354 5096 2594 5140 sanctam
2626 5085 2910 5156 synodum,
2957 5087 3078 5157 quia
3104 5089 3172 5144 de
3202 5089 3286 5142 his
3326 5087 3415 5157 qui
3448 5085 3501 5140 in

1908 5182 2057 5239 clero
2107 5187 2561 5243 connumerantur
2615 5181 2831 5251 quidam
2889 5193 3110 5252 propter
3154 5182 3327 5251 turpis
3369 5177 3498 5234 lucri

1909 5275 2131 5347 gratiam
2160 5273 2391 5327 aliorum
2414 5272 2816 5342 possessionum
2846 5273 3231 5330 eonductiones
3270 5282 3323 5327 et
3365 5286 3504 5327 cau-

1910 5382 1999 5422 sas
2053 5364 2344 5421 satculares
2381 5365 2696 5436 suscipiant,
2728 5376 2784 5422 et
2823 5380 2885 5421 se
2921 5367 3065 5435 ipsos
3092 5362 3305 5435 quidem
3335 5380 3364 5419 a
3396 5364 3500 5419 mi-

1909 5459 2143 5515 nisteriis
2171 5459 2370 5513 sanctis
2426 5473 2521 5528 per
2563 5458 2819 5515 desidiam
2862 5465 3145 5527 separant,
3193 5456 3260 5511 ad
3313 5456 3501 5514 domos

1908 5564 2083 5607 autem
2115 5551 2452 5607 smcularium
2503 5558 2825 5606 concurrant
2854 5558 2908 5601 et
2954 5546 3374 5604 substantiarum
3408 5564 3502 5605 eo-

1907 5661 2025 5703 rum
2052 5644 2467 5716 gubernatioues
2501 5643 2739 5699 avaritiae
2768 5652 2930 5694 causa
2958 5639 3269 5711 suscipiant.
3309 5642 3503 5698 Decrec

1981 5800 2002 5829 ε
2028 5783 2117 5853 U.,
2151 5784 2496 5846 macimom‘o,
2528 5778 2617 5832 sed
2643 5769 2992 5843 exsecratione
3022 5780 3268 5854 probroso
3292 5775 3507 5833 sitatis.

1906 5876 2021 5919 nus.
