  <div class='ocr_page' id='page_1' title='image "/cluster/home/n/w/nwhite01/storage/ocr_20150623/84/hvd.32044015547136/089.png"; bbox 0 0 4086 6358; ppageno 0'>
   <div class='ocr_carea' id='block_1_1' title="bbox 593 337 692 395">
    <p class='ocr_par' dir='ltr' id='par_1_1' title="bbox 593 337 692 395">
     <span class='ocr_line' id='line_1_1' title="bbox 593 337 692 395; baseline -0.051 1"><span class='ocrx_word' id='word_1_1' title='bbox 593 337 692 395; x_wconf 76' lang='grc'><strong>167</strong></span> 
     </span>
    </p>
   </div>
   <div class='ocr_carea' id='block_1_2' title="bbox 1297 331 2157 401">
    <p class='ocr_par' dir='ltr' id='par_1_2' title="bbox 1297 331 2136 392">
     <span class='ocr_line' id='line_1_2' title="bbox 1297 331 2136 392; baseline 0.004 -3"><span class='ocrx_word' id='word_1_2' title='bbox 1297 331 1675 391; x_wconf 67' lang='grc' dir='ltr'><strong>ευιιιεοτιο</strong></span> <span class='ocrx_word' id='word_1_3' title='bbox 1711 332 2040 392; x_wconf 77' lang='lat' dir='ltr'><strong>CANONUM</strong></span> <span class='ocrx_word' id='word_1_4' title='bbox 2078 335 2136 392; x_wconf 88' lang='lat' dir='ltr'><strong>S.</strong></span> 
     </span>
    </p>
   </div>
   <div class='ocr_carea' id='block_1_3' title="bbox 2260 331 3153 401">
    <p class='ocr_par' dir='ltr' id='par_1_3' title="bbox 2260 337 3153 401">
     <span class='ocr_line' id='line_1_3' title="bbox 2260 337 3153 401; baseline 0.007 -7"><span class='ocrx_word' id='word_1_5' title='bbox 2260 337 2447 396; x_wconf 69' lang='lat' dir='ltr'><strong>D080</strong></span> <span class='ocrx_word' id='word_1_6' title='bbox 2488 338 2754 399; x_wconf 82' lang='lat' dir='ltr'><strong>IIISPAL.</strong></span> <span class='ocrx_word' id='word_1_7' title='bbox 2795 341 3153 401; x_wconf 74' lang='lat' dir='ltr'><strong>ASCRIPTA.</strong></span> 
     </span>
    </p>
   </div>
   <div class='ocr_carea' id='block_1_4' title="bbox 3761 352 3876 414">
    <p class='ocr_par' dir='ltr' id='par_1_4' title="bbox 3761 352 3876 414">
     <span class='ocr_line' id='line_1_4' title="bbox 3761 352 3876 414; baseline -0.009 0"><span class='ocrx_word' id='word_1_8' title='bbox 3761 352 3876 414; x_wconf 71' lang='grc'><strong>168</strong></span> 
     </span>
    </p>
   </div>
   <div class='ocr_carea' id='block_1_5' title="bbox 591 443 3876 533">
    <p class='ocr_par' dir='ltr' id='par_1_5' title="bbox 591 443 3876 533">
     <span class='ocr_line' id='line_1_5' title="bbox 591 443 3876 533; baseline 0.007 -32"><span class='ocrx_word' id='word_1_9' title='bbox 591 449 669 504; x_wconf 87' lang='lat' dir='ltr'><strong>vit</strong></span> <span class='ocrx_word' id='word_1_10' title='bbox 717 447 876 520; x_wconf 72' lang='lat' dir='ltr'><strong>igitur</strong></span> <span class='ocrx_word' id='word_1_11' title='bbox 901 452 1090 504; x_wconf 82' lang='lat' dir='ltr'><strong>sancta</strong></span> <span class='ocrx_word' id='word_1_12' title='bbox 1133 450 1193 502; x_wconf 84' lang='lat' dir='ltr'><strong>et</strong></span> <span class='ocrx_word' id='word_1_13' title='bbox 1236 458 1423 514; x_wconf 74' lang='lat' dir='ltr'><strong>magna</strong></span> <span class='ocrx_word' id='word_1_14' title='bbox 1458 443 1694 515; x_wconf 80' lang='lat' dir='ltr'><strong>synodus</strong></span> <span class='ocrx_word' id='word_1_15' title='bbox 1721 447 1993 502; x_wconf 88' lang='lat' dir='ltr'><strong>neminem</strong></span> <span class='ocrx_word' id='word_1_16' title='bbox 2019 449 2174 503; x_wconf 80' lang='lat' dir='ltr'><strong>dein-</strong></span> <span class='ocrx_word' id='word_1_17' title='bbox 2203 465 2257 524; x_wconf 73' lang='grc' dir='ltr'><strong>Α</strong></span> <span class='ocrx_word' id='word_1_18' title='bbox 2283 454 2534 512; x_wconf 88' lang='lat' dir='ltr'><strong>nasteriis</strong></span> <span class='ocrx_word' id='word_1_19' title='bbox 2561 498 2577 524; x_wconf 94' lang='lat'><strong>,</strong></span> <span class='ocrx_word' id='word_1_20' title='bbox 2627 457 2966 514; x_wconf 81' lang='lat' dir='ltr'><strong>decrevimus</strong></span> <span class='ocrx_word' id='word_1_21' title='bbox 2994 474 3170 531; x_wconf 88' lang='lat' dir='ltr'><strong>neque</strong></span> <span class='ocrx_word' id='word_1_22' title='bbox 3211 459 3281 516; x_wconf 91' lang='lat' dir='ltr'><strong>ad</strong></span> <span class='ocrx_word' id='word_1_23' title='bbox 3318 461 3563 518; x_wconf 74' lang='lat' dir='ltr'><strong>militiam</strong></span> <span class='ocrx_word' id='word_1_24' title='bbox 3597 477 3774 533; x_wconf 86' lang='lat' dir='ltr'><strong>neque</strong></span> <span class='ocrx_word' id='word_1_25' title='bbox 3799 465 3876 527; x_wconf 71' lang='lat' dir='ltr'><strong>ad</strong></span> 
     </span>
    </p>
   </div>
   <div class='ocr_carea' id='block_1_6' title="bbox 587 535 2176 610">
    <p class='ocr_par' dir='ltr' id='par_1_6' title="bbox 587 535 2176 610">
     <span class='ocr_line' id='line_1_6' title="bbox 587 535 2176 610; baseline -0.001 -13"><span class='ocrx_word' id='word_1_26' title='bbox 587 553 717 610; x_wconf 87' lang='lat' dir='ltr'><strong>ceps</strong></span> <span class='ocrx_word' id='word_1_27' title='bbox 747 538 961 607; x_wconf 90' lang='lat' dir='ltr'><strong>horum,</strong></span> <span class='ocrx_word' id='word_1_28' title='bbox 1001 536 1104 593; x_wconf 93' lang='lat' dir='ltr'><strong>hoc</strong></span> <span class='ocrx_word' id='word_1_29' title='bbox 1127 544 1237 603; x_wconf 86' lang='lat' dir='ltr'><strong>est,</strong></span> <span class='ocrx_word' id='word_1_30' title='bbox 1269 535 1602 606; x_wconf 85' lang='lat' dir='ltr'><strong>episcopum,</strong></span> <span class='ocrx_word' id='word_1_31' title='bbox 1632 537 1747 594; x_wconf 91' lang='lat' dir='ltr'><strong>sive</strong></span> <span class='ocrx_word' id='word_1_32' title='bbox 1774 539 2049 606; x_wconf 90' lang='lat' dir='ltr'><strong>clericum,</strong></span> <span class='ocrx_word' id='word_1_33' title='bbox 2081 551 2176 596; x_wconf 90' lang='lat' dir='ltr'><strong>aut</strong></span> 
     </span>
    </p>
   </div>
   <div class='ocr_carea' id='block_1_7' title="bbox 587 628 2175 698">
    <p class='ocr_par' dir='ltr' id='par_1_7' title="bbox 587 628 2175 698">
     <span class='ocr_line' id='line_1_7' title="bbox 587 628 2175 698; baseline 0.001 -10"><span class='ocrx_word' id='word_1_34' title='bbox 587 631 910 689; x_wconf 88' lang='lat' dir='ltr'><strong>monachum</strong></span> <span class='ocrx_word' id='word_1_35' title='bbox 955 637 980 666; x_wconf 74' lang='grc' dir='ltr'>α</span> <span class='ocrx_word' id='word_1_36' title='bbox 1018 628 1316 684; x_wconf 80' lang='lat' dir='ltr'><strong>conducere</strong></span> <span class='ocrx_word' id='word_1_37' title='bbox 1341 628 1713 698; x_wconf 84' lang='lat' dir='ltr'><strong>possessiones</strong></span> <span class='ocrx_word' id='word_1_38' title='bbox 1740 643 1831 684; x_wconf 88' lang='lat' dir='ltr'><strong>aut</strong></span> <span class='ocrx_word' id='word_1_39' title='bbox 1861 632 2089 689; x_wconf 82' lang='lat' dir='ltr'><strong>miscere</strong></span> <span class='ocrx_word' id='word_1_40' title='bbox 2116 649 2175 690; x_wconf 86' lang='lat' dir='ltr'><strong>se</strong></span> 
     </span>
    </p>
   </div>
   <div class='ocr_carea' id='block_1_8' title="bbox 586 719 2174 796">
    <p class='ocr_par' dir='ltr' id='par_1_8' title="bbox 586 719 2174 796">
     <span class='ocr_line' id='line_1_8' title="bbox 586 719 2174 796; baseline 0.001 -16"><span class='ocrx_word' id='word_1_41' title='bbox 586 723 929 780; x_wconf 72' lang='lat' dir='ltr'><strong>saicularibus</strong></span> <span class='ocrx_word' id='word_1_42' title='bbox 967 719 1425 792; x_wconf 74' lang='lat' dir='ltr'><strong>procurationibus</strong></span> <span class='ocrx_word' id='word_1_43' title='bbox 1469 737 1648 791; x_wconf 86' lang='lat' dir='ltr'><strong>posse,</strong></span> <span class='ocrx_word' id='word_1_44' title='bbox 1681 722 1782 777; x_wconf 89' lang='lat' dir='ltr'><strong>nisi</strong></span> <span class='ocrx_word' id='word_1_45' title='bbox 1811 726 1946 780; x_wconf 83' lang='lat' dir='ltr'><strong>torte</strong></span> <span class='ocrx_word' id='word_1_46' title='bbox 1975 723 2066 796; x_wconf 86' lang='lat' dir='ltr'><strong>qui</strong></span> <span class='ocrx_word' id='word_1_47' title='bbox 2097 726 2174 782; x_wconf 85' lang='lat' dir='ltr'><strong>lc-</strong></span> 
     </span>
    </p>
   </div>
   <div class='ocr_carea' id='block_1_9' title="bbox 585 817 2173 891">
    <p class='ocr_par' dir='ltr' id='par_1_9' title="bbox 585 817 2173 891">
     <span class='ocr_line' id='line_1_9' title="bbox 585 817 2173 891; baseline 0.001 -17"><span class='ocrx_word' id='word_1_48' title='bbox 585 820 742 891; x_wconf 74' lang='lat' dir='ltr'><strong>gibus</strong></span> <span class='ocrx_word' id='word_1_49' title='bbox 793 819 861 874; x_wconf 88' lang='lat' dir='ltr'><strong>ad</strong></span> <span class='ocrx_word' id='word_1_50' title='bbox 907 817 1176 872; x_wconf 90' lang='lat' dir='ltr'><strong>minorum</strong></span> <span class='ocrx_word' id='word_1_51' title='bbox 1202 825 1421 871; x_wconf 67' lang='lat' dir='ltr'><strong>aetatum</strong></span> <span class='ocrx_word' id='word_1_52' title='bbox 1474 817 1665 872; x_wconf 83' lang='lat' dir='ltr'><strong>tutelas</strong></span> <span class='ocrx_word' id='word_1_53' title='bbox 1712 818 1827 874; x_wconf 86' lang='lat' dir='ltr'><strong>sive</strong></span> <span class='ocrx_word' id='word_1_54' title='bbox 1867 820 2173 875; x_wconf 78' lang='lat' dir='ltr'><strong>curationes</strong></span> 
     </span>
    </p>
   </div>
   <div class='ocr_carea' id='block_1_10' title="bbox 583 907 2173 979">
    <p class='ocr_par' dir='ltr' id='par_1_10' title="bbox 583 907 2173 979">
     <span class='ocr_line' id='line_1_10' title="bbox 583 907 2173 979; baseline -0.001 -9"><span class='ocrx_word' id='word_1_55' title='bbox 583 910 976 970; x_wconf 80' lang='lat' dir='ltr'><strong>ittexcusahiles</strong></span> <span class='ocrx_word' id='word_1_56' title='bbox 1027 907 1399 974; x_wconf 74' lang='lat' dir='ltr'><strong>attrahuntur,</strong></span> <span class='ocrx_word' id='word_1_57' title='bbox 1450 917 1542 962; x_wconf 92' lang='lat' dir='ltr'><strong>aut</strong></span> <span class='ocrx_word' id='word_1_58' title='bbox 1585 909 1668 963; x_wconf 93' lang='lat' dir='ltr'><strong>cui</strong></span> <span class='ocrx_word' id='word_1_59' title='bbox 1717 909 1888 979; x_wconf 89' lang='lat' dir='ltr'><strong>ipsius</strong></span> <span class='ocrx_word' id='word_1_60' title='bbox 1940 911 2173 968; x_wconf 71' lang='lat' dir='ltr'><strong>civitatis</strong></span> 
     </span>
    </p>
   </div>
   <div class='ocr_carea' id='block_1_11' title="bbox 584 1002 2173 1077">
    <p class='ocr_par' dir='ltr' id='par_1_11' title="bbox 584 1002 2173 1077">
     <span class='ocr_line' id='line_1_11' title="bbox 584 1002 2173 1077; baseline -0.001 -15"><span class='ocrx_word' id='word_1_61' title='bbox 584 1005 864 1077; x_wconf 87' lang='lat' dir='ltr'><strong>cpiscopus</strong></span> <span class='ocrx_word' id='word_1_62' title='bbox 892 1002 1383 1060; x_wconf 82' lang='lat' dir='ltr'><strong>ecclesiasticarum</strong></span> <span class='ocrx_word' id='word_1_63' title='bbox 1411 1017 1590 1058; x_wconf 89' lang='lat' dir='ltr'><strong>rerum</strong></span> <span class='ocrx_word' id='word_1_64' title='bbox 1617 1003 1949 1060; x_wconf 90' lang='lat' dir='ltr'><strong>commiserit</strong></span> <span class='ocrx_word' id='word_1_65' title='bbox 1976 1005 2173 1076; x_wconf 74' lang='lat' dir='ltr'><strong>guber-</strong></span> 
     </span>
    </p>
   </div>
   <div class='ocr_carea' id='block_1_12' title="bbox 549 1095 2170 1173">
    <p class='ocr_par' dir='ltr' id='par_1_12' title="bbox 549 1095 2170 1173">
     <span class='ocr_line' id='line_1_12' title="bbox 549 1095 2170 1173; baseline -0.002 -18"><span class='ocrx_word' id='word_1_66' title='bbox 549 1095 792 1173; x_wconf 61' lang='lat' dir='ltr'><strong>jnacula,</strong></span> <span class='ocrx_word' id='word_1_67' title='bbox 821 1097 904 1153; x_wconf 86' lang='lat' dir='ltr'><strong>vel</strong></span> <span class='ocrx_word' id='word_1_68' title='bbox 931 1097 1298 1168; x_wconf 86' lang='lat' dir='ltr'><strong>otphanorum</strong></span> <span class='ocrx_word' id='word_1_69' title='bbox 1343 1107 1436 1150; x_wconf 90' lang='lat' dir='ltr'><strong>aut</strong></span> <span class='ocrx_word' id='word_1_70' title='bbox 1461 1095 1740 1152; x_wconf 84' lang='lat' dir='ltr'><strong>vtdnarunt</strong></span> <span class='ocrx_word' id='word_1_71' title='bbox 1768 1110 1887 1166; x_wconf 68' lang='lat' dir='ltr'><strong>qua:</strong></span> <span class='ocrx_word' id='word_1_72' title='bbox 1930 1096 2170 1153; x_wconf 78' lang='lat' dir='ltr'><strong>indefen-</strong></span> 
     </span>
    </p>
   </div>
   <div class='ocr_carea' id='block_1_13' title="bbox 548 1183 2171 1256">
    <p class='ocr_par' dir='ltr' id='par_1_13' title="bbox 548 1183 2171 1256">
     <span class='ocr_line' id='line_1_13' title="bbox 548 1183 2171 1256; baseline 0 -14"><span class='ocrx_word' id='word_1_73' title='bbox 548 1183 656 1247; x_wconf 66' lang='grc' dir='ltr'><strong>ἔδω</strong></span> <span class='ocrx_word' id='word_1_74' title='bbox 699 1185 877 1245; x_wconf 67' lang='grc' dir='ltr'>διιιιιδ</span> <span class='ocrx_word' id='word_1_75' title='bbox 919 1198 1011 1244; x_wconf 90' lang='lat' dir='ltr'><strong>aut</strong></span> <span class='ocrx_word' id='word_1_76' title='bbox 1039 1202 1224 1243; x_wconf 85' lang='lat' dir='ltr'><strong>carum</strong></span> <span class='ocrx_word' id='word_1_77' title='bbox 1257 1200 1605 1256; x_wconf 89' lang='lat' dir='ltr'><strong>personarum</strong></span> <span class='ocrx_word' id='word_1_78' title='bbox 1629 1201 1750 1256; x_wconf 68' lang='lat' dir='ltr'><strong>quae</strong></span> <span class='ocrx_word' id='word_1_79' title='bbox 1798 1186 2036 1242; x_wconf 76' lang='lat' dir='ltr'><strong>maxime</strong></span> <span class='ocrx_word' id='word_1_80' title='bbox 2082 1201 2171 1242; x_wconf 88' lang='lat' dir='ltr'><strong>ec-</strong></span> 
     </span>
    </p>
   </div>
   <div class='ocr_carea' id='block_1_14' title="bbox 577 1277 2169 1351">
    <p class='ocr_par' dir='ltr' id='par_1_14' title="bbox 577 1277 2169 1351">
     <span class='ocr_line' id='line_1_14' title="bbox 577 1277 2169 1351; baseline -0.004 -13"><span class='ocrx_word' id='word_1_81' title='bbox 577 1282 883 1338; x_wconf 88' lang='lat' dir='ltr'><strong>clesiastico</strong></span> <span class='ocrx_word' id='word_1_82' title='bbox 929 1281 1168 1351; x_wconf 74' lang='lat' dir='ltr'><strong>indigent</strong></span> <span class='ocrx_word' id='word_1_83' title='bbox 1196 1280 1308 1350; x_wconf 80' lang='lat'><strong>99</strong></span> <span class='ocrx_word' id='word_1_84' title='bbox 1335 1277 1659 1334; x_wconf 90' lang='lat' dir='ltr'><strong>adminiculo</strong></span> <span class='ocrx_word' id='word_1_85' title='bbox 1691 1290 1738 1346; x_wconf 76' lang='grc' dir='ltr'><strong>ε,</strong></span> <span class='ocrx_word' id='word_1_86' title='bbox 1769 1288 1987 1348; x_wconf 88' lang='lat' dir='ltr'><strong>pr0pter</strong></span> <span class='ocrx_word' id='word_1_87' title='bbox 2013 1278 2169 1332; x_wconf 92' lang='lat' dir='ltr'><strong>timo-</strong></span> 
     </span>
    </p>
   </div>
   <div class='ocr_carea' id='block_1_15' title="bbox 574 1369 2166 1442">
    <p class='ocr_par' dir='ltr' id='par_1_15' title="bbox 574 1369 2166 1442">
     <span class='ocr_line' id='line_1_15' title="bbox 574 1369 2166 1442; baseline -0.004 -11"><span class='ocrx_word' id='word_1_88' title='bbox 574 1388 690 1431; x_wconf 83' lang='lat' dir='ltr'><strong>rem</strong></span> <span class='ocrx_word' id='word_1_89' title='bbox 724 1373 841 1429; x_wconf 84' lang='lat' dir='ltr'><strong>Dei.</strong></span> <span class='ocrx_word' id='word_1_90' title='bbox 863 1372 919 1429; x_wconf 87' lang='lat' dir='ltr'><strong>Si</strong></span> <span class='ocrx_word' id='word_1_91' title='bbox 943 1374 1064 1442; x_wconf 90' lang='lat' dir='ltr'><strong>quis</strong></span> <span class='ocrx_word' id='word_1_92' title='bbox 1084 1385 1214 1427; x_wconf 89' lang='lat' dir='ltr'><strong>vero</strong></span> <span class='ocrx_word' id='word_1_93' title='bbox 1237 1381 1602 1442; x_wconf 76' lang='lat' dir='ltr'><strong>transgressus</strong></span> <span class='ocrx_word' id='word_1_94' title='bbox 1625 1369 1786 1425; x_wconf 80' lang='lat' dir='ltr'><strong>fuerit</strong></span> <span class='ocrx_word' id='word_1_95' title='bbox 1805 1379 2002 1426; x_wconf 89' lang='lat' dir='ltr'><strong>statuta</strong></span> <span class='ocrx_word' id='word_1_96' title='bbox 2030 1369 2166 1439; x_wconf 72' lang='lat' dir='ltr'><strong>haec,</strong></span> 
     </span>
    </p>
   </div>
   <div class='ocr_carea' id='block_1_16' title="bbox 575 1463 1633 1534">
    <p class='ocr_par' dir='ltr' id='par_1_16' title="bbox 575 1463 1633 1534">
     <span class='ocr_line' id='line_1_16' title="bbox 575 1463 1633 1534; baseline -0.007 -10"><span class='ocrx_word' id='word_1_97' title='bbox 575 1465 956 1524; x_wconf 74' lang='lat' dir='ltr'><strong>ecclesiastica:</strong></span> <span class='ocrx_word' id='word_1_98' title='bbox 981 1464 1306 1534; x_wconf 87' lang='lat' dir='ltr'><strong>correptioui</strong></span> <span class='ocrx_word' id='word_1_99' title='bbox 1338 1463 1633 1532; x_wconf 89' lang='lat' dir='ltr'><strong>subjaceat.</strong></span> 
     </span>
    </p>
   </div>
   <div class='ocr_carea' id='block_1_17' title="bbox 575 1577 2167 1649">
    <p class='ocr_par' dir='ltr' id='par_1_17' title="bbox 575 1577 2167 1649">
     <span class='ocr_line' id='line_1_17' title="bbox 575 1577 2167 1649; baseline -0.001 -13"><span class='ocrx_word' id='word_1_100' title='bbox 575 1578 664 1637; x_wconf 81' lang='grc' dir='ltr'><strong>ιν.</strong></span> <span class='ocrx_word' id='word_1_101' title='bbox 719 1577 800 1634; x_wconf 85' lang='lat' dir='ltr'><strong>De</strong></span> <span class='ocrx_word' id='word_1_102' title='bbox 849 1577 1040 1634; x_wconf 83' lang='lat' dir='ltr'><strong>honore</strong></span> <span class='ocrx_word' id='word_1_103' title='bbox 1092 1578 1353 1632; x_wconf 86' lang='lat' dir='ltr'><strong>monachis</strong></span> <span class='ocrx_word' id='word_1_104' title='bbox 1393 1587 1702 1649; x_wconf 80' lang='lat' dir='ltr'><strong>competente</strong></span> <span class='ocrx_word' id='word_1_105' title='bbox 1721 1587 1768 1632; x_wconf 88' lang='lat' dir='ltr'><strong>et</strong></span> <span class='ocrx_word' id='word_1_106' title='bbox 1798 1588 1851 1633; x_wconf 80' lang='lat' dir='ltr'><strong>ut</strong></span> <span class='ocrx_word' id='word_1_107' title='bbox 1882 1578 2054 1634; x_wconf 86' lang='lat' dir='ltr'><strong>nullus</strong></span> <span class='ocrx_word' id='word_1_108' title='bbox 2083 1597 2167 1635; x_wconf 81' lang='lat' dir='ltr'><strong>eo-</strong></span> 
     </span>
    </p>
   </div>
   <div class='ocr_carea' id='block_1_18' title="bbox 644 1651 2167 1722">
    <p class='ocr_par' dir='ltr' id='par_1_18' title="bbox 644 1651 2167 1722">
     <span class='ocr_line' id='line_1_18' title="bbox 644 1651 2167 1722; baseline 0.002 -18"><span class='ocrx_word' id='word_1_109' title='bbox 644 1668 760 1704; x_wconf 86' lang='lat' dir='ltr'><strong>rum</strong></span> <span class='ocrx_word' id='word_1_110' title='bbox 809 1659 962 1704; x_wconf 87' lang='lat' dir='ltr'><strong>tentet</strong></span> <span class='ocrx_word' id='word_1_111' title='bbox 1007 1651 1350 1704; x_wconf 87' lang='lat' dir='ltr'><strong>ecclesiastica</strong></span> <span class='ocrx_word' id='word_1_112' title='bbox 1404 1658 1491 1701; x_wconf 89' lang='lat' dir='ltr'><strong>aut</strong></span> <span class='ocrx_word' id='word_1_113' title='bbox 1546 1651 1816 1704; x_wconf 74' lang='lat' dir='ltr'><strong>swcularia</strong></span> <span class='ocrx_word' id='word_1_114' title='bbox 1883 1652 2167 1722; x_wconf 79' lang='lat' dir='ltr'><strong>inquietare</strong></span> 
     </span>
    </p>
   </div>
   <div class='ocr_carea' id='block_1_19' title="bbox 643 1722 2167 1792">
    <p class='ocr_par' dir='ltr' id='par_1_19' title="bbox 643 1722 2167 1792">
     <span class='ocr_line' id='line_1_19' title="bbox 643 1722 2167 1792; baseline 0.001 -16"><span class='ocrx_word' id='word_1_115' title='bbox 643 1723 882 1792; x_wconf 83' lang='lat' dir='ltr'><strong>negotia,</strong></span> <span class='ocrx_word' id='word_1_116' title='bbox 934 1736 1024 1774; x_wconf 88' lang='lat' dir='ltr'><strong>nec</strong></span> <span class='ocrx_word' id='word_1_117' title='bbox 1065 1722 1291 1774; x_wconf 67' lang='lat' dir='ltr'><strong>alienum</strong></span> <span class='ocrx_word' id='word_1_118' title='bbox 1333 1736 1533 1774; x_wconf 86' lang='lat' dir='ltr'><strong>servum</strong></span> <span class='ocrx_word' id='word_1_119' title='bbox 1574 1730 1760 1791; x_wconf 73' lang='lat' dir='ltr'><strong>prwter</strong></span> <span class='ocrx_word' id='word_1_120' title='bbox 1803 1727 2167 1778; x_wconf 76' lang='lat' dir='ltr'><strong>conscientiam</strong></span> 
     </span>
    </p>
   </div>
   <div class='ocr_carea' id='block_1_20' title="bbox 615 1793 1291 1864">
    <p class='ocr_par' dir='ltr' id='par_1_20' title="bbox 615 1793 1291 1864">
     <span class='ocr_line' id='line_1_20' title="bbox 615 1793 1291 1864; baseline 0.001 -18"><span class='ocrx_word' id='word_1_121' title='bbox 615 1795 617 1798; x_wconf 48' lang='grc'><em>⁴</em></span> <span class='ocrx_word' id='word_1_122' title='bbox 646 1793 846 1847; x_wconf 78' lang='lat' dir='ltr'><strong>domini</strong></span> <span class='ocrx_word' id='word_1_123' title='bbox 873 1793 983 1864; x_wconf 82' lang='lat' dir='ltr'><strong>ejus</strong></span> <span class='ocrx_word' id='word_1_124' title='bbox 1017 1796 1291 1862; x_wconf 80' lang='lat' dir='ltr'><strong>suscipere.</strong></span> 
     </span>
    </p>
   </div>
   <div class='ocr_carea' id='block_1_21' title="bbox 643 1881 2167 1956">
    <p class='ocr_par' dir='ltr' id='par_1_21' title="bbox 643 1881 2167 1956">
     <span class='ocr_line' id='line_1_21' title="bbox 643 1881 2167 1956; baseline 0.003 -19"><span class='ocrx_word' id='word_1_125' title='bbox 643 1882 745 1952; x_wconf 85' lang='lat' dir='ltr'><strong>Qui</strong></span> <span class='ocrx_word' id='word_1_126' title='bbox 772 1898 897 1955; x_wconf 79' lang='lat' dir='ltr'><strong>vere</strong></span> <span class='ocrx_word' id='word_1_127' title='bbox 941 1894 995 1938; x_wconf 90' lang='lat' dir='ltr'><strong>et</strong></span> <span class='ocrx_word' id='word_1_128' title='bbox 1045 1899 1178 1954; x_wconf 86' lang='lat' dir='ltr'><strong>pure</strong></span> <span class='ocrx_word' id='word_1_129' title='bbox 1233 1882 1527 1938; x_wconf 83' lang='lat' dir='ltr'><strong>solitariam</strong></span> <span class='ocrx_word' id='word_1_130' title='bbox 1557 1881 1760 1955; x_wconf 79' lang='lat' dir='ltr'><strong>eligunt</strong></span> <span class='ocrx_word' id='word_1_131' title='bbox 1807 1884 1969 1940; x_wconf 89' lang='lat' dir='ltr'><strong>vitam</strong></span> <span class='ocrx_word' id='word_1_132' title='bbox 2019 1883 2167 1956; x_wconf 79' lang='lat' dir='ltr'><strong>digiti</strong></span> 
     </span>
    </p>
   </div>
   <div class='ocr_carea' id='block_1_22' title="bbox 571 1974 2164 2048">
    <p class='ocr_par' dir='ltr' id='par_1_22' title="bbox 571 1974 2164 2048">
     <span class='ocr_line' id='line_1_22' title="bbox 571 1974 2164 2048; baseline 0.002 -16"><span class='ocrx_word' id='word_1_133' title='bbox 571 1982 701 2032; x_wconf 89' lang='lat' dir='ltr'><strong>sunt</strong></span> <span class='ocrx_word' id='word_1_134' title='bbox 727 1975 1063 2031; x_wconf 86' lang='lat' dir='ltr'><strong>conveuicnti</strong></span> <span class='ocrx_word' id='word_1_135' title='bbox 1096 1976 1301 2030; x_wconf 83' lang='lat' dir='ltr'><strong>honore</strong></span> <span class='ocrx_word' id='word_1_136' title='bbox 1329 1991 1345 2030; x_wconf 89' lang='lat'><strong>:</strong></span> <span class='ocrx_word' id='word_1_137' title='bbox 1373 1974 1495 2046; x_wconf 85' lang='lat' dir='ltr'><strong>quia</strong></span> <span class='ocrx_word' id='word_1_138' title='bbox 1529 1986 1706 2032; x_wconf 90' lang='lat' dir='ltr'><strong>tamen</strong></span> <span class='ocrx_word' id='word_1_139' title='bbox 1733 1978 1950 2048; x_wconf 87' lang='lat' dir='ltr'><strong>quidam</strong></span> <span class='ocrx_word' id='word_1_140' title='bbox 1984 1979 2164 2036; x_wconf 89' lang='lat' dir='ltr'><strong>habitu</strong></span> 
     </span>
    </p>
   </div>
   <div class='ocr_carea' id='block_1_23' title="bbox 573 2064 2164 2139">
    <p class='ocr_par' dir='ltr' id='par_1_23' title="bbox 573 2064 2164 2139">
     <span class='ocr_line' id='line_1_23' title="bbox 573 2064 2164 2139; baseline 0.001 -17"><span class='ocrx_word' id='word_1_141' title='bbox 573 2064 823 2122; x_wconf 84' lang='lat' dir='ltr'><strong>monachi</strong></span> <span class='ocrx_word' id='word_1_142' title='bbox 853 2072 1084 2130; x_wconf 87' lang='lat' dir='ltr'><strong>utentes,</strong></span> <span class='ocrx_word' id='word_1_143' title='bbox 1117 2065 1512 2122; x_wconf 86' lang='lat' dir='ltr'><strong>ecclesiasticos</strong></span> <span class='ocrx_word' id='word_1_144' title='bbox 1540 2075 1692 2123; x_wconf 88' lang='lat' dir='ltr'><strong>actus</strong></span> <span class='ocrx_word' id='word_1_145' title='bbox 1717 2068 2007 2139; x_wconf 75' lang='lat' dir='ltr'><strong>civilesque</strong></span> <span class='ocrx_word' id='word_1_146' title='bbox 2037 2084 2164 2124; x_wconf 84' lang='lat' dir='ltr'><strong>cou-</strong></span> 
     </span>
    </p>
   </div>
   <div class='ocr_carea' id='block_1_24' title="bbox 571 2158 2160 2224">
    <p class='ocr_par' dir='ltr' id='par_1_24' title="bbox 571 2158 2160 2224">
     <span class='ocr_line' id='line_1_24' title="bbox 571 2158 2160 2224; baseline 0.003 -10"><span class='ocrx_word' id='word_1_147' title='bbox 571 2159 804 2224; x_wconf 79' lang='lat' dir='ltr'><strong>turbant,</strong></span> <span class='ocrx_word' id='word_1_148' title='bbox 837 2158 1236 2214; x_wconf 89' lang='lat' dir='ltr'><strong>circumeuntes</strong></span> <span class='ocrx_word' id='word_1_149' title='bbox 1269 2158 1636 2216; x_wconf 79' lang='lat' dir='ltr'><strong>indiliereuter</strong></span> <span class='ocrx_word' id='word_1_150' title='bbox 1663 2159 1905 2217; x_wconf 87' lang='lat' dir='ltr'><strong>civitates</strong></span> <span class='ocrx_word' id='word_1_151' title='bbox 1935 2175 2033 2217; x_wconf 91' lang='lat' dir='ltr'><strong>nec</strong></span> <span class='ocrx_word' id='word_1_152' title='bbox 2055 2178 2160 2218; x_wconf 90' lang='lat' dir='ltr'><strong>non</strong></span> 
     </span>
    </p>
   </div>
   <div class='ocr_carea' id='block_1_25' title="bbox 568 2251 2160 2324">
    <p class='ocr_par' dir='ltr' id='par_1_25' title="bbox 568 2251 2160 2324">
     <span class='ocr_line' id='line_1_25' title="bbox 568 2251 2160 2324; baseline 0.002 -17"><span class='ocrx_word' id='word_1_153' title='bbox 568 2263 624 2307; x_wconf 85' lang='lat' dir='ltr'><strong>et</strong></span> <span class='ocrx_word' id='word_1_154' title='bbox 650 2252 996 2319; x_wconf 87' lang='lat' dir='ltr'><strong>monasteria,</strong></span> <span class='ocrx_word' id='word_1_155' title='bbox 1020 2266 1079 2307; x_wconf 87' lang='lat' dir='ltr'><strong>se</strong></span> <span class='ocrx_word' id='word_1_156' title='bbox 1128 2251 1273 2321; x_wconf 87' lang='lat' dir='ltr'><strong>ipsos</strong></span> <span class='ocrx_word' id='word_1_157' title='bbox 1301 2252 1702 2322; x_wconf 67' lang='lat' dir='ltr'><strong>praesumptioni</strong></span> <span class='ocrx_word' id='word_1_158' title='bbox 1733 2254 1966 2324; x_wconf 76' lang='lat' dir='ltr'><strong>prOpria:</strong></span> <span class='ocrx_word' id='word_1_159' title='bbox 2011 2270 2160 2310; x_wconf 86' lang='lat' dir='ltr'><strong>com-</strong></span> 
     </span>
    </p>
   </div>
   <div class='ocr_carea' id='block_1_26' title="bbox 567 2345 2162 2414">
    <p class='ocr_par' dir='ltr' id='par_1_26' title="bbox 567 2345 2162 2414">
     <span class='ocr_line' id='line_1_26' title="bbox 567 2345 2162 2414; baseline 0.001 -12"><span class='ocrx_word' id='word_1_160' title='bbox 567 2345 916 2412; x_wconf 87' lang='lat' dir='ltr'><strong>mendantes;</strong></span> <span class='ocrx_word' id='word_1_161' title='bbox 969 2346 1168 2414; x_wconf 79' lang='lat' dir='ltr'><strong>placuit</strong></span> <span class='ocrx_word' id='word_1_162' title='bbox 1220 2347 1487 2404; x_wconf 85' lang='lat' dir='ltr'><strong>nemiuem</strong></span> <span class='ocrx_word' id='word_1_163' title='bbox 1519 2348 1622 2402; x_wconf 85' lang='lat' dir='ltr'><strong>sibi</strong></span> <span class='ocrx_word' id='word_1_164' title='bbox 1651 2359 1741 2403; x_wconf 90' lang='lat' dir='ltr'><strong>aut</strong></span> <span class='ocrx_word' id='word_1_165' title='bbox 1777 2347 2044 2404; x_wconf 70' lang='lat' dir='ltr'><strong>tediﬁcare</strong></span> <span class='ocrx_word' id='word_1_166' title='bbox 2069 2358 2162 2404; x_wconf 89' lang='lat' dir='ltr'><strong>aut</strong></span> 
     </span>
    </p>
   </div>
   <div class='ocr_carea' id='block_1_27' title="bbox 568 2436 2158 2513">
    <p class='ocr_par' dir='ltr' id='par_1_27' title="bbox 568 2436 2158 2513">
     <span class='ocr_line' id='line_1_27' title="bbox 568 2436 2158 2513; baseline 0.003 -19"><span class='ocrx_word' id='word_1_167' title='bbox 568 2437 895 2495; x_wconf 87' lang='lat' dir='ltr'><strong>constituere</strong></span> <span class='ocrx_word' id='word_1_168' title='bbox 924 2436 1066 2512; x_wconf 53' lang='lat' dir='ltr'><strong>ML,</strong></span> <span class='ocrx_word' id='word_1_169' title='bbox 1093 2439 1428 2513; x_wconf 89' lang='lat' dir='ltr'><strong>construere]</strong></span> <span class='ocrx_word' id='word_1_170' title='bbox 1459 2444 1785 2498; x_wconf 78' lang='lat' dir='ltr'><strong>monasteria</strong></span> <span class='ocrx_word' id='word_1_171' title='bbox 1815 2453 1907 2498; x_wconf 90' lang='lat' dir='ltr'><strong>aut</strong></span> <span class='ocrx_word' id='word_1_172' title='bbox 1935 2443 2158 2499; x_wconf 85' lang='lat' dir='ltr'><strong>oratorii</strong></span> 
     </span>
    </p>
   </div>
   <div class='ocr_carea' id='block_1_28' title="bbox 569 2529 2154 2606">
    <p class='ocr_par' dir='ltr' id='par_1_28' title="bbox 569 2529 2154 2606">
     <span class='ocr_line' id='line_1_28' title="bbox 569 2529 2154 2606; baseline 0.004 -21"><span class='ocrx_word' id='word_1_173' title='bbox 569 2529 785 2586; x_wconf 88' lang='lat' dir='ltr'><strong>domum</strong></span> <span class='ocrx_word' id='word_1_174' title='bbox 836 2534 952 2587; x_wconf 87' lang='lat' dir='ltr'><strong>sine</strong></span> <span class='ocrx_word' id='word_1_175' title='bbox 989 2532 1316 2589; x_wconf 85' lang='lat' dir='ltr'><strong>conscientia</strong></span> <span class='ocrx_word' id='word_1_176' title='bbox 1363 2535 1530 2605; x_wconf 87' lang='lat' dir='ltr'><strong>ipsius</strong></span> <span class='ocrx_word' id='word_1_177' title='bbox 1581 2534 1814 2589; x_wconf 88' lang='lat' dir='ltr'><strong>civitatis</strong></span> <span class='ocrx_word' id='word_1_178' title='bbox 1869 2536 2154 2606; x_wconf 73' lang='lat' dir='ltr'><strong>episcopi:</strong></span> 
     </span>
    </p>
   </div>
   <div class='ocr_carea' id='block_1_29' title="bbox 568 2625 2156 2696">
    <p class='ocr_par' dir='ltr' id='par_1_29' title="bbox 568 2625 2156 2696">
     <span class='ocr_line' id='line_1_29' title="bbox 568 2625 2156 2696; baseline 0.003 -16"><span class='ocrx_word' id='word_1_179' title='bbox 568 2637 664 2680; x_wconf 81' lang='lat' dir='ltr'><strong>eos</strong></span> <span class='ocrx_word' id='word_1_180' title='bbox 684 2639 811 2679; x_wconf 88' lang='lat' dir='ltr'><strong>vero</strong></span> <span class='ocrx_word' id='word_1_181' title='bbox 835 2625 924 2694; x_wconf 90' lang='lat' dir='ltr'><strong>qui</strong></span> <span class='ocrx_word' id='word_1_182' title='bbox 955 2640 1050 2696; x_wconf 90' lang='lat' dir='ltr'><strong>per</strong></span> <span class='ocrx_word' id='word_1_183' title='bbox 1087 2625 1324 2695; x_wconf 82' lang='lat' dir='ltr'><strong>singulas</strong></span> <span class='ocrx_word' id='word_1_184' title='bbox 1354 2626 1599 2683; x_wconf 82' lang='lat' dir='ltr'><strong>civitates</strong></span> <span class='ocrx_word' id='word_1_185' title='bbox 1637 2642 1733 2682; x_wconf 72' lang='lat' dir='ltr'><strong>seu</strong></span> <span class='ocrx_word' id='word_1_186' title='bbox 1785 2630 2156 2696; x_wconf 86' lang='lat' dir='ltr'><strong>possessiones</strong></span> 
     </span>
    </p>
   </div>
   <div class='ocr_carea' id='block_1_30' title="bbox 567 2712 2154 2789">
    <p class='ocr_par' dir='ltr' id='par_1_30' title="bbox 567 2712 2154 2789">
     <span class='ocr_line' id='line_1_30' title="bbox 567 2712 2154 2789; baseline 0.003 -18"><span class='ocrx_word' id='word_1_187' title='bbox 567 2712 624 2771; x_wconf 89' lang='lat' dir='ltr'><strong>in</strong></span> <span class='ocrx_word' id='word_1_188' title='bbox 642 2715 979 2770; x_wconf 86' lang='lat' dir='ltr'><strong>monasteriis</strong></span> <span class='ocrx_word' id='word_1_189' title='bbox 1010 2715 1423 2787; x_wconf 87' lang='lat' dir='ltr'><strong>suntsubjectos</strong></span> <span class='ocrx_word' id='word_1_190' title='bbox 1445 2733 1564 2772; x_wconf 89' lang='lat' dir='ltr'><strong>esse</strong></span> <span class='ocrx_word' id='word_1_191' title='bbox 1595 2719 1899 2788; x_wconf 84' lang='lat' dir='ltr'><strong>cpisc0p0s,</strong></span> <span class='ocrx_word' id='word_1_192' title='bbox 1931 2729 1986 2774; x_wconf 93' lang='lat' dir='ltr'><strong>et</strong></span> <span class='ocrx_word' id='word_1_193' title='bbox 2006 2722 2154 2789; x_wconf 87' lang='lat' dir='ltr'><strong>quie-</strong></span> 
     </span>
    </p>
   </div>
   <div class='ocr_carea' id='block_1_31' title="bbox 568 2804 2157 2880">
    <p class='ocr_par' dir='ltr' id='par_1_31' title="bbox 568 2804 2157 2880">
     <span class='ocr_line' id='line_1_31' title="bbox 568 2804 2157 2880; baseline 0.003 -18"><span class='ocrx_word' id='word_1_194' title='bbox 568 2815 650 2862; x_wconf 70' lang='grc' dir='ltr'><strong>ωδ</strong></span> <span class='ocrx_word' id='word_1_195' title='bbox 665 2804 689 2844; x_wconf 69' lang='grc' dir='ltr'><strong><em>ἀ</em></strong></span> <span class='ocrx_word' id='word_1_196' title='bbox 709 2821 924 2878; x_wconf 84' lang='lat' dir='ltr'><strong>operam</strong></span> <span class='ocrx_word' id='word_1_197' title='bbox 947 2807 1074 2864; x_wconf 89' lang='lat' dir='ltr'><strong>dare</strong></span> <span class='ocrx_word' id='word_1_198' title='bbox 1095 2818 1254 2879; x_wconf 88' lang='lat' dir='ltr'><strong>atque</strong></span> <span class='ocrx_word' id='word_1_199' title='bbox 1275 2811 1566 2865; x_wconf 80' lang='lat' dir='ltr'><strong>observare</strong></span> <span class='ocrx_word' id='word_1_200' title='bbox 1580 2810 1784 2880; x_wconf 74' lang='lat' dir='ltr'><strong>jt&#39;juttia</strong></span> <span class='ocrx_word' id='word_1_201' title='bbox 1811 2819 1866 2865; x_wconf 86' lang='lat' dir='ltr'><strong>et</strong></span> <span class='ocrx_word' id='word_1_202' title='bbox 1885 2810 2157 2866; x_wconf 76' lang='lat' dir='ltr'><strong>orationes</strong></span> 
     </span>
    </p>
   </div>
   <div class='ocr_carea' id='block_1_32' title="bbox 561 2897 2148 2974">
    <p class='ocr_par' dir='ltr' id='par_1_32' title="bbox 561 2897 2148 2974">
     <span class='ocr_line' id='line_1_32' title="bbox 561 2897 2148 2974; baseline 0.001 -17"><span class='ocrx_word' id='word_1_203' title='bbox 561 2897 616 2957; x_wconf 79' lang='lat' dir='ltr'><strong>in</strong></span> <span class='ocrx_word' id='word_1_204' title='bbox 647 2899 777 2956; x_wconf 81' lang='lat' dir='ltr'><strong>locis</strong></span> <span class='ocrx_word' id='word_1_205' title='bbox 807 2901 860 2956; x_wconf 88' lang='lat' dir='ltr'><strong>itt</strong></span> <span class='ocrx_word' id='word_1_206' title='bbox 887 2900 1090 2972; x_wconf 69' lang='lat' dir='ltr'><strong>lquibus</strong></span> <span class='ocrx_word' id='word_1_207' title='bbox 1117 2902 1288 2957; x_wconf 82' lang='lat' dir='ltr'><strong>semel</strong></span> <span class='ocrx_word' id='word_1_208' title='bbox 1317 2901 1426 2957; x_wconf 89' lang='lat' dir='ltr'><strong>Deo</strong></span> <span class='ocrx_word' id='word_1_209' title='bbox 1456 2917 1580 2959; x_wconf 89' lang='lat' dir='ltr'><strong>sese</strong></span> <span class='ocrx_word' id='word_1_210' title='bbox 1600 2903 1916 2959; x_wconf 84' lang='lat' dir='ltr'><strong>devoverint</strong></span> <span class='ocrx_word' id='word_1_211' title='bbox 1945 2918 2148 2974; x_wconf 86' lang='lat' dir='ltr'><strong>perma-</strong></span> 
     </span>
    </p>
   </div>
   <div class='ocr_carea' id='block_1_33' title="bbox 564 2994 2157 3067">
    <p class='ocr_par' dir='ltr' id='par_1_33' title="bbox 564 2994 2157 3067">
     <span class='ocr_line' id='line_1_33' title="bbox 564 2994 2157 3067; baseline 0.001 -17"><span class='ocrx_word' id='word_1_212' title='bbox 564 3005 779 3059; x_wconf 85' lang='lat' dir='ltr'><strong>nentes,</strong></span> <span class='ocrx_word' id='word_1_213' title='bbox 808 3002 862 3048; x_wconf 92' lang='lat' dir='ltr'><strong>et</strong></span> <span class='ocrx_word' id='word_1_214' title='bbox 886 3008 1062 3064; x_wconf 87' lang='lat' dir='ltr'><strong>neque</strong></span> <span class='ocrx_word' id='word_1_215' title='bbox 1089 2994 1511 3062; x_wconf 89' lang='lat' dir='ltr'><strong>communicare,</strong></span> <span class='ocrx_word' id='word_1_216' title='bbox 1553 2995 1946 3052; x_wconf 85' lang='lat' dir='ltr'><strong>ecclesiasticas</strong></span> <span class='ocrx_word' id='word_1_217' title='bbox 1981 3010 2157 3067; x_wconf 87' lang='lat' dir='ltr'><strong>neque</strong></span> 
     </span>
    </p>
   </div>
   <div class='ocr_carea' id='block_1_34' title="bbox 559 3088 2155 3160">
    <p class='ocr_par' dir='ltr' id='par_1_34' title="bbox 559 3088 2155 3160">
     <span class='ocr_line' id='line_1_34' title="bbox 559 3088 2155 3160; baseline -0.001 -15"><span class='ocrx_word' id='word_1_218' title='bbox 559 3088 846 3145; x_wconf 59' lang='lat' dir='ltr'><strong>arculares</strong></span> <span class='ocrx_word' id='word_1_219' title='bbox 895 3088 1101 3160; x_wconf 85' lang='lat' dir='ltr'><strong>aliquas</strong></span> <span class='ocrx_word' id='word_1_220' title='bbox 1140 3096 1427 3145; x_wconf 83' lang='lat' dir='ltr'><strong>attrectare</strong></span> <span class='ocrx_word' id='word_1_221' title='bbox 1453 3091 1696 3146; x_wconf 87' lang='lat' dir='ltr'><strong>aetiones</strong></span> <span class='ocrx_word' id='word_1_222' title='bbox 1722 3130 1738 3156; x_wconf 94' lang='lat'><strong>,</strong></span> <span class='ocrx_word' id='word_1_223' title='bbox 1791 3090 2155 3160; x_wconf 87' lang='lat' dir='ltr'><strong>relinquentes</strong></span> 
     </span>
    </p>
   </div>
   <div class='ocr_carea' id='block_1_35' title="bbox 2277 547 3875 626">
    <p class='ocr_par' dir='ltr' id='par_1_35' title="bbox 2277 547 3875 626">
     <span class='ocr_line' id='line_1_35' title="bbox 2277 547 3875 626; baseline 0.009 -26"><span class='ocrx_word' id='word_1_224' title='bbox 2277 547 2512 604; x_wconf 90' lang='lat' dir='ltr'><strong>honores</strong></span> <span class='ocrx_word' id='word_1_225' title='bbox 2534 551 2823 609; x_wconf 71' lang='lat' dir='ltr'><strong>smculares</strong></span> <span class='ocrx_word' id='word_1_226' title='bbox 2850 552 3057 620; x_wconf 84' lang='lat' dir='ltr'><strong>venire,</strong></span> <span class='ocrx_word' id='word_1_227' title='bbox 3094 563 3188 609; x_wconf 91' lang='lat' dir='ltr'><strong>aut</strong></span> <span class='ocrx_word' id='word_1_228' title='bbox 3214 568 3312 609; x_wconf 89' lang='lat' dir='ltr'><strong>eos</strong></span> <span class='ocrx_word' id='word_1_229' title='bbox 3338 555 3431 626; x_wconf 92' lang='lat' dir='ltr'><strong>qui</strong></span> <span class='ocrx_word' id='word_1_230' title='bbox 3479 554 3585 611; x_wconf 88' lang='lat' dir='ltr'><strong>hoc</strong></span> <span class='ocrx_word' id='word_1_231' title='bbox 3612 557 3729 614; x_wconf 85' lang='lat' dir='ltr'><strong>ausi</strong></span> <span class='ocrx_word' id='word_1_232' title='bbox 3755 558 3875 615; x_wconf 82' lang='lat' dir='ltr'><strong>iue-</strong></span> 
     </span>
    </p>
   </div>
   <div class='ocr_carea' id='block_1_36' title="bbox 2275 641 3879 720">
    <p class='ocr_par' dir='ltr' id='par_1_36' title="bbox 2275 641 3879 720">
     <span class='ocr_line' id='line_1_36' title="bbox 2275 641 3879 720; baseline 0.008 -25"><span class='ocrx_word' id='word_1_233' title='bbox 2275 641 2386 695; x_wconf 86' lang='lat' dir='ltr'><strong>rint</strong></span> <span class='ocrx_word' id='word_1_234' title='bbox 2411 643 2591 699; x_wconf 79' lang='lat' dir='ltr'><strong>iacere</strong></span> <span class='ocrx_word' id='word_1_235' title='bbox 2613 656 2669 699; x_wconf 93' lang='lat' dir='ltr'><strong>et</strong></span> <span class='ocrx_word' id='word_1_236' title='bbox 2696 659 2804 700; x_wconf 91' lang='lat' dir='ltr'><strong>non</strong></span> <span class='ocrx_word' id='word_1_237' title='bbox 2831 645 2947 716; x_wconf 84' lang='lat' dir='ltr'><strong>ejus</strong></span> <span class='ocrx_word' id='word_1_238' title='bbox 2993 647 3073 703; x_wconf 91' lang='lat' dir='ltr'><strong>rei</strong></span> <span class='ocrx_word' id='word_1_239' title='bbox 3102 647 3369 719; x_wconf 70' lang='lat' dir='ltr'><strong>pmnitere</strong></span> <span class='ocrx_word' id='word_1_240' title='bbox 3417 649 3745 720; x_wconf 91' lang='lat' dir='ltr'><strong>maluerint,</strong></span> <span class='ocrx_word' id='word_1_241' title='bbox 3779 660 3879 708; x_wconf 88' lang='lat' dir='ltr'><strong>aut</strong></span> 
     </span>
    </p>
   </div>
   <div class='ocr_carea' id='block_1_37' title="bbox 2273 731 3877 811">
    <p class='ocr_par' dir='ltr' id='par_1_37' title="bbox 2273 731 3877 811">
     <span class='ocr_line' id='line_1_37' title="bbox 2273 731 3877 811; baseline 0.01 -24"><span class='ocrx_word' id='word_1_242' title='bbox 2273 731 2342 787; x_wconf 91' lang='lat' dir='ltr'><strong>ad</strong></span> <span class='ocrx_word' id='word_1_243' title='bbox 2387 733 2487 789; x_wconf 87' lang='lat' dir='ltr'><strong>hoc</strong></span> <span class='ocrx_word' id='word_1_244' title='bbox 2517 734 2656 790; x_wconf 87' lang='lat' dir='ltr'><strong>idem</strong></span> <span class='ocrx_word' id='word_1_245' title='bbox 2687 747 3030 795; x_wconf 87' lang='lat' dir='ltr'><strong>revertantur</strong></span> <span class='ocrx_word' id='word_1_246' title='bbox 3051 742 3195 811; x_wconf 85' lang='lat' dir='ltr'><strong>quod</strong></span> <span class='ocrx_word' id='word_1_247' title='bbox 3222 752 3348 797; x_wconf 90' lang='lat' dir='ltr'><strong>ante</strong></span> <span class='ocrx_word' id='word_1_248' title='bbox 3378 757 3484 799; x_wconf 90' lang='lat' dir='ltr'><strong>non</strong></span> <span class='ocrx_word' id='word_1_249' title='bbox 3512 743 3740 801; x_wconf 87' lang='lat' dir='ltr'><strong>obtentu</strong></span> <span class='ocrx_word' id='word_1_250' title='bbox 3776 745 3877 803; x_wconf 75' lang='lat' dir='ltr'><strong>Dei</strong></span> 
     </span>
    </p>
   </div>
   <div class='ocr_carea' id='block_1_38' title="bbox 2275 828 3324 895">
    <p class='ocr_par' dir='ltr' id='par_1_38' title="bbox 2275 828 3324 895">
     <span class='ocr_line' id='line_1_38' title="bbox 2275 828 3324 895; baseline 0.014 -20"><span class='ocrx_word' id='word_1_251' title='bbox 2275 836 2673 894; x_wconf 63' lang='lat' dir='ltr'><strong>proiiosuerant</strong></span> <span class='ocrx_word' id='word_1_252' title='bbox 2700 828 2827 895; x_wconf 86' lang='lat' dir='ltr'><strong>sibi,</strong></span> <span class='ocrx_word' id='word_1_253' title='bbox 2856 831 3141 888; x_wconf 86' lang='lat' dir='ltr'><strong>anathema</strong></span> <span class='ocrx_word' id='word_1_254' title='bbox 3181 848 3324 890; x_wconf 81' lang='lat' dir='ltr'><strong>esse.</strong></span> 
     </span>
    </p>
   </div>
   <div class='ocr_carea' id='block_1_39' title="bbox 2274 911 3878 992">
    <p class='ocr_par' dir='ltr' id='par_1_39' title="bbox 2274 911 3878 992">
     <span class='ocr_line' id='line_1_39' title="bbox 2274 911 3878 992; baseline 0.009 -25"><span class='ocrx_word' id='word_1_255' title='bbox 2274 911 2404 968; x_wconf 79' lang='lat' dir='ltr'><strong>VIII.</strong></span> <span class='ocrx_word' id='word_1_256' title='bbox 2438 913 2515 969; x_wconf 88' lang='lat' dir='ltr'><strong>De</strong></span> <span class='ocrx_word' id='word_1_257' title='bbox 2543 915 2740 992; x_wconf 77' lang='lat' dir='ltr'><strong>clericis</strong></span> <span class='ocrx_word' id='word_1_258' title='bbox 2763 919 2850 989; x_wconf 80' lang='lat' dir='ltr'><strong>qui</strong></span> <span class='ocrx_word' id='word_1_259' title='bbox 2885 931 3005 974; x_wconf 86' lang='lat' dir='ltr'><strong>sunt</strong></span> <span class='ocrx_word' id='word_1_260' title='bbox 3039 921 3093 976; x_wconf 88' lang='lat' dir='ltr'><strong>in</strong></span> <span class='ocrx_word' id='word_1_261' title='bbox 3117 923 3334 992; x_wconf 83' lang='lat' dir='ltr'><strong>ptochiis</strong></span> <span class='ocrx_word' id='word_1_262' title='bbox 3365 933 3411 988; x_wconf 77' lang='grc' dir='ltr'><strong>ο,</strong></span> <span class='ocrx_word' id='word_1_263' title='bbox 3438 925 3766 980; x_wconf 84' lang='lat' dir='ltr'><strong>monasteriis</strong></span> <span class='ocrx_word' id='word_1_264' title='bbox 3793 933 3878 981; x_wconf 75' lang='lat' dir='ltr'><strong>ot-</strong></span> 
     </span>
    </p>
   </div>
   <div class='ocr_carea' id='block_1_40' title="bbox 2341 989 3873 1072">
    <p class='ocr_par' dir='ltr' id='par_1_40' title="bbox 2341 989 3873 1072">
     <span class='ocr_line' id='line_1_40' title="bbox 2341 989 3873 1072; baseline 0.012 -38"><span class='ocrx_word' id='word_1_265' title='bbox 2341 1001 2437 1067; x_wconf 77' lang='lat' dir='ltr'><strong>qne</strong></span> <span class='ocrx_word' id='word_1_266' title='bbox 2464 989 2727 1071; x_wconf 66' lang='lat' dir='ltr'><strong>martyriis</strong></span> <span class='ocrx_word' id='word_1_267' title='bbox 2755 1006 2868 1072; x_wconf 69' lang='lat' dir='ltr'><strong>qua:</strong></span> <span class='ocrx_word' id='word_1_268' title='bbox 2892 993 2984 1072; x_wconf 73' lang='lat' dir='ltr'><strong>sub</strong></span> <span class='ocrx_word' id='word_1_269' title='bbox 3012 989 3260 1063; x_wconf 68' lang='lat' dir='ltr'><strong>potestate</strong></span> <span class='ocrx_word' id='word_1_270' title='bbox 3298 995 3655 1066; x_wconf 78' lang='lat' dir='ltr'><strong>episcoporum</strong></span> <span class='ocrx_word' id='word_1_271' title='bbox 3686 998 3873 1052; x_wconf 75' lang='lat' dir='ltr'><strong>uitias-</strong></span> 
     </span>
    </p>
   </div>
   <div class='ocr_carea' id='block_1_41' title="bbox 2342 1071 3108 1128">
    <p class='ocr_par' dir='ltr' id='par_1_41' title="bbox 2342 1071 3108 1128">
     <span class='ocr_line' id='line_1_41' title="bbox 2342 1071 3108 1128; baseline 0.012 -19"><span class='ocrx_word' id='word_1_272' title='bbox 2342 1072 2588 1128; x_wconf 74' lang='lat' dir='ltr'><strong>cuyusque</strong></span> <span class='ocrx_word' id='word_1_273' title='bbox 2615 1071 2833 1115; x_wconf 57' lang='lat' dir='ltr'><strong>cit-statis</strong></span> <span class='ocrx_word' id='word_1_274' title='bbox 2863 1071 3108 1118; x_wconf 69' lang='lat' dir='ltr'><strong>existunt.</strong></span> 
     </span>
    </p>
   </div>
   <div class='ocr_carea' id='block_1_42' title="bbox 2342 1148 3869 1234">
    <p class='ocr_par' dir='ltr' id='par_1_42' title="bbox 2342 1148 3869 1234">
     <span class='ocr_line' id='line_1_42' title="bbox 2342 1148 3869 1234; baseline 0.01 -31"><span class='ocrx_word' id='word_1_275' title='bbox 2342 1148 2536 1206; x_wconf 79' lang='lat' dir='ltr'><strong>Clerici</strong></span> <span class='ocrx_word' id='word_1_276' title='bbox 2566 1151 2618 1206; x_wconf 91' lang='lat' dir='ltr'><strong>in</strong></span> <span class='ocrx_word' id='word_1_277' title='bbox 2645 1154 2876 1222; x_wconf 86' lang='lat' dir='ltr'><strong>ptocbiis</strong></span> <span class='ocrx_word' id='word_1_278' title='bbox 2904 1165 2959 1212; x_wconf 91' lang='lat' dir='ltr'><strong>et</strong></span> <span class='ocrx_word' id='word_1_279' title='bbox 2994 1157 3046 1211; x_wconf 91' lang='lat' dir='ltr'><strong>in</strong></span> <span class='ocrx_word' id='word_1_280' title='bbox 3078 1159 3417 1216; x_wconf 88' lang='lat' dir='ltr'><strong>monasteriis</strong></span> <span class='ocrx_word' id='word_1_281' title='bbox 3457 1171 3550 1216; x_wconf 91' lang='lat' dir='ltr'><strong>aut</strong></span> <span class='ocrx_word' id='word_1_282' title='bbox 3592 1161 3869 1234; x_wconf 86' lang='lat' dir='ltr'><strong>martyriis</strong></span> 
     </span>
    </p>
   </div>
   <div class='ocr_carea' id='block_1_43' title="bbox 2269 1243 3870 1323">
    <p class='ocr_par' dir='ltr' id='par_1_43' title="bbox 2269 1243 3870 1323">
     <span class='ocr_line' id='line_1_43' title="bbox 2269 1243 3870 1323; baseline 0.012 -29"><span class='ocrx_word' id='word_1_283' title='bbox 2269 1243 2544 1297; x_wconf 89' lang='lat' dir='ltr'><strong>constituti</strong></span> <span class='ocrx_word' id='word_1_284' title='bbox 2570 1245 2670 1300; x_wconf 87' lang='lat' dir='ltr'><strong>sub</strong></span> <span class='ocrx_word' id='word_1_285' title='bbox 2700 1257 2964 1316; x_wconf 86' lang='lat' dir='ltr'><strong>potestate</strong></span> <span class='ocrx_word' id='word_1_286' title='bbox 2990 1251 3096 1305; x_wconf 87' lang='lat' dir='ltr'><strong>sint</strong></span> <span class='ocrx_word' id='word_1_287' title='bbox 3127 1250 3273 1321; x_wconf 89' lang='lat' dir='ltr'><strong>ejus,</strong></span> <span class='ocrx_word' id='word_1_288' title='bbox 3315 1253 3405 1323; x_wconf 89' lang='lat' dir='ltr'><strong>qui</strong></span> <span class='ocrx_word' id='word_1_289' title='bbox 3438 1254 3490 1310; x_wconf 90' lang='lat' dir='ltr'><strong>in</strong></span> <span class='ocrx_word' id='word_1_290' title='bbox 3509 1269 3575 1310; x_wconf 87' lang='lat' dir='ltr'><strong>ea</strong></span> <span class='ocrx_word' id='word_1_291' title='bbox 3623 1266 3706 1311; x_wconf 90' lang='lat' dir='ltr'><strong>est</strong></span> <span class='ocrx_word' id='word_1_292' title='bbox 3737 1254 3870 1312; x_wconf 76' lang='lat' dir='ltr'><strong>civi-</strong></span> 
     </span>
    </p>
   </div>
   <div class='ocr_carea' id='block_1_44' title="bbox 2271 1337 3867 1410">
    <p class='ocr_par' dir='ltr' id='par_1_44' title="bbox 2271 1337 3867 1410">
     <span class='ocr_line' id='line_1_44' title="bbox 2271 1337 3867 1410; baseline 0.011 -22"><span class='ocrx_word' id='word_1_293' title='bbox 2271 1341 2380 1391; x_wconf 89' lang='lat' dir='ltr'><strong>tate</strong></span> <span class='ocrx_word' id='word_1_294' title='bbox 2426 1337 2756 1410; x_wconf 90' lang='lat' dir='ltr'><strong>cpiscopus,</strong></span> <span class='ocrx_word' id='word_1_295' title='bbox 2811 1342 3111 1400; x_wconf 90' lang='lat' dir='ltr'><strong>secundum</strong></span> <span class='ocrx_word' id='word_1_296' title='bbox 3166 1347 3510 1404; x_wconf 87' lang='lat' dir='ltr'><strong>traditionem</strong></span> <span class='ocrx_word' id='word_1_297' title='bbox 3553 1359 3867 1405; x_wconf 87' lang='lat' dir='ltr'><strong>sanctorum</strong></span> 
     </span>
    </p>
   </div>
   <div class='ocr_carea' id='block_1_45' title="bbox 2268 1425 3870 1511">
    <p class='ocr_par' dir='ltr' id='par_1_45' title="bbox 2268 1425 3870 1511">
     <span class='ocr_line' id='line_1_45' title="bbox 2268 1425 3870 1511; baseline 0.012 -28"><span class='ocrx_word' id='word_1_298' title='bbox 2268 1425 2525 1500; x_wconf 87' lang='lat' dir='ltr'><strong>Patrum,</strong></span> <span class='ocrx_word' id='word_1_299' title='bbox 2575 1449 2674 1490; x_wconf 92' lang='lat' dir='ltr'><strong>nec</strong></span> <span class='ocrx_word' id='word_1_300' title='bbox 2721 1451 2815 1506; x_wconf 92' lang='lat' dir='ltr'><strong>per</strong></span> <span class='ocrx_word' id='word_1_301' title='bbox 2856 1441 3329 1511; x_wconf 69' lang='lat' dir='ltr'><strong>praesumptionem</strong></span> <span class='ocrx_word' id='word_1_302' title='bbox 3379 1443 3636 1501; x_wconf 87' lang='lat' dir='ltr'><strong>recedant</strong></span> <span class='ocrx_word' id='word_1_303' title='bbox 3687 1461 3721 1501; x_wconf 87' lang='lat' dir='ltr'><strong>a</strong></span> <span class='ocrx_word' id='word_1_304' title='bbox 3769 1461 3870 1502; x_wconf 90' lang='lat' dir='ltr'><strong>suo</strong></span> 
     </span>
    </p>
   </div>
   <div class='ocr_carea' id='block_1_46' title="bbox 2269 1523 3866 1608">
    <p class='ocr_par' dir='ltr' id='par_1_46' title="bbox 2269 1523 3866 1608">
     <span class='ocr_line' id='line_1_46' title="bbox 2269 1523 3866 1608; baseline 0.011 -30"><span class='ocrx_word' id='word_1_305' title='bbox 2269 1523 2542 1596; x_wconf 86' lang='lat' dir='ltr'><strong>episcopo,</strong></span> <span class='ocrx_word' id='word_1_306' title='bbox 2580 1528 2614 1582; x_wconf 90' lang='lat' dir='ltr'><strong>ii</strong></span> <span class='ocrx_word' id='word_1_307' title='bbox 2641 1545 2767 1584; x_wconf 85' lang='lat' dir='ltr'><strong>vero</strong></span> <span class='ocrx_word' id='word_1_308' title='bbox 2799 1530 2892 1601; x_wconf 89' lang='lat' dir='ltr'><strong>qui</strong></span> <span class='ocrx_word' id='word_1_309' title='bbox 2943 1533 3060 1587; x_wconf 89' lang='lat' dir='ltr'><strong>ausi</strong></span> <span class='ocrx_word' id='word_1_310' title='bbox 3095 1536 3292 1590; x_wconf 80' lang='lat' dir='ltr'><strong>fuerint</strong></span> <span class='ocrx_word' id='word_1_311' title='bbox 3318 1536 3628 1593; x_wconf 89' lang='lat' dir='ltr'><strong>rescindere</strong></span> <span class='ocrx_word' id='word_1_312' title='bbox 3677 1538 3866 1608; x_wconf 85' lang='lat' dir='ltr'><strong>hujus-</strong></span> 
     </span>
    </p>
   </div>
   <div class='ocr_carea' id='block_1_47' title="bbox 2268 1618 3866 1697">
    <p class='ocr_par' dir='ltr' id='par_1_47' title="bbox 2268 1618 3866 1697">
     <span class='ocr_line' id='line_1_47' title="bbox 2268 1618 3866 1697; baseline 0.009 -26"><span class='ocrx_word' id='word_1_313' title='bbox 2268 1618 2413 1672; x_wconf 88' lang='lat' dir='ltr'><strong>modi</strong></span> <span class='ocrx_word' id='word_1_314' title='bbox 2445 1619 2841 1680; x_wconf 89' lang='lat' dir='ltr'><strong>ordinationem</strong></span> <span class='ocrx_word' id='word_1_315' title='bbox 2867 1640 3186 1696; x_wconf 89' lang='lat' dir='ltr'><strong>quocunque</strong></span> <span class='ocrx_word' id='word_1_316' title='bbox 3227 1627 3409 1697; x_wconf 92' lang='lat' dir='ltr'><strong>modo,</strong></span> <span class='ocrx_word' id='word_1_317' title='bbox 3460 1630 3545 1684; x_wconf 88' lang='lat' dir='ltr'><strong>vel</strong></span> <span class='ocrx_word' id='word_1_318' title='bbox 3597 1630 3644 1684; x_wconf 80' lang='lat' dir='ltr'><strong>si</strong></span> <span class='ocrx_word' id='word_1_319' title='bbox 3673 1631 3866 1686; x_wconf 79' lang='lat' dir='ltr'><strong>nolue-</strong></span> 
     </span>
    </p>
   </div>
   <div class='ocr_carea' id='block_1_48' title="bbox 2268 1711 3866 1798">
    <p class='ocr_par' dir='ltr' id='par_1_48' title="bbox 2268 1711 3866 1798">
     <span class='ocr_line' id='line_1_48' title="bbox 2268 1711 3866 1798; baseline 0.01 -33"><span class='ocrx_word' id='word_1_320' title='bbox 2268 1711 2666 1784; x_wconf 76' lang='lat' dir='ltr'><strong>rintsnbjaccre</strong></span> <span class='ocrx_word' id='word_1_321' title='bbox 2691 1720 2912 1788; x_wconf 78' lang='lat' dir='ltr'><strong>proprio</strong></span> <span class='ocrx_word' id='word_1_322' title='bbox 2934 1722 3209 1791; x_wconf 78' lang='lat' dir='ltr'><strong>episcopo,</strong></span> <span class='ocrx_word' id='word_1_323' title='bbox 3226 1722 3270 1776; x_wconf 92' lang='lat' dir='ltr'><strong>si</strong></span> <span class='ocrx_word' id='word_1_324' title='bbox 3294 1721 3507 1798; x_wconf 80' lang='lat' dir='ltr'><strong>quidem</strong></span> <span class='ocrx_word' id='word_1_325' title='bbox 3532 1723 3732 1781; x_wconf 74' lang='lat' dir='ltr'><strong>iuerint</strong></span> <span class='ocrx_word' id='word_1_326' title='bbox 3758 1721 3866 1781; x_wconf 82' lang='lat' dir='ltr'><strong>cle-</strong></span> 
     </span>
    </p>
   </div>
   <div class='ocr_carea' id='block_1_49' title="bbox 2275 1803 3861 1884">
    <p class='ocr_par' dir='ltr' id='par_1_49' title="bbox 2275 1803 3861 1884">
     <span class='ocr_line' id='line_1_49' title="bbox 2275 1803 3861 1884; baseline 0.008 -25"><span class='ocrx_word' id='word_1_327' title='bbox 2275 1803 2391 1874; x_wconf 88' lang='lat' dir='ltr'><strong>rici,</strong></span> <span class='ocrx_word' id='word_1_328' title='bbox 2427 1818 2766 1875; x_wconf 86' lang='lat' dir='ltr'><strong>paternarum</strong></span> <span class='ocrx_word' id='word_1_329' title='bbox 2811 1812 3206 1868; x_wconf 86' lang='lat' dir='ltr'><strong>ordiuatiouunt</strong></span> <span class='ocrx_word' id='word_1_330' title='bbox 3237 1816 3553 1884; x_wconf 86' lang='lat' dir='ltr'><strong>snhjaceaut</strong></span> <span class='ocrx_word' id='word_1_331' title='bbox 3601 1817 3861 1873; x_wconf 81' lang='lat' dir='ltr'><strong>condem-</strong></span> 
     </span>
    </p>
   </div>
   <div class='ocr_carea' id='block_1_50' title="bbox 2274 1898 3861 1975">
    <p class='ocr_par' dir='ltr' id='par_1_50' title="bbox 2274 1898 3861 1975">
     <span class='ocr_line' id='line_1_50' title="bbox 2274 1898 3861 1975; baseline 0.009 -24"><span class='ocrx_word' id='word_1_332' title='bbox 2274 1898 2609 1966; x_wconf 89' lang='lat' dir='ltr'><strong>nationibus;</strong></span> <span class='ocrx_word' id='word_1_333' title='bbox 2632 1901 2676 1956; x_wconf 90' lang='lat' dir='ltr'><strong>si</strong></span> <span class='ocrx_word' id='word_1_334' title='bbox 2707 1911 2887 1958; x_wconf 89' lang='lat' dir='ltr'><strong>autem</strong></span> <span class='ocrx_word' id='word_1_335' title='bbox 2918 1904 3170 1961; x_wconf 88' lang='lat' dir='ltr'><strong>monachi</strong></span> <span class='ocrx_word' id='word_1_336' title='bbox 3195 1921 3289 1962; x_wconf 89' lang='lat' dir='ltr'><strong>seu</strong></span> <span class='ocrx_word' id='word_1_337' title='bbox 3321 1906 3442 1962; x_wconf 89' lang='lat' dir='ltr'><strong>laici</strong></span> <span class='ocrx_word' id='word_1_338' title='bbox 3469 1918 3618 1975; x_wconf 86' lang='lat' dir='ltr'><strong>sunt,</strong></span> <span class='ocrx_word' id='word_1_339' title='bbox 3649 1923 3861 1966; x_wconf 78' lang='lat' dir='ltr'><strong>excom-</strong></span> 
     </span>
    </p>
   </div>
   <div class='ocr_carea' id='block_1_51' title="bbox 2267 2002 2630 2047">
    <p class='ocr_par' dir='ltr' id='par_1_51' title="bbox 2267 2002 2630 2047">
     <span class='ocr_line' id='line_1_51' title="bbox 2267 2002 2630 2047; baseline 0.011 -4"><span class='ocrx_word' id='word_1_340' title='bbox 2267 2002 2630 2047; x_wconf 75' lang='lat' dir='ltr'><strong>milIllCCllllII&#39;.</strong></span> 
     </span>
    </p>
   </div>
   <div class='ocr_carea' id='block_1_52' title="bbox 2372 2085 3762 2164">
    <p class='ocr_par' dir='ltr' id='par_1_52' title="bbox 2372 2085 3762 2164">
     <span class='ocr_line' id='line_1_52' title="bbox 2372 2085 3762 2164; baseline 0.006 -24"><span class='ocrx_word' id='word_1_341' title='bbox 2372 2085 2465 2142; x_wconf 80' lang='grc' dir='ltr'><strong>ΙΧ.</strong></span> <span class='ocrx_word' id='word_1_342' title='bbox 2519 2086 2666 2164; x_wconf 85' lang='lat' dir='ltr'><strong>Quod</strong></span> <span class='ocrx_word' id='word_1_343' title='bbox 2721 2106 2825 2144; x_wconf 87' lang='lat' dir='ltr'><strong>non</strong></span> <span class='ocrx_word' id='word_1_344' title='bbox 2880 2101 3108 2164; x_wconf 81' lang='lat' dir='ltr'><strong>oporteat</strong></span> <span class='ocrx_word' id='word_1_345' title='bbox 3166 2093 3376 2148; x_wconf 81' lang='lat' dir='ltr'><strong>clericos</strong></span> <span class='ocrx_word' id='word_1_346' title='bbox 3419 2095 3762 2164; x_wconf 79' lang='lat' dir='ltr'><strong>prwlermisso</strong></span> 
     </span>
    </p>
   </div>
   <div class='ocr_carea' id='block_1_53' title="bbox 2475 2163 3648 2235">
    <p class='ocr_par' dir='ltr' id='par_1_53' title="bbox 2475 2163 3648 2235">
     <span class='ocr_line' id='line_1_53' title="bbox 2475 2163 3648 2235; baseline 0.008 -24"><span class='ocrx_word' id='word_1_347' title='bbox 2475 2163 2712 2232; x_wconf 79' lang='lat' dir='ltr'><strong>episeopo</strong></span> <span class='ocrx_word' id='word_1_348' title='bbox 2737 2164 2803 2214; x_wconf 87' lang='lat' dir='ltr'><strong>ad</strong></span> <span class='ocrx_word' id='word_1_349' title='bbox 2827 2163 3100 2216; x_wconf 78' lang='lat' dir='ltr'><strong>swcularia</strong></span> <span class='ocrx_word' id='word_1_350' title='bbox 3115 2165 3320 2235; x_wconf 82' lang='lat' dir='ltr'><strong>judicia</strong></span> <span class='ocrx_word' id='word_1_351' title='bbox 3345 2181 3648 2219; x_wconf 83' lang='lat' dir='ltr'><strong>commeare.</strong></span> 
     </span>
    </p>
   </div>
   <div class='ocr_carea' id='block_1_54' title="bbox 2335 2246 3859 2324">
    <p class='ocr_par' dir='ltr' id='par_1_54' title="bbox 2335 2246 3859 2324">
     <span class='ocr_line' id='line_1_54' title="bbox 2335 2246 3859 2324; baseline 0.002 -20"><span class='ocrx_word' id='word_1_352' title='bbox 2335 2246 2392 2304; x_wconf 91' lang='lat' dir='ltr'><strong>Si</strong></span> <span class='ocrx_word' id='word_1_353' title='bbox 2437 2249 2665 2304; x_wconf 87' lang='lat' dir='ltr'><strong>clericus</strong></span> <span class='ocrx_word' id='word_1_354' title='bbox 2709 2253 2967 2308; x_wconf 85' lang='lat' dir='ltr'><strong>adversus</strong></span> <span class='ocrx_word' id='word_1_355' title='bbox 3008 2255 3260 2309; x_wconf 84' lang='lat' dir='ltr'><strong>clericum</strong></span> <span class='ocrx_word' id='word_1_356' title='bbox 3305 2254 3499 2311; x_wconf 87' lang='lat' dir='ltr'><strong>habeat</strong></span> <span class='ocrx_word' id='word_1_357' title='bbox 3550 2253 3859 2324; x_wconf 74' lang='lat' dir='ltr'><strong>negotiuu,</strong></span> 
     </span>
    </p>
   </div>
   <div class='ocr_carea' id='block_1_55' title="bbox 2262 2342 3859 2416">
    <p class='ocr_par' dir='ltr' id='par_1_55' title="bbox 2262 2342 3859 2416">
     <span class='ocr_line' id='line_1_55' title="bbox 2262 2342 3859 2416; baseline 0.003 -22"><span class='ocrx_word' id='word_1_358' title='bbox 2262 2354 2369 2396; x_wconf 90' lang='lat' dir='ltr'><strong>non</strong></span> <span class='ocrx_word' id='word_1_359' title='bbox 2399 2342 2666 2414; x_wconf 85' lang='lat' dir='ltr'><strong>relinquat</strong></span> <span class='ocrx_word' id='word_1_360' title='bbox 2685 2359 2840 2398; x_wconf 89' lang='lat' dir='ltr'><strong>somn</strong></span> <span class='ocrx_word' id='word_1_361' title='bbox 2861 2345 3173 2416; x_wconf 82' lang='lat' dir='ltr'><strong>episcOpum</strong></span> <span class='ocrx_word' id='word_1_362' title='bbox 3197 2355 3249 2401; x_wconf 88' lang='lat' dir='ltr'><strong>et</strong></span> <span class='ocrx_word' id='word_1_363' title='bbox 3272 2347 3336 2400; x_wconf 87' lang='lat' dir='ltr'><strong>ad</strong></span> <span class='ocrx_word' id='word_1_364' title='bbox 3365 2345 3859 2415; x_wconf 68' lang='lat' dir='ltr'><strong>smculariajudicia</strong></span> 
     </span>
    </p>
   </div>
   <div class='ocr_carea' id='block_1_56' title="bbox 2260 2435 3864 2508">
    <p class='ocr_par' dir='ltr' id='par_1_56' title="bbox 2260 2435 3864 2508">
     <span class='ocr_line' id='line_1_56' title="bbox 2260 2435 3864 2508; baseline 0.001 -20"><span class='ocrx_word' id='word_1_365' title='bbox 2260 2443 2578 2500; x_wconf 88' lang='lat' dir='ltr'><strong>concurrat;</strong></span> <span class='ocrx_word' id='word_1_366' title='bbox 2633 2435 2728 2490; x_wconf 82' lang='lat' dir='ltr'><strong>scd</strong></span> <span class='ocrx_word' id='word_1_367' title='bbox 2793 2438 3027 2507; x_wconf 90' lang='lat' dir='ltr'><strong>primum</strong></span> <span class='ocrx_word' id='word_1_368' title='bbox 3083 2438 3354 2508; x_wconf 78' lang='lat' dir='ltr'><strong>negoﬁum</strong></span> <span class='ocrx_word' id='word_1_369' title='bbox 3406 2438 3580 2508; x_wconf 89' lang='lat' dir='ltr'><strong>ipsum</strong></span> <span class='ocrx_word' id='word_1_370' title='bbox 3632 2435 3864 2506; x_wconf 78' lang='lat' dir='ltr'><strong>agitetur</strong></span> 
     </span>
    </p>
   </div>
   <div class='ocr_carea' id='block_1_57' title="bbox 2259 2526 3860 2600">
    <p class='ocr_par' dir='ltr' id='par_1_57' title="bbox 2259 2526 3860 2600">
     <span class='ocr_line' id='line_1_57' title="bbox 2259 2526 3860 2600; baseline 0.002 -22"><span class='ocrx_word' id='word_1_371' title='bbox 2259 2526 2401 2596; x_wconf 88' lang='lat' dir='ltr'><strong>apud</strong></span> <span class='ocrx_word' id='word_1_372' title='bbox 2431 2529 2740 2598; x_wconf 83' lang='lat' dir='ltr'><strong>episcopum</strong></span> <span class='ocrx_word' id='word_1_373' title='bbox 2775 2529 3070 2599; x_wconf 85' lang='lat' dir='ltr'><strong>proprium,</strong></span> <span class='ocrx_word' id='word_1_374' title='bbox 3121 2539 3175 2586; x_wconf 89' lang='lat' dir='ltr'><strong>et</strong></span> <span class='ocrx_word' id='word_1_375' title='bbox 3217 2531 3309 2594; x_wconf 86' lang='lat' dir='ltr'><strong>ita,</strong></span> <span class='ocrx_word' id='word_1_376' title='bbox 3341 2531 3385 2584; x_wconf 92' lang='lat' dir='ltr'><strong>si</strong></span> <span class='ocrx_word' id='word_1_377' title='bbox 3414 2528 3572 2584; x_wconf 80' lang='lat' dir='ltr'><strong>fuerit</strong></span> <span class='ocrx_word' id='word_1_378' title='bbox 3599 2527 3860 2600; x_wconf 86' lang='lat' dir='ltr'><strong>judicium</strong></span> 
     </span>
    </p>
   </div>
   <div class='ocr_carea' id='block_1_58' title="bbox 2260 2619 3861 2693">
    <p class='ocr_par' dir='ltr' id='par_1_58' title="bbox 2260 2619 3861 2693">
     <span class='ocr_line' id='line_1_58' title="bbox 2260 2619 3861 2693; baseline 0.001 -21"><span class='ocrx_word' id='word_1_379' title='bbox 2260 2619 2428 2687; x_wconf 86' lang='lat' dir='ltr'><strong>ipsius</strong></span> <span class='ocrx_word' id='word_1_380' title='bbox 2454 2620 2696 2690; x_wconf 89' lang='lat' dir='ltr'><strong>episcopi</strong></span> <span class='ocrx_word' id='word_1_381' title='bbox 2750 2619 2867 2693; x_wconf 90' lang='lat' dir='ltr'><strong>[U.,</strong></span> <span class='ocrx_word' id='word_1_382' title='bbox 2903 2621 3143 2693; x_wconf 90' lang='lat' dir='ltr'><strong>episcopi</strong></span> <span class='ocrx_word' id='word_1_383' title='bbox 3175 2619 3555 2692; x_wconf 89' lang='lat' dir='ltr'><strong>contrarium],</strong></span> <span class='ocrx_word' id='word_1_384' title='bbox 3605 2621 3746 2689; x_wconf 89' lang='lat' dir='ltr'><strong>apud</strong></span> <span class='ocrx_word' id='word_1_385' title='bbox 3775 2635 3861 2674; x_wconf 85' lang='lat' dir='ltr'><strong>ar-</strong></span> 
     </span>
    </p>
   </div>
   <div class='ocr_carea' id='block_1_59' title="bbox 2262 2709 3857 2783">
    <p class='ocr_par' dir='ltr' id='par_1_59' title="bbox 2262 2709 3857 2783">
     <span class='ocr_line' id='line_1_59' title="bbox 2262 2709 3857 2783; baseline 0.001 -20"><span class='ocrx_word' id='word_1_386' title='bbox 2262 2709 2430 2765; x_wconf 88' lang='lat' dir='ltr'><strong>bitros</strong></span> <span class='ocrx_word' id='word_1_387' title='bbox 2469 2725 2533 2765; x_wconf 81' lang='lat' dir='ltr'><strong>ex</strong></span> <span class='ocrx_word' id='word_1_388' title='bbox 2566 2721 2790 2782; x_wconf 88' lang='lat' dir='ltr'><strong>utraque</strong></span> <span class='ocrx_word' id='word_1_389' title='bbox 2833 2724 2985 2783; x_wconf 90' lang='lat' dir='ltr'><strong>parte</strong></span> <span class='ocrx_word' id='word_1_390' title='bbox 3035 2717 3238 2769; x_wconf 83' lang='lat' dir='ltr'><strong>electos</strong></span> <span class='ocrx_word' id='word_1_391' title='bbox 3269 2713 3515 2768; x_wconf 87' lang='lat' dir='ltr'><strong>audiatur</strong></span> <span class='ocrx_word' id='word_1_392' title='bbox 3545 2715 3857 2782; x_wconf 79' lang='lat' dir='ltr'><strong>negotium:</strong></span> 
     </span>
    </p>
   </div>
   <div class='ocr_carea' id='block_1_60' title="bbox 2257 2800 3859 2876">
    <p class='ocr_par' dir='ltr' id='par_1_60' title="bbox 2257 2800 3859 2876">
     <span class='ocr_line' id='line_1_60' title="bbox 2257 2800 3859 2876; baseline 0.003 -20"><span class='ocrx_word' id='word_1_393' title='bbox 2257 2800 2304 2856; x_wconf 89' lang='lat' dir='ltr'><strong>si</strong></span> <span class='ocrx_word' id='word_1_394' title='bbox 2334 2803 2451 2870; x_wconf 82' lang='lat' dir='ltr'><strong>quis</strong></span> <span class='ocrx_word' id='word_1_395' title='bbox 2481 2817 2605 2858; x_wconf 88' lang='lat' dir='ltr'><strong>vero</strong></span> <span class='ocrx_word' id='word_1_396' title='bbox 2645 2813 2830 2860; x_wconf 89' lang='lat' dir='ltr'><strong>contra</strong></span> <span class='ocrx_word' id='word_1_397' title='bbox 2861 2806 2976 2861; x_wconf 71' lang='lat' dir='ltr'><strong>haec</strong></span> <span class='ocrx_word' id='word_1_398' title='bbox 3025 2805 3242 2875; x_wconf 81' lang='lat' dir='ltr'><strong>fecerit,</strong></span> <span class='ocrx_word' id='word_1_399' title='bbox 3292 2821 3558 2862; x_wconf 89' lang='lat' dir='ltr'><strong>canonum</strong></span> <span class='ocrx_word' id='word_1_400' title='bbox 3586 2805 3859 2876; x_wconf 81' lang='lat' dir='ltr'><strong>subjaccat</strong></span> 
     </span>
    </p>
   </div>
   <div class='ocr_carea' id='block_1_61' title="bbox 2259 2897 3857 2966">
    <p class='ocr_par' dir='ltr' id='par_1_61' title="bbox 2259 2897 3857 2966">
     <span class='ocr_line' id='line_1_61' title="bbox 2259 2897 3857 2966; baseline 0.003 -17"><span class='ocrx_word' id='word_1_401' title='bbox 2259 2897 2709 2966; x_wconf 86' lang='lat' dir='ltr'><strong>correptionibus.</strong></span> <span class='ocrx_word' id='word_1_402' title='bbox 2768 2899 2836 2954; x_wconf 83' lang='lat' dir='ltr'><strong>Et</strong></span> <span class='ocrx_word' id='word_1_403' title='bbox 2869 2900 2912 2955; x_wconf 89' lang='lat' dir='ltr'><strong>si</strong></span> <span class='ocrx_word' id='word_1_404' title='bbox 2958 2900 3186 2956; x_wconf 89' lang='lat' dir='ltr'><strong>clericus</strong></span> <span class='ocrx_word' id='word_1_405' title='bbox 3227 2899 3485 2957; x_wconf 89' lang='lat' dir='ltr'><strong>adversus</strong></span> <span class='ocrx_word' id='word_1_406' title='bbox 3531 2915 3712 2966; x_wconf 90' lang='lat' dir='ltr'><strong>suum,</strong></span> <span class='ocrx_word' id='word_1_407' title='bbox 3764 2913 3857 2954; x_wconf 85' lang='lat' dir='ltr'><strong>seu</strong></span> 
     </span>
    </p>
   </div>
   <div class='ocr_carea' id='block_1_62' title="bbox 2257 2987 3857 3064">
    <p class='ocr_par' dir='ltr' id='par_1_62' title="bbox 2257 2987 3857 3064">
     <span class='ocr_line' id='line_1_62' title="bbox 2257 2987 3857 3064; baseline 0.004 -24"><span class='ocrx_word' id='word_1_408' title='bbox 2257 2987 2419 3042; x_wconf 89' lang='lat' dir='ltr'><strong>alium</strong></span> <span class='ocrx_word' id='word_1_409' title='bbox 2450 2989 2763 3060; x_wconf 79' lang='lat' dir='ltr'><strong>episcopum</strong></span> <span class='ocrx_word' id='word_1_410' title='bbox 2808 2990 3002 3046; x_wconf 88' lang='lat' dir='ltr'><strong>habeat</strong></span> <span class='ocrx_word' id='word_1_411' title='bbox 3040 3007 3292 3059; x_wconf 87' lang='lat' dir='ltr'><strong>causam,</strong></span> <span class='ocrx_word' id='word_1_412' title='bbox 3337 2993 3477 3064; x_wconf 84' lang='lat' dir='ltr'><strong>apud</strong></span> <span class='ocrx_word' id='word_1_413' title='bbox 3529 2991 3857 3047; x_wconf 86' lang='lat' dir='ltr'><strong>audientiam</strong></span> 
     </span>
    </p>
   </div>
   <div class='ocr_carea' id='block_1_63' title="bbox 2258 3079 3857 3155">
    <p class='ocr_par' dir='ltr' id='par_1_63' title="bbox 2258 3079 3857 3155">
     <span class='ocr_line' id='line_1_63' title="bbox 2258 3079 3857 3155; baseline 0.003 -23"><span class='ocrx_word' id='word_1_414' title='bbox 2258 3079 2450 3150; x_wconf 84' lang='lat' dir='ltr'><strong>synodi</strong></span> <span class='ocrx_word' id='word_1_415' title='bbox 2481 3082 2770 3150; x_wconf 76' lang='lat' dir='ltr'><strong>provincia:</strong></span> <span class='ocrx_word' id='word_1_416' title='bbox 2796 3081 2917 3152; x_wconf 85' lang='lat' dir='ltr'><strong>ejus</strong></span> <span class='ocrx_word' id='word_1_417' title='bbox 2945 3092 3308 3154; x_wconf 90' lang='lat' dir='ltr'><strong>conqueratur</strong></span> <span class='ocrx_word' id='word_1_418' title='bbox 3335 3081 3478 3155; x_wconf 75' lang='lat' dir='ltr'><strong>{/E.,</strong></span> <span class='ocrx_word' id='word_1_419' title='bbox 3511 3080 3857 3155; x_wconf 86' lang='lat' dir='ltr'><strong>inquiratur]:</strong></span> 
     </span>
    </p>
   </div>
   <div class='ocr_carea' id='block_1_64' title="bbox 561 3172 3855 3272">
    <p class='ocr_par' dir='ltr' id='par_1_64' title="bbox 561 3172 3855 3272">
     <span class='ocr_line' id='line_1_64' title="bbox 561 3172 3855 3272; baseline 0.001 -43"><span class='ocrx_word' id='word_1_420' title='bbox 561 3180 776 3250; x_wconf 80' lang='lat' dir='ltr'><strong>propria</strong></span> <span class='ocrx_word' id='word_1_421' title='bbox 825 3180 1183 3246; x_wconf 80' lang='lat' dir='ltr'><strong>monasteria;</strong></span> <span class='ocrx_word' id='word_1_422' title='bbox 1240 3181 1342 3235; x_wconf 79' lang='lat' dir='ltr'><strong>nisi</strong></span> <span class='ocrx_word' id='word_1_423' title='bbox 1393 3180 1533 3237; x_wconf 66' lang='lat' dir='ltr'><strong>forte</strong></span> <span class='ocrx_word' id='word_1_424' title='bbox 1593 3180 1883 3252; x_wconf 72' lang='lat' dir='ltr'><strong>jubeautnr</strong></span> <span class='ocrx_word' id='word_1_425' title='bbox 1936 3191 2154 3251; x_wconf 65' lang='lat' dir='ltr'><strong>propter</strong></span> <span class='ocrx_word' id='word_1_426' title='bbox 2181 3207 2228 3272; x_wconf 70' lang='grc' dir='ltr'>ο</span> <span class='ocrx_word' id='word_1_427' title='bbox 2260 3172 2465 3241; x_wconf 72' lang='grc' dir='ltr'><strong>δῖνοι-ο</strong></span> <span class='ocrx_word' id='word_1_428' title='bbox 2504 3182 2695 3229; x_wconf 87' lang='lat' dir='ltr'><strong>contra</strong></span> <span class='ocrx_word' id='word_1_429' title='bbox 2741 3174 2908 3245; x_wconf 91' lang='lat' dir='ltr'><strong>ipsius</strong></span> <span class='ocrx_word' id='word_1_430' title='bbox 2939 3176 3234 3246; x_wconf 71' lang='lat' dir='ltr'><strong>provincia:</strong></span> <span class='ocrx_word' id='word_1_431' title='bbox 3273 3190 3338 3230; x_wconf 91' lang='lat' dir='ltr'><strong>ac</strong></span> <span class='ocrx_word' id='word_1_432' title='bbox 3384 3175 3855 3246; x_wconf 88' lang='lat' dir='ltr'><strong>metropolitanum</strong></span> 
     </span>
    </p>
   </div>
   <div class='ocr_carea' id='block_1_65' title="bbox 565 3269 2152 3343">
    <p class='ocr_par' dir='ltr' id='par_1_65' title="bbox 565 3269 2152 3343">
     <span class='ocr_line' id='line_1_65' title="bbox 565 3269 2152 3343; baseline -0.001 -15"><span class='ocrx_word' id='word_1_433' title='bbox 565 3280 818 3342; x_wconf 72' lang='lat' dir='ltr'><strong>urgentes</strong></span> <span class='ocrx_word' id='word_1_434' title='bbox 864 3274 1212 3328; x_wconf 83' lang='lat' dir='ltr'><strong>necessitates</strong></span> <span class='ocrx_word' id='word_1_435' title='bbox 1253 3270 1323 3326; x_wconf 89' lang='lat' dir='ltr'><strong>ab</strong></span> <span class='ocrx_word' id='word_1_436' title='bbox 1365 3269 1533 3342; x_wconf 88' lang='lat' dir='ltr'><strong>ipsius</strong></span> <span class='ocrx_word' id='word_1_437' title='bbox 1581 3271 1812 3326; x_wconf 90' lang='lat' dir='ltr'><strong>civitatis</strong></span> <span class='ocrx_word' id='word_1_438' title='bbox 1860 3272 2152 3343; x_wconf 87' lang='lat' dir='ltr'><strong>episcopo:</strong></span> 
     </span>
    </p>
   </div>
   <div class='ocr_carea' id='block_1_66' title="bbox 565 3365 2158 3435">
    <p class='ocr_par' dir='ltr' id='par_1_66' title="bbox 565 3365 2158 3435">
     <span class='ocr_line' id='line_1_66' title="bbox 565 3365 2158 3435; baseline -0.001 -13"><span class='ocrx_word' id='word_1_439' title='bbox 565 3371 622 3422; x_wconf 87' lang='lat' dir='ltr'><strong>et</strong></span> <span class='ocrx_word' id='word_1_440' title='bbox 647 3365 915 3424; x_wconf 87' lang='lat' dir='ltr'><strong>neminem</strong></span> <span class='ocrx_word' id='word_1_441' title='bbox 944 3381 1220 3424; x_wconf 88' lang='lat' dir='ltr'><strong>servorum</strong></span> <span class='ocrx_word' id='word_1_442' title='bbox 1245 3365 1445 3435; x_wconf 76' lang='lat' dir='ltr'><strong>suscipi</strong></span> <span class='ocrx_word' id='word_1_443' title='bbox 1489 3366 1543 3420; x_wconf 91' lang='lat' dir='ltr'><strong>iu</strong></span> <span class='ocrx_word' id='word_1_444' title='bbox 1583 3367 1966 3422; x_wconf 83' lang='lat' dir='ltr'><strong>monasterium</strong></span> <span class='ocrx_word' id='word_1_445' title='bbox 2013 3377 2068 3421; x_wconf 92' lang='lat' dir='ltr'><strong>ut</strong></span> <span class='ocrx_word' id='word_1_446' title='bbox 2089 3366 2158 3420; x_wconf 90' lang='lat' dir='ltr'><strong>sit</strong></span> 
     </span>
    </p>
   </div>
   <div class='ocr_carea' id='block_1_67' title="bbox 561 3454 2152 3528">
    <p class='ocr_par' dir='ltr' id='par_1_67' title="bbox 561 3454 2152 3528">
     <span class='ocr_line' id='line_1_67' title="bbox 561 3454 2152 3528; baseline -0.001 -12"><span class='ocrx_word' id='word_1_447' title='bbox 561 3473 684 3516; x_wconf 87' lang='lat' dir='ltr'><strong>cum</strong></span> <span class='ocrx_word' id='word_1_448' title='bbox 713 3460 792 3516; x_wconf 87' lang='lat' dir='ltr'><strong>eis</strong></span> <span class='ocrx_word' id='word_1_449' title='bbox 831 3458 1164 3525; x_wconf 87' lang='lat' dir='ltr'><strong>monachus,</strong></span> <span class='ocrx_word' id='word_1_450' title='bbox 1216 3457 1320 3512; x_wconf 73' lang='lat' dir='ltr'><strong>nisi</strong></span> <span class='ocrx_word' id='word_1_451' title='bbox 1350 3472 1471 3512; x_wconf 90' lang='lat' dir='ltr'><strong>cum</strong></span> <span class='ocrx_word' id='word_1_452' title='bbox 1526 3456 1729 3513; x_wconf 90' lang='lat' dir='ltr'><strong>domini</strong></span> <span class='ocrx_word' id='word_1_453' title='bbox 1779 3459 1980 3528; x_wconf 90' lang='lat' dir='ltr'><strong>proprii</strong></span> <span class='ocrx_word' id='word_1_454' title='bbox 2020 3454 2152 3514; x_wconf 84' lang='lat' dir='ltr'><strong>cun-</strong></span> 
     </span>
    </p>
   </div>
   <div class='ocr_carea' id='block_1_68' title="bbox 561 3550 2152 3608">
    <p class='ocr_par' dir='ltr' id='par_1_68' title="bbox 561 3550 2152 3608">
     <span class='ocr_line' id='line_1_68' title="bbox 561 3550 2152 3608; baseline -0.001 0"><span class='ocrx_word' id='word_1_455' title='bbox 561 3553 805 3608; x_wconf 85' lang='lat' dir='ltr'><strong>scieutia.</strong></span> <span class='ocrx_word' id='word_1_456' title='bbox 839 3552 1256 3606; x_wconf 74' lang='lat' dir='ltr'><strong>I‘rat-tereuutem</strong></span> <span class='ocrx_word' id='word_1_457' title='bbox 1288 3563 1417 3604; x_wconf 88' lang='lat' dir='ltr'><strong>vero</strong></span> <span class='ocrx_word' id='word_1_458' title='bbox 1470 3550 1586 3604; x_wconf 78' lang='lat' dir='ltr'><strong>haec</strong></span> <span class='ocrx_word' id='word_1_459' title='bbox 1622 3550 1957 3606; x_wconf 88' lang='lat' dir='ltr'><strong>decrevimus</strong></span> <span class='ocrx_word' id='word_1_460' title='bbox 2003 3560 2152 3607; x_wconf 79' lang='lat' dir='ltr'><strong>extra</strong></span> 
     </span>
    </p>
   </div>
   <div class='ocr_carea' id='block_1_69' title="bbox 561 3641 2146 3712">
    <p class='ocr_par' dir='ltr' id='par_1_69' title="bbox 561 3641 2146 3712">
     <span class='ocr_line' id='line_1_69' title="bbox 561 3641 2146 3712; baseline -0.003 -12"><span class='ocrx_word' id='word_1_461' title='bbox 561 3645 998 3700; x_wconf 89' lang='lat' dir='ltr'><strong>communionem</strong></span> <span class='ocrx_word' id='word_1_462' title='bbox 1019 3657 1162 3710; x_wconf 87' lang='lat' dir='ltr'><strong>esse,</strong></span> <span class='ocrx_word' id='word_1_463' title='bbox 1187 3657 1255 3696; x_wconf 89' lang='lat' dir='ltr'><strong>tte</strong></span> <span class='ocrx_word' id='word_1_464' title='bbox 1282 3657 1476 3697; x_wconf 90' lang='lat' dir='ltr'><strong>nomen</strong></span> <span class='ocrx_word' id='word_1_465' title='bbox 1501 3641 1707 3698; x_wconf 84' lang='lat' dir='ltr'><strong>Domini</strong></span> <span class='ocrx_word' id='word_1_466' title='bbox 1733 3642 2146 3712; x_wconf 78' lang='lat' dir='ltr'><strong>blaspltemetnr:</strong></span> 
     </span>
    </p>
   </div>
   <div class='ocr_carea' id='block_1_70' title="bbox 561 3735 2152 3806">
    <p class='ocr_par' dir='ltr' id='par_1_70' title="bbox 561 3735 2152 3806">
     <span class='ocr_line' id='line_1_70' title="bbox 561 3735 2152 3806; baseline 0.001 -12"><span class='ocrx_word' id='word_1_467' title='bbox 561 3738 813 3795; x_wconf 88' lang='lat' dir='ltr'><strong>convenit</strong></span> <span class='ocrx_word' id='word_1_468' title='bbox 842 3751 968 3792; x_wconf 90' lang='lat' dir='ltr'><strong>vero</strong></span> <span class='ocrx_word' id='word_1_469' title='bbox 997 3735 1226 3792; x_wconf 83' lang='lat' dir='ltr'><strong>civitatis</strong></span> <span class='ocrx_word' id='word_1_470' title='bbox 1252 3736 1506 3806; x_wconf 86' lang='lat' dir='ltr'><strong>episcopo</strong></span> <span class='ocrx_word' id='word_1_471' title='bbox 1535 3752 1716 3792; x_wconf 86' lang='lat' dir='ltr'><strong>curant</strong></span> <span class='ocrx_word' id='word_1_472' title='bbox 1752 3746 1807 3792; x_wconf 84' lang='lat' dir='ltr'><strong>et</strong></span> <span class='ocrx_word' id='word_1_473' title='bbox 1838 3738 2152 3795; x_wconf 83' lang='lat' dir='ltr'><strong>sollicitudi-</strong></span> 
     </span>
    </p>
   </div>
   <div class='ocr_carea' id='block_1_71' title="bbox 561 3827 1756 3888">
    <p class='ocr_par' dir='ltr' id='par_1_71' title="bbox 561 3827 1756 3888">
     <span class='ocr_line' id='line_1_71' title="bbox 561 3827 1756 3888; baseline 0.001 -3"><span class='ocrx_word' id='word_1_474' title='bbox 561 3844 688 3887; x_wconf 86' lang='lat' dir='ltr'><strong>nem</strong></span> <span class='ocrx_word' id='word_1_475' title='bbox 719 3827 1077 3885; x_wconf 87' lang='lat' dir='ltr'><strong>necessariam</strong></span> <span class='ocrx_word' id='word_1_476' title='bbox 1109 3831 1456 3886; x_wconf 63' lang='lat' dir='ltr'><strong>monasteriis</strong></span> <span class='ocrx_word' id='word_1_477' title='bbox 1481 3829 1756 3888; x_wconf 76' lang='lat' dir='ltr'><strong>exhibere.</strong></span> 
     </span>
    </p>
   </div>
   <div class='ocr_carea' id='block_1_72' title="bbox 561 3918 2149 3995">
    <p class='ocr_par' dir='ltr' id='par_1_72' title="bbox 561 3918 2149 3995">
     <span class='ocr_line' id='line_1_72' title="bbox 561 3918 2149 3995; baseline 0.003 -19"><span class='ocrx_word' id='word_1_478' title='bbox 561 3918 628 3976; x_wconf 76' lang='grc' dir='ltr'><strong>γ.</strong></span> <span class='ocrx_word' id='word_1_479' title='bbox 663 3919 812 3995; x_wconf 83' lang='lat' dir='ltr'><strong>Quod</strong></span> <span class='ocrx_word' id='word_1_480' title='bbox 849 3935 950 3995; x_wconf 80' lang='lat' dir='ltr'><strong>non</strong></span> <span class='ocrx_word' id='word_1_481' title='bbox 976 3919 1159 3995; x_wconf 34' lang='lat' dir='ltr'><strong>diceat“</strong></span> <span class='ocrx_word' id='word_1_482' title='bbox 1183 3923 1479 3992; x_wconf 87' lang='lat' dir='ltr'><strong>episcopum</strong></span> <span class='ocrx_word' id='word_1_483' title='bbox 1526 3924 1601 3978; x_wconf 80' lang='lat' dir='ltr'><strong>vel</strong></span> <span class='ocrx_word' id='word_1_484' title='bbox 1628 3923 1894 3995; x_wconf 82' lang='lat' dir='ltr'><strong>quemlibet</strong></span> <span class='ocrx_word' id='word_1_485' title='bbox 1932 3924 2149 3981; x_wconf 69' lang='grc' dir='ltr'><strong>εποιεῑο</strong></span> 
     </span>
    </p>
   </div>
   <div class='ocr_carea' id='block_1_73' title="bbox 772 3991 1933 4068">
    <p class='ocr_par' dir='ltr' id='par_1_73' title="bbox 772 3991 1933 4068">
     <span class='ocr_line' id='line_1_73' title="bbox 772 3991 1933 4068; baseline 0.006 -24"><span class='ocrx_word' id='word_1_486' title='bbox 772 3991 837 4046; x_wconf 87' lang='lat' dir='ltr'><strong>de</strong></span> <span class='ocrx_word' id='word_1_487' title='bbox 865 3991 971 4044; x_wconf 87' lang='lat' dir='ltr'><strong>alia</strong></span> <span class='ocrx_word' id='word_1_488' title='bbox 999 3992 1068 4045; x_wconf 84' lang='lat' dir='ltr'><strong>ad</strong></span> <span class='ocrx_word' id='word_1_489' title='bbox 1089 3991 1249 4046; x_wconf 83' lang='lat' dir='ltr'><strong>aliam</strong></span> <span class='ocrx_word' id='word_1_490' title='bbox 1273 3991 1933 4068; x_wconf 38' lang='lat' dir='ltr'><strong>transmigrare—civitatem.</strong></span> 
     </span>
    </p>
   </div>
   <div class='ocr_carea' id='block_1_74' title="bbox 631 4085 2148 4166">
    <p class='ocr_par' dir='ltr' id='par_1_74' title="bbox 631 4085 2148 4166">
     <span class='ocr_line' id='line_1_74' title="bbox 631 4085 2148 4166; baseline 0.007 -24"><span class='ocrx_word' id='word_1_491' title='bbox 631 4085 857 4158; x_wconf 83' lang='lat' dir='ltr'><strong>Propter</strong></span> <span class='ocrx_word' id='word_1_492' title='bbox 885 4101 977 4144; x_wconf 88' lang='lat' dir='ltr'><strong>eos</strong></span> <span class='ocrx_word' id='word_1_493' title='bbox 1000 4089 1283 4161; x_wconf 81' lang='lat' dir='ltr'><strong>episcOpos</strong></span> <span class='ocrx_word' id='word_1_494' title='bbox 1311 4089 1424 4146; x_wconf 87' lang='lat' dir='ltr'><strong>sive</strong></span> <span class='ocrx_word' id='word_1_495' title='bbox 1449 4092 1677 4150; x_wconf 83' lang='lat' dir='ltr'><strong>clericos</strong></span> <span class='ocrx_word' id='word_1_496' title='bbox 1720 4094 1808 4166; x_wconf 92' lang='lat' dir='ltr'><strong>qui</strong></span> <span class='ocrx_word' id='word_1_497' title='bbox 1839 4094 1906 4151; x_wconf 90' lang='lat' dir='ltr'><strong>de</strong></span> <span class='ocrx_word' id='word_1_498' title='bbox 1935 4095 2148 4152; x_wconf 88' lang='lat' dir='ltr'><strong>civitate</strong></span> 
     </span>
    </p>
   </div>
   <div class='ocr_carea' id='block_1_75' title="bbox 560 4179 2145 4256">
    <p class='ocr_par' dir='ltr' id='par_1_75' title="bbox 560 4179 2145 4256">
     <span class='ocr_line' id='line_1_75' title="bbox 560 4179 2145 4256; baseline 0.006 -19"><span class='ocrx_word' id='word_1_499' title='bbox 560 4179 630 4237; x_wconf 85' lang='lat' dir='ltr'><strong>ad</strong></span> <span class='ocrx_word' id='word_1_500' title='bbox 668 4179 934 4236; x_wconf 83' lang='lat' dir='ltr'><strong>civitatem</strong></span> <span class='ocrx_word' id='word_1_501' title='bbox 985 4190 1259 4239; x_wconf 89' lang='lat' dir='ltr'><strong>transeunt</strong></span> <span class='ocrx_word' id='word_1_502' title='bbox 1300 4185 1500 4256; x_wconf 86' lang='lat' dir='ltr'><strong>placuit</strong></span> <span class='ocrx_word' id='word_1_503' title='bbox 1549 4187 1888 4244; x_wconf 90' lang='lat' dir='ltr'><strong>delinitiones</strong></span> <span class='ocrx_word' id='word_1_504' title='bbox 1934 4189 2087 4245; x_wconf 91' lang='lat' dir='ltr'><strong>datas</strong></span> <span class='ocrx_word' id='word_1_505' title='bbox 2116 4205 2145 4246; x_wconf 88' lang='lat' dir='ltr'><strong>a</strong></span> 
     </span>
    </p>
   </div>
   <div class='ocr_carea' id='block_1_76' title="bbox 559 4273 1928 4351">
    <p class='ocr_par' dir='ltr' id='par_1_76' title="bbox 559 4273 1928 4351">
     <span class='ocr_line' id='line_1_76' title="bbox 559 4273 1928 4351; baseline 0.007 -24"><span class='ocrx_word' id='word_1_506' title='bbox 559 4275 758 4329; x_wconf 85' lang='lat' dir='ltr'><strong>sanctis</strong></span> <span class='ocrx_word' id='word_1_507' title='bbox 790 4273 1033 4332; x_wconf 82' lang='lat' dir='ltr'><strong>I’atribus</strong></span> <span class='ocrx_word' id='word_1_508' title='bbox 1063 4278 1260 4336; x_wconf 90' lang='lat' dir='ltr'><strong>habere</strong></span> <span class='ocrx_word' id='word_1_509' title='bbox 1301 4282 1568 4351; x_wconf 81' lang='lat' dir='ltr'><strong>propriam</strong></span> <span class='ocrx_word' id='word_1_510' title='bbox 1603 4284 1928 4339; x_wconf 89' lang='lat' dir='ltr'><strong>ﬁrmitatem.</strong></span> 
     </span>
    </p>
   </div>
   <div class='ocr_carea' id='block_1_77' title="bbox 637 4365 2074 4454">
    <p class='ocr_par' dir='ltr' id='par_1_77' title="bbox 637 4365 2074 4454">
     <span class='ocr_line' id='line_1_77' title="bbox 637 4365 2074 4454; baseline 0.007 -32"><span class='ocrx_word' id='word_1_511' title='bbox 637 4365 724 4423; x_wconf 80' lang='lat' dir='ltr'><strong>VI.</strong></span> <span class='ocrx_word' id='word_1_512' title='bbox 753 4367 904 4433; x_wconf 80' lang='lat' dir='ltr'><strong>Quod</strong></span> <span class='ocrx_word' id='word_1_513' title='bbox 930 4384 1032 4424; x_wconf 86' lang='lat' dir='ltr'><strong>non</strong></span> <span class='ocrx_word' id='word_1_514' title='bbox 1058 4380 1286 4454; x_wconf 67' lang='lat' dir='ltr'><strong>oporteat</strong></span> <span class='ocrx_word' id='word_1_515' title='bbox 1307 4371 1534 4454; x_wconf 77' lang='lat' dir='ltr'><strong>absolute</strong></span> <span class='ocrx_word' id='word_1_516' title='bbox 1555 4374 1802 4442; x_wconf 86' lang='lat' dir='ltr'><strong>quoslibet</strong></span> <span class='ocrx_word' id='word_1_517' title='bbox 1835 4376 2074 4432; x_wconf 83' lang='lat' dir='ltr'><strong>ordinare</strong></span> 
     </span>
    </p>
   </div>
   <div class='ocr_carea' id='block_1_78' title="bbox 1112 4457 1588 4512">
    <p class='ocr_par' dir='ltr' id='par_1_78' title="bbox 1112 4457 1588 4512">
     <span class='ocr_line' id='line_1_78' title="bbox 1112 4457 1588 4512; baseline 0.013 -18"><span class='ocrx_word' id='word_1_518' title='bbox 1112 4457 1211 4496; x_wconf 74' lang='lat' dir='ltr'><strong>nisi</strong></span> <span class='ocrx_word' id='word_1_519' title='bbox 1253 4459 1306 4496; x_wconf 79' lang='lat' dir='ltr'><strong>in</strong></span> <span class='ocrx_word' id='word_1_520' title='bbox 1358 4459 1588 4512; x_wconf 78' lang='lat' dir='ltr'><strong>propria.</strong></span> 
     </span>
    </p>
   </div>
   <div class='ocr_carea' id='block_1_79' title="bbox 629 4527 2133 4608">
    <p class='ocr_par' dir='ltr' id='par_1_79' title="bbox 629 4527 2133 4608">
     <span class='ocr_line' id='line_1_79' title="bbox 629 4527 2133 4608; baseline 0.007 -24"><span class='ocrx_word' id='word_1_521' title='bbox 629 4527 905 4588; x_wconf 80' lang='lat' dir='ltr'><strong>Neminem</strong></span> <span class='ocrx_word' id='word_1_522' title='bbox 947 4532 1188 4590; x_wconf 88' lang='lat' dir='ltr'><strong>absolute</strong></span> <span class='ocrx_word' id='word_1_523' title='bbox 1216 4533 1469 4590; x_wconf 89' lang='lat' dir='ltr'><strong>ordinare</strong></span> <span class='ocrx_word' id='word_1_524' title='bbox 1499 4536 1868 4608; x_wconf 86' lang='lat' dir='ltr'><strong>presbyterum</strong></span> <span class='ocrx_word' id='word_1_525' title='bbox 1909 4539 1992 4594; x_wconf 87' lang='lat' dir='ltr'><strong>vel</strong></span> <span class='ocrx_word' id='word_1_526' title='bbox 2023 4540 2133 4594; x_wconf 82' lang='lat' dir='ltr'><strong>dia-</strong></span> 
     </span>
    </p>
   </div>
   <div class='ocr_carea' id='block_1_80' title="bbox 559 4628 2144 4700">
    <p class='ocr_par' dir='ltr' id='par_1_80' title="bbox 559 4628 2144 4700">
     <span class='ocr_line' id='line_1_80' title="bbox 559 4628 2144 4700; baseline 0.006 -20"><span class='ocrx_word' id='word_1_527' title='bbox 559 4638 753 4680; x_wconf 89' lang='lat' dir='ltr'><strong>conum</strong></span> <span class='ocrx_word' id='word_1_528' title='bbox 786 4643 882 4682; x_wconf 89' lang='lat' dir='ltr'><strong>ttec</strong></span> <span class='ocrx_word' id='word_1_529' title='bbox 913 4628 1204 4700; x_wconf 76' lang='lat' dir='ltr'><strong>quemlibet</strong></span> <span class='ocrx_word' id='word_1_530' title='bbox 1241 4630 1401 4684; x_wconf 91' lang='lat' dir='ltr'><strong>alium</strong></span> <span class='ocrx_word' id='word_1_531' title='bbox 1449 4629 1501 4684; x_wconf 92' lang='lat' dir='ltr'><strong>in</strong></span> <span class='ocrx_word' id='word_1_532' title='bbox 1529 4630 1895 4688; x_wconf 88' lang='lat' dir='ltr'><strong>ecclesiastica</strong></span> <span class='ocrx_word' id='word_1_533' title='bbox 1925 4633 2144 4690; x_wconf 84' lang='lat' dir='ltr'><strong>ordina-</strong></span> 
     </span>
    </p>
   </div>
   <div class='ocr_carea' id='block_1_81' title="bbox 560 4717 2144 4788">
    <p class='ocr_par' dir='ltr' id='par_1_81' title="bbox 560 4717 2144 4788">
     <span class='ocr_line' id='line_1_81' title="bbox 560 4717 2144 4788; baseline 0.008 -17"><span class='ocrx_word' id='word_1_534' title='bbox 560 4717 702 4771; x_wconf 89' lang='lat' dir='ltr'><strong>tione</strong></span> <span class='ocrx_word' id='word_1_535' title='bbox 730 4719 1098 4788; x_wconf 87' lang='lat' dir='ltr'><strong>coustitutum,</strong></span> <span class='ocrx_word' id='word_1_536' title='bbox 1133 4720 1231 4777; x_wconf 89' lang='lat' dir='ltr'><strong>nisi</strong></span> <span class='ocrx_word' id='word_1_537' title='bbox 1263 4720 1546 4779; x_wconf 83' lang='lat' dir='ltr'><strong>manifeste</strong></span> <span class='ocrx_word' id='word_1_538' title='bbox 1573 4723 1627 4778; x_wconf 93' lang='lat' dir='ltr'><strong>in</strong></span> <span class='ocrx_word' id='word_1_539' title='bbox 1658 4725 1886 4780; x_wconf 87' lang='lat' dir='ltr'><strong>ecclesia</strong></span> <span class='ocrx_word' id='word_1_540' title='bbox 1913 4725 2144 4784; x_wconf 86' lang='lat' dir='ltr'><strong>civitatis</strong></span> 
     </span>
    </p>
   </div>
   <div class='ocr_carea' id='block_1_82' title="bbox 559 4812 2142 4890">
    <p class='ocr_par' dir='ltr' id='par_1_82' title="bbox 559 4812 2142 4890">
     <span class='ocr_line' id='line_1_82' title="bbox 559 4812 2142 4890; baseline 0.006 -24"><span class='ocrx_word' id='word_1_541' title='bbox 559 4812 672 4866; x_wconf 83' lang='lat' dir='ltr'><strong>sive</strong></span> <span class='ocrx_word' id='word_1_542' title='bbox 701 4814 1052 4882; x_wconf 80' lang='lat' dir='ltr'><strong>possessionis</strong></span> <span class='ocrx_word' id='word_1_543' title='bbox 1079 4823 1170 4871; x_wconf 92' lang='lat' dir='ltr'><strong>aut</strong></span> <span class='ocrx_word' id='word_1_544' title='bbox 1207 4816 1262 4872; x_wconf 91' lang='lat' dir='ltr'><strong>in</strong></span> <span class='ocrx_word' id='word_1_545' title='bbox 1311 4818 1568 4890; x_wconf 86' lang='lat' dir='ltr'><strong>martyrio</strong></span> <span class='ocrx_word' id='word_1_546' title='bbox 1593 4831 1682 4873; x_wconf 90' lang='lat' dir='ltr'><strong>attt</strong></span> <span class='ocrx_word' id='word_1_547' title='bbox 1710 4820 1764 4874; x_wconf 90' lang='lat' dir='ltr'><strong>in</strong></span> <span class='ocrx_word' id='word_1_548' title='bbox 1794 4824 2142 4890; x_wconf 88' lang='lat' dir='ltr'><strong>monasterio,</strong></span> 
     </span>
    </p>
   </div>
   <div class='ocr_carea' id='block_1_83' title="bbox 559 4897 2147 4984">
    <p class='ocr_par' dir='ltr' id='par_1_83' title="bbox 559 4897 2147 4984">
     <span class='ocr_line' id='line_1_83' title="bbox 559 4897 2147 4984; baseline 0.008 -26"><span class='ocrx_word' id='word_1_549' title='bbox 559 4914 612 4958; x_wconf 84' lang='lat' dir='ltr'><strong>et</strong></span> <span class='ocrx_word' id='word_1_550' title='bbox 666 4901 757 4972; x_wconf 89' lang='lat' dir='ltr'><strong>qui</strong></span> <span class='ocrx_word' id='word_1_551' title='bbox 811 4905 1088 4961; x_wconf 85' lang='lat' dir='ltr'><strong>ordinatur</strong></span> <span class='ocrx_word' id='word_1_552' title='bbox 1135 4897 1405 4964; x_wconf 69' lang='lat' dir='ltr'><strong>mereatur</strong></span> <span class='ocrx_word' id='word_1_553' title='bbox 1453 4909 1806 4968; x_wconf 88' lang='lat' dir='ltr'><strong>ordinationis</strong></span> <span class='ocrx_word' id='word_1_554' title='bbox 1862 4914 2147 4984; x_wconf 77' lang='lat' dir='ltr'><strong>publicata:</strong></span> 
     </span>
    </p>
   </div>
   <div class='ocr_carea' id='block_1_84' title="bbox 557 4995 2144 5074">
    <p class='ocr_par' dir='ltr' id='par_1_84' title="bbox 557 4995 2144 5074">
     <span class='ocr_line' id='line_1_84' title="bbox 557 4995 2144 5074; baseline 0.012 -29"><span class='ocrx_word' id='word_1_555' title='bbox 557 4995 914 5050; x_wconf 81' lang='lat' dir='ltr'><strong>vocabulum:</strong></span> <span class='ocrx_word' id='word_1_556' title='bbox 964 5013 1058 5054; x_wconf 89' lang='lat' dir='ltr'><strong>eos</strong></span> <span class='ocrx_word' id='word_1_557' title='bbox 1110 5015 1238 5057; x_wconf 92' lang='lat' dir='ltr'><strong>vero</strong></span> <span class='ocrx_word' id='word_1_558' title='bbox 1285 5003 1374 5074; x_wconf 86' lang='lat' dir='ltr'><strong>qui</strong></span> <span class='ocrx_word' id='word_1_559' title='bbox 1419 5003 1667 5059; x_wconf 87' lang='lat' dir='ltr'><strong>absolute</strong></span> <span class='ocrx_word' id='word_1_560' title='bbox 1703 5006 2019 5063; x_wconf 90' lang='lat' dir='ltr'><strong>ordinantur</strong></span> <span class='ocrx_word' id='word_1_561' title='bbox 2044 5007 2144 5064; x_wconf 88' lang='lat' dir='ltr'><strong>de-</strong></span> 
     </span>
    </p>
   </div>
   <div class='ocr_carea' id='block_1_85' title="bbox 556 5091 2144 5178">
    <p class='ocr_par' dir='ltr' id='par_1_85' title="bbox 556 5091 2144 5178">
     <span class='ocr_line' id='line_1_85' title="bbox 556 5091 2144 5178; baseline 0.01 -30"><span class='ocrx_word' id='word_1_562' title='bbox 556 5091 726 5148; x_wconf 75' lang='lat' dir='ltr'><strong>crevit</strong></span> <span class='ocrx_word' id='word_1_563' title='bbox 769 5105 951 5150; x_wconf 87' lang='lat' dir='ltr'><strong>sancta</strong></span> <span class='ocrx_word' id='word_1_564' title='bbox 986 5097 1224 5166; x_wconf 85' lang='lat' dir='ltr'><strong>synodus</strong></span> <span class='ocrx_word' id='word_1_565' title='bbox 1249 5113 1466 5156; x_wconf 90' lang='lat' dir='ltr'><strong>vacuam</strong></span> <span class='ocrx_word' id='word_1_566' title='bbox 1514 5101 1712 5159; x_wconf 87' lang='lat' dir='ltr'><strong>habere</strong></span> <span class='ocrx_word' id='word_1_567' title='bbox 1742 5119 1932 5161; x_wconf 89' lang='lat' dir='ltr'><strong>manus</strong></span> <span class='ocrx_word' id='word_1_568' title='bbox 1970 5107 2144 5178; x_wconf 84' lang='lat' dir='ltr'><strong>impo-</strong></span> 
     </span>
    </p>
   </div>
   <div class='ocr_carea' id='block_1_86' title="bbox 555 5189 2146 5272">
    <p class='ocr_par' dir='ltr' id='par_1_86' title="bbox 555 5189 2146 5272">
     <span class='ocr_line' id='line_1_86' title="bbox 555 5189 2146 5272; baseline 0.011 -28"><span class='ocrx_word' id='word_1_569' title='bbox 555 5189 840 5256; x_wconf 81' lang='lat' dir='ltr'><strong>sitionem,</strong></span> <span class='ocrx_word' id='word_1_570' title='bbox 894 5200 950 5246; x_wconf 90' lang='lat' dir='ltr'><strong>et</strong></span> <span class='ocrx_word' id='word_1_571' title='bbox 999 5191 1198 5248; x_wconf 90' lang='lat' dir='ltr'><strong>nullum</strong></span> <span class='ocrx_word' id='word_1_572' title='bbox 1243 5195 1359 5264; x_wconf 86' lang='lat' dir='ltr'><strong>ejus</strong></span> <span class='ocrx_word' id='word_1_573' title='bbox 1402 5195 1505 5251; x_wconf 86' lang='lat' dir='ltr'><strong>tale</strong></span> <span class='ocrx_word' id='word_1_574' title='bbox 1545 5197 1744 5254; x_wconf 80' lang='lat' dir='ltr'><strong>factum</strong></span> <span class='ocrx_word' id='word_1_575' title='bbox 1777 5200 1936 5272; x_wconf 81' lang='lat'><strong>100</strong></span> <span class='ocrx_word' id='word_1_576' title='bbox 1966 5206 2146 5260; x_wconf 80' lang='lat' dir='ltr'><strong>valere</strong></span> 
     </span>
    </p>
   </div>
   <div class='ocr_carea' id='block_1_87' title="bbox 555 5282 1693 5358">
    <p class='ocr_par' dir='ltr' id='par_1_87' title="bbox 555 5282 1693 5358">
     <span class='ocr_line' id='line_1_87' title="bbox 555 5282 1693 5358; baseline 0.011 -22"><span class='ocrx_word' id='word_1_577' title='bbox 555 5282 620 5337; x_wconf 89' lang='lat' dir='ltr'><strong>ad</strong></span> <span class='ocrx_word' id='word_1_578' title='bbox 651 5282 898 5351; x_wconf 87' lang='lat' dir='ltr'><strong>injuriaut</strong></span> <span class='ocrx_word' id='word_1_579' title='bbox 931 5283 1098 5354; x_wconf 90' lang='lat' dir='ltr'><strong>ipsius</strong></span> <span class='ocrx_word' id='word_1_580' title='bbox 1127 5287 1218 5358; x_wconf 87' lang='lat' dir='ltr'><strong>qui</strong></span> <span class='ocrx_word' id='word_1_581' title='bbox 1251 5303 1370 5343; x_wconf 86' lang='lat' dir='ltr'><strong>eum</strong></span> <span class='ocrx_word' id='word_1_582' title='bbox 1405 5291 1693 5348; x_wconf 87' lang='lat' dir='ltr'><strong>ordinavit.</strong></span> 
     </span>
    </p>
   </div>
   <div class='ocr_carea' id='block_1_88' title="bbox 700 5375 2000 5460">
    <p class='ocr_par' dir='ltr' id='par_1_88' title="bbox 700 5375 2000 5460">
     <span class='ocr_line' id='line_1_88' title="bbox 700 5375 2000 5460; baseline 0.012 -31"><span class='ocrx_word' id='word_1_583' title='bbox 700 5375 808 5431; x_wconf 84' lang='lat' dir='ltr'><strong>VII.</strong></span> <span class='ocrx_word' id='word_1_584' title='bbox 847 5375 922 5432; x_wconf 88' lang='lat' dir='ltr'><strong>De</strong></span> <span class='ocrx_word' id='word_1_585' title='bbox 943 5378 1139 5460; x_wconf 75' lang='lat' dir='ltr'><strong>clericis</strong></span> <span class='ocrx_word' id='word_1_586' title='bbox 1165 5389 1214 5433; x_wconf 88' lang='lat' dir='ltr'><strong>et</strong></span> <span class='ocrx_word' id='word_1_587' title='bbox 1243 5380 1502 5438; x_wconf 86' lang='lat' dir='ltr'><strong>monachis</strong></span> <span class='ocrx_word' id='word_1_588' title='bbox 1526 5400 1637 5460; x_wconf 71' lang='lat' dir='ltr'><strong>non</strong></span> <span class='ocrx_word' id='word_1_589' title='bbox 1681 5388 2000 5444; x_wconf 86' lang='lat' dir='ltr'><strong>manentibus</strong></span> 
     </span>
    </p>
   </div>
   <div class='ocr_carea' id='block_1_89' title="bbox 1074 5455 1611 5525">
    <p class='ocr_par' dir='ltr' id='par_1_89' title="bbox 1074 5455 1611 5525">
     <span class='ocr_line' id='line_1_89' title="bbox 1074 5455 1611 5525; baseline 0.015 -22"><span class='ocrx_word' id='word_1_590' title='bbox 1074 5455 1129 5505; x_wconf 86' lang='lat' dir='ltr'><strong>in</strong></span> <span class='ocrx_word' id='word_1_591' title='bbox 1179 5467 1273 5506; x_wconf 88' lang='lat' dir='ltr'><strong>suo</strong></span> <span class='ocrx_word' id='word_1_592' title='bbox 1326 5455 1611 5525; x_wconf 85' lang='lat' dir='ltr'><strong>proposito.</strong></span> 
     </span>
    </p>
   </div>
   <div class='ocr_carea' id='block_1_90' title="bbox 627 5537 2139 5618">
    <p class='ocr_par' dir='ltr' id='par_1_90' title="bbox 627 5537 2139 5618">
     <span class='ocr_line' id='line_1_90' title="bbox 627 5537 2139 5618; baseline 0.009 -23"><span class='ocrx_word' id='word_1_593' title='bbox 627 5537 736 5596; x_wconf 82' lang='lat' dir='ltr'><strong>Eos</strong></span> <span class='ocrx_word' id='word_1_594' title='bbox 763 5542 851 5612; x_wconf 90' lang='lat' dir='ltr'><strong>qui</strong></span> <span class='ocrx_word' id='word_1_595' title='bbox 896 5543 1063 5599; x_wconf 91' lang='lat' dir='ltr'><strong>semel</strong></span> <span class='ocrx_word' id='word_1_596' title='bbox 1091 5544 1146 5600; x_wconf 94' lang='lat' dir='ltr'><strong>in</strong></span> <span class='ocrx_word' id='word_1_597' title='bbox 1180 5545 1325 5603; x_wconf 89' lang='lat' dir='ltr'><strong>clero</strong></span> <span class='ocrx_word' id='word_1_598' title='bbox 1353 5551 1516 5604; x_wconf 75' lang='lat' dir='ltr'><strong>tasati</strong></span> <span class='ocrx_word' id='word_1_599' title='bbox 1548 5548 1766 5618; x_wconf 80' lang='lat' dir='ltr'><strong>fuerint,</strong></span> <span class='ocrx_word' id='word_1_600' title='bbox 1795 5552 1909 5608; x_wconf 87' lang='lat' dir='ltr'><strong>sive</strong></span> <span class='ocrx_word' id='word_1_601' title='bbox 1941 5553 1996 5607; x_wconf 91' lang='lat' dir='ltr'><strong>in</strong></span> <span class='ocrx_word' id='word_1_602' title='bbox 2027 5567 2139 5609; x_wconf 89' lang='lat' dir='ltr'><strong>mo-</strong></span> 
     </span>
    </p>
   </div>
   <div class='ocr_carea' id='block_1_91' title="bbox 625 5654 2135 5730">
    <p class='ocr_par' dir='ltr' id='par_1_91' title="bbox 625 5654 2135 5730">
     <span class='ocr_line' id='line_1_91' title="bbox 625 5654 2135 5730; baseline 0.009 -20"><span class='ocrx_word' id='word_1_603' title='bbox 625 5664 651 5730; x_wconf 58' lang='grc' dir='ltr'><strong><em>ξ</em></strong></span> <span class='ocrx_word' id='word_1_604' title='bbox 678 5654 797 5730; x_wconf 63' lang='grc' dir='ltr'><strong>ᾼῦη</strong></span> <span class='ocrx_word' id='word_1_605' title='bbox 818 5658 1167 5730; x_wconf 76' lang='lat' dir='ltr'><strong>episcOporunt</strong></span> <span class='ocrx_word' id='word_1_606' title='bbox 1187 5661 1291 5716; x_wconf 85' lang='lat' dir='ltr'><strong>sive</strong></span> <span class='ocrx_word' id='word_1_607' title='bbox 1313 5662 1611 5718; x_wconf 83' lang='lat' dir='ltr'><strong>clericorum</strong></span> <span class='ocrx_word' id='word_1_608' title='bbox 1634 5672 1725 5717; x_wconf 85' lang='lat' dir='ltr'><strong>aut</strong></span> <span class='ocrx_word' id='word_1_609' title='bbox 1748 5666 2135 5723; x_wconf 76' lang='lat' dir='ltr'><strong>monachorum.</strong></span> 
     </span>
    </p>
   </div>
   <div class='ocr_carea' id='block_1_92' title="bbox 623 5725 1569 5806">
    <p class='ocr_par' dir='ltr' id='par_1_92' title="bbox 623 5725 1569 5806">
     <span class='ocr_line' id='line_1_92' title="bbox 623 5725 1569 5806; baseline 0.008 -26"><span class='ocrx_word' id='word_1_610' title='bbox 623 5725 651 5766; x_wconf 73' lang='grc' dir='ltr'>δ</span> <span class='ocrx_word' id='word_1_611' title='bbox 792 5725 1032 5806; x_wconf 47' lang='grc' dir='ltr'><strong>ρζίᾳιάε</strong></span> <span class='ocrx_word' id='word_1_612' title='bbox 1049 5733 1402 5806; x_wconf 79' lang='lat' dir='ltr'><strong>jant_defesst_c</strong></span> <span class='ocrx_word' id='word_1_613' title='bbox 1428 5744 1569 5788; x_wconf 86' lang='lat' dir='ltr'><strong>sunt.</strong></span> 
     </span>
    </p>
   </div>
   <div class='ocr_carea' id='block_1_93' title="bbox 626 5797 2138 5882">
    <p class='ocr_par' dir='ltr' id='par_1_93' title="bbox 626 5797 2138 5882">
     <span class='ocr_line' id='line_1_93' title="bbox 626 5797 2138 5882; baseline 0.01 -31"><span class='ocrx_word' id='word_1_614' title='bbox 626 5809 648 5836; x_wconf 69' lang='grc' dir='ltr'>ε</span> <span class='ocrx_word' id='word_1_615' title='bbox 887 5797 943 5858; x_wconf 77' lang='lat' dir='ltr'><strong>In</strong></span> <span class='ocrx_word' id='word_1_616' title='bbox 966 5797 1065 5862; x_wconf 62' lang='grc' dir='ltr'><strong>οΔξ</strong></span> <span class='ocrx_word' id='word_1_617' title='bbox 1091 5815 1145 5861; x_wconf 89' lang='lat' dir='ltr'><strong>et</strong></span> <span class='ocrx_word' id='word_1_618' title='bbox 1173 5797 1410 5874; x_wconf 53' lang='lat' dir='ltr'><strong>&quot;reliquis</strong></span> <span class='ocrx_word' id='word_1_619' title='bbox 1438 5819 1452 5858; x_wconf 89' lang='lat'><strong>:</strong></span> <span class='ocrx_word' id='word_1_620' title='bbox 1486 5805 1880 5864; x_wconf 79' lang='lat' dir='ltr'><strong>ecclesiasticum</strong></span> <span class='ocrx_word' id='word_1_621' title='bbox 1908 5809 2138 5882; x_wconf 75' lang='lat' dir='ltr'><strong>indigent</strong></span> 
     </span>
    </p>
   </div>
   <div class='ocr_carea' id='block_1_94' title="bbox 549 5870 935 5928">
    <p class='ocr_par' dir='ltr' id='par_1_94' title="bbox 549 5870 935 5928">
     <span class='ocr_line' id='line_1_94' title="bbox 549 5870 935 5928; baseline 0.01 -4"><span class='ocrx_word' id='word_1_622' title='bbox 549 5870 935 5928; x_wconf 80' lang='lat' dir='ltr'><strong>adminiculum.</strong></span> 
     </span>
    </p>
   </div>
   <div class='ocr_carea' id='block_1_95' title="bbox 2259 3265 3857 3337">
    <p class='ocr_par' dir='ltr' id='par_1_95' title="bbox 2259 3265 3857 3337">
     <span class='ocr_line' id='line_1_95' title="bbox 2259 3265 3857 3337; baseline 0.002 -16"><span class='ocrx_word' id='word_1_623' title='bbox 2259 3265 2571 3336; x_wconf 90' lang='lat' dir='ltr'><strong>episcopum</strong></span> <span class='ocrx_word' id='word_1_624' title='bbox 2604 3269 2889 3337; x_wconf 87' lang='lat' dir='ltr'><strong>episcopus</strong></span> <span class='ocrx_word' id='word_1_625' title='bbox 2918 3267 3032 3322; x_wconf 88' lang='lat' dir='ltr'><strong>sive</strong></span> <span class='ocrx_word' id='word_1_626' title='bbox 3071 3268 3302 3323; x_wconf 90' lang='lat' dir='ltr'><strong>clericus</strong></span> <span class='ocrx_word' id='word_1_627' title='bbox 3328 3268 3519 3323; x_wconf 90' lang='lat' dir='ltr'><strong>habeat</strong></span> <span class='ocrx_word' id='word_1_628' title='bbox 3541 3277 3857 3325; x_wconf 85' lang='lat' dir='ltr'><strong>controver-</strong></span> 
     </span>
    </p>
   </div>
   <div class='ocr_carea' id='block_1_96' title="bbox 2258 3360 3858 3433">
    <p class='ocr_par' dir='ltr' id='par_1_96' title="bbox 2258 3360 3858 3433">
     <span class='ocr_line' id='line_1_96' title="bbox 2258 3360 3858 3433; baseline 0.003 -19"><span class='ocrx_word' id='word_1_629' title='bbox 2258 3360 2432 3427; x_wconf 90' lang='lat' dir='ltr'><strong>siam,</strong></span> <span class='ocrx_word' id='word_1_630' title='bbox 2467 3371 2654 3432; x_wconf 80' lang='lat' dir='ltr'><strong>pergat</strong></span> <span class='ocrx_word' id='word_1_631' title='bbox 2702 3371 2797 3417; x_wconf 91' lang='lat' dir='ltr'><strong>aut</strong></span> <span class='ocrx_word' id='word_1_632' title='bbox 2823 3361 2890 3417; x_wconf 90' lang='lat' dir='ltr'><strong>ad</strong></span> <span class='ocrx_word' id='word_1_633' title='bbox 2935 3362 3099 3433; x_wconf 90' lang='lat' dir='ltr'><strong>ipsius</strong></span> <span class='ocrx_word' id='word_1_634' title='bbox 3143 3363 3390 3418; x_wconf 78' lang='lat' dir='ltr'><strong>diceccsis</strong></span> <span class='ocrx_word' id='word_1_635' title='bbox 3434 3362 3739 3433; x_wconf 89' lang='lat' dir='ltr'><strong>episcopos,</strong></span> <span class='ocrx_word' id='word_1_636' title='bbox 3766 3371 3858 3420; x_wconf 89' lang='lat' dir='ltr'><strong>aut</strong></span> 
     </span>
    </p>
   </div>
   <div class='ocr_carea' id='block_1_97' title="bbox 2257 3455 3852 3527">
    <p class='ocr_par' dir='ltr' id='par_1_97' title="bbox 2257 3455 3852 3527">
     <span class='ocr_line' id='line_1_97' title="bbox 2257 3455 3852 3527; baseline 0.002 -19"><span class='ocrx_word' id='word_1_637' title='bbox 2257 3462 2405 3510; x_wconf 84' lang='lat' dir='ltr'><strong>certe</strong></span> <span class='ocrx_word' id='word_1_638' title='bbox 2444 3457 2510 3508; x_wconf 86' lang='lat' dir='ltr'><strong>ad</strong></span> <span class='ocrx_word' id='word_1_639' title='bbox 2554 3455 3158 3526; x_wconf 74' lang='lat' dir='ltr'><strong>Coustantiuopolitanm</strong></span> <span class='ocrx_word' id='word_1_640' title='bbox 3197 3457 3358 3527; x_wconf 75' lang='lat' dir='ltr'><strong>regia:</strong></span> <span class='ocrx_word' id='word_1_641' title='bbox 3389 3456 3623 3511; x_wconf 87' lang='lat' dir='ltr'><strong>civitatis</strong></span> <span class='ocrx_word' id='word_1_642' title='bbox 3643 3460 3852 3524; x_wconf 87' lang='lat' dir='ltr'><strong>sedem,</strong></span> 
     </span>
    </p>
   </div>
   <div class='ocr_carea' id='block_1_98' title="bbox 2256 3547 3854 3622">
    <p class='ocr_par' dir='ltr' id='par_1_98' title="bbox 2256 3547 3854 3622">
     <span class='ocr_line' id='line_1_98' title="bbox 2256 3547 3854 3622; baseline 0.002 -21"><span class='ocrx_word' id='word_1_643' title='bbox 2256 3555 2311 3601; x_wconf 87' lang='lat' dir='ltr'><strong>et</strong></span> <span class='ocrx_word' id='word_1_644' title='bbox 2331 3547 2401 3602; x_wconf 86' lang='lat' dir='ltr'><strong>ibi</strong></span> <span class='ocrx_word' id='word_1_645' title='bbox 2429 3549 2702 3618; x_wconf 86' lang='lat' dir='ltr'><strong>proprium</strong></span> <span class='ocrx_word' id='word_1_646' title='bbox 2733 3549 3006 3620; x_wconf 73' lang='lat' dir='ltr'><strong>negotium</strong></span> <span class='ocrx_word' id='word_1_647' title='bbox 3029 3560 3350 3620; x_wconf 81' lang='lat' dir='ltr'><strong>exsequatur</strong></span> <span class='ocrx_word' id='word_1_648' title='bbox 3376 3549 3460 3622; x_wconf 86' lang='grc' dir='ltr'><strong>[Β.</strong></span> <span class='ocrx_word' id='word_1_649' title='bbox 3489 3550 3578 3618; x_wconf 66' lang='lat' dir='ltr'><strong>IL,</strong></span> <span class='ocrx_word' id='word_1_650' title='bbox 3597 3549 3854 3621; x_wconf 74' lang='lat' dir='ltr'><strong>exquira-</strong></span> 
     </span>
    </p>
   </div>
   <div class='ocr_carea' id='block_1_99' title="bbox 2257 3637 2382 3712">
    <p class='ocr_par' dir='ltr' id='par_1_99' title="bbox 2257 3637 2382 3712">
     <span class='ocr_line' id='line_1_99' title="bbox 2257 3637 2382 3712; baseline -0.016 -18"><span class='ocrx_word' id='word_1_651' title='bbox 2257 3637 2382 3712; x_wconf 87' lang='lat' dir='ltr'><strong>tur].</strong></span> 
     </span>
    </p>
   </div>
   <div class='ocr_carea' id='block_1_100' title="bbox 2361 3731 3744 3818">
    <p class='ocr_par' dir='ltr' id='par_1_100' title="bbox 2361 3731 3744 3818">
     <span class='ocr_line' id='line_1_100' title="bbox 2361 3731 3744 3818; baseline 0.001 -30"><span class='ocrx_word' id='word_1_652' title='bbox 2361 3731 2429 3789; x_wconf 80' lang='grc' dir='ltr'><strong>Χ.</strong></span> <span class='ocrx_word' id='word_1_653' title='bbox 2465 3733 2616 3799; x_wconf 74' lang='lat' dir='ltr'><strong>Quod</strong></span> <span class='ocrx_word' id='word_1_654' title='bbox 2661 3751 2764 3789; x_wconf 92' lang='lat' dir='ltr'><strong>non</strong></span> <span class='ocrx_word' id='word_1_655' title='bbox 2793 3735 3152 3818; x_wconf 41' lang='lat' dir='ltr'><strong>liceatclfrico</strong></span> <span class='ocrx_word' id='word_1_656' title='bbox 3192 3735 3245 3791; x_wconf 88' lang='lat' dir='ltr'><strong>in</strong></span> <span class='ocrx_word' id='word_1_657' title='bbox 3284 3735 3483 3790; x_wconf 88' lang='lat' dir='ltr'><strong>duabus</strong></span> <span class='ocrx_word' id='word_1_658' title='bbox 3509 3735 3744 3790; x_wconf 82' lang='lat' dir='ltr'><strong>&#39;ccclesiis</strong></span> 
     </span>
    </p>
   </div>
   <div class='ocr_carea' id='block_1_101' title="bbox 2844 3821 3206 3862">
    <p class='ocr_par' dir='ltr' id='par_1_101' title="bbox 2844 3821 3206 3862">
     <span class='ocr_line' id='line_1_101' title="bbox 2844 3821 3206 3862; baseline 0.003 -1"><span class='ocrx_word' id='word_1_659' title='bbox 2844 3859 2846 3861; x_wconf 72' lang='grc'><strong>,</strong></span> <span class='ocrx_word' id='word_1_660' title='bbox 2900 3821 3206 3862; x_wconf 84' lang='lat' dir='ltr'><strong>numstrare.</strong></span> 
     </span>
    </p>
   </div>
   <div class='ocr_carea' id='block_1_102' title="bbox 2325 3899 3848 3958">
    <p class='ocr_par' dir='ltr' id='par_1_102' title="bbox 2325 3899 3848 3958">
     <span class='ocr_line' id='line_1_102' title="bbox 2325 3899 3848 3958; baseline 0.002 -5"><span class='ocrx_word' id='word_1_661' title='bbox 2325 3899 2439 3953; x_wconf 81' lang='lat' dir='ltr'><strong>Non</strong></span> <span class='ocrx_word' id='word_1_662' title='bbox 2469 3899 2630 3956; x_wconf 88' lang='lat' dir='ltr'><strong>licere</strong></span> <span class='ocrx_word' id='word_1_663' title='bbox 2660 3900 2913 3956; x_wconf 88' lang='lat' dir='ltr'><strong>clericum</strong></span> <span class='ocrx_word' id='word_1_664' title='bbox 2958 3903 3010 3956; x_wconf 93' lang='lat' dir='ltr'><strong>in</strong></span> <span class='ocrx_word' id='word_1_665' title='bbox 3036 3901 3278 3958; x_wconf 76' lang='lat' dir='ltr'><strong>ecclesiis</strong></span> <span class='ocrx_word' id='word_1_666' title='bbox 3313 3901 3540 3958; x_wconf 90' lang='lat' dir='ltr'><strong>duarum</strong></span> <span class='ocrx_word' id='word_1_667' title='bbox 3571 3899 3848 3956; x_wconf 83' lang='lat' dir='ltr'><strong>civitatum</strong></span> 
     </span>
    </p>
   </div>
   <div class='ocr_carea' id='block_1_103' title="bbox 2254 3989 3851 4065">
    <p class='ocr_par' dir='ltr' id='par_1_103' title="bbox 2254 3989 3851 4065">
     <span class='ocr_line' id='line_1_103' title="bbox 2254 3989 3851 4065; baseline 0.001 -19"><span class='ocrx_word' id='word_1_668' title='bbox 2254 3990 2488 4046; x_wconf 88' lang='lat' dir='ltr'><strong>ordinari</strong></span> <span class='ocrx_word' id='word_1_669' title='bbox 2513 3989 2601 4063; x_wconf 81' lang='grc' dir='ltr'><strong>[Τ.</strong></span> <span class='ocrx_word' id='word_1_670' title='bbox 2629 3990 2682 4055; x_wconf 71' lang='lat'><strong>2,</strong></span> <span class='ocrx_word' id='word_1_671' title='bbox 2723 3992 3085 4065; x_wconf 88' lang='lat' dir='ltr'><strong>ministrare],</strong></span> <span class='ocrx_word' id='word_1_672' title='bbox 3111 3995 3204 4050; x_wconf 89' lang='lat' dir='ltr'><strong>sed</strong></span> <span class='ocrx_word' id='word_1_673' title='bbox 3229 3998 3279 4048; x_wconf 86' lang='lat' dir='ltr'><strong>iit</strong></span> <span class='ocrx_word' id='word_1_674' title='bbox 3305 3995 3445 4050; x_wconf 89' lang='lat' dir='ltr'><strong>eain</strong></span> <span class='ocrx_word' id='word_1_675' title='bbox 3475 4009 3575 4064; x_wconf 93' lang='lat' dir='ltr'><strong>qua</strong></span> <span class='ocrx_word' id='word_1_676' title='bbox 3605 3993 3675 4048; x_wconf 90' lang='lat' dir='ltr'><strong>ah</strong></span> <span class='ocrx_word' id='word_1_677' title='bbox 3697 3993 3851 4048; x_wconf 88' lang='lat' dir='ltr'><strong>initio</strong></span> 
     </span>
    </p>
   </div>
   <div class='ocr_carea' id='block_1_104' title="bbox 2251 4086 3848 4158">
    <p class='ocr_par' dir='ltr' id='par_1_104' title="bbox 2251 4086 3848 4158">
     <span class='ocr_line' id='line_1_104' title="bbox 2251 4086 3848 4158; baseline 0.001 -18"><span class='ocrx_word' id='word_1_678' title='bbox 2251 4086 2529 4140; x_wconf 85' lang='lat' dir='ltr'><strong>ordinatus</strong></span> <span class='ocrx_word' id='word_1_679' title='bbox 2577 4095 2660 4142; x_wconf 89' lang='lat' dir='ltr'><strong>est</strong></span> <span class='ocrx_word' id='word_1_680' title='bbox 2709 4095 2760 4142; x_wconf 89' lang='lat' dir='ltr'><strong>et</strong></span> <span class='ocrx_word' id='word_1_681' title='bbox 2815 4088 2969 4157; x_wconf 92' lang='lat' dir='ltr'><strong>cujus</strong></span> <span class='ocrx_word' id='word_1_682' title='bbox 3016 4089 3315 4158; x_wconf 76' lang='lat' dir='ltr'><strong>expetierat</strong></span> <span class='ocrx_word' id='word_1_683' title='bbox 3345 4097 3470 4142; x_wconf 86' lang='lat' dir='ltr'><strong>ante</strong></span> <span class='ocrx_word' id='word_1_684' title='bbox 3501 4086 3848 4158; x_wconf 75' lang='lat' dir='ltr'><strong>perlugium:</strong></span> 
     </span>
    </p>
   </div>
   <div class='ocr_carea' id='block_1_105' title="bbox 2250 4179 3849 4251">
    <p class='ocr_par' dir='ltr' id='par_1_105' title="bbox 2250 4179 3849 4251">
     <span class='ocr_line' id='line_1_105' title="bbox 2250 4179 3849 4251; baseline 0.001 -18"><span class='ocrx_word' id='word_1_685' title='bbox 2250 4188 2304 4233; x_wconf 89' lang='lat' dir='ltr'><strong>ct</strong></span> <span class='ocrx_word' id='word_1_686' title='bbox 2351 4179 2396 4234; x_wconf 91' lang='lat' dir='ltr'><strong>si</strong></span> <span class='ocrx_word' id='word_1_687' title='bbox 2429 4191 2648 4250; x_wconf 89' lang='lat' dir='ltr'><strong>propter</strong></span> <span class='ocrx_word' id='word_1_688' title='bbox 2698 4195 2850 4234; x_wconf 79' lang='lat' dir='ltr'><strong>vana:</strong></span> <span class='ocrx_word' id='word_1_689' title='bbox 2878 4180 3064 4251; x_wconf 75' lang='lat' dir='ltr'><strong>gloria:</strong></span> <span class='ocrx_word' id='word_1_690' title='bbox 3113 4179 3440 4236; x_wconf 85' lang='lat' dir='ltr'><strong>desiderium</strong></span> <span class='ocrx_word' id='word_1_691' title='bbox 3477 4179 3629 4248; x_wconf 78' lang='lat'><strong>101</strong></span> <span class='ocrx_word' id='word_1_692' title='bbox 3665 4187 3849 4248; x_wconf 82' lang='lat' dir='ltr'><strong>utpote</strong></span> 
     </span>
    </p>
   </div>
   <div class='ocr_carea' id='block_1_106' title="bbox 2248 4269 3853 4342">
    <p class='ocr_par' dir='ltr' id='par_1_106' title="bbox 2248 4269 3853 4342">
     <span class='ocr_line' id='line_1_106' title="bbox 2248 4269 3853 4342; baseline 0 -18"><span class='ocrx_word' id='word_1_693' title='bbox 2248 4269 2314 4324; x_wconf 87' lang='lat' dir='ltr'><strong>ad</strong></span> <span class='ocrx_word' id='word_1_694' title='bbox 2354 4271 2637 4326; x_wconf 85' lang='lat' dir='ltr'><strong>ecclesiam</strong></span> <span class='ocrx_word' id='word_1_695' title='bbox 2669 4271 2928 4341; x_wconf 85' lang='lat' dir='ltr'><strong>majorem</strong></span> <span class='ocrx_word' id='word_1_696' title='bbox 2959 4271 3294 4340; x_wconf 76' lang='lat' dir='ltr'><strong>confugerit,</strong></span> <span class='ocrx_word' id='word_1_697' title='bbox 3332 4271 3582 4342; x_wconf 73' lang='lat' dir='ltr'><strong>iubemus</strong></span> <span class='ocrx_word' id='word_1_698' title='bbox 3601 4285 3726 4326; x_wconf 89' lang='lat' dir='ltr'><strong>eum</strong></span> <span class='ocrx_word' id='word_1_699' title='bbox 3755 4275 3853 4324; x_wconf 68' lang='lat' dir='ltr'><strong>eco’</strong></span> 
     </span>
    </p>
   </div>
   <div class='ocr_carea' id='block_1_107' title="bbox 2248 4361 3844 4433">
    <p class='ocr_par' dir='ltr' id='par_1_107' title="bbox 2248 4361 3844 4433">
     <span class='ocr_line' id='line_1_107' title="bbox 2248 4361 3844 4433; baseline -0.003 -16"><span class='ocrx_word' id='word_1_700' title='bbox 2248 4363 2428 4418; x_wconf 75' lang='lat' dir='ltr'><strong>clesia:</strong></span> <span class='ocrx_word' id='word_1_701' title='bbox 2455 4366 2687 4433; x_wconf 82' lang='lat' dir='ltr'><strong>pmpria:</strong></span> <span class='ocrx_word' id='word_1_702' title='bbox 2709 4363 2938 4430; x_wconf 89' lang='lat' dir='ltr'><strong>restitui,</strong></span> <span class='ocrx_word' id='word_1_703' title='bbox 2968 4363 3020 4418; x_wconf 91' lang='lat' dir='ltr'><strong>id</strong></span> <span class='ocrx_word' id='word_1_704' title='bbox 3043 4373 3125 4419; x_wconf 92' lang='lat' dir='ltr'><strong>est</strong></span> <span class='ocrx_word' id='word_1_705' title='bbox 3155 4364 3243 4418; x_wconf 90' lang='lat' dir='ltr'><strong>ubi</strong></span> <span class='ocrx_word' id='word_1_706' title='bbox 3273 4363 3341 4418; x_wconf 89' lang='lat' dir='ltr'><strong>ab</strong></span> <span class='ocrx_word' id='word_1_707' title='bbox 3369 4361 3593 4419; x_wconf 72' lang='lat' dir='ltr'><strong>exordio</strong></span> <span class='ocrx_word' id='word_1_708' title='bbox 3623 4362 3779 4417; x_wconf 89' lang='lat' dir='ltr'><strong>ordin</strong></span> <span class='ocrx_word' id='word_1_709' title='bbox 3798 4383 3844 4411; x_wconf 78' lang='lat' dir='ltr'><strong>t-</strong></span> 
     </span>
    </p>
   </div>
   <div class='ocr_carea' id='block_1_108' title="bbox 2247 4456 3846 4526">
    <p class='ocr_par' dir='ltr' id='par_1_108' title="bbox 2247 4456 3846 4526">
     <span class='ocr_line' id='line_1_108' title="bbox 2247 4456 3846 4526; baseline -0.001 -14"><span class='ocrx_word' id='word_1_710' title='bbox 2247 4465 2331 4512; x_wconf 90' lang='lat' dir='ltr'><strong>tus</strong></span> <span class='ocrx_word' id='word_1_711' title='bbox 2355 4465 2438 4512; x_wconf 88' lang='lat' dir='ltr'><strong>est</strong></span> <span class='ocrx_word' id='word_1_712' title='bbox 2461 4499 2477 4524; x_wconf 93' lang='lat'><strong>,</strong></span> <span class='ocrx_word' id='word_1_713' title='bbox 2508 4467 2563 4513; x_wconf 91' lang='lat' dir='ltr'><strong>et</strong></span> <span class='ocrx_word' id='word_1_714' title='bbox 2605 4458 2676 4512; x_wconf 91' lang='lat' dir='ltr'><strong>ibi</strong></span> <span class='ocrx_word' id='word_1_715' title='bbox 2725 4459 3096 4514; x_wconf 88' lang='lat' dir='ltr'><strong>tantummodo</strong></span> <span class='ocrx_word' id='word_1_716' title='bbox 3123 4460 3443 4513; x_wconf 76' lang='lat' dir='ltr'><strong>miniStrare.</strong></span> <span class='ocrx_word' id='word_1_717' title='bbox 3477 4457 3534 4512; x_wconf 87' lang='lat' dir='ltr'><strong>Si</strong></span> <span class='ocrx_word' id='word_1_718' title='bbox 3567 4471 3693 4512; x_wconf 90' lang='lat' dir='ltr'><strong>vero</strong></span> <span class='ocrx_word' id='word_1_719' title='bbox 3725 4456 3846 4526; x_wconf 87' lang='lat' dir='ltr'><strong>quis</strong></span> 
     </span>
    </p>
   </div>
   <div class='ocr_carea' id='block_1_109' title="bbox 2245 4549 3842 4628">
    <p class='ocr_par' dir='ltr' id='par_1_109' title="bbox 2245 4549 3842 4628">
     <span class='ocr_line' id='line_1_109' title="bbox 2245 4549 3842 4628; baseline -0.003 -23"><span class='ocrx_word' id='word_1_720' title='bbox 2245 4549 2352 4620; x_wconf 88' lang='lat' dir='ltr'><strong>jam</strong></span> <span class='ocrx_word' id='word_1_721' title='bbox 2395 4551 2688 4608; x_wconf 90' lang='lat' dir='ltr'><strong>translatus</strong></span> <span class='ocrx_word' id='word_1_722' title='bbox 2732 4560 2817 4606; x_wconf 91' lang='lat' dir='ltr'><strong>est</strong></span> <span class='ocrx_word' id='word_1_723' title='bbox 2857 4553 2925 4606; x_wconf 91' lang='lat' dir='ltr'><strong>ab</strong></span> <span class='ocrx_word' id='word_1_724' title='bbox 2965 4551 3190 4628; x_wconf 86' lang='lat' dir='ltr'><strong>ecclesia</strong></span> <span class='ocrx_word' id='word_1_725' title='bbox 3234 4552 3287 4606; x_wconf 93' lang='lat' dir='ltr'><strong>in</strong></span> <span class='ocrx_word' id='word_1_726' title='bbox 3325 4551 3484 4605; x_wconf 89' lang='lat' dir='ltr'><strong>aliam</strong></span> <span class='ocrx_word' id='word_1_727' title='bbox 3514 4549 3798 4605; x_wconf 89' lang='lat' dir='ltr'><strong>ecclesiam</strong></span> <span class='ocrx_word' id='word_1_728' title='bbox 3823 4584 3842 4612; x_wconf 93' lang='lat'><strong>,</strong></span> 
     </span>
    </p>
   </div>
   <div class='ocr_carea' id='block_1_110' title="bbox 2249 4640 3839 4715">
    <p class='ocr_par' dir='ltr' id='par_1_110' title="bbox 2249 4640 3839 4715">
     <span class='ocr_line' id='line_1_110' title="bbox 2249 4640 3839 4715; baseline -0.001 -17"><span class='ocrx_word' id='word_1_729' title='bbox 2249 4643 2382 4698; x_wconf 91' lang='lat' dir='ltr'><strong>nihil</strong></span> <span class='ocrx_word' id='word_1_730' title='bbox 2412 4643 2603 4701; x_wconf 86' lang='lat' dir='ltr'><strong>habeat</strong></span> <span class='ocrx_word' id='word_1_731' title='bbox 2632 4660 2919 4702; x_wconf 91' lang='lat' dir='ltr'><strong>commune</strong></span> <span class='ocrx_word' id='word_1_732' title='bbox 2963 4661 3084 4701; x_wconf 92' lang='lat' dir='ltr'><strong>cum</strong></span> <span class='ocrx_word' id='word_1_733' title='bbox 3121 4647 3296 4715; x_wconf 83' lang='lat' dir='ltr'><strong>priore</strong></span> <span class='ocrx_word' id='word_1_734' title='bbox 3321 4644 3569 4709; x_wconf 84' lang='lat' dir='ltr'><strong>ecclesia,</strong></span> <span class='ocrx_word' id='word_1_735' title='bbox 3601 4643 3716 4696; x_wconf 89' lang='lat' dir='ltr'><strong>sive</strong></span> <span class='ocrx_word' id='word_1_736' title='bbox 3737 4640 3839 4696; x_wconf 87' lang='lat' dir='ltr'><strong>sub</strong></span> 
     </span>
    </p>
   </div>
   <div class='ocr_carea' id='block_1_111' title="bbox 2248 4733 3841 4808">
    <p class='ocr_par' dir='ltr' id='par_1_111' title="bbox 2248 4733 3841 4808">
     <span class='ocr_line' id='line_1_111' title="bbox 2248 4733 3841 4808; baseline -0.001 -18"><span class='ocrx_word' id='word_1_737' title='bbox 2248 4734 2472 4791; x_wconf 88' lang='lat' dir='ltr'><strong>ecclesia</strong></span> <span class='ocrx_word' id='word_1_738' title='bbox 2494 4736 2794 4791; x_wconf 86' lang='lat' dir='ltr'><strong>constitutis</strong></span> <span class='ocrx_word' id='word_1_739' title='bbox 2819 4739 3087 4808; x_wconf 88' lang='lat' dir='ltr'><strong>martyriis</strong></span> <span class='ocrx_word' id='word_1_740' title='bbox 3113 4740 3227 4792; x_wconf 88' lang='lat' dir='ltr'><strong>sive</strong></span> <span class='ocrx_word' id='word_1_741' title='bbox 3253 4736 3480 4806; x_wconf 80' lang='lat' dir='ltr'><strong>ptocltiis</strong></span> <span class='ocrx_word' id='word_1_742' title='bbox 3498 4735 3578 4789; x_wconf 93' lang='lat' dir='ltr'><strong>vel</strong></span> <span class='ocrx_word' id='word_1_743' title='bbox 3600 4733 3841 4789; x_wconf 79' lang='lat' dir='ltr'><strong>xenodo-</strong></span> 
     </span>
    </p>
   </div>
   <div class='ocr_carea' id='block_1_112' title="bbox 2248 4826 3840 4901">
    <p class='ocr_par' dir='ltr' id='par_1_112' title="bbox 2248 4826 3840 4901">
     <span class='ocr_line' id='line_1_112' title="bbox 2248 4826 3840 4901; baseline 0.001 -18"><span class='ocrx_word' id='word_1_744' title='bbox 2248 4826 2383 4883; x_wconf 89' lang='lat' dir='ltr'><strong>cltiis</strong></span> <span class='ocrx_word' id='word_1_745' title='bbox 2411 4836 2502 4883; x_wconf 90' lang='lat' dir='ltr'><strong>aut</strong></span> <span class='ocrx_word' id='word_1_746' title='bbox 2529 4843 2714 4884; x_wconf 90' lang='lat' dir='ltr'><strong>eorum</strong></span> <span class='ocrx_word' id='word_1_747' title='bbox 2747 4831 2994 4901; x_wconf 79' lang='lat' dir='ltr'><strong>negotiis.</strong></span> <span class='ocrx_word' id='word_1_748' title='bbox 3031 4831 3136 4885; x_wconf 77' lang='lat' dir='ltr'><strong>Eos</strong></span> <span class='ocrx_word' id='word_1_749' title='bbox 3167 4845 3291 4884; x_wconf 89' lang='lat' dir='ltr'><strong>vero</strong></span> <span class='ocrx_word' id='word_1_750' title='bbox 3341 4830 3430 4897; x_wconf 87' lang='lat' dir='ltr'><strong>qtti</strong></span> <span class='ocrx_word' id='word_1_751' title='bbox 3481 4829 3596 4884; x_wconf 88' lang='lat' dir='ltr'><strong>ausi</strong></span> <span class='ocrx_word' id='word_1_752' title='bbox 3640 4828 3840 4884; x_wconf 82' lang='lat' dir='ltr'><strong>iuerint</strong></span> 
     </span>
    </p>
   </div>
   <div class='ocr_carea' id='block_1_113' title="bbox 2249 4922 3838 4996">
    <p class='ocr_par' dir='ltr' id='par_1_113' title="bbox 2249 4922 3838 4996">
     <span class='ocr_line' id='line_1_113' title="bbox 2249 4922 3838 4996; baseline 0.001 -19"><span class='ocrx_word' id='word_1_753' title='bbox 2249 4931 2370 4991; x_wconf 88' lang='lat' dir='ltr'><strong>post</strong></span> <span class='ocrx_word' id='word_1_754' title='bbox 2388 4923 2782 4978; x_wconf 72' lang='lat' dir='ltr'><strong>ordinationem</strong></span> <span class='ocrx_word' id='word_1_755' title='bbox 2809 4924 2963 4993; x_wconf 89' lang='lat' dir='ltr'><strong>bnjus</strong></span> <span class='ocrx_word' id='word_1_756' title='bbox 2992 4941 3198 4996; x_wconf 66' lang='lat' dir='ltr'><strong>magnae</strong></span> <span class='ocrx_word' id='word_1_757' title='bbox 3221 4932 3277 4979; x_wconf 93' lang='lat' dir='ltr'><strong>et</strong></span> <span class='ocrx_word' id='word_1_758' title='bbox 3302 4924 3617 4980; x_wconf 87' lang='lat' dir='ltr'><strong>universalis</strong></span> <span class='ocrx_word' id='word_1_759' title='bbox 3641 4922 3838 4996; x_wconf 83' lang='lat' dir='ltr'><strong>synodi</strong></span> 
     </span>
    </p>
   </div>
   <div class='ocr_carea' id='block_1_114' title="bbox 2247 5018 3837 5089">
    <p class='ocr_par' dir='ltr' id='par_1_114' title="bbox 2247 5018 3837 5089">
     <span class='ocr_line' id='line_1_114' title="bbox 2247 5018 3837 5089; baseline 0.002 -17"><span class='ocrx_word' id='word_1_760' title='bbox 2247 5030 2405 5085; x_wconf 77' lang='lat' dir='ltr'><strong>agere</strong></span> <span class='ocrx_word' id='word_1_761' title='bbox 2425 5033 2545 5088; x_wconf 76' lang='lat' dir='ltr'><strong>qua:</strong></span> <span class='ocrx_word' id='word_1_762' title='bbox 2574 5018 2837 5086; x_wconf 88' lang='lat' dir='ltr'><strong>prohibita</strong></span> <span class='ocrx_word' id='word_1_763' title='bbox 2867 5027 3012 5086; x_wconf 89' lang='lat' dir='ltr'><strong>sunt,</strong></span> <span class='ocrx_word' id='word_1_764' title='bbox 3043 5022 3428 5076; x_wconf 85' lang='lat' dir='ltr'><strong>statuitsancta</strong></span> <span class='ocrx_word' id='word_1_765' title='bbox 3455 5019 3694 5089; x_wconf 81' lang='lat' dir='ltr'><strong>synodus</strong></span> <span class='ocrx_word' id='word_1_766' title='bbox 3739 5035 3837 5075; x_wconf 88' lang='lat' dir='ltr'><strong>ca-</strong></span> 
     </span>
    </p>
   </div>
   <div class='ocr_carea' id='block_1_115' title="bbox 2246 5109 2934 5179">
    <p class='ocr_par' dir='ltr' id='par_1_115' title="bbox 2246 5109 2934 5179">
     <span class='ocr_line' id='line_1_115' title="bbox 2246 5109 2934 5179; baseline -0.001 -14"><span class='ocrx_word' id='word_1_767' title='bbox 2246 5109 2377 5166; x_wconf 87' lang='lat' dir='ltr'><strong>dere</strong></span> <span class='ocrx_word' id='word_1_768' title='bbox 2401 5110 2467 5164; x_wconf 89' lang='lat' dir='ltr'><strong>de</strong></span> <span class='ocrx_word' id='word_1_769' title='bbox 2497 5109 2716 5179; x_wconf 89' lang='lat' dir='ltr'><strong>proprio</strong></span> <span class='ocrx_word' id='word_1_770' title='bbox 2741 5111 2934 5179; x_wconf 77' lang='lat' dir='ltr'><strong>gradu.</strong></span> 
     </span>
    </p>
   </div>
   <div class='ocr_carea' id='block_1_116' title="bbox 2247 5201 3835 5274">
    <p class='ocr_par' dir='ltr' id='par_1_116' title="bbox 2247 5201 3835 5274">
     <span class='ocr_line' id='line_1_116' title="bbox 2247 5201 3835 5274; baseline 0.001 -17"><span class='ocrx_word' id='word_1_771' title='bbox 2247 5201 2339 5258; x_wconf 78' lang='lat' dir='ltr'><strong>XI.</strong></span> <span class='ocrx_word' id='word_1_772' title='bbox 2384 5201 2536 5268; x_wconf 87' lang='lat' dir='ltr'><strong>Quod</strong></span> <span class='ocrx_word' id='word_1_773' title='bbox 2577 5213 2802 5274; x_wconf 78' lang='lat' dir='ltr'><strong>aportrat</strong></span> <span class='ocrx_word' id='word_1_774' title='bbox 2827 5203 2998 5274; x_wconf 82' lang='lat' dir='ltr'><strong>egenis</strong></span> <span class='ocrx_word' id='word_1_775' title='bbox 3036 5201 3275 5272; x_wconf 82' lang='lat' dir='ltr'><strong>epistolia</strong></span> <span class='ocrx_word' id='word_1_776' title='bbox 3306 5205 3482 5273; x_wconf 85' lang='lat' dir='ltr'><strong>tribui,</strong></span> <span class='ocrx_word' id='word_1_777' title='bbox 3515 5204 3835 5259; x_wconf 79' lang='lat' dir='ltr'><strong>honestiores</strong></span> 
     </span>
    </p>
   </div>
   <div class='ocr_carea' id='block_1_117' title="bbox 2457 5277 3612 5350">
    <p class='ocr_par' dir='ltr' id='par_1_117' title="bbox 2457 5277 3612 5350">
     <span class='ocr_line' id='line_1_117' title="bbox 2457 5277 3612 5350; baseline 0.004 -24"><span class='ocrx_word' id='word_1_778' title='bbox 2457 5282 2627 5328; x_wconf 86' lang='lat' dir='ltr'><strong>autem</strong></span> <span class='ocrx_word' id='word_1_779' title='bbox 2659 5277 3085 5330; x_wconf 81' lang='lat' dir='ltr'><strong>commendatitiis</strong></span> <span class='ocrx_word' id='word_1_780' title='bbox 3107 5278 3284 5331; x_wconf 71' lang='lat' dir='ltr'><strong>litteris</strong></span> <span class='ocrx_word' id='word_1_781' title='bbox 3315 5277 3612 5350; x_wconf 83' lang='lat' dir='ltr'><strong>approbari.</strong></span> 
     </span>
    </p>
   </div>
   <div class='ocr_carea' id='block_1_118' title="bbox 2316 5363 3835 5438">
    <p class='ocr_par' dir='ltr' id='par_1_118' title="bbox 2316 5363 3835 5438">
     <span class='ocr_line' id='line_1_118' title="bbox 2316 5363 3835 5438; baseline 0.003 -18"><span class='ocrx_word' id='word_1_782' title='bbox 2316 5363 2516 5421; x_wconf 85' lang='lat' dir='ltr'><strong>Omnes</strong></span> <span class='ocrx_word' id='word_1_783' title='bbox 2548 5380 2808 5437; x_wconf 86' lang='lat' dir='ltr'><strong>panperes</strong></span> <span class='ocrx_word' id='word_1_784' title='bbox 2836 5377 2892 5424; x_wconf 85' lang='lat' dir='ltr'><strong>et</strong></span> <span class='ocrx_word' id='word_1_785' title='bbox 2920 5370 3218 5438; x_wconf 74' lang='lat' dir='ltr'><strong>indigentes</strong></span> <span class='ocrx_word' id='word_1_786' title='bbox 3256 5369 3635 5426; x_wconf 69' lang='lat' dir='ltr'><strong>ecclesiasticis</strong></span> <span class='ocrx_word' id='word_1_787' title='bbox 3677 5364 3835 5424; x_wconf 81' lang='lat' dir='ltr'><strong>auxi-</strong></span> 
     </span>
    </p>
   </div>
   <div class='ocr_carea' id='block_1_119' title="bbox 2245 5457 3831 5534">
    <p class='ocr_par' dir='ltr' id='par_1_119' title="bbox 2245 5457 3831 5534">
     <span class='ocr_line' id='line_1_119' title="bbox 2245 5457 3831 5534; baseline 0.003 -20"><span class='ocrx_word' id='word_1_788' title='bbox 2245 5458 2328 5514; x_wconf 89' lang='lat' dir='ltr'><strong>liis</strong></span> <span class='ocrx_word' id='word_1_789' title='bbox 2355 5475 2477 5516; x_wconf 88' lang='lat' dir='ltr'><strong>cnm</strong></span> <span class='ocrx_word' id='word_1_790' title='bbox 2521 5461 2835 5531; x_wconf 82' lang='lat' dir='ltr'><strong>probatione</strong></span> <span class='ocrx_word' id='word_1_791' title='bbox 2874 5457 3106 5532; x_wconf 66' lang='lat' dir='ltr'><strong>epistol&#39;ii</strong></span> <span class='ocrx_word' id='word_1_792' title='bbox 3137 5463 3251 5518; x_wconf 84' lang='lat' dir='ltr'><strong>sive</strong></span> <span class='ocrx_word' id='word_1_793' title='bbox 3302 5463 3557 5532; x_wconf 89' lang='lat' dir='ltr'><strong>paciﬁcis,</strong></span> <span class='ocrx_word' id='word_1_794' title='bbox 3584 5477 3706 5534; x_wconf 78' lang='lat' dir='ltr'><strong>qua:</strong></span> <span class='ocrx_word' id='word_1_795' title='bbox 3740 5462 3831 5518; x_wconf 86' lang='lat' dir='ltr'><strong>di-</strong></span> 
     </span>
    </p>
   </div>
   <div class='ocr_carea' id='block_1_120' title="bbox 2243 5553 3830 5628">
    <p class='ocr_par' dir='ltr' id='par_1_120' title="bbox 2243 5553 3830 5628">
     <span class='ocr_line' id='line_1_120' title="bbox 2243 5553 3830 5628; baseline 0.003 -17"><span class='ocrx_word' id='word_1_796' title='bbox 2243 5565 2436 5611; x_wconf 90' lang='lat' dir='ltr'><strong>cuntur</strong></span> <span class='ocrx_word' id='word_1_797' title='bbox 2477 5553 2674 5612; x_wconf 80' lang='lat' dir='ltr'><strong>irenica</strong></span> <span class='ocrx_word' id='word_1_798' title='bbox 2713 5557 3103 5623; x_wconf 81' lang='lat' dir='ltr'><strong>ecclesiastica,</strong></span> <span class='ocrx_word' id='word_1_799' title='bbox 3155 5558 3526 5614; x_wconf 83' lang='lat' dir='ltr'><strong>tantummodo</strong></span> <span class='ocrx_word' id='word_1_800' title='bbox 3559 5554 3830 5628; x_wconf 84' lang='lat' dir='ltr'><strong>proﬁcisci</strong></span> 
     </span>
    </p>
   </div>
   <div class='ocr_carea' id='block_1_121' title="bbox 2315 5665 3299 5742">
    <p class='ocr_par' dir='ltr' id='par_1_121' title="bbox 2315 5665 3299 5742">
     <span class='ocr_line' id='line_1_121' title="bbox 2315 5665 3299 5742; baseline 0 -18"><span class='ocrx_word' id='word_1_801' title='bbox 2315 5665 2339 5706; x_wconf 73' lang='grc' dir='ltr'><em>ά</em></span> <span class='ocrx_word' id='word_1_802' title='bbox 2369 5669 2442 5724; x_wconf 82' lang='lat' dir='ltr'><strong>Ex</strong></span> <span class='ocrx_word' id='word_1_803' title='bbox 2476 5669 2540 5724; x_wconf 88' lang='lat' dir='ltr'><strong>U.</strong></span> <span class='ocrx_word' id='word_1_804' title='bbox 2577 5670 2630 5724; x_wconf 88' lang='lat' dir='ltr'><strong>In</strong></span> <span class='ocrx_word' id='word_1_805' title='bbox 2665 5673 2726 5724; x_wconf 78' lang='grc' dir='ltr'><strong>Α.</strong></span> <span class='ocrx_word' id='word_1_806' title='bbox 2757 5679 2812 5726; x_wconf 83' lang='lat' dir='ltr'><strong>ct</strong></span> <span class='ocrx_word' id='word_1_807' title='bbox 2839 5671 3096 5739; x_wconf 86' lang='lat' dir='ltr'><strong>reliquis:</strong></span> <span class='ocrx_word' id='word_1_808' title='bbox 3127 5671 3299 5742; x_wconf 79' lang='lat' dir='ltr'><strong>quieti.</strong></span> 
     </span>
    </p>
   </div>
   <div class='ocr_carea' id='block_1_122' title="bbox 2315 5740 3826 5810">
    <p class='ocr_par' dir='ltr' id='par_1_122' title="bbox 2315 5740 3826 5810">
     <span class='ocr_line' id='line_1_122' title="bbox 2315 5740 3826 5810; baseline -0.001 -14"><span class='ocrx_word' id='word_1_809' title='bbox 2315 5749 2340 5779; x_wconf 82' lang='lat'><strong><em>°</em></strong></span> <span class='ocrx_word' id='word_1_810' title='bbox 2369 5742 2424 5796; x_wconf 90' lang='lat' dir='ltr'><strong>In</strong></span> <span class='ocrx_word' id='word_1_811' title='bbox 2448 5742 2732 5797; x_wconf 64' lang='lat' dir='ltr'><strong>(iudicibus</strong></span> <span class='ocrx_word' id='word_1_812' title='bbox 2764 5744 3049 5810; x_wconf 86' lang='lat' dir='ltr'><strong>dcpravate</strong></span> <span class='ocrx_word' id='word_1_813' title='bbox 3071 5740 3323 5797; x_wconf 79' lang='lat' dir='ltr'><strong>scribitur</strong></span> <span class='ocrx_word' id='word_1_814' title='bbox 3356 5742 3470 5798; x_wconf 69' lang='lat' dir='ltr'><strong>btec</strong></span> <span class='ocrx_word' id='word_1_815' title='bbox 3491 5757 3611 5796; x_wconf 82' lang='lat' dir='ltr'><strong>vox.</strong></span> <span class='ocrx_word' id='word_1_816' title='bbox 3644 5740 3702 5796; x_wconf 89' lang='lat' dir='ltr'><strong>In</strong></span> <span class='ocrx_word' id='word_1_817' title='bbox 3735 5743 3826 5809; x_wconf 78' lang='lat' dir='ltr'><strong>A.,</strong></span> 
     </span>
    </p>
   </div>
   <div class='ocr_carea' id='block_1_123' title="bbox 2244 5811 3822 5886">
    <p class='ocr_par' dir='ltr' id='par_1_123' title="bbox 2244 5811 3822 5886">
     <span class='ocr_line' id='line_1_123' title="bbox 2244 5811 3822 5886; baseline 0.001 -18"><span class='ocrx_word' id='word_1_818' title='bbox 2244 5814 2377 5876; x_wconf 74' lang='lat' dir='ltr'><strong>Itll.,</strong></span> <span class='ocrx_word' id='word_1_819' title='bbox 2413 5814 2496 5880; x_wconf 84' lang='lat' dir='ltr'><strong>E.,</strong></span> <span class='ocrx_word' id='word_1_820' title='bbox 2523 5813 2576 5883; x_wconf 71' lang='lat'><strong>5,</strong></span> <span class='ocrx_word' id='word_1_821' title='bbox 2606 5813 2670 5869; x_wconf 81' lang='grc' dir='ltr'><strong>Τ.</strong></span> <span class='ocrx_word' id='word_1_822' title='bbox 2697 5814 2745 5885; x_wconf 90' lang='lat' dir='ltr'><strong>I,</strong></span> <span class='ocrx_word' id='word_1_823' title='bbox 2775 5815 2858 5880; x_wconf 57' lang='lat' dir='ltr'><strong>LL,</strong></span> <span class='ocrx_word' id='word_1_824' title='bbox 2891 5814 2981 5882; x_wconf 70' lang='lat'><strong>6.,</strong></span> <span class='ocrx_word' id='word_1_825' title='bbox 3007 5815 3169 5870; x_wconf 81' lang='lat' dir='ltr'><strong>tociis.</strong></span> <span class='ocrx_word' id='word_1_826' title='bbox 3206 5815 3275 5886; x_wconf 48' lang='lat' dir='ltr'><strong>In,</strong></span> <span class='ocrx_word' id='word_1_827' title='bbox 3293 5811 3403 5884; x_wconf 57' lang='lat'><strong>(13.,</strong></span> <span class='ocrx_word' id='word_1_828' title='bbox 3440 5812 3644 5870; x_wconf 80' lang='lat' dir='ltr'><strong>thociis.</strong></span> <span class='ocrx_word' id='word_1_829' title='bbox 3673 5812 3730 5868; x_wconf 89' lang='lat' dir='ltr'><strong>In</strong></span> <span class='ocrx_word' id='word_1_830' title='bbox 3759 5811 3822 5870; x_wconf 88' lang='grc' dir='ltr'><strong>Τ.</strong></span> 
     </span>
    </p>
   </div>
   <div class='ocr_carea' id='block_1_124' title="bbox 2242 5886 3768 5963">
    <p class='ocr_par' dir='ltr' id='par_1_124' title="bbox 2242 5886 3768 5963">
     <span class='ocr_line' id='line_1_124' title="bbox 2242 5886 3768 5963; baseline 0.01 -24"><span class='ocrx_word' id='word_1_831' title='bbox 2242 5886 2489 5954; x_wconf 68' lang='lat' dir='ltr'><strong>2,t0t’t‘is.</strong></span> <span class='ocrx_word' id='word_1_832' title='bbox 2738 5941 2804 5963; x_wconf 85' lang='lat'><strong>._</strong></span> <span class='ocrx_word' id='word_1_833' title='bbox 2868 5918 3337 5957; x_wconf 56' lang='grc' dir='ltr'><strong>η.ο........,</strong></span> <span class='ocrx_word' id='word_1_834' title='bbox 3636 5931 3645 5945; x_wconf 73' lang='grc' dir='ltr'>ι</span> <span class='ocrx_word' id='word_1_835' title='bbox 3754 5918 3768 5930; x_wconf 59' lang='grc' dir='ltr'><em>α</em></span> 
     </span>
    </p>
   </div>
  </div>
