4086 6358
255 376 385 451 ηπ·

1142 382 1544 447 ςηωῆωι
1586 380 1925 443 CONCILIA.
1974 416 2039 430 —
2075 380 2698 448 CHALCEDONENSE.

3438 393 3539 452 174

259 494 1110 581 ςτειίοε”ισῖιήυε’οήιηῑροῑθηιῐ
1149 504 1260 562 Deo
1292 511 1340 573 ⁸,
1378 500 1500 575 quia
1549 504 1876 566 multorum,

1967 509 2140 571 entur,
2190 518 2287 573 pro
2346 508 2529 577 vigore
2575 501 2858 578 judicinrio
2897 499 3058 561 etiam
3110 506 3543 580 competentibus

268 601 562 658 errantium
592 599 733 656 circa
774 600 933 655 ﬁdem
969 609 1238 669 amputata
1267 596 1553 662 discordia,
1583 597 1635 652 in
1687 612 1847 652 unam

260 693 613 765 eamdemque
636 692 793 748 ﬁdem
817 708 1003 748 omnes
1031 708 1169 747 nunc
1186 692 1552 757 convenimus,
1570 699 1849 760 sperantes

259 788 492 844 celerem
526 786 720 841 vestris
752 787 998 856 precibus
1046 791 1102 839 ct
1137 786 1414 838 meliorem
1461 798 1623 852 super
1664 797 1851 837 omnes

263 893 359 935 nos
390 884 577 947 putem
608 893 636 930 a
690 877 805 932 Deo
848 874 1062 932 donari.
1111 876 1302 930 Sancta
1363 874 1599 945 synodus
1656 875 1853 928 iterum

260 970 615 1027 exclamavit:
654 969 776 1023 ilaac
803 968 963 1039 digna
995 967 1160 1023 vestri
1198 966 1429 1037 imperii,
1480 965 1597 1021 haec
1637 964 1853 1035 propria

263 1062 430 1120 vestri
458 1062 691 1132 imperii,
726 1062 841 1116 haec
890 1061 1159 1116 correctio
1199 1059 1365 1116 vestri
1412 1058 1641 1127 imperii,
1695 1056 1859 1130 digne

268 1155 409 1220 ﬁdei,
439 1155 599 1224 digne
626 1154 863 1219 Christo,
885 1154 1049 1225 digne
1069 1153 1299 1223 imperii,
1329 1161 1383 1208 et
1405 1152 1611 1222 imperii
1629 1162 1682 1208 et
1698 1151 1850 1219 ﬁdei;

267 1256 545 1320 propterea
574 1245 603 1287 ³
630 1247 935 1317 paciﬁcator
958 1246 1105 1304 orbis
1135 1256 1313 1303 terras.
1338 1245 1402 1301 Et
1429 1252 1549 1317 post
1579 1246 1675 1300 has
1698 1258 1858 1301 voces

264 1346 532 1414 piissimus
551 1355 606 1401 et
635 1344 978 1401 ﬁdelissimus
1006 1344 1301 1413 imperator
1328 1340 1397 1397 ad
1424 1348 1663 1396 sanctam
1696 1354 1861 1413 syno-

261 1436 385 1491 dum
416 1436 551 1492 dixit
583 1453 599 1493 :
624 1436 997 1493 Venerandam
1025 1435 1346 1491 catholicam
1370 1433 1528 1491 ﬁdem
1555 1447 1585 1488 a
1608 1443 1790 1489 sancta
1807 1437 1863 1488 et

261 1529 551 1584 universali
610 1529 816 1602 synodo
860 1526 1153 1585 secundum
1200 1526 1415 1583 Patrum
1465 1525 1860 1597 expositionem

258 1618 651 1677 manifestatum
682 1624 831 1691 juxta
857 1620 1050 1692 legem,
1074 1629 1129 1676 et
1155 1620 1561 1676 convenientem
1598 1632 1719 1674 esse
1767 1632 1864 1673 no—

255 1722 368 1768 stra
407 1713 759 1784 tranquillitas
795 1714 1059 1784 probavit,
1088 1729 1302 1772 omnem
1345 1714 1399 1771 in
1427 1722 1702 1786 posterum
1734 1724 1865 1769 con-

254 1803 515 1859 tentionis
540 1807 879 1861 occasionem
906 1808 1045 1862 circa
1075 1818 1228 1862 suam
1260 1806 1420 1862 ﬁdem
1456 1805 1744 1875 amputari.
1801 1803 1864 1861 Si

253 1900 377 1967 quis
403 1899 560 1969 igitur
592 1899 756 1955 idiota
787 1902 868 1956 vel
899 1902 1183 1958 militarius
1232 1917 1329 1958 seu
1358 1902 1588 1957 clericus
1643 1899 1855 1970 publice
1884 1874 1934 1937 Β

254 1988 326 2045 de
355 1990 462 2046 ﬁde
499 1992 706 2047 turbam
745 2008 1078 2066 congregans
1107 1994 1209 2050 sub
1233 1995 1459 2051 obtentu
1483 1992 1862 2062 disputationis

255 2084 549 2138 tumultum
572 2083 777 2151 fecerit,
794 2088 840 2141 si
861 2086 1075 2155 quidem
1095 2087 1256 2141 idiota
1284 2087 1653 2156 praescriptus,
1678 2086 1864 2153 expel-

253 2176 404 2231 latur
431 2190 459 2231 a
484 2179 630 2247 regia
655 2177 819 2244 urbe;
855 2178 1139 2235 militarius
1157 2193 1285 2236 vero
1304 2193 1397 2235 seu
1416 2178 1642 2236 clericus
1667 2177 1865 2250 gradus

253 2271 343 2325 sui
381 2270 673 2340 periculum
707 2273 1047 2330 sustinebunt
1068 2282 1123 2330 et
1144 2273 1261 2330 aliis
1288 2275 1462 2345 poenis
1488 2273 1862 2345 subjacebunt.

252 2403 508 2459 Edictum
526 2406 893 2478 insperatoan
910 2408 1436 2533 ittdgonﬁrirrotioncm
1460 2408 1669 2463 concilii
1692 2405 1863 2464 God-

888 2495 943 2533 σθ
1017 2495 1215 2533 11811³28.

888 2495 1215 2535 ceaonenata.

328 2565 690 2639 Imperatores
738 2567 1147 2626 Valentinianus
1191 2578 1250 2627 et
1295 2569 1603 2627 Marcianus
1648 2571 1864 2641 augusti

246 2658 529 2716 universis
561 2661 792 2732 populis.
846 2660 1087 2718 Tandem
1116 2663 1411 2735 aliquando
1431 2663 1577 2734 quod
1634 2664 1863 2720 summis

244 2752 398 2809 votis
427 2762 585 2824 atque
631 2754 824 2810 studiis
852 2755 1168 2824 Optabamus
1191 2757 1376 2813 evenit
1400 2774 1415 2811 :
1447 2762 1655 2813 remota
1682 2766 1765 2812 est
1790 2756 1863 2812 de

243 2844 564 2900 orthodoxa
596 2844 1020 2903 Christianorum
1053 2848 1173 2920 lege
1195 2847 1506 2904 contentio:
1534 2847 1750 2903 tandem
1774 2862 1863 2903 re-

243 2939 440 2995 media
474 2928 628 3011 107
661 2940 942 3009 culpabilis
972 2943 1174 2996 erroris
1204 2941 1427 2995 inventa
1453 2950 1601 3003 sunt,
1658 2950 1712 2995 et
1746 2938 1861 2994 dis-

242 3046 379 3087 cors
434 3033 749 3103 p0pulorum
787 3033 1054 3088 sententia
1086 3032 1141 3087 in
1170 3047 1335 3088 unum
1386 3046 1706 3087 consensum
1734 3043 1865 3085 con-

240 3122 610 3193 cordiamque
627 3123 900 3181 convenit.
926 3123 967 3180 E
996 3123 1224 3180 diversis
1251 3124 1396 3180 enim
1430 3123 1721 3193 provinciis
1754 3138 1849 3179 re-

239 3213 595 3287 ligiosissimi
641 3218 953 3274 sacerdotes
1001 3217 1338 3274 Chalcedona
1370 3224 1666 3315 -venerunt
1702 3214 1858 3288 juxta

243 3319 447 3365 nostra
491 3319 786 3381 praecepta,
811 3319 870 3367 et
908 3310 1036 3381 quid
1066 3310 1340 3367 observari
1369 3310 1423 3365 in
1446 3310 1709 3382 religione
1751 3311 1858 3366 de-

240 3401 383 3459 beat
417 3404 695 3476 perspicua
715 3403 1032 3461 deﬁnitione
1057 3403 1375 3461 docuerunt.
1412 3402 1669 3461 Discessit
1700 3403 1862 3475 igitur

235 3499 362 3568 jam
397 3497 622 3567 profana
651 3500 953 3566 contentio,
976 3515 1096 3554 nam
1126 3514 1251 3555 vere
1281 3497 1475 3568 impius
1501 3507 1664 3568 atque
1693 3496 1862 3553 sacri-

240 3588 412 3659 legus
439 3600 521 3645 est
551 3590 641 3659 qui
670 3600 790 3660 post
813 3601 889 3646 tot
907 3591 1249 3647 sacerdotum
1270 3589 1593 3645 sententiam
1616 3588 1860 3658 Opinioni

238 3693 367 3735 sum
390 3682 477 3736 vel
496 3681 700 3751 aliquid
720 3682 1057 3738 traeiandum
1078 3684 1361 3753 relinquit:
1386 3693 1643 3739 extremae
1663 3682 1861 3755 quippe

235 3771 547 3828 dementis
563 3775 709 3829 estin
735 3774 912 3832 medio
932 3786 985 3831 et
1009 3776 1293 3848 perSpicno
1311 3775 1401 3833 die
1430 3778 1859 3833 commentitium

233 3865 446 3922 lumen
478 3868 775 3936 inquirere:
803 3868 1044 3939 quisquis
1070 3869 1213 3924 enim
1238 3879 1357 3939 post
1374 3871 1654 3926 veritatem
1673 3885 1863 3940 reper-

233 3967 361 4015 tam
393 3954 604 4029 aliquid
636 3959 857 4014 ulterius
882 3962 1123 4027 discutit,
1151 3962 1490 4017 mendacium
1518 3966 1726 4032 quierit.
1757 3961 1864 4018 Ne-

231 4064 343 4106 mo
370 4049 559 4117 itaque
590 4050 676 4103 vel
705 4050 930 4104 clericus
943 4051 1294 4120 vclmilitans,
1316 4063 1370 4107 et
1395 4053 1617 4108 alterius
1640 4053 1864 4123 cujusli-

233 4143 348 4199 bet
373 4140 730 4209 conditionis,
754 4142 820 4197 de
859 4142 965 4199 ﬁde
996 4143 1301 4200 Christiana
1333 4145 1552 4216 publice
1579 4149 1862 4202 terminata

230 4231 584 4291 coadunatis
608 4242 662 4287 et
688 4233 1031 4309 audientibus
1063 4244 1294 4291 tractare
1319 4244 1547 4293 conetur
1595 4237 1647 4292 in
1682 4247 1862 4308 poste-

232 4341 402 4390 rum,
441 4338 504 4379 ex
528 4325 629 4380 hoc
662 4325 920 4383 tumultus
949 4336 1006 4383 et
1033 4329 1273 4397 perﬁdiae
1308 4331 1653 4387 occasionem
1682 4335 1862 4405 requi-

229 4436 407 4486 rens,
445 4434 564 4473 nam
590 4417 839 4489 injuriam
872 4419 1217 4490 facitjudicio
1249 4424 1668 4495 religiosissima:
1691 4442 1856 4498 syno-

231 4515 318 4584 di,
364 4513 417 4569 si
455 4513 573 4582 quis
605 4512 772 4569 semel
799 4513 1036 4583 judicata
1055 4523 1109 4570 et
1130 4525 1275 4571 recte
1300 4518 1558 4587 disposita
1581 4519 1859 4574 revolvere

1951 596 2223 665 suppliciis
2259 594 2600 667 subjugindi.
2652 596 2875 653 Constat
2901 599 3047 654 enim
3098 596 3222 655 hinc
3269 596 3540 661 haeretica

1956 689 2176 751 insania:
2226 691 2446 745 exordia
2483 690 2832 763 inutilemque
2868 691 3114 761 pra-heri,
3156 692 3284 747 dum
3333 690 3543 763 publice

1953 778 2167 851 quidam
2200 782 2468 848 diSputant
2509 792 2672 851 atque
2712 781 3082 838 contendunt:
3116 784 3351 840 universi
3409 802 3539 856 ergo

1956 887 2073 942 qua:
2090 889 2118 927 a
2143 886 2323 927 sancta
2347 871 2555 944 synodo
2576 874 2947 931 Clialcedonca
2963 876 3083 949 [U.,
3101 870 3553 952 Cbulcedonensi]

1958 974 2156 1020 statuta
2180 978 2303 1020 sunt
2328 965 2600 1020 costodire
2622 964 2913 1033 debebunt,
2951 970 3082 1023 nihil
3117 982 3300 1039 postea
3328 970 3547 1026 dubita-

1960 1058 2081 1112 turi.
2103 1056 2212 1113 Huc
2243 1059 2419 1125 itaque
2444 1067 2639 1113 nostrae
2666 1060 2977 1115 commoniti
3010 1045 3331 1119 sinceritatis
3345 1065 3545 1132 edicto,

1959 1136 2228 1205 abstinete
2257 1146 2492 1219 profanis
2516 1152 2736 1207 vocibus
2759 1162 2810 1206 et
2827 1148 3048 1208 ulterius
3074 1154 3303 1212 desinite
3326 1152 3393 1213 de
3414 1156 3554 1213 divi-

1963 1243 2044 1297 nis
2074 1244 2372 1313 disputare,
2410 1244 2555 1313 quod
2578 1244 2727 1300 nefas
2758 1252 2863 1311 est;
2889 1246 3010 1315 quia
3044 1263 3147 1301 non
3173 1246 3344 1303 solum
3370 1235 3563 1305 divino

1957 1335 2161 1405 judicio
2192 1346 2469 1406 peccatum
2504 1333 2603 1391 hoc
2636 1344 2792 1406 prout
2832 1338 3104 1393 credimus
3134 1338 3412 1408 punietur.
3446 1328 3563 1398 ve-‘

1962 1444 2080 1485 rum
2095 1430 2256 1485 etiam
2276 1430 2451 1497 legum
2480 1440 2532 1486 et
2549 1431 2788 1501 judicum
2812 1440 2834 1471 α
2855 1432 3173 1489 auctoritate
3194 1432 3555 1491 coercebitur.

1963 1536 2035 1577 vn
2096 1519 2368 1578 Kalendas
2422 1519 2743 1579 Februarias
2791 1521 3251 1596 Constantinopoli
3298 1521 3558 1595 Sporacio

1964 1616 2207 1672 consule.

1968 1731 2132 1789 Sacra
2167 1728 2522 1804 Vaicgrtiniani
2536 1740 2581 1784 et
2610 1726 2875 1804 Marciani
2904 1738 3237 1804 auguriorum
3293 1742 3409 1804 post
3440 1750 3563 1789 con-

2036 1804 2213 1857 citium
2239 1800 2650 1876 Chalcedonam
2666 1798 2903 1856 edictuin
2926 1798 3309 1876 o'irmationen't
3333 1805 3563 1876 ejusdem

2034 1875 2247 1930 milii
2270 1886 2317 1929 at
2346 1875 2735 1929 damnationem
2758 1875 3135 1929 Moriemur.

1967 2006 2307 2080 Imperatores
2335 2004 2727 2085 Valentinianus
2756 2017 2803 2063 et
2829 2004 3128 2085 Marcianus
3147 2012 3352 2085 augusti
3383 2011 3566 2069 Pallam

2072 2092 2085 2100 '
2453 2080 2539 2135 dio
2566 2081 2807 2152 praefecto
2829 2084 3077 2153 prwtorii.

2037 2194 2245 2252 Divinas
2272 2211 2485 2266 semper
2514 2196 2767 2269 potentiae
2808 2194 3107 2254 referendae
3152 2208 3317 2268 atque
3342 2202 3572 2270 agenda

1966 2287 2286 2359 suntgratiae
2309 2288 2431 2359 quia
2455 2299 2702 2343 auctores
2724 2288 3217 2362 haeresisqueloﬂ
3228 2291 3440 2347 occulta
3464 2308 3571 2350 nec

1966 2375 2137 2434 latere
2170 2379 2441 2448 concedit,
2474 2394 2573 2436 nec
2593 2378 2791 2436 durare
2812 2381 3070 2451 impunita
3106 2382 3363 2451 permittit
3390 2401 3407 2440 :
3433 2400 3568 2457 quo-

1967 2487 2084 2526 rum
2104 2488 2268 2527 unum
2300 2472 2564 2529 malorum
2597 2473 2824 2529 ltcdendi
2848 2473 3008 2531 habet
3032 2474 3314 2541 plurimam
3346 2476 3568 2535 faculta-

1968 2571 2098 2632 tem,
2124 2565 2350 2620 alterum
2376 2562 2713 2636 praecavendi
2734 2567 2948 2623 caeteris
2982 2576 3218 2636 praestat
3231 2569 3567 2638 exemplum.

1965 2654 2124 2713 Curae
2152 2657 2313 2728 igitur
2338 2671 2459 2713 esse
2483 2654 2751 2713 divinitati
2781 2658 3055 2713 hominum
3080 2670 3235 2715 actus
3263 2668 3319 2717 et
3334 2662 3573 2720 maxime

1967 2751 2324 2807 reverentiam
2347 2751 2638 2821 religionis,
2658 2752 2970 2822 proximein
2994 2750 3364 2810 conﬁrmanda
3379 2756 3571 2811 catho-

1968 2841 2069 2897 lica
2102 2843 2207 2897 ﬁde
2227 2841 2508 2898 evidenter
2533 2845 2807 2914 apparuit,
2830 2860 2953 2899 cum
2984 2844 3285 2916 Eutychem
3330 2848 3568 2904 scelera-

1970 2946 2145 2993 torum
2173 2939 2482 3008 dogmatum
2511 2946 2831 2993 sectatorem
2856 2953 2956 2994 nec
2977 2937 3171 3005 latere,
3197 2948 3259 2994 ut
3282 2940 3379 2995 diu
3396 2941 3568 2997 latue-

1968 3038 2074 3098 rat,
2105 3029 2272 3097 siniit,
2296 3044 2398 3087 nec
2425 3029 2690 3101 patefacto
2706 3028 2911 3087 scelere
2930 3044 3090 3102 passa
3106 3040 3191 3088 est
3202 3046 3417 3102 ptenam
3444 3049 3567 3090 aee-

1969 3119 2100 3178 leris
2125 3120 2350 3178 evitare.
2410 3121 2707 3180 Sententiis
2753 3123 2934 3194 itaque
2960 3122 3162 3182 divinis
3210 3124 3575 3196 humanisque

1968 3211 2256 3271 damnatus
2281 3213 2603 3286 synodicum
2626 3215 2935 3281 decretum,
2962 3227 3025 3272 ut
3044 3217 3379 3287 merebatur,
3406 3235 3566 3276 exce-

1965 3309 2061 3380 pit,
2085 3322 2208 3364 reus
2229 3306 2487 3363 divinitati
2516 3307 2601 3364 cui
2629 3304 2855 3365 faciebat
2878 3308 3148 3380 iniuriam,
3178 3328 3304 3370 rans
3335 3314 3572 3373 hominic

1963 3404 2064 3457 bus
2085 3416 2221 3472 quos
2246 3399 2499 3472 decipere
2527 3401 2842 3458 conabatur.
2886 3401 3144 3461 Proxime
3170 3407 3367 3462 etenim
3397 3409 3565 3465 inmt-

1966 3496 2252 3554 mcrabiles
2272 3511 2343 3551 ex
2377 3507 2488 3553 toto
2520 3508 2657 3567 pene
2672 3495 2804 3551 orbe
2826 3495 3121 3553 beatissimi
3142 3499 3389 3570 episcopi
3402 3499 3567 3559 Chal:

1965 3589 2173 3647 cedone
2195 3590 2501 3664 congregati
2536 3588 2784 3659 improba
2810 3591 3053 3659 praedicti
3108 3585 3428 3665 Eutychetis
3458 3610 3566 3651 una

1966 3697 2088 3738 cum
2112 3678 2322 3755 synodo
2343 3681 2461 3751 ejus
2483 3695 2646 3737 causa
2678 3680 2860 3735 habita
2879 3681 3207 3752 expulerunt
3232 3696 3567 3756 conuocato,

1966 3774 2138 3830 secuti
2165 3781 2475 3830 sanctorum
2499 3773 2717 3828 deﬁnita
2770 3767 3063 3843 majorum,
3116 3789 3236 3845 quae
3291 3776 3374 3833 vel
3418 3776 3569 3847 apud

1967 3867 2199 3923 Nicteam
2231 3882 2261 3922 a
2309 3864 2566 3923 trecentis
2594 3865 2782 3922 decem
2811 3874 2870 3921 et
2900 3874 3023 3922 octo
3074 3868 3365 3923 constituta
3415 3880 3571 3939 sunt,

1968 3962 2054 4017 vel
2088 3962 2142 4016 in
2174 3962 2276 4016 hac
2305 3971 2493 4030 postea
2518 3960 2657 4015 alma
2687 3960 2820 4016 urbe
2846 3974 2877 4015 a
2918 3967 3137 4015 centum
3175 3962 3571 4034 quinquaginta.

1971 4063 2097 4108 sunt
2123 4054 2394 4123 episc0pis
2443 4052 2741 4117 declarata,
2786 4051 2871 4107 vel
2894 4052 3035 4119 apud
3087 4051 3389 4119 Ephesum,
3434 4069 3591 4113 cum,

1969 4144 2202 4200 Nestorii
2226 4153 2308 4198 est
2346 4157 2497 4198 error
2525 4141 2796 4208 exclusus,
2832 4141 3242 4212 praesidentibus
3270 4143 3568 4205 Caelestino

1974 4238 2230 4293 Romana:
2273 4234 2419 4290 urbis
2451 4244 2505 4290 et
2536 4232 2734 4306 Cyrillo
2765 4232 3153 4290 Alexandrinae
3181 4234 3415 4292 civitatis
3442 4238 3561 4307 epi-

1968 4330 2167 4399 scopis.
2191 4328 2263 4382 Ea
2288 4326 2451 4399 igitur
2474 4341 2593 4397 qum
2622 4326 2911 4394 suntjuxta
2926 4324 3201 4395 pristinam
3219 4326 3562 4399 disciplinam

1968 4442 1999 4482 a
2026 4423 2321 4481 venerabili
2349 4421 2559 4493 synodo
2590 4419 2929 4475 Chalcedone
2958 4421 3173 4476 delinita
3203 4422 3292 4479 illa
3322 4423 3427 4480 ﬁde
3456 4440 3561 4495 qua

1971 4522 2135 4577 Deum
2162 4520 2387 4575 colimus
2419 4533 2514 4587 per
2541 4515 2717 4570 omnia
2748 4515 3008 4570 servanda
3051 4518 3356 4573 censuimus
3403 4527 3565 4590 atque

230 4622 293 4667 ct
320 4608 551 4681 publice
571 4610 845 4676 disputare
883 4610 1183 4685 contendit,
1214 4624 1336 4665 cum
1370 4626 1432 4666 ea
1467 4627 1586 4679 quae
1622 4626 1763 4667 nunc
1793 4612 1860 4667 de
1895 4634 1951 4695 ο-
1973 4627 2292 4678 censemus;
2340 4610 2459 4680 quia
2493 4607 2648 4662 valde
2674 4622 3013 4677 consequens
3049 4617 3131 4663 est
3172 4620 3558 4668 sexcentarum

229 4705 567 4762 Christiana
599 4704 703 4760 ﬁde
728 4714 924 4759 statuta
958 4706 1257 4774 suntjuxta
1288 4706 1615 4775 apostolicae
1636 4708 1855 4776 exposi-

230 4806 433 4856 tiones
487 4806 542 4851 et
562 4798 803 4852 instituta
857 4808 1167 4853 sanctorum
1220 4798 1437 4853 Patrum
1466 4794 1852 4857 'trecentorum

230 4892 444 4945 decem
479 4896 533 4941 et
564 4896 711 4954 octo,
739 4898 793 4943 et
819 4898 1033 4944 centum
1066 4889 1448 4959 quinquaginta
1471 4890 1691 4946 deﬁnita
1736 4907 1856 4948 esse
1882 4956 1885 4957 ν

227 4990 580 5037 noscuntur.
613 4977 748 5035 Nam
782 4980 836 5035 in
876 4989 1279 5051 contemptores
1326 4981 1486 5053 hujus
1519 4983 1651 5053 legis
1700 4999 1857 5054 ptena

227 5092 344 5130 non
379 5075 588 5141 deerit,
621 5074 743 5144 quia
769 5089 873 5129 non
901 5075 1079 5131 solum
1110 5086 1300 5131 contra
1326 5076 1486 5132 ﬁdem
1528 5079 1665 5135 bene
1706 5094 1856 5134 corn-

228 5169 488 5238 positam
526 5166 765 5233 veniunt,
794 5165 888 5222 sed
916 5170 1078 5223 etiam
1110 5168 1312 5224 Judzeis
1332 5177 1390 5225 et
1409 5171 1629 5240 paganis
1659 5186 1722 5226 ex
1754 5171 1857 5227 bu-

220 5256 555 5328 jliscemodi
586 5258 882 5337 certamine
924 5258 1211 5326 profanant
1238 5263 1543 5316 veneranda
1574 5264 1865 5335 msyteria.

227 5354 411 5422 Igitur
448 5352 495 5406 si
527 5351 754 5408 clericus
780 5351 990 5421 eritqui
1017 5353 1225 5421 publice
1255 5362 1485 5411 tractare
1509 5355 1576 5410 de
1600 5354 1860 5427 religione

222 5460 407 5501 ausus
436 5443 635 5514 fuerit,
661 5461 691 5502 a
716 5445 988 5501 consortio
1026 5446 1346 5502 clericorum
1376 5447 1779 5514 removebitur;
1808 5449 1859 5505 si

222 5553 369 5595 vero
403 5539 604 5594 militia
628 5539 881 5610 praeditus
902 5540 993 5607 sit,
1007 5540 1219 5610 cingulo
1245 5541 1653 5611 exspoliabitur;
1675 5543 1859 5599 caeteri

222 5633 407 5688 etiam
444 5632 606 5702 hujus
634 5632 877 5689 criminis
904 5635 983 5690 rei
1011 5634 1079 5690 de
1107 5633 1207 5690 hac
1227 5635 1569 5691 sanctissima
1599 5636 1731 5692 urbe
1746 5637 1859 5707 pel-

303 5795 336 5826 ·
354 5783 487 5851 Ea
514 5784 574 5841 Β.
596 5786 697 5856 Β..
713 5785 781 5845 Ε.
803 5786 859 5856 3,
880 5786 946 5843 Τ.
966 5788 1024 5858 l,
1042 5787 1103 5855 2,
1128 5785 1223 5858 0.,
1245 5786 1583 5861 omnipotenti
1611 5787 1858 5847 salvatori

228 5856 467 5985 0913.5:
514 5928 725 5987 ceteris
754 5927 1061 5988 Codicibus.
1095 5930 1152 5990 lu
1196 5933 1289 6002 A.,
1320 5933 1523 6007 imperii
1552 5934 1854 6011 digniteret

1969 4706 2178 4775 triginta
2202 4699 2549 4757 sacerdotum
2575 4713 2706 4769 pura
2737 4708 2914 4753 mente
2939 4699 3103 4753 Deum
3137 4702 3428 4759 colentium
3456 4705 3556 4759 de-

1965 4799 2138 4862 ﬁnita,
2165 4812 2282 4866 quae
2306 4810 2401 4865 pro
2425 4793 2849 4849 orthodoxorum
2882 4790 2985 4846 ﬁde
3011 4807 3354 4852 sacrosancta
3369 4812 3565 4853 secun-

1965 4890 2093 4945 dum
2119 4889 2333 4942 Patrum
2366 4886 2576 4955 regulas
2600 4892 2999 4953 processerunt,
3023 4900 3230 4941 summa
3253 4904 3374 4944 cum
3396 4904 3559 4945 vene-

1965 4984 2173 5040 ratione
2201 4994 2541 5037 conservare.
2574 4978 2833 5047 Quoniam
2868 4980 3173 5051 principalis
3204 4983 3552 5053 providentiae

1966 5089 2052 5135 est
2070 5092 2229 5134 omne
2256 5075 2457 5130 malum
2487 5074 2627 5128 inter
2670 5072 2825 5128 initia
2853 5076 3159 5146 opprimere
3183 5090 3237 5132 et
3256 5084 3562 5146 serpentem

1966 5170 2221 5226 morbum
2243 5168 2421 5239 legum
2448 5165 2720 5223 medicina
2750 5182 3023 5236 resecare,
3050 5170 3152 5224 hac
3180 5170 3299 5238 lege
3316 5166 3562 5223 decerni-

1967 5279 2087 5320 mus
2110 5278 2207 5319 eos
2228 5262 2316 5334 qui
2351 5260 2663 5333 Eutychetis
2688 5276 2877 5317 errore
2899 5262 3239 5331 decipiuntur
3267 5260 3337 5313 ad
3362 5275 3556 5317 exem-

1964 5357 2115 5428 plum
2164 5353 2641 5424 Apollinariorum,
2670 5368 2807 5423 quos
2861 5353 3130 5425 Eutyches
3180 5360 3395 5407 secutus
3448 5364 3556 5426 est,
3624 5408 3625 5411 η

1964 5462 2213 5521 quosque
2238 5444 2574 5501 venerabiles
2615 5443 2834 5501 Patrum
2877 5445 3109 5513 regulae,
3139 5442 3193 5497 id
3238 5453 3347 5513 est,
3375 5449 3555 5506 θεειο-

1965 5543 2167 5600 siastici
2195 5554 2453 5607 canones,
2486 5539 2808 5595 etdivorum
2842 5537 3148 5606 principtun
3176 5542 3556 5599 sacratissima:

1962 5638 2291 5703 sanctiones,
2333 5631 2716 5696 condemnant,
2740 5627 2942 5683 nullum
2980 5626 3315 5700 episcopum,
3355 5633 3559 5692 nullum

1961 5795 2466 5870 βάείίρτορὲενςαι
2689 5849 2747 5859 η
2859 5863 2899 5870 ,Α
2979 5857 2996 5870 .
3091 5858 3106 5870 .
3358 5867 3367 5870 _

1984 5919 1990 5925 .
2039 5877 2062 5907 ε
2092 5856 2408 5933 Εἶτὸιὶιιιιὶε
2427 5856 2940 5930 Codicihusprmter
2966 5857 3069 5930 Δ,⁸
3090 5858 3274 5937 immo
3299 5882 3314 5919 ε
3338 5862 3555 5937 ,ίνᾶτῶ
