4024 6350
492 304 602 383 175

1191 312 1578 381 COLLECTIO
1615 312 1951 384 CANONUM
1990 326 2049 383 S.
2092 325 2362 385 ISIDORO
2400 326 2665 388 ﬂlSPAL.
2708 329 3073 391 ASCRIPTA.

3683 336 3792 400 £76

490 440 697 498 habere
713 439 1113 512 presbyterum,
1151 442 1324 497 nullos
1350 458 1539 501 creare
1557 445 1635 501 vel
1664 446 1940 517 appellare
1967 447 2088 502 cle-
2114 446 2164 505 A
2194 457 2279 503 tur
2305 448 2393 518 qui
2426 449 2607 506 illicita
2633 450 2827 507 docere
2882 446 3189 507 tentaverit.
3235 447 3342 508 Eos
3388 467 3517 511 vero
3566 458 3659 528 qui
3698 473 3790 514 sev

488 532 664 601 ricos,
715 532 998 605 ipsumque
1044 533 1337 607 Eutychem
1371 539 1593 593 nomine
1631 540 1953 611 presbyteri,
1977 555 2083 609 quo

484 634 547 684 et
578 626 825 697 indignus
854 637 937 683 est
990 637 1042 684 et
1070 628 1327 697 spoliatus
1354 638 1459 700 est,
1493 630 1543 684 in
1595 639 1760 686 totum
1788 646 1995 687 carere.
2028 631 2084 686 Si

486 722 579 790 qui
610 729 786 777 tamen
818 731 1001 776 contra
1023 720 1241 776 dellnita
1298 732 1479 777 nostra
1511 724 1817 796 episcopos,
1849 727 2086 798 presby-

496 822 647 869 teros
697 824 1023 882 caeterosque
1065 814 1288 869 clericos
1315 817 1429 870 ausi
1477 817 1675 872 fuerint
1716 833 1925 884 creare,
1976 828 2083 873 tam

487 904 664 961 factos
687 923 841 979 quam
861 906 1116 961 facientes
1142 907 1224 962 vel
1240 919 1626 977 praesumentes
1646 912 1745 965 sibi
1763 912 2083 968 clericorum

486 1000 983 1070 gradus,bouorum
1007 999 1297 1055 amissione
1320 1002 1591 1071 perculsos
1612 1003 1804 1059 exsilio
1827 1012 2086 1074 perpetuo

486 1092 827 1164 praecipimus
848 1092 1110 1148 contineri
1138 1110 1152 1147 :
1182 1093 1410 1148 coeundi
1438 1095 1517 1149 vel
1535 1096 1818 1165 colligendi
1848 1097 1930 1152 vel
1952 1112 2081 1152 con-

488 1184 1058 1259 gregandimonachbs
1086 1196 1179 1241 aut
1230 1186 1529 1242 aedificandi
1580 1192 1930 1255 monasteria,
1966 1190 2083 1244 nul-

481 1277 596 1337 lam
638 1274 891 1349 jubemus
951 1295 1045 1335 eos
1109 1280 1309 1336 habere
1340 1282 1611 1337 licentiam
1649 1302 1661 1335 :
1709 1283 1827 1339 loca
1858 1283 1911 1339 in
1963 1300 2083 1355 qua:

481 1370 623 1427 forte
652 1372 767 1425 ausi
789 1372 1080 1427 convenire
1108 1372 1394 1442 aliquando
1425 1374 1749 1430 tentaverint
1770 1375 2081 1443 confiscari,

481 1462 531 1522 si
562 1474 740 1521 tamen
767 1466 989 1523 domino
1017 1468 1121 1523 loci
1170 1470 1373 1524 sciente
1428 1473 1799 1540 convenerint;
1846 1474 1985 1543 quod
2037 1474 2085 1528 si

481 1557 671 1630 ignaro
700 1568 919 1615 auctore
937 1560 1337 1617 conductoreve
1381 1562 1507 1628 loci,
1537 1563 1763 1619 fustibus
1786 1579 1956 1620 caesos
1982 1565 2082 1621 de-

480 1654 844 1723 portationem
896 1656 1079 1711 subire
1140 1670 1465 1713 censemus:
1513 1659 1658 1728 ipsos
1713 1660 1870 1731 109
1941 1676 2081 1731 pra:-

483 1752 633 1802 terea
682 1747 813 1802 nihil
869 1763 934 1804 ex
990 1760 1310 1809 testamento
1358 1752 1674 1824 cujusquam
1703 1771 1918 1825 capere,
1952 1755 2082 1811 nihil

2193 541 2388 612 quendi
2414 544 2590 598 studio
2620 544 2891 600 audierint
2918 544 3181 600 scelerata
3205 546 3561 604 disserentem
3609 550 3786 607 dena-

2193 650 2310 690 rum
2360 635 2612 692 librarum
2658 638 2773 691 auri
2807 638 3203 695 mulctationeb
3242 642 3658 711 compescimus,
3712 646 3787 699 ita

2192 732 2335 787 enim
2366 733 2589 788 materia
2644 733 2989 789 subtrahetur
3032 736 3254 802 erroris,
3293 738 3336 791 si
3371 748 3712 808 peccatorum
3733 750 3791 795 et

2192 826 2381 881 doctor
2398 826 2627 881 defuerit
2649 836 2703 882 et
2725 827 2959 894 auditor,
2988 828 3217 898 Palladi,
3244 844 3444 900 parens
3467 832 3790 889 charissime

2192 926 2351 988 atque
2377 918 2765 973 amantissime.
2828 919 3058 975 lllustris
3085 921 3273 992 itaque
3297 932 3355 977 et
3383 925 3663 993 magnifica
3693 941 3790 979 au-

2192 1011 2417 1066 ctoritas
2449 1020 2559 1093 tua,
2599 1010 2791 1068 edictis
2813 1014 3122 1084 propositis,
3160 1016 3319 1085 110
3360 1016 3608 1073 omnibus
3629 1017 3792 1073 faciat

2194 1113 2318 1157 n0ta
2373 1119 2490 1173 qua!
2533 1103 2815 1175 iussimus,
2862 1106 3311 1176 cognoscentibus
3356 1108 3795 1164 moderatoribus

2194 1194 2593 1263 provinciarum
2614 1211 2909 1267 eorumque
2952 1198 3166 1265 officiis,
3213 1197 3586 1254 defensoribus
3622 1204 3793 1256 etiarn

2193 1288 2501 1343 civitatum:
2532 1290 2674 1360 quod
2702 1290 2747 1344 si
2774 1305 2835 1346 ea
2868 1305 2984 1360 quae
3013 1305 3136 1345 vera
3167 1290 3272 1345 fide
3297 1300 3351 1346 et
3377 1301 3565 1348 sancto
3595 1310 3794 1363 progro-

2192 1381 2297 1437 sito
2322 1382 2672 1437 custodienda
2693 1382 3005 1439 censuimus
3024 1392 3117 1439 aut
3146 1383 3478 1453 neglexerint
3519 1395 3613 1441 aut
3663 1403 3787 1454 per

2193 1475 2439 1531 miserint
2466 1477 2741 1541 temerari,
2788 1475 3046 1531 denarum
3093 1474 3347 1531 librarum
3399 1477 3515 1533 auri
3566 1479 3795 1533 mulcta-

2195 1569 2342 1623 tione
2357 1568 2608 1639 perculsi,
2625 1577 2684 1623 ut
2699 1568 2976 1639 religionis
2995 1570 3276 1640 legumque
3293 1567 3611 1640 proditores.
3628 1573 3793 1627 etiam

2190 1661 2258 1718 de
2285 1663 2640 1718 aestimatione
2662 1662 2995 1719 laborabunt.
3026 1662 3217 1718 Datum
3239 1673 3261 1702 ε
3292 1679 3360 1719 xv
3382 1662 3651 1719 Kalendas
3682 1665 3795 1718 Au-

2192 1763 2373 1824 gustas
2397 1752 2864 1826 Constantinopoli
2888 1755 3148 1826 Sporacio
3175 1756 3401 1813 consule
3422 1766 3479 1812 et
3500 1756 3591 1827 qui
3629 1756 3795 1813 luerit

483 1839 564 1893 eis
608 1839 699 1908 qui
720 1839 963 1911 ejusdem
1005 1845 1203 1899 erroris
1227 1845 1335 1899 sint
1380 1822 1686 1917 relinquere
1725 1822 2078 1915 testamento,
2124 1822 2171 1882 Β
2199 1822 2497 1903 nuntiatus.

481 1929 548 1985 ad
576 1932 774 1987 nullam
799 1948 893 1989 eos
925 1936 1155 2003 patimur
1177 1937 1418 2005 aspirare
1468 1938 1738 2004 militiam,
1793 1940 1896 1995 nisi
1946 1938 2089 1997 forte

484 2020 556 2077 ad
574 2024 963 2079 coburtalinam
997 2027 1081 2081 vel
1106 2027 1457 2084 limitaneam.
1486 2028 1543 2085 Si
1571 2032 1691 2099 quis
1734 2032 1897 2088 etiam
1925 2043 2075 2089 extra

484 2113 797 2184 praedictam
826 2116 1074 2172 militiam
1101 2119 1348 2175 inventus
1378 2119 1544 2175 fuerit
1572 2121 1829 2189 militare,
1857 2123 1942 2178 vel
1964 2123 2089 2193 quia

483 2206 832 2276 ignorabatur
848 2208 1036 2278 ejusin
1061 2211 1319 2279 religione
1341 2216 1687 2283 perversitas,
1715 2216 1800 2271 vel
1826 2217 1947 2287 quia
1972 2229 2095 2286 post

486 2301 740 2369 adeptum
770 2302 1042 2373 cingulum
1072 2303 1137 2358 ad
1169 2306 1307 2359 hunc
1338 2306 1554 2362 devenit
1577 2323 1840 2373 errorem,
1882 2308 2091 2365 solutus

484 2395 699 2463 militia,
752 2397 1080 2453 infidelitatis
1132 2415 1242 2454 suae
1290 2400 1517 2455 fructum
1564 2401 1705 2457 hunc
1758 2402 1973 2469 habeat,
2018 2414 2077 2458 ut

483 2486 807 2556 Optimorum
881 2499 937 2545 et
992 2489 1172 2560 palatii
1226 2494 1603 2549 communione
1662 2494 1929 2564 privetur,
1989 2510 2092 2551 nec

483 2578 612 2633 alibi
647 2595 806 2650 quam
836 2579 889 2634 in
921 2596 1023 2651 qua
1059 2590 1212 2636 natus
1264 2591 1347 2637 est
1379 2584 1495 2639 vico
1552 2584 1635 2640 vel
1685 2583 1903 2639 civitate
1964 2600 2085 2640 vers

488 2676 677 2727 selur:
711 2673 851 2743 quod
885 2674 1045 2743 siqui
1104 2689 1290 2729 eorum
1324 2676 1375 2731 in
1432 2676 1534 2730 hac
1582 2676 1721 2732 alma
1770 2677 1901 2732 urbe
1948 2675 2090 2747 quod

481 2764 629 2819 credi
654 2765 806 2820 nefas
846 2776 930 2821 est
965 2767 1129 2837 geniti
1163 2775 1290 2822 sunt
1345 2777 1400 2823 et
1446 2767 1705 2836 damnati,
1736 2777 1842 2824 tam
1893 2770 1961 2825 de
1990 2768 2092 2825 hac

480 2854 695 2911 civitate
749 2856 1060 2925 venerabili,
1109 2872 1269 2928 quam
1314 2859 1678 2916 sacratissimo
1724 2862 1977 2916 comitatu
2030 2869 2089 2916 et

476 2948 625 3003 omni
672 2949 1025 3004 excludantur
1076 2951 1494 3021 metropolitana
1560 2951 1800 3009 civitate.
1859 2954 1924 3009 Et
1972 2955 2091 3010 haec

479 3041 700 3114 quidem
750 3042 1076 3113 generaliter
1104 3044 1246 3100 circa
1296 3059 1485 3101 omnes
1522 3047 1938 3117 constituimus,
1994 3048 2089 3117 qui

476 3134 583 3190 hac
612 3134 732 3191 labe
761 3136 947 3207 polluti
973 3148 1099 3193 sunt
1126 3139 1209 3194 vel
1239 3138 1561 3208 polluentur.
1597 3142 1704 3197 Eos
1753 3152 1957 3208 autem,
1988 3145 2079 3213 qui

2267 1943 2387 1998 Alia
2412 1940 2675 1999 Marciani
2710 1945 2917 2067 auguslti
2947 1946 3195 2029 adversus
3226 1961 3389 2017 sapra
3415 1954 3722 2002 memoratos

2876 2029 3143 2067 ια’νιιιεοι.

2876 2029 3143 2073 ια’νειιεοε.

2266 2127 2564 2199 Imperator
2592 2128 2899 2185 Marcianus
2928 2140 3175 2214 augustas
3199 2129 3445 2186 Palladio
3472 2132 3719 2203 prafecto

2868 2212 3118 2272 prauam.
3527 2257 3535 2267 ,

2270 2294 2420 2351 Licet
2446 2296 2557 2363 jam
2585 2296 2803 2366 jamque
2833 2296 3196 2351 sacratissima
3224 2295 3611 2351 constitutione
3635 2311 3784 2350 man-

2194 2388 2493 2445 suetudinis
2526 2404 2662 2445 meae
2692 2397 2906 2444 cautum
2941 2404 3002 2443 ac
3044 2389 3324 2444 definitum
3354 2389 3427 2445 sit
3472 2404 3593 2460 qua:
3618 2390 3667 2445 in
3695 2402 3788 2445 eos

2194 2482 2459 2539 severitas
2486 2482 2789 2538 exercenda
2827 2482 2895 2537 sit
2926 2483 3013 2552 qui
3047 2481 3363 2553 Eutychetis
3393 2481 3477 2537 vel
3513 2481 3787 2551 Apollina-

2194 2573 2271 2630 ris
2302 2572 2608 2629 hzereticam
2642 2573 3049 2644 perversitatem
3082 2573 3206 2647 [U.,
3241 2573 3582 2645 pravitatem]
3615 2576 3787 2630 secuti

2194 2680 2221 2719 a
2256 2666 2519 2734 religione
2546 2676 2601 2722 et
2632 2667 2738 2723 fide
2768 2667 3033 2723 catholica
3065 2668 3379 2736 deviarunt;
3414 2668 3789 2725 Alexandrina:

2197 2766 2375 2814 tamen
2403 2758 2553 2815 urbis
2576 2760 2724 2816 cives
2756 2770 2916 2831 atque
2942 2761 3271 2817 habitatores
3299 2764 3458 2818 tantis
3481 2773 3608 2818 sunt
3628 2763 3789 2833 Apol~

2196 2852 2388 2907 linaris
2419 2851 2605 2907 infecti
2630 2854 2873 2916 venenis,
2906 2861 2964 2907 ut
2988 2853 3352 2909 necessarium
3385 2852 3549 2908 fuerit
3580 2869 3642 2910 ea
3673 2868 3787 2923 qua!

2193 2956 2318 3002 ante
2341 2947 2451 3017 jam
2482 2947 2758 3003 sanximus
2802 2947 3028 3017 repetita
3074 2947 3234 3003 etiam
3280 2962 3421 3002 nunc
3452 2946 3567 3018 lege
3597 2946 3786 3003 decer-

2195 3058 2346 3098 nere.
2379 3042 2606 3113 Oportet
2648 3043 2794 3098 enim
2829 3051 2885 3098 ut
2921 3042 2993 3099 sit
3037 3055 3321 3099 numerosa
3363 3041 3623 3098 severitas
3665 3057 3787 3096 san.

2195 3136 2458 3203 ctionnm,
2510 3136 2598 3190 ubi
2647 3146 2732 3191 est
2776 3134 2994 3191 licentia
3039 3136 3229 3191 crebra
3277 3134 3575 3205 culparum,
3611 3145 3783 3189 custo-

473 3234 704 3288 antehac
738 3234 920 3292 clerici
950 3207 1374 3291 orthodoxorum
1404 3236 1530 3292 fidei
1559 3245 1613 3291 et
1658 3234 1914 3290 monachi
1950 3207 2078 3305 qtii-
2107 3207 2154 3271 ο
2187 3230 2380 3286 dienda
2410 3250 2421 3283 :
2456 3239 2716 3301 prmterea
2743 3229 3060 3285 orthodoxa:
3094 3228 3216 3285 fidei
3245 3243 3372 3284 cura
3403 3237 3553 3284 tanto
3590 3244 3618 3281 a
3642 3243 3786 3282 serc~

473 3323 622 3395 dem,
668 3332 759 3399 qui
810 3328 1068 3400 Eutychis
1114 3329 1426 3384 habitavere
1481 3328 1861 3392 diversorium,
1903 3343 2078 3400 neque

471 3420 616 3475 enim
660 3423 1047 3479 monasterium
1077 3421 1363 3479 dicendum
1391 3430 1477 3477 est
1505 3421 1651 3492 quod
1680 3422 1957 3488 religionis
1987 3425 2079 3476 ha-

470 3508 590 3566 buit
618 3513 886 3582 inimicos,
916 3515 1007 3585 qui
1036 3514 1215 3569 adhuc
1259 3529 1424 3584 usque
1447 3512 1669 3568 insani-.e
1702 3521 2083 3582 processerunt

476 3604 673 3661 relicto
699 3608 1024 3664 venerabilis
1055 3606 1329 3677 religionis
1357 3607 1505 3661 cultu
1534 3615 1588 3661 et
1616 3607 1873 3678 synodico
1895 3606 2079 3663 decre-

469 3706 547 3764 to,
577 3700 720 3769 quod
746 3702 910 3753 totius
937 3714 1073 3767 pene
1101 3699 1249 3753 orbis
1279 3699 1625 3756 Chalcedone
1657 3701 1950 3756 coadnnati
1983 3702 2077 3758 de-

468 3787 693 3846 ﬁnivere
722 3789 1055 3853 sacerdotes,
1090 3789 1383 3845 infaustam
1419 3791 1733 3863 Eutychetis
1778 3802 2079 3863 sequuntur

469 3883 850 3947 assertionem,
879 3882 1027 3950 quia,
1044 3896 1170 3936 vera
1193 3882 1311 3937 luce
1337 3883 1574 3951 deserta,
1608 3885 1856 3940 tenebras
1877 3883 2079 3954 eligen-

466 3974 568 4030 das
595 3989 719 4031 esse
766 3972 1138 4045 crediderunt,
1188 3975 1442 4031 omnibus
1493 3975 1668 4046 poenis
1700 3991 1820 4045 qua:
1847 3980 1928 4031 vel
1978 3978 2078 4033 hac

465 4070 555 4126 vel
578 4070 1006 4139 praecedentibus
1038 4070 1250 4140 legibus
1274 4069 1538 4126 adversus
1568 4070 1853 4125 haereticos
1882 4068 2076 4124 deﬁni-

466 4169 689 4217 taesunt
737 4161 984 4231 jubemus
1039 4164 1234 4232 teneri,
1288 4163 1397 4218 imo
1419 4171 1571 4217 extra
1628 4162 1928 4217 Romanum
1977 4179 2076 4218 ex-

461 4251 589 4321 pelli
612 4252 809 4321 solum,
839 4254 1360 4325 sicutpraacedentcs
1383 4255 1799 4324 religiosissima:
1820 4255 2077 4310 constitu-

465 4345 646 4401 tiones
674 4346 743 4402 de
775 4346 1085 4401 Manicharis
1101 4348 1453 4413 constituere,
1482 4361 1550 4401 ne
1583 4360 1770 4400 eorum
1799 4350 2075 4403 venenatis

457 4438 742 4503 fraudibus
765 4440 1145 4509 sceleratisque
1167 4441 1483 4495 commentis
1506 4439 1856 4494 innocentum
1892 4441 1972 4494 vel
2000 4443 2075 4494 in-

464 4534 749 4592 ﬁrmorum
780 4535 941 4590 animi
987 4534 1342 4601 decipiantur.
1377 4533 1753 4603 Comperimus
1810 4543 2068 4604 praeterea

463 4627 713 4698 quedam
742 4642 835 4683 eos
870 4626 922 4682 in
939 4627 1315 4682 contumeliam
1348 4626 1621 4695 religionis
1643 4635 1696 4681 et
1726 4626 1777 4679 in
1811 4626 2068 4680 invidiam

464 4719 793 4775 venerabilis
814 4718 1087 4791 synodicae
1108 4717 1437 4783 definitionis
1456 4715 1620 4773 fuisse
1648 4717 1918 4783 mentitos,
1942 4733 2073 4772 con-

464 4809 793 4879 seriptisque
820 4811 969 4865 libris
1018 4819 1073 4865 et
1102 4807 1407 4864 chartarum
1443 4810 1602 4864 tomis
1635 4809 1787 4879 plura
1821 4807 2065 4875 finxisse,

462 4916 585 4973 quae
613 4917 799 4958 eorum
845 4902 1107 4957 insaniam
1133 4902 1390 4957 adversus
1420 4916 1601 4957 veram
1635 4912 1659 4937 ιι
1694 4902 1851 4957 ﬁdem
1884 4910 2070 4971 aperte

461 4994 769 5065 signarent;
793 4992 1085 5064 atqueideo
1107 4992 1443 5064 praecipimus
1465 4993 1767 5063 ubicunque
1785 4992 2064 5063 bujusmo-

402 5108 403 5111 η
461 5086 514 5142 di
540 5086 741 5158 scripta
766 5095 972 5157 reperta
998 5086 1435 5157 fuerint,ignihus
1455 5085 1780 5141 concremari
1809 5103 1824 5138 :
1855 5098 1950 5140 eos
1980 5100 2069 5141 veo

410 5174 415 5199 ‘
461 5192 526 5233 ro
572 5180 666 5250 qui
696 5179 779 5235 vel
805 5178 1141 5249 scripserint,
1175 5177 1259 5233 vel
1303 5178 1422 5234 aliis
1471 5178 1695 5249 legenda
1748 5177 2068 5234 tradiderint

462 5270 691 5327 docendi
724 5272 903 5328 studio
948 5272 1038 5327 vel
1060 5270 1325 5339 discendi,
1376 5286 1661 5327 censemus
1688 5271 2067 5342 deportatione

462 5363 665 5429 puniri;
701 5364 928 5420 delenda
954 5364 1199 5421 estenim
1231 5363 1347 5418 haec
1388 5363 1619 5420 infausta
1646 5364 1871 5421 haeresis
1924 5363 2064 5420 sicut

466 5455 677 5521 pridem
697 5458 886 5514 edictis
914 5457 1219 5513 serenitatis
1239 5464 1437 5512 nostrae
1458 5458 1783 5512 continetur:
1809 5457 2061 5512 omnibus

463 5549 750 5606 adimimus
774 5549 1102 5621 facultatem,
1126 5551 1248 5622 quia
1274 5550 1465 5605 ultimo
1496 5549 1761 5621 supplicio
1780 5551 2060 5608 coercebi-

534 5730 562 5762 α
602 5726 683 5783 Ex
709 5728 752 5783 Τ
776 5766 793 5784 .
823 5729 877 5795 1,
904 5727 958 5784 2.
991 5728 1046 5784 ln
1076 5728 1196 5784 aliis
1229 5725 1519 5782 Codicibus
1548 5744 1563 5781 :
1591 5742 1822 5795 meram;
1868 5717 2058 5799 sicque

464 5808 718 5943 ροῗιῗὲη
743 5867 971 5939 mulera;
1000 5853 1185 5940 sicque
1210 5870 1578 5941 postmodum.
1602 5851 1607 5858 ’

2187 3326 2355 3381 nitate
2399 3340 2516 3380 mea
2566 3325 2810 3380 adhiberi
2854 3324 3153 3394 impensior
3202 3322 3385 3389 debet,
3441 3333 3646 3392 quanto
3693 3334 3780 3375 res

2188 3419 2452 3473 humanas
2473 3417 2651 3472 divina
2676 3416 3005 3487 praacedunt.
3028 3416 3345 3484 Quicunque
3366 3429 3494 3485 ergo
3512 3413 3593 3469 vel
3616 3415 3667 3469 in
3690 3415 3786 3467 hac

2186 3524 2340 3564 sacra
2372 3508 2525 3575 urbe,
2558 3508 2638 3563 vel
2672 3507 2725 3563 in
2763 3506 3127 3563 Alexandrina
3153 3507 3394 3572 civitate,
3425 3506 3510 3560 vel
3538 3506 3588 3559 in
3639 3504 3783 3558 omni

2185 3603 2494 3676 Egyptiaca
2518 3603 2747 3659 dioecese
2775 3602 3108 3671 diversisque
3143 3600 3266 3655 aliis
3297 3598 3588 3670 provinciis
3619 3597 3784 3669 Euty-

2186 3696 2362 3751 chetis
2395 3694 2671 3765 profanam
2699 3693 3104 3764 perversitatem
3135 3702 3455 3762 sequuntur,
3486 3699 3541 3745 et
3572 3694 3642 3744 ita
3676 3705 3782 3745 non

2183 3788 2414 3843 credunt
2443 3796 2500 3841 ut
2530 3790 2757 3842 trecenti
2788 3786 2979 3842 decem
3007 3797 3060 3841 et
3091 3794 3217 3840 octo
3245 3784 3419 3839 sancti
3451 3783 3637 3840 Patres
3667 3792 3780 3838 tra.

2184 3879 2439 3935 diderunt
2496 3880 2817 3935 catholicam
2871 3879 3033 3935 fidem
3095 3880 3148 3934 in
3200 3878 3377 3934 Nicaea
3417 3878 3633 3933 civitate
3666 3876 3782 3931 fun-

2184 3972 2399 4039 dantes,
2432 3981 2648 4028 centum
2680 3987 2893 4043 quoque
2936 3982 2990 4027 et
3018 3972 3405 4043 quinquaginta
3438 3970 3525 4024 alii
3560 3985 3781 4025 venera-

2182 4066 2320 4123 biles
2348 4066 2586 4137 episcopi
2631 4065 2724 4136 qui
2768 4068 2819 4120 in
2854 4066 2954 4119 hac
2985 4064 3125 4118 alma
3158 4063 3293 4119 urbe
3322 4062 3780 4128 Constantinopo-

2183 4161 2344 4217 litana
2370 4171 2557 4232 postea
2580 4173 2975 4228 convenerunt,
3013 4161 3151 4216 sicut
3180 4159 3505 4215 Athanasius
3531 4167 3583 4212 et
3607 4157 3779 4211 Theu-

2182 4253 2361 4324 pbilus
2422 4262 2477 4309 et
2535 4254 2766 4325 Cyrillus
2824 4262 3025 4309 sancta:
3084 4251 3477 4308 recordationis
3529 4246 3770 4319 episcopi

2181 4348 2562 4403 Alexandrina:
2618 4347 2851 4402 civitatis
2905 4345 3220 4413 credebant,
3276 4361 3412 4415 quos
3472 4342 3557 4415 [Τ.
3628 4346 3673 4406 l,
3720 4344 3774 4409 2,

2180 4442 2344 4513 quod]
2374 4442 2535 4497 etiam
2572 4441 2896 4508 Ephesitana
2922 4438 3159 4510 synodus
3186 4439 3270 4493 cui
3300 4437 3469 4493 beatae
3501 4437 3777 4493 memoria:

2180 4533 2417 4605 Cyrillus
2449 4535 2685 4605 prmfuit,
2728 4535 2779 4587 in
2809 4547 2912 4603 qua
2945 4533 3174 4588 Nestorii
3202 4547 3357 4587 error
3383 4531 3640 4601 expulsus
3669 4539 3774 4593 csl,

2182 4630 2233 4683 in
2277 4629 2548 4684 universis
2596 4636 2778 4683 secuta
2813 4636 2915 4691 est,
2960 4641 3095 4696 quos
3141 4634 3196 4683 et
3227 4641 3397 4697 nuper
3439 4624 3774 4681 venerabilis

2179 4720 2520 4777 Chalcedone
2551 4720 2791 4793 synodus
2823 4730 2906 4775 cst
2935 4729 3117 4775 secuta
3144 4762 3158 4784 ,
3206 4719 3477 4789 prioribus
3524 4716 3774 4772 conciliis

2178 4815 2520 4870 sacerdotum
2556 4831 2618 4871 ex
2653 4814 2797 4869 omni
2832 4827 3055 4883 prorsus
3086 4820 3237 4881 parte
3268 4809 3770 4875 consentientibus,

2178 4905 2417 4979 nihilque
2459 4906 2702 4961 adimens
2744 4921 2773 4960 a
2817 4913 3165 4960 sacrosancto
3194 4903 3442 4975 symbolo
3480 4916 3653 4971 neque
3679 4902 3774 4956 ad-

2174 4999 2386 5069 jiciens,
2438 4997 2532 5054 sed
2596 4997 2910 5069 Eutychetis
2961 4996 3209 5067 dogmata
3254 4994 3464 5050 funesta
3512 4994 3773 5048 condetu-

2174 5103 2344 5155 nans;
2372 5089 2545 5144 sciant
2579 5102 2638 5143 se
2660 5102 2780 5141 esse
2822 5088 3107 5142 hmreticos
3138 5085 3574 5156 Apollinaristas,
3605 5085 3771 5155 Apol-

2174 5181 2365 5238 linaris
2406 5182 2550 5237 enim
2598 5177 3118 5235 facinorosissimam
3158 5187 3361 5234 sectam
3411 5175 3688 5249 Eutyches
3717 5189 3771 5231 ct

2173 5275 2459 5332 Dioscorus
2490 5283 2667 5331 mente
2702 5274 2961 5345 sacrilega
2990 5273 3163 5329 secuti
3201 5280 3329 5327 sunt
3372 5269 3422 5325 ἀ.
3446 5270 3685 5340 Ideoque
3718 5270 3768 5324 hi

2170 5382 2361 5423 omnes
2401 5368 2491 5439 qui
2522 5366 2847 5438 Apollinaris
2873 5366 2955 5422 vel
2991 5364 3312 5436 Eutychetis
3344 5363 3764 5434 perversitatem

2168 5471 2484 5532 sequuntur,
2516 5460 2621 5515 illis
2650 5461 2845 5530 poenis,
2872 5474 2992 5531 quae
3028 5474 3055 5513 a
3091 5459 3335 5514 divorum
3379 5465 3526 5513 retro
3554 5456 3766 5525 princi-

2167 5571 2294 5628 pum
2338 5555 2814 5613 constitutionibus
2864 5556 3021 5625 ιιι
3073 5562 3262 5609 contra
3317 5550 3765 5622 Apollinaristas,

2241 5745 2264 5807 ξ
2401 5733 2652 5807 {,QLU"
2676 5733 2770 5801 6.,
2793 5730 2951 5807 Dant.
3023 5804 3033 5807 _
3131 5803 3144 5807 _
3451 5799 3467 5807 _
3724 5795 3757 5807 Α

2181 5836 2194 5867 ·.
2232 5804 2282 5930 δι
2302 5806 2382 5862 Ex
2431 5799 2490 5864 υ.
2517 5799 2592 5862 ’1η
2633 5799 2699 5861 Α.
2746 5799 2802 5863 et
2843 5802 3065 5876 reliquis
3112 5803 3313 5863 desunt
3352 5799 3559 5859 verba:
3589 5799 3757 5856 secuti

2161 5894 2258 5934 sun
2288 5915 2304 5932 .
3747 5931 3753 5934 Α
