4024 6350
261 382 367 442 177

1118 371 1526 431 (ΞΒᾹΞΟΟΒΗΜ
1564 367 1908 428 CONCILIA.
1949 394 2020 412 --
2057 370 2684 433 CHALCEDONENSE.

3443 384 3552 442 178

265 500 345 554 vel
374 491 681 551 serenitatis
720 495 918 546 nostrae
962 490 1304 559 postmodum
1343 490 1620 544 sanctione
1665 497 1849 542 contra
1879 485 1931 544 Α
1958 500 2122 542 naxes
2172 503 2577 565 conventusque
2628 493 2928 561 celebrari;
2983 495 3028 551 si
3076 496 3198 551 vilis
3235 507 3290 553 et
3319 499 3549 568 abiectas

253 587 722 662 Eutychianistas,
745 585 828 640 vel
855 583 955 641 hac
980 583 1096 653 ipsa
1120 584 1493 654 augustissima
1518 584 1634 652 lege
1663 591 1851 637 contra

258 685 481 743 eos‘dem
529 683 747 738 decreta
801 688 947 746 sunt,
989 681 1239 735 noverint
1268 695 1327 736 se
1357 696 1475 736 esse
1519 680 1852 747 plectendos.

254 779 470 836 idcirco
493 774 913 847 Apollinaristte,
937 774 1038 829 hoc
1065 783 1170 842 est,
1193 773 1630 846 Eutychianistm,
1662 774 1856 843 quibus

262 873 365 928 etsi
394 880 478 926 est
503 871 554 924 in
577 868 934 938 appellatione
957 868 1261 932 diversitas,
1285 876 1369 922 est
1388 877 1565 922 tamen
1593 867 1644 921 in
1672 867 1855 922 haere-

261 967 336 1020 sis
382 965 646 1033 pravitate
694 961 1021 1030 conjunctio,
1053 969 1107 1014 et
1154 959 1338 1028 dispar
1366 959 1581 1029 quidem
1630 974 1851 1028 nomen,

262 1060 356 1116 sed
381 1060 523 1115 idem
556 1057 916 1128 sacrilegium,
956 1057 1070 1111 sive
1113 1057 1165 1109 in
1219 1055 1319 1110 hac
1359 1056 1495 1110 alma
1525 1054 1655 1110 urbe
1683 1054 1856 1109 diver-

209 1203 216 1214 ,
263 1155 442 1221 sisque
490 1151 782 1220 provinciis
825 1149 910 1205 vel
962 1150 1013 1204 in
1065 1150 1427 1204 Alexandrina
1479 1149 1714 1213 civitate,
1743 1149 1857 1202 sive

212 1232 217 1243 λ
261 1248 403 1302 intra
435 1243 810 1314 Egyptiacam
835 1244 1110 1298 dioecesim
1144 1255 1290 1310 sunt,
1325 1257 1496 1312 neque
1529 1243 1598 1296 ita
1630 1240 1858 1296 credunt

254 1339 402 1410 quod
435 1337 676 1407 praedicti
722 1335 1056 1392 venerabiles
1105 1336 1296 1391 Patres
1336 1336 1649 1398 credebant,
1683 1349 1857 1403 neque

260 1433 384 1487 viro
416 1429 863 1486 reverentissimo
894 1429 1275 1484 Alexandrina:
1299 1428 1448 1484 urbis
1472 1427 1699 1483 antistiti
1727 1426 1858 1481 Pro-

255 1524 398 1580 terio
443 1524 599 1579 fidem
640 1522 1002 1577 orthodoxam
1050 1522 1256 1576 tenenti
1304 1521 1737 1590 communicant,
1771 1534 1858 1576 se-

247 1615 494 1670 cundum
522 1615 916 1670 sacratissimas
943 1615 1190 1668 divorum
1220 1623 1368 1669 retro
1395 1613 1696 1683 principum
1726 1627 1856 1668 con-

249 1707 593 1774 stitutiones,
635 1722 756 1777 quae
791 1705 858 1761 d'e
885 1705 1287 1774 Apollinaristis
1321 1705 1670 1775 promulgata:
1705 1714 1852 1772 sunt,

249 1815 367 1856 non
409 1798 646 1854 habeant
692 1806 1015 1869 potestatem
1057 1798 1289 1853 faciendi
1332 1807 1708 1854 testamentum
1755 1814 1854 1854 nec

246 1893 556 1948 condenda:
607 1861 810 1947 ultima:
863 1891 1189 1958 voluntatis,
1241 1907 1424 1960 neque
1463 1892 1516 1946 id
1565 1861 1932 1962 adquirantB

246 1988 402 2058 quod
449 1988 580 2058 ipsis
622 2003 686 2043 ex
735 1995 1056 2042 testamento
1102 1987 1414 2056 cujusquam
1460 1986 1617 2041 fuerit
1657 1988 1858 2042 dereli-

245 2089 426 2147 ctum,
461 2080 595 2134 nihil
625 2080 785 2134 etiam
809 2093 874 2133 ex
906 2079 1199 2133 donatione
1223 2079 1401 2147 aliqua
1429 2088 1855 2148 consequantur;

223 2175 356 2230 'sed
387 2173 433 2229 si
463 2173 591 2244 quid
621 2173 673 2228 iu
707 2173 853 2243 ipsos
886 2172 969 2226 vel
1010 2169 1336 2226 liberalitate
1363 2170 1590 2225 viventis
1621 2172 1704 2225 vel
1739 2185 1859 2225 mo-

251 2269 453 2321 rientis
506 2265 667 2322 fuerit
715 2265 988 2320 voluntate
1036 2264 1309 2329 collatum,
1359 2264 1412 2320 id
1457 2266 1698 2332 protinus
1728 2267 1860 2320 lisco

252 2368 452 2414 nostro
482 2358 781 2424 addicatur,
833 2358 929 2427 ipsi
983 2371 1110 2412 vero
1153 2357 1205 2411 itt
1251 2356 1430 2412 nullos
1456 2357 1657 2426 aliquid
1687 2373 1748 2412 ex
1784 2357 1861 2412 fa-

246 2450 552 2506 cultatibus
580 2450 694 2506 suis
721 2450 1024 2504 donationis
1048 2449 1199 2504 titulo
1225 2457 1279 2503 et
1306 2449 1428 2520 jure
1454 2449 1858 2506 transfundant.

258 2544 563 2613 Episcopos
593 2558 723 2599 vero
772 2551 798 2579 ⁸
845 2542 930 2597 vel
978 2543 1326 2614 presbyteros
1356 2542 1601 2612 aliosque
1628 2543 1859 2598 clericos

247 2635 366 2693 illis
399 2650 588 2691 creare
610 2646 665 2690 et
697 2633 898 2690 habere
930 2650 1035 2689 non
1068 2636 1250 2704 liceat,
1294 2635 1589 2691 scientibus
1631 2645 1739 2690 tam
1777 2635 1858 2690 bis

248 2728 691 2800 Eutychianisﬁs
747 2730 832 2783 Vcl
884 2727 1291 2796 Apollinaristis
1343 2728 1435 2799 qui
1489 2727 1608 2782 ausi
1665 2729 1860 2784 fuerint

244 2823 513 2891 cuiquam
555 2821 797 2893 episcOpi
830 2822 910 2876 vel
943 2820 1245 2891 presbyteri
1296 2822 1380 2875 vel
1429 2821 1612 2877 clerici
1661 2837 1856 2878 nomen

244 2917 559 2986 imponere,
601 2931 762 2985 quam
813 2915 897 2970 his
946 2916 1035 2983 qui
1079 2914 1258 2969 conati
1311 2915 1507 2970 fuerint
1550 2918 1856 2985 impositum

242 3008 355 3064 sibi
397 3022 590 3063 nomen
624 3006 958 3062 sacerdotale
1007 3008 1261 3073 retinere,
1313 3021 1526 3075 pmnam
1574 3023 1633 3061 se
1677 3007 1859 3062 exsilii

241 3117 382 3156 cum
439 3100 752 3154 facultatum
802 3113 1016 3153 suarum
1066 3099 1358 3153 amissione
1406 3099 1698 3154 subituros.
1752 3099 1858 3154 Eos

247 3209 397 3250 vero
418 3195 507 3262 qui
533 3194 760 3248 antehac
785 3194 1064 3249 catholicae
1092 3195 1277 3249 Romae
1298 3195 1643 3250 ecclesiarum
1672 3195 1854 3250 clerici
1887 3225 1932 3287 ρ

244 3291 339 3341 vel
377 3285 698 3342 orthodoxae
735 3285 859 3342 fidei
893 3286 1140 3341 monachi
1175 3284 1394 3352 fuerint,
1427 3294 1484 3343 et
1512 3288 1698 3342 relicto
1727 3303 1858 3342 vero

242 3365 306 3436 et
343 3380 653 3436 orthodoxe
682 3381 1067 3451 omnipotentis
1097 3382 1190 3437 Dei
1220 3382 1392 3447 cultu,
1423 3381 1750 3451 Apollinaris
1776 3380 1860 3436 vel

251 3474 584 3545 Eutychetis
630 3475 881 3530 haeresim
914 3484 968 3529 et
998 3475 1248 3544 dogmata
1279 3476 1640 3530 abominanda
1670 3479 1858 3532 sectati

249 3576 390 3621 sunt
416 3569 500 3622 vel
533 3576 655 3636 post
683 3567 798 3622 haec
825 3567 1193 3633 sectabuntur,
1225 3569 1476 3624 omnibus
1508 3569 1705 3637 poenis,
1741 3583 1861 3638 qua:

250 3659 346 3714 vel
403 3659 674 3728 prioribus
716 3660 921 3729 legibus
951 3661 1213 3716 adversus
1245 3661 1527 3716 haereticos
1556 3660 1862 3714 constituta:

246 3760 418 3816 sunt,
465 3753 722 3821 jubemus
773 3751 940 3808 teneri
991 3761 1048 3808 et
1090 3763 1240 3808 extra
1286 3753 1459 3822 ipsum
1497 3767 1708 3823 quoque
1743 3753 1864 3805 Ro-

244 3845 410 3900 mani
438 3846 652 3916 imperii
681 3845 852 3902 solum
887 3848 1036 3916 pelli,
1069 3848 1210 3902 sicut
1237 3847 1305 3902 de
1327 3848 1636 3902 Manichmis
1666 3861 1865 3915 praece-

236 3937 512 3991 dentium
563 3939 742 4006 legum
797 3939 1036 3993 instituta
1092 3938 1238 4011 [Αῐη
1281 3938 1502 4009 statuta]
1548 3947 1859 3992 sanxerunt.

241 4028 521 4083 Universi
572 4037 834 4097 prmterea
873 4029 1273 4098 Apollinaristae
1311 4031 1398 4085 vel
1441 4029 1868 4098 Eutychianistze

246 4137 375 4177 non
414 4122 694 4185 ecclesias,
730 4137 838 4176 non
881 4123 1211 4178 monasteria
1259 4123 1360 4177 sibi
1399 4123 1749 4186 constituant,
1775 4138 1868 4192 pa-

245 4232 569 4287 rasynaxes
591 4227 646 4272 et
670 4217 1041 4272 conventicula
1075 4227 1180 4272 tam
1205 4218 1390 4272 diurna
1416 4232 1574 4288 quam
1604 4225 1866 4272 nocturna

249 4325 377 4362 non
421 4310 768 4376 contrahant,
801 4325 978 4380 neque
1005 4311 1071 4364 ad
1101 4311 1322 4365 domum
1351 4325 1524 4380 neque
1553 4310 1620 4364 ad
1655 4324 1869 4379 posses-

244 4400 477 4455 sionem
526 4401 864 4470 cujusquam,
917 4417 1089 4472 neque
1133 4402 1200 4457 ad
1235 4402 1639 4468 monasterium,
1668 4403 1752 4456 vel
1801 4401 1868 4456 ad

248 4509 646 4564 quemcunque
681 4494 877 4560 locum,
909 4493 934 4531 ι)
955 4505 1268 4564 operatores
1299 4505 1460 4550 secta:
1489 4495 1867 4550 funestissima

1959 582 2282 638 conditionis
2331 595 2475 650 sunt,
2532 587 2759 644 fustibus
2803 587 3014 656 publice
3064 599 3086 627 ο
3135 598 3190 644 et
3237 590 3289 645 in
3331 607 3548 660 poenam

1959 691 2108 729 suam
2137 686 2190 732 et
2220 678 2271 732 itt
2320 680 2550 736 aliorum
2597 695 2950 740 exerceantur
2989 685 3322 754 exemplum;
3375 686 3419 740 si
3451 688 3553 741 ho-

1959 782 2127 826 nestae
2155 789 2286 827 vero
2306 789 2549 841 personae
2582 784 2724 841 sunt,
2754 777 2937 834 decem
2969 777 3130 832 libras
3158 779 3275 834 auri
3304 779 3552 835 mulctati

1962 864 2192 919 nominis
2237 867 2365 920 lisco
2407 876 2594 922 nostro
2645 880 2907 939 cogantur
2941 870 3142 928 inferre
3172 871 3256 942 [T.
3290 871 3345 939 2,
3371 873 3554 928 exsol-

1961 953 2132 1026 vere].
2164 955 2376 1012 Nullum
2403 969 2661 1027 praeterea
2695 962 3132 1030 A‘polliuaristam
3153 966 3236 1020 vel
3263 965 3554 1034 Eutycbia-

1960 1049 2156 1106 nistam
2202 1051 2269 1106 ad
2315 1053 2548 1123 aliquam
2586 1055 2839 1124 iubemus
2871 1060 3111 1127 aspirare
3142 1061 3413 1127 militiam,
3450 1060 3554 1115 nisi

1959 1145 2023 1198 ad
2053 1146 2442 1204 cohortalinam
2487 1151 2568 1204 vel
2621 1150 2979 1218 limitaneam;
3028 1155 3075 1207 si
3118 1157 3207 1223 qui
3237 1170 3367 1210 vero
3397 1164 3554 1208 extra

1960 1240 2348 1296 cohortalinam
2375 1244 2469 1298 vel
2496 1244 2824 1300 limitaneam
2861 1248 3065 1302 inventi
3094 1248 3292 1303 fuerint
3321 1249 3556 1304 militare

1960 1334 2140 1390 soluto
2169 1335 2315 1409 [/E.,
2343 1337 2408 1392 Τ.
2437 1340 2487 1405 l,
2515 1339 2572 1403 ‘2,
2601 1338 2785 1411 soluti]
2814 1341 3048 1410 cingulo,
3077 1341 3426 1397 hunestorum
3458 1341 3557 1396 ho-

1960 1428 2161 1483 minum
2214 1440 2270 1484 et
2328 1432 2508 1499 palatii
2560 1435 2939 1488 communione
2993 1434 3296 1503 priventur,
3346 1450 3446 1489 nec
3498 1435 3558 1490 in

1960 1521 2133 1591 aliqua
2168 1521 2271 1576 nisi
2303 1523 2356 1578 in
2391 1539 2452 1579 ea
2481 1523 2535 1578 in
2559 1539 2665 1594 qua
2696 1525 2806 1580 nati
2830 1535 2960 1580 sunt
2986 1525 3209 1580 civitate
3238 1525 3324 1580 vel
3353 1526 3471 1579 vico
3499 1532 3559 1579 et

1959 1614 2179 1682 regione
2228 1627 2552 1670 versentur:
2586 1618 2629 1671 si
2679 1619 2769 1686 qui
2821 1631 2949 1673 vero
2994 1618 3046 1671 in
3090 1615 3192 1670 hac
3237 1615 3378 1670 alma
3421 1613 3560 1671 urbe

1961 1708 2066 1760 nati
2095 1717 2238 1770 sunt,
2271 1717 2378 1762 tam
2409 1711 2777 1763 sacratissimo
2801 1710 3057 1765 comitatu
3087 1724 3246 1779 quam
3276 1704 3424 1762 omni
3455 1719 3553 1774 per

1959 1784 2289 1871 provinciam
2333 1807 2750 1876 tnetropolitana
2797 1807 3017 1862 civitate
3069 1806 3356 1875 pellantur.
3409 1802 3556 1858 Nulli

1959 1897 2180 1965 insuper
2214 1900 2639 1970 Eulychiauisla:
2669 1901 2757 1955 vel
2789 1900 3190 1969 Apollinaristze
3221 1897 3434 1969 publice
3463 1896 3556 1953 vel

1962 1991 2212 2058 privatim
2248 2002 2417 2047 coetus
2446 2002 2499 2047 et
2528 1993 2760 2047 circulos
2801 1993 3155 2048 contrahendi
3186 2001 3242 2046 et
3269 1991 3338 2046 de
3366 2003 3556 2045 errore

1963 2082 2219 2138 hteretico
2273 2084 2578 2154 disputandi
2641 2095 2734 2139 aut
2793 2086 3202 2155 perversitatem
3261 2079 3556 2137 facinerosi

1961 2174 2230 2245 dogmatis
2270 2177 2547 2230 asserendi
2600 2177 2865 2249 tribuatur
2914 2176 3176 2230 facultas:
3205 2173 3358 2229 nulli-
3389 2173 3554 2228 etiam

1960 2275 2148 2320 contra
2176 2267 2542 2322 venerabilem
2575 2269 3076 2323 Chalcedonensem
3107 2268 3371 2338 synodum
3394 2266 3555 2320 liceat

1960 2358 2160 2427 aliquid
2214 2359 2296 2414 vel
2339 2361 2540 2415 dictare
2571 2361 2653 2416 vel
2698 2363 2961 2427 scribere,
3012 2362 3099 2416 vel
3164 2361 3358 2430 legere.
3393 2369 3558 2427 atque

1960 2453 2212 2508 emittere
2245 2463 2335 2508 aut
2362 2454 2591 2508 aliorum
2641 2470 2804 2524 super
2853 2455 3042 2509 eadem
3087 2469 3145 2508 re
3181 2455 3379 2522 scripta
3425 2466 3556 2520 pro-

1960 2546 2327 2602 ferre:nemo
2381 2547 2687 2614 huiusmodi
2735 2546 2932 2601 habere
2975 2546 3175 2613 libros,
3207 2543 3558 2614 et.sacrilega

1959 2641 2282 2710 scriptorum
2325 2641 2515 2695 audeat
2561 2651 2907 2697 monumenta
2939 2655 3177 2695 servare.
3205 2638 3357 2705 Quod
3387 2638 3430 2691 si
3461 2637 3559 2704 qui

1961 2732 2014 2786 in
2048 2735 2129 2786 his
2160 2732 2479 2786 criminibus
2522 2733 2719 2788 fuerint
2758 2731 3101 2802 deprehensi,
3157 2739 3411 2799 perpetua
3451 2727 3561 2782 de—

1964 2824 2267 2892 portationc
2301 2823 2622 2878 damnentur
2647 2842 2660 2890 ;
2710 2839 2801 2878 eos
2829 2839 2958 2878 vero
2986 2822 3077 2892 qui
3104 2820 3348 2876 discendi
3378 2818 3560 2874 studio

1962 2916 2233 2971 audierint
2261 2917 2330 2971 de
2371 2917 2600 2971 infausta
2643 2917 2836 2970 haeresi
2883 2916 3241 2984 disputantes,
3275 2913 3462 2965 decem
3497 2910 3563 2963 li-

1962 3011 2177 3064 brarum
2221 3011 2332 3064 auri
2374 3026 2492 3080 quae
2522 3009 2652 3064 ﬁsco
2684 3019 2869 3063 nostro
2903 3007 3204 3062 inferendae
3242 3013 3368 3058 sunt
3405 3002 3561 3072 jube-

1963 3119 2081 3157 mus
2123 3103 2306 3158 subire
2350 3101 2732 3170 dispendium;
2782 3115 2968 3155 omnes
3008 3113 3134 3153 vero
3183 3095 3558 3167 hujuscemodi

1965 3195 2164 3248 chartae
2195 3208 2258 3248 ac
2288 3193 2444 3258 libri,
2493 3190 2583 3260 qui
2633 3193 2901 3245 funestum
2951 3188 3285 3261 Eutychetis,
3317 3186 3419 3240 hoc
3449 3195 3554 3252 est,

1967 3288 2293 3358 Apollinaris
2338 3287 2545 3342 fuerint
2591 3286 2788 3356 dogma
2830 3284 3120 3355 complexi,
3154 3282 3401 3338 incendio
3430 3295 3564 3334 con-

1964 3391 2290 3447 crementur,
2325 3391 2384 3434 ut
2423 3381 2738 3436 facinorosae
2771 3377 3138 3448 perversitatis
3181 3375 3401 3444 vestigia
3446 3375 3565 3442 ipsa

1965 3474 2196 3529 ﬂammis
2227 3475 2470 3527 ambusta
2498 3472 2814 3542 depereant,
2861 3485 3071 3540 aequum
3119 3483 3354 3537 namque
3385 3475 3469 3520 est
3504 3473 3566 3520 ut

1966 3567 2354 3621 immanissima
2395 3566 2675 3635 sacrilegia
2722 3580 2818 3635 par
2861 3579 3038 3635 pagum
3088 3560 3398 3631 magnitudo
3442 3573 3565 3628 per-

1965 3660 2147 3724 cellat,
2180 3657 2384 3711 Palladi
2418 3673 2613 3727 parens
2634 3657 2954 3712 charissime
2981 3665 3142 3726 atque
3169 3652 3564 3708 amantissime.

1967 3754 2193 3809 illustris
2245 3753 2404 3823 igitur
2453 3760 2507 3806 et
2551 3751 2835 3820 magniﬁca
2878 3751 3169 3805 auctoritas
3202 3756 3289 3802 tua
3316 3762 3434 3817 quae
3465 3746 3566 3800 hac

1970 3844 2340 3899 sacratissima
2383 3843 2764 3897 constitutione
2806 3840 3167 3905 decrevimus,
3200 3841 3253 3892 in
3283 3837 3383 3891 bac
3423 3837 3568 3889 alma

1969 3937 2101 3991 urbe
2130 3937 2470 4005 diversisque
2502 3935 2794 4005 provinciis
2825 3949 2887 3989 ac
2917 3935 3188 4004 praecipue
3233 3937 3288 3986 in
3328 3931 3566 3984 Alexan-

1972 4029 2125 4082 drina
2152 4029 2389 4090 civitate,
2423 4037 2473 4082 et
2508 4043 2602 4094 per
2635 4025 2938 4080 universam
2967 4024 3340 4096 Egyptiacam
3366 4022 3567 4077 dioece-

1973 4118 2073 4171 sim
2105 4116 2292 4172 edictis
2313 4130 2378 4169 ex
2409 4130 2559 4170 more
2588 4110 2898 4184 propositis,
2929 4116 2994 4169 ad
3025 4115 3269 4170 omnium
3318 4114 3564 4169 notitiam

1974 4209 2138 4265 faciat
2180 4209 2479 4278 pervenire,
2526 4219 2585 4264 ut
2615 4221 2802 4264 cuncta
2828 4226 2946 4280 quae
2977 4212 3231 4265 statuitur
3263 4210 3316 4264 in
3351 4223 3445 4264 eos
3473 4207 3565 4278 qui

1975 4304 2054 4358 rei
2087 4301 2286 4358 fuerint
2313 4302 2638 4371 deprehensi
2668 4301 2927 4356 severitas
2951 4301 3193 4370 protinus
3226 4309 3565 4365 exerceatur,

1974 4393 2276 4449 scientibus
2330 4393 2767 4448 moderatoribus
2822 4393 3225 4460 provinciarum
3271 4405 3568 4460 eorumque

1973 4487 2394 4557 apparitoribus,
2442 4486 2824 4542 defensoribus
2864 4487 3031 4540 etiam
3075 4487 3370 4540 civitatum.
3411 4484 3569 4554 113

256 4599 697 4655 congregemur.
740 4587 895 4654 Quod
927 4588 970 4641 si
1005 4587 1231 4643 fecerint
1260 4598 1312 4642 et
1343 4588 1445 4643 hoc
1475 4589 1669 4644 factum
1700 4588 1865 4642 fuisse
1891 4596 1948 4658 ι)
1975 4586 2128 4653 Quod
2153 4587 2199 4641 si
2238 4601 2299 4641 ea
2326 4601 2445 4655 quae
2488 4584 2620 4655 legis
2654 4584 2812 4654 hujus
2850 4581 3255 4652 religiosissima
3290 4577 3569 4632 sanctione

252 4681 498 4736 domino
551 4679 766 4734 volente
814 4681 1138 4748 constiterit,
1185 4691 1308 4751 post
1353 4698 1467 4737 rem
1501 4683 1554 4738 in
1585 4685 1865 4738 examina-

250 4773 419 4829 tione
471 4770 668 4840 judicis
712 4773 1063 4842 approbatam
1111 4773 1304 4828 domus
1356 4774 1436 4828 vel
1491 4774 1760 4843 possessio
1810 4774 1865 4828 in

229 4854 434 4936 'quam
481 4865 831 4920 convenerint
861 4865 990 4920 lisco
1021 4867 1140 4920 sine
1167 4865 1423 4920 dilatione
1454 4867 1712 4933 societur,
1747 4882 1866 4920 mo-

249 4953 571 5011 nasterium
605 4969 734 5010 vero
764 4954 881 5023 ejus
913 4954 1152 5010 civitatis
1189 4956 1506 5010 orthodoxae
1537 4958 1782 5011 ecclesiae
1813 4958 1865 5011 in

247 5051 424 5119 cujus
472 5047 742 5102 territorio
791 5051 949 5120 112
980 5058 1061 5102 est
1083 5048 1338 5118 jubemus
1359 5049 1574 5114 addici;
1623 5049 1668 5104 si
1710 5064 1864 5115 vero,

253 5145 563 5211 ignorante
606 5139 850 5206 domino,
902 5141 1104 5196 sciente
1143 5157 1272 5197 vero
1306 5143 1396 5212 qui
1449 5144 1736 5212 pensiones
1765 5143 1867 5196 do-

252 5251 383 5287 mus
421 5231 613 5301 exigit,
633 5233 719 5286 vel
749 5234 1076 5288 conductore
1097 5233 1181 5287 vel
1208 5243 1556 5302 procuratore
1580 5235 1662 5288 vel
1687 5242 1870 5289 actore

254 5323 463 5394 praedii
512 5337 872 5394 parasynaxes
912 5332 966 5378 et
993 5325 1371 5378 conventicula
1417 5324 1698 5379 interdicta
1739 5337 1871 5377 con-

252 5415 548 5483 venerint,
593 5417 886 5472 conductor
935 5416 1020 5470 vel
1071 5427 1409 5484 procurator,
1442 5418 1556 5472 sive
1608 5426 1758 5471 actor
1782 5415 1869 5470 vel

250 5513 585 5583 quicunque
633 5511 686 5566 in
735 5513 953 5568 domum
992 5513 1076 5567 vel
1119 5515 1517 5583 possessionem
1567 5511 1653 5568 vel
1684 5527 1870 5566 mona-

252 5605 503 5662 sterium
552 5597 877 5675 receperint,
920 5621 984 5662 ac
1011 5607 1155 5678 passi
1185 5605 1386 5663 fuerint
1410 5606 1625 5662 illicitas
1646 5620 1871 5676 parasy-

333 5769 360 5836 ξι
413 5758 533 5836 lg”
663 5761 761 5836 ᾖ,
885 5762 944 5830 1,
972 5763 1026 5836 ᾖ.
1051 5762 1145 5834 U.,
1169 5763 1259 5836 6.,
1289 5781 1511 5836 quoque.

333 5831 365 5868 ι›
565 5831 626 5884 Β.
663 5829 754 5898 R.,
800 5833 864 5891 E.
889 5829 944 5903 3,
976 5835 1042 5891 T.
1068 5829 1141 5904 1,’
1174 5829 1254 5907 2(
1284 5829 1373 5908 0.,
1405 5829 1481 5892 ἀά
1525 5852 1873 5908 quemcunque

251 5904 493 5960 alterius
522 5902 710 5957 locum.

1885 5681 1919 5694 ο.

1971 4676 2324 4732 custodienda
2380 4677 2719 4731 decrevimus
2761 4684 2854 4728 aut
2893 4672 3232 4742 neglexerint
3272 4681 3362 4725 aut
3391 4670 3570 4738 aliqua

1973 4771 2316 4839 permiserint
2368 4770 2671 4824 temeritate
2717 4767 2928 4829 violari,
2965 4765 3222 4820 denarum
3251 4761 3276 4801 ἀ
3311 4765 3569 4819 librarum

1974 4867 2088 4918 auri
2134 4864 2374 4916 mulctati
2419 4864 2550 4917 lisco
2598 4870 2860 4929 cogantur
2904 4859 3124 4923 inferre,
3157 4862 3374 4928 insuper
3403 4857 3564 4910 etiam

1975 4955 2388 5011 existimationis
2431 4969 2542 5010 suae
2590 4954 2888 5025 periculum
2937 4954 3300 5009 sustinebunt.
3335 4952 3402 5004 Ea
3437 4961 3570 5015 quo-

1975 5066 2079 5122 que
2111 5063 2229 5118 qua:
2258 5049 2324 5104 de
2347 5048 2576 5118 Paganis
2618 5063 2716 5118 per
2751 5063 2912 5103 omne
2952 5047 3250 5102 Romanum
3284 5038 3568 5110 imperium

1921 5193 1926 5198 .
1977 5143 2253 5212 aequaliter
2284 5142 2512 5195 valitura
2541 5141 2892 5209 perennitatis
2922 5152 3121 5196 nostra:
3166 5139 3283 5204 lege
3310 5129 3565 5186 decrevi-

1977 5251 2098 5290 mus
2126 5235 2512 5290 instantissime
2542 5235 2594 5290 in
2625 5250 2720 5291 eos
2752 5232 3129 5297 exerceantur,
3157 5243 3290 5298 quos
3314 5225 3572 5279 constite-

1980 5330 2048 5386 rit
2080 5328 2330 5399 profanos
2371 5330 2503 5383 ritus
2535 5339 2588 5383 et
2617 5330 3026 5384 simulacrorum
3060 5323 3259 5392 impios
3303 5318 3476 5373 cultus
3519 5329 3572 5371 et

1979 5424 2258 5478 interdicta
2306 5424 2405 5476 sibi
2450 5422 2730 5494 sacrilegia
2772 5421 3070 5476 celebrare.
3118 5415 3310 5468 Datum
3349 5411 3448 5467 sub
3479 5411 3572 5466 die

1979 5516 2336 5572 Kalendarum
2385 5517 2609 5587 Augusti
2668 5508 3162 5578 Constantinopoli,
3193 5507 3320 5562 divo
3382 5507 3572 5561 Valeu<

1981 5612 2186 5666 tiniano
2213 5626 2309 5665 vtu
2343 5619 2396 5665 et
2422 5607 2714 5664 Anthemio
2738 5607 2866 5660 viris
2888 5601 3200 5657 clarissimis
3233 5599 3566 5656 consulibus.

2055 5789 2076 5817 c
2119 5776 2233 5842 Ᾱζη
2264 5775 2481 5844 fustibus
2512 5766 2711 5844 publice
2740 5776 2960 5844 centum.
3093 5837 3126 5844 _
3167 5835 3204 5844 _
3305 5836 3314 5844 _
3401 5815 3512 5844 -.
3555 5828 3566 5844 τ

2053 5846 2079 5885 ἀ
2124 5835 2282 5916 Deest
2308 5847 2444 5900 forte
2466 5835 2677 5911 pondus
2708 5841 2792 5895 vel
2817 5838 3065 5910 pretium.
3091 5835 3257 5905 8.3.,
3281 5835 3572 5912 denarium.)
