4024 6350
463 349 573 409 I79

1147 339 1529 399 COLLECTIO
1566 339 1895 397 GANONUM
1942 340 1999 398 S.
2044 338 2313 407 lSlDORO
2352 341 2622 400 HISPAL.
2666 342 3029 402 ASCRIPTA.

3642 347 3746 405 {80

455 462 698 537 Epistola
737 464 961 534 formata
1008 460 1163 515 Attici
1209 458 1434 537 episcopi
1470 454 2049 531 Constantinopolitani.
2077 461 2132 529 Α
2159 458 2321 515 licant
2350 474 2656 529 numerum,
2696 460 2838 517 Petri
2866 476 3081 534 quoque
3104 462 3332 531 apostoli
3358 462 3533 534 prima
3564 464 3743 523 littera

454 574 459 577 δ
529 555 722 614 Graeca
741 555 1011 612 elementa
1060 552 1381 620 litterarum,
1441 564 1695 607 numeros
1741 551 1901 607 etiam
1949 566 2049 607 ex-

458 649 727 720 primere,
756 646 939 703 nullus
967 645 1059 716 qui
1086 645 1171 701 vel
1203 643 1437 701 tenuiter
1463 640 1637 699 Graeci
1664 642 1928 698 sermonis
1956 657 2051 698 no-

458 741 638 797 titiam
671 740 831 797 ltabet
866 740 1097 811 ignorat.
1146 738 1222 794 Ne
1260 738 1423 809 igitur
1444 737 1498 793 in
1529 736 1789 794 faciendis
1809 737 2052 808 epistolis

457 833 755 902 canonicis,
795 844 927 903 quas
965 843 1083 887 mos
1116 829 1341 887 Latinus
1371 830 1637 887 formatas
1657 832 1915 903 appellat,
1947 831 2051 887 ali-

456 943 566 999 qua
606 927 756 983 lraus
784 924 1029 980 falsitatis
1053 934 1262 981 temere
1293 934 1735 995 prcsumeretur,
1762 924 1864 981 hoc
1891 939 1921 983 a
1949 922 2053 980 Pa-

456 1018 630 1075 tribus
684 1017 843 1091 ιιι
889 1018 1152 1073 trecentis
1191 1016 1381 1072 decem
1427 1026 1482 1073 et
1529 1026 1652 1073 octo
1693 1016 1870 1074 Nicaea
1913 1031 2049 1075 con-

456 1112 691 1182 gregatis
738 1108 1098 1167 saluberrime
1143 1110 1416 1166 inventum
1454 1118 1538 1166 est
1582 1119 1639 1165 et
1678 1111 2048 1179 constitutum,

462 1213 523 1261 It
549 1203 795 1261 formatae
823 1206 1072 1277 epistola
1100 1206 1239 1263 hanc
1265 1206 1637 1264 calculatlonis
1664 1222 1759 1263 seu
1792 1218 2053 1281 supputa-

455 1293 618 1353 lionls
666 1296 899 1355 habeant
942 1300 1230 1368 rationem,
1277 1299 1331 1356 id
1361 1308 1466 1366 est,
1517 1310 1578 1356 ut
1627 1313 1969 1359 assumantur
1998 1304 2052 1360 in

451 1390 832 1459 supputatione
861 1391 1032 1463 prima
1058 1393 1248 1450 Graeca
1286 1392 1551 1450 elementa
1583 1393 1781 1465 Patris,
1810 1404 1865 1450 et
1906 1394 2048 1467 Filii,

454 1489 515 1538 et
558 1482 792 1554 Spiriuts
843 1488 1037 1556 sancti,
1090 1487 1194 1544 hoc
1233 1496 1318 1545 est
1356 1499 1417 1555 ιι,
1444 1500 1508 1557 Υ,
1538 1497 1599 1555 Δ.
1633 1505 1753 1562 quae
1782 1490 2048 1549 elementa

450 1576 855 1647 Octogenarium
880 1585 939 1634 et
962 1578 1514 1651 quadrigentesimum
1536 1592 1591 1638 et
1615 1580 1846 1651 primum
1877 1580 2047 1654 signi-

2160 550 2212 607 id
2238 562 2320 607 est
2344 561 2408 621 n,
2444 552 2533 621 qui
2565 568 2844 609 numerum
2885 554 3282 623 octogenarium
3313 555 3601 627 significat,
3631 560 3748 629 eius

2161 660 2373 720 quoque
2393 646 2481 716 qui
2513 646 2703 701 scribit
2726 647 2963 719 episcopi
2998 648 3168 721 prima
3202 646 3401 719 littera,
3430 650 3583 719 cujus
3610 652 3747 709 scri-

2158 739 2305 795 bitur
2352 739 2621 811 secuuda,
2678 740 2991 811 accipientis
3047 731 3228 809 tertia,
3285 740 3465 797 littera
3514 742 3749 800 civitatis

2161 846 2375 903 quoque
2395 829 2462 886 de
2485 845 2590 905 qua
2618 830 2869 887 scribitur
2894 840 3083 901 quarta
3115 874 3133 900 ,
3161 840 3215 888 et
3242 830 3574 902 iadietionis,
3605 850 3751 903 quae-

2163 939 2377 998 cunque
2403 935 2487 979 est
2519 924 2799 997 temporis,
2830 924 2973 980 idem
3000 924 3092 995 qui
3123 922 3284 983 fuerit
3313 939 3569 983 numerus
3597 938 3750 982 assu-

2159 1022 2341 1076 matur
2368 1036 2383 1072 :
2413 1027 2573 1090 atque
2597 1020 2671 1079 ita
2697 1016 2783 1074 his
2806 1016 3055 1079 omnibus
3083 1015 3283 1075 Graecis
3311 1017 3505 1081 litteris
3525 1032 3664 1089 qua,
3692 1028 3751 1075 ut

2158 1112 2414 1182 diximus,
2446 1126 2703 1168 numeros
2729 1110 3037 1183 exprimunt
3064 1110 3119 1171 in
3156 1125 3321 1168 unum
3359 1109 3557 1176 ductis,
3587 1126 3747 1167 uuam

2160 1216 2495 1273 quacunque
2536 1202 2761 1259 collecta
2792 1198 2955 1257 luerit
2981 1216 3245 1258 summam
3274 1201 3501 1273 epistola
3530 1210 3746 1265 teneat:

2160 1293 2302 1352 hanc
2337 1296 2427 1369 qui
2467 1294 2714 1371 suscipit,
2746 1295 2896 1353 omni
2941 1310 3064 1352 cum
3106 1295 3320 1355 cautela
3364 1296 3606 1365 requirat
3643 1309 3749 1357 es-

2159 1405 2430 1464 pressum,
2459 1388 2623 1446 addat
2648 1398 2908 1464 praeterea
2934 1392 3227 1469 separatim
3254 1391 3310 1449 in
3330 1390 3561 1463 episwla
3586 1389 3747 1449 etiam

2158 1474 2579 1555 nonagenarium
2626 1495 2682 1541 et
2730 1499 2928 1540 nonum
2975 1500 3259 1551 numerum
3312 1485 3404 1559 qui
3449 1481 3748 1543 secundum

2156 1579 2343 1638 Graeca
2366 1577 2630 1638 elementa
2659 1576 2963 1653 signiﬁcant
3000 1565 3071 1666 ς
3093 1588 3155 1637 Θ.

454 1764 457 1767 Ι
1243 1878 1968 2011 ΑΡΒΙΟᾺΕ
2053 1877 2967 2013 CONCILIA.
3230 1918 3233 1921 '

2049 2190 2215 2267 XII

1485 2368 1860 2429 CONCILIUM
1896 2366 2480 2429 CARTHAGINENSE
2519 2367 2787 2427 PRIIUI

1600 2522 2081 2587 QUINQUAGINTA
2126 2519 2155 2551 ⁸
2200 2522 2662 2573 Ενιεοοροιιυιι.

523 2655 661 2719 Cum
720 2653 922 2719 Gratus
974 2652 1269 2729 episcopus:
1315 2652 1659 2725 Carthaginis
1706 2652 1762 2709 in
1815 2650 2046 2711 concilio
2076 2649 2263 2716 Blum
2303 2651 2744 2722 rebaptizationis
2776 2653 2797 2693 ι
2822 2669 2840 2722 ;
2883 2659 2941 2709 et
2978 2654 3321 2712 sanctitatem
3365 2666 3600 2718 vestram
3648 2678 3748 2734 po-

462 2767 571 2815 una
613 2767 735 2809 cum
767 2750 988 2823 collegis
1024 2752 1139 2809 suis
1162 2748 1499 2807 consedisset
1523 2745 1549 2785 ι’
1572 2755 1627 2802 et
1653 2745 1743 2817 qui
1774 2761 1839 2803 ex
1870 2744 2046 2801 diver-

449 2850 529 2907 sls
578 2844 865 2917 provinciis
922 2843 1189 2903 Africanis
1242 2841 1311 2897 ad
1356 2838 1734 2909 Carthaginem
1780 2853 2050 2893 convene-

451 2951 602 3007 runt,
634 2940 783 2997 Felix
818 2953 839 2982 α
873 2938 1218 3008 Bajanensis,
1252 2934 1671 2992 Fortunatianus
1700 2931 2045 3001 Capsitanus,

452 3032 761 3093 Crescentis
789 3032 1071 3099 Bagensis,
1106 3028 1381 3085 Vindicius
1418 3026 1832 3093 Lacubacensis,
1865 3028 2048 3083 Abun-

451 3126 670 3182 datttius
713 3125 1120 3189 Adrumetinus,
1169 3121 1416 3176 i’riVutus
1448 3119 1883 3189 Bejeiselitattus,
1906 3119 2047 3174 Gau-

448 3217 666 3273 dentius
700 3214 1254 3278 Turretamalliensis,
1295 3212 1546 3281 Epartius
1589 3212 1847 3275 Siceusis,
1887 3211 2049 3280 Qiie-

452 3320 538 3367 tux~
570 3309 861 3375 Uticensis,
893 3308 1154 3365 Romulus
1200 3306 1543 3369 'I‘ebestinus,
1575 3314 1631 3359 et
1684 3306 1865 3361 creteri
1910 3319 2046 3374 quo-

450 3414 572 3459 rum
632 3414 825 3456 manus
879 3400 1256 3462 continentur,
1316 3395 1459 3451 idem
1509 3395 1707 3455 Gratus
1760 3395 2047 3465 episcopus

456 3494 596 3551 dixit
621 3511 638 3552 :
677 3493 890 3549 Gratias
914 3492 1023 3551 Deo
1049 3489 1413 3557 omnipotenti
1442 3497 1496 3545 et
1524 3488 1746 3547 Christo
1776 3488 1928 3556 Jesu,
1956 3490 2045 3558 qui

451 3586 596 3644 dedit
614 3587 767 3643 malis
783 3583 1160 3641 scltismatihus
1184 3580 1210 3617 α
1232 3582 1391 3637 linem
1415 3590 1470 3637 et
1494 3582 1729 3651 respexit
1750 3581 2046 3647 Ecclesium

454 3696 633 3747 suam;
668 3690 724 3737 ut
757 3682 808 3735 in
838 3678 953 3748 ejus
983 3676 1247 3748 gremium
1279 3679 1510 3744 erigeret
1531 3679 1774 3733 universa
1807 3674 2047 3731 membra

450 3772 738 3843 dispersa;
793 3770 882 3840 qui
935 3770 1217 3837 imperavit
1268 3768 1687 3840 religiosissimo
1731 3766 2047 3824 Constantio

454 3875 483 3902 θ
512 3864 822 3933 imperaturi
872 3871 928 3919 ut
978 3873 1160 3921 votum
1200 3873 1414 3933 gereret
1460 3863 1698 3925 unitatis,
1726 3871 1782 3918 et
1812 3866 2048 3917 mitteret

454 3956 739 4013 ministros
782 3957 962 4025 aperis
999 3955 1172 4011 sancti
1204 3955 1433 4015 famulos
1471 3955 1562 4010 Dei
1598 3954 1821 4009 Paulum
1848 3961 1905 4010 et
1934 3952 2044 4008 Ma-

448 4050 678 4111 cariutn.
708 4048 787 4107 Ex
818 4049 908 4109 Dei
939 4066 1070 4127 ergo
1102 4061 1232 4109 nutu
1266 4048 1576 4120 congregati
1609 4048 1673 4102 nd
1701 4050 1957 4104 unitatem
1985 4057 2047 4104 ut

450 4156 553 4211 per
574 4141 817 4199 diversas
847 4144 1152 4213 provincias
1174 4143 1400 4201 concilia
1428 4142 1826 4199 celebraremus
1856 4149 1911 4195 et
1935 4140 2046 4196 uni-

450 4248 620 4291 versa:
652 4236 943 4308 provinciae
989 4236 1179 4292 Africa:
1224 4236 1489 4293 hodierno
1519 4234 1609 4290 die
1634 4234 1850 4289 concilii
1877 4236 2046 4304 gratia

451 4326 521 4383 ad
564 4327 952 4399 Carthaginem
1005 4328 1281 4385 veniretur
1325 4344 1341 4380 :
1395 4325 1537 4385 unde
1580 4325 2046 4385 considerantibus

451 4422 601 4479 vobis
626 4437 749 4481 cum
788 4421 1165 4478 medior-ritate
1192 4434 1332 4485 mea,
1369 4428 1667 4475 tractentur
1696 4418 1830 4473 tituli
1862 4433 2047 4475 neces-

449 4514 608 4578 sarii,
639 4513 708 4567 de
736 4512 933 4584 quibus
958 4526 1185 4577 necesse
1210 4519 1297 4571 est
1320 4526 1420 4569 nos
1448 4525 1717 4569 memores
1747 4521 2046 4581 pracepto-

450 4618 576 4661 rum
628 4604 939 4661 divinorum
965 4613 1023 4661 et
1050 4604 1348 4673 magisterii
1389 4604 1787 4675 Scripturarum
1830 4614 2048 4661 sancta-

450 4711 599 4762 rum,
626 4698 1063 4766 contemplantes
1107 4696 1326 4755 unitatis
1368 4705 1602 4766 tempus,
1643 4698 1695 4755 id
1726 4697 1793 4753 de
1819 4694 2046 4766 singulis

448 4779 697 4857 delinire,
721 4789 865 4859 quod
897 4802 997 4845 nec
1021 4787 1292 4858 Carthago
1326 4788 1568 4858 vigorem
1597 4788 1731 4859 legis
1767 4788 2043 4859 infringat,

448 4892 554 4937 nec
599 4888 777 4941 tamen
814 4891 1056 4952 tempore
1082 4882 1303 4943 unitatis
1330 4881 1533 4954 aliquid
1558 4881 1907 4941 durissimum
1933 4892 2047 4940 sta-

449 4969 683 5033 luimus.

459 5068 614 5139 115
661 5070 699 5124 l.
764 5068 832 5125 Ut
882 5068 1167 5197 θηριῶδειαῖ
1320 5069 1571 5133 Triuituts
1617 5078 1880 5142 susceptus
1935 5086 2046 5127 non

1128 5158 1144 5197 ι
1170 5158 1250 5197 ere
1274 5159 1356 5197 υτ.

1128 5158 1356 5200 ιιενεηιτ.

528 5254 685 5325 Ergo,
713 5254 759 5311 si
789 5255 941 5313 vobis
971 5256 1163 5327 placet,
1194 5258 1604 5319 consideremus
1642 5256 1875 5328 primum
1917 5259 2044 5315 titu-

2152 2745 2295 2800 stulo
2335 2754 2392 2800 ut
2440 2746 2641 2802 mentis
2686 2754 2887 2803 vestrm
2935 2747 3127 2820 placita
3162 2748 3489 2820 producatis,
3540 2768 3607 2809 au
3657 2755 3749 2813 de.

2150 2836 2497 2894 scendentem
2531 2838 2585 2893 in
2621 2854 2812 2910 aquam
2854 2846 2911 2895 et
2957 2842 3345 2913 interrogatum
3391 2844 3445 2899 in
3490 2845 3748 2905 Trinitate

2149 2931 2448 2987 secundum
2471 2931 2751 3002 Evangelii
2782 2933 2941 2989 ﬁdem
2964 2945 3019 2991 et
3046 2939 3416 3007 apostolorum
3447 2940 3746 2999 doctrinam

2150 3032 2206 3079 et
2252 3024 2562 3080 confessum
2613 3027 2807 3082 bonam
2849 3029 3241 3085 conscientiam
3274 3032 3325 3086 in
3363 3032 3536 3089 Deunr
3559 3036 3626 3091 de
3655 3054 3743 3093 re-

2149 3123 2487 3173 surrectione
2534 3119 2660 3175 Jesu
2705 3121 2941 3188 Christi,
2992 3123 3152 3178 liccat
3190 3127 3379 3180 iterum
3430 3127 3747 3201 interrogari

2148 3208 2203 3271 in
2232 3210 2422 3265 eadem
2455 3206 2560 3265 lide
2588 3221 2643 3266 et
2672 3212 2723 3267 in
2754 3228 2886 3283 aqua
2920 3212 3118 3270 lterum
3152 3216 3326 3288 tingi?
3359 3217 3609 3275 Unit‘ersi
3637 3221 3747 3290 epi-

2156 3302 2307 3369 scopi
2355 3302 2607 3361 dixerttnt
2632 3313 2655 3351 8
2684 3320 2699 3359 κ
2725 3306 2877 3360 Absit
2903 3323 2917 3374 ;
2949 3307 3194 3363 illicitum
3241 3300 3385 3365 etﬁm
3416 3327 3541 3367 esse
3571 3315 3747 3369 sanci-

2148 3410 2269 3451 ntus
2300 3396 2802 3468 rebaptiaationem,
2829 3408 2883 3452 et
2912 3403 3044 3454 satis
3073 3415 3194 3459 esse
3221 3402 3448 3459 alienam
3480 3420 3510 3460 a
3536 3405 3745 3461 sincera

2150 3486 2256 3545 lide
2281 3497 2338 3544 et
2366 3502 2396 3543 a
2425 3489 2690 3545 catholica
2723 3491 3030 3560 disciplina.

2280 3579 2342 3635 ll.
2381 3580 2456 3635 De
2483 3592 2771 3654 martyrum
2810 3586 3063 3657 sepulcris
3107 3595 3156 3642 et
3195 3587 3611 3659 honoriﬁcentia.

2226 3668 2427 3727 Gratus
2474 3674 2763 3745 episcopus
2806 3677 2980 3733 dixit:
3011 3679 3195 3749 Magna
3239 3681 3514 3737 beatitudo
3556 3698 3586 3737 a
3637 3681 3746 3740 Deo

2154 3764 2313 3822 Patre
2344 3783 2441 3838 per
2467 3768 2742 3826 Christum
2790 3772 3075 3827 Dominum
3115 3789 3371 3829 concessa
3405 3784 3486 3829 est
3518 3776 3745 3845 tempori
3813 3810 3827 3818 -

2150 3871 2362 3931 nostro,
2387 3873 2445 3919 ut
2472 3865 2633 3921 liceat
2664 3866 2931 3937 religiosis
2965 3868 3235 3923 mentibus
3266 3868 3541 3925 insinuare
3572 3871 3745 3926 eccle-

2149 3957 2426 4012 siasticam
2470 3958 2835 4028 disciplinam,
2868 3969 2924 4014 ut
2953 3961 3225 4016 auditores
3256 3962 3617 4032 percipientes
3649 3979 3739 4020 re-

2073 4026 2117 4088 c
2152 4050 2329 4118 gulam
2360 4062 2562 4106 rectam
2588 4026 2643 4106 et
2673 4051 2784 4107 Deo
2815 4053 3061 4122 placeant
3091 4062 3144 4108 et
3175 4026 3389 4121 praemia
3411 4026 3741 4112 meritorum

2148 4140 2413 4197 bonorum
2460 4144 2781 4215 percipiant,
2830 4155 2886 4201 ut
2914 4148 2967 4202 in
2999 4147 3127 4216 ipsis
3157 4147 3299 4204 Deus
3330 4149 3383 4203 in
3414 4152 3662 4205 omnibus
3688 4159 3744 4205 et

2150 4249 2251 4303 pro
2272 4236 2526 4291 omnibus
2562 4237 2880 4294 honoretur.
2917 4241 3200 4297 Discussus
3228 4250 3313 4299 est
3342 4242 3526 4299 titulus
3558 4260 3746 4301 neces-

2148 4328 2326 4384 sarius
2367 4330 2829 4400 rebaptizatlonls,
2882 4336 2933 4389 in
2967 4351 3072 4405 quo
3121 4335 3207 4409 [T.
3252 4336 3304 4405 2,
3353 4342 3407 4394 in
3457 4337 3587 4412 qua]
3629 4342 3745 4410 plus

2149 4421 2512 4479 schismstiois
2554 4426 2736 4483 rabios
2773 4428 3149 4500 delitescebat,
3182 4439 3235 4487 et
3263 4431 3505 4488 adhibita
3558 4435 3747 4489 mode-

2148 4516 2380 4584 ratione,
2415 4518 2551 4588 legis
2580 4520 2735 4589 vigor
2760 4527 2818 4575 et
2843 4522 3145 4577 auctoritas
3173 4524 3441 4579 custodita
3474 4535 3556 4579 est
3576 4542 3592 4582 :
3616 4524 3744 4580 illud

2110 4590 2279 4675 ‘sane
2318 4612 2730 4681 sapientissimis
2766 4615 2961 4669 vestris
2997 4616 3248 4673 sensibus
3296 4617 3573 4675 insinuare
3612 4634 3743 4673 con-

2149 4704 2335 4772 tendo,
2370 4704 2495 4761 licet
2534 4716 2712 4761 vestra
2744 4707 3033 4776 prudentia
3079 4707 3150 4763 sit
3197 4709 3456 4765 instructa
3486 4720 3539 4766 et
3567 4726 3595 4763 a
3630 4711 3745 4768 Deo

2148 4798 2326 4867 docta,
2356 4807 2413 4856 et
2444 4808 2713 4857 mereatur
2746 4802 2797 4855 in
2831 4815 2959 4869 pace
2986 4813 3039 4859 et
3072 4802 3274 4859 unitate
3304 4803 3559 4873 consequi
3588 4805 3745 4860 desu-

2148 4906 2249 4963 per
2275 4906 2499 4948 munera
2530 4892 2700 4964 larga,
2750 4900 2927 4948 tamen
2978 4903 3032 4948 et
3074 4908 3173 4967 ego
3222 4910 3359 4951 unus
3397 4912 3461 4951 ex
3507 4897 3657 4953 vobis
3687 4908 3744 4954 et

2146 4990 2237 5059 qui
2283 5002 2461 5057 parem
2495 4988 2775 5042 vobiscum
2815 4986 3230 5044 sollicitudinem
3279 5004 3461 5059 geram
3514 4998 3743 5062 prepter

2146 5080 2564 5137 ecclesiasticum
2594 5078 2837 5135 ordinem
2868 5080 2997 5136 illud
3027 5082 3299 5137 insinuare
3329 5081 3529 5138 curabo
3556 5100 3569 5136 :
3599 5097 3743 5138 mar-

2148 5183 2326 5246 tyrum
2382 5174 2698 5244 dignitatem
2747 5188 2911 5230 nemo
2959 5175 3212 5244 profanus
3265 5173 3513 5244 infamet,
3569 5190 3743 5247 neque

2146 5268 2363 5339 passiva
2410 5278 2640 5337 corpora
2691 5280 2809 5338 qua:
2853 5268 3142 5338 sepultura:
3170 5275 3374 5323 tantum
3403 5275 3619 5337 propter
3640 5266 3743 5322 mi-

524 5389 778 5470 {Deerat
801 5391 1171 5470 episcoporum
1200 5409 1455 5470 numerus
1479 5395 1532 5449 in
1556 5394 1757 5451 Codice
1780 5392 2031 5465 Lucensi,
2060 5403 2114 5466 ι)
2213 5414 2235 5445 ο
2277 5404 2344 5462 T.
2373 5406 2427 5468 ι,
2450 5404 2506 5470 2,
2539 5403 2897 5460 Constantino.

455 5460 540 5528 qui
567 5460 617 5512 in
655 5460 872 5531 reliquis
892 5460 1012 5519 cum
1038 5470 1101 5520 Α.
1125 5466 1506 5522 conveniebat.

526 5530 761 5566 blt‘ua.‘
837 5535 951 5566 nn
1026 5536 1139 5566 ma
1199 5536 1323 5566 on
1398 5536 1506 5566 ρι

443 5532 666 5655 ,άὸιέεῗι
698 5532 807 5603 115.,
837 5535 1004 5603 8.3.,
1026 5536 1092 5593 Τ.
1118 5539 1173 5605 l,
1199 5536 1256 5605 2,
1284 5538 1373 5605 U.,
1398 5536 1464 5592 G.
1495 5538 1554 5595 in
1570 5538 1637 5599 A.
1664 5539 1797 5597 etE.
1827 5538 2040 5607 ὅμως·

524 5684 547 5711 ο
590 5673 645 5751 In
678 5673 795 5745 .43.,
821 5676 877 5733 Β.
916 5676 1010 5751 ιι..
1034 5676 1105 5751 Ε.
1128 5676 1182 5751 5,
1212 5678 1277 5734 Τ.
1308 5676 1438 5748 1,2,
1489 5680 1705 5751 nomina
1758 5681 2039 5751 episcopo-

445 5758 563 5826 rum
613 5747 665 5801 in
712 5763 839 5803 casu
870 5749 1118 5820 ablativo
1164 5750 1333 5807 locata
1377 5761 1541 5810 sunt:
1570 5750 1746 5810 Felice
1771 5747 1807 5822 ,'
1840 5747 2036 5808 Fortu-

445 5828 677 5885 natiano,
706 5828 812 5875 etc.

517 5885 543 5925 «ι
584 5888 649 5947 1‘.
680 5887 810 5959 με,
843 5890 1318 5950 mammia.

2222 5474 2318 5531 'ln
2338 5474 2624 5532 Codicibus
2641 5495 2652 5528 :
2668 5474 3130 5542 rebaptidiationis.
3152 5474 3288 5529 Aliis
3314 5488 3441 5529 vero
3464 5470 3593 5527 locis
3617 5471 3740 5541 qui-

2142 5546 2266 5603 dam
2294 5549 2523 5607 Codices
2554 5548 2912 5615 rebaptizatio,
2960 5542 3173 5615 quidam
3206 5542 3737 5615 rebaplidiatio_scri-

2145 5619 2277 5678 bere
2328 5620 2544 5677 solent:
2578 5613 2739 5689 atque
2769 5621 2822 5673 in
2849 5632 2957 5675 uno
2979 5613 3296 5689 eodemque
3328 5614 3533 5689 Codice
3559 5613 3742 5671 diver-

2154 5705 2270 5745 sam
2303 5691 2459 5761 hujus
2487 5690 2635 5746 vocis
2652 5687 3000 5761 scripturam
3015 5687 3258 5761 reperire
3281 5690 3358 5743 las
3388 5687 3517 5743 erit.

2214 5771 2240 5809 ε
2281 5755 2388 5829 ιΕξ
2414 5762 2477 5818 Β.
2514 5762 2608 5829 8.,
2652 5762 2718 5821 Τ.
2774 5755 2827 5832 ἰ,
2864 5758 2921 5829 2,
2956 5757 3047 5826 υ..
3080 5758 3171 5832 6.,
3221 5762 3459 5819 discernat
3488 5771 3513 5816 :
3545 5755 3733 5822 Absit,

2140 5832 2292 5903 aluit.
