4024 6350
262 346 358 410 l8!

1187 324 1464 400 aratos
1503 318 1838 395 coactus.
1872 340 1950 379 a-
1985 314 2566 388 CARTHAGINENSE
2601 322 2643 380 l.

3433 317 3537 377 182

240 466 606 527 κτίευτᾶίθιη
651 458 1070 520 ecclesiasticam
1111 455 1477 513 commendari
1531 454 1838 509 mandatum
1871 451 1924 511 Α
1950 446 2123 515 neque
2148 445 2285 514 apud
2309 460 2366 500 se
2394 436 2655 509 detinere,
2686 436 2780 495 sed
2808 442 2982 510 neque
3030 430 3224 497 laicum
3279 442 3537 515 usurpare

256 566 343 618 est
374 558 636 628 redigant,
688 560 779 611 aut
814 554 1020 609 lhsa'nia‘
1065 552 1422 622 praecipitatus
1473 554 1567 603 aut
1605 547 1706 602 alia
1759 546 1849 601 ra-

257 636 409 708 tione
458 648 663 720 peccati
707 646 990 711 discretos,
1051 658 1154 699 non
1204 641 1413 697 ratione
1466 639 1549 696 vel
1606 640 1847 708 tempore

257 743 590 814 competenti
613 744 720 813 quo
750 737 1008 810 martyrla
1033 734 1392 804 celebrantur,
1423 732 1716 805 martyrum
1747 732 1847 786 no-

256 854 383 895 men
416 835 726 906 appellem:
754 840 848 888 aut
891 831 938 885 si
990 830 1109 899 ditis
1155 828 1211 883 in
1252 826 1502 896 injuriaiit
1550 833 1845 896 martyrum

257 928 494 986 claritati
532 932 720 982 eurum
762 924 1022 994 adiungat
1061 917 1302 986 ittSailbs,
1330 917 1507 988 placet
1529 922 1622 972 eos
1649 913 1695 970 si
1728 912 1848 971 laici

258 1028 409 1087 sunt,
440 1020 509 1074 ad
552 1017 927 1089 antentiam
958 1013 1125 1083 redigi
1151 1031 1163 1068 :
1187 1012 1233 1069 sl
1280 1011 1458 1066 autem
1497 1008 1623 1066 sinit
1667 1007 1850 1065 clerici

263 1122 386 1190 post
421 1112 897 1173 communitionem
930 1118 958 1171 ἐ
983 1116 1038 1165 et
1071 1112 1196 1190 post
1232 1104 1593 1177 ebgnitibnem
1644 1098 1848 1158 honore

266 1188 479 1279 privari.
507 1205 748 1263 Universi
766 1203 1053 1258 dixerunt:
1088 1188 1248 1274 116
1264 1196 1425 1255 Recte
1447 1193 1631 1253 statuit
1651 1191 1851 1251 sancti-

266 1309 348 1357 tas
378 1306 591 1365 vestra;
636 1299 739 1355 nec
768 1298 823 1353 et
849 1294 1073 1369 Singulis
1100 1293 1344 1350 cbnciliis
1369 1292 1628 1349 statutum
1649 1300 1751 1346 est.

234 1412 235 1419 ‘
260 1393 350 1451 ΙΙΙ.
387 1394 456 1449 Ut
481 1392 657 1449 clerici
682 1394 759 1447 vel
779 1387 1196 1447 sanctimoniales
1225 1385 1431 1459 feminis
1453 1394 1569 1438 cunt
1600 1382 1851 1439 exlrﬁneis

636 1466 760 1519 uiris
790 1464 866 1518 vel
887 1462 1088 1533 feminis
1114 1474 1217 1514 non
1243 1459 1490 1513 habitent:

328 1556 525 1611 Gratus
570 1555 860 1625 episcopus
898 1552 1035 1609 dixit
1060 1567 1078 1608 :
1102 1552 1168 1606 Et
1212 1549 1346 1605 illud
1378 1547 1667 1620 praecipue;
1699 1546 1745 1602 si
1774 1546 1854 1601 vi-

260 1646 427 1704 detur
468 1655 659 1702 vestrae
696 1645 1011 1715 dilectioni,
1061 1642 1358 1698 cavendum
1399 1652 1481 1698 est
1522 1649 1582 1696 ut
1617 1639 1850 1710 pastoris

1952 542 2052 596 sibi
2085 540 2150 594 de
2180 539 2335 609 plebe
2359 533 2549 601 aliena,
2582 532 2640 591 ut
2671 550 2794 592 eum
2821 529 3033 591 ordinet
3072 535 3189 591 “sine
3209 538 3537 593 conscientia

1953 632 2069 701 ejus
2112 628 2352 699 episcopi
2392 628 2458 685 de
2496 628 2650 699 cujus
2682 628 2839 698 plebe
2881 632 2984 682 est.
3017 628 3213 682 Gratus
3254 624 3542 698 episcopus

1953 722 2117 780 dixit:
2149 714 2273 778 llaec
2297 718 2575 776 observata
2600 737 2685 776 res
2708 726 2890 791 pacein
2915 718 3171 790 custodit,
3199 736 3321 776 nam
3351 731 3406 776 et
3428 720 3543 776 ine-

1954 817 2087 873 mini
2120 816 2439 874 sanetissimi
2470 812 2684 869 concilii
2729 808 3067 871 Sardicensis
3098 804 3343 870 similiter
3375 804 3544 869 slain-

1957 919 2096 977 tum,
2128 908 2184 964 ut
2212 923 2371 964 nemo
2399 906 2617 963 alterius
2643 900 2817 975 plebis
2847 904 3119 963 hominem
3151 906 3252 963 sibi
3300 900 3541 985 usurpet,

1955 996 2049 1058 sed
2081 1001 2123 1056 si
2156 1000 2293 1057 forte
2333 999 2437 1055 erit
2463 1000 2828 1056 necessarium
2874 999 3221 1067 ordinationi,
3252 1006 3311 1054 ut
3350 998 3418 1054 de
3465 994 3545 1053 vi-

1955 1096 2079 1153 cino
2104 1097 2262 1150 homo
2283 1095 2352 1151 sit
2381 1093 2738 1160 necessarius,
2762 1100 2907 1163 petat
2934 1107 2965 1146 a
2994 1092 3197 1163 collega
3225 1104 3323 1149 suo
3346 1102 3399 1148 et
3419 1092 3543 1147 con-

1954 1190 2173 1246 Sensnrh
2200 1182 2393 1243 habeat
2418 1184 2463 1241 ε.

1959 1284 2046 1359 Ἣ.
2081 1302 2149 1360 Ut
2178 1302 2346 1358 clerici
2372 1311 2513 1357 actus
2543 1302 2879 1426 argentariumz
2910 1299 2990 1356 uel
3014 1300 3400 1373 procurationes
3444 1317 3550 1357 non

2626 1384 2859 1426 uicinian
2886 1410 2902 1426 .

2626 1384 2902 1442 utetptant.

2029 1462 2272 1522 Nicasius
2317 1464 2607 1535 episcopus
2636 1452 2982 1520 Culusitanus
3028 1450 3196 1522 dixit:
3227 1446 3405 1522 Credo
3437 1464 3551 1536 pla-

1956 1556 2082 1616 cere
2109 1554 2504 1631 suggesliOnem
2537 1568 2709 1613 meam
2734 1552 3000 1614 sanctitati
3028 1560 3247 1629 'vestrae,
3279 1554 3335 1617 et
3361 1550 3549 1628 displi-

1957 1654 2084 1710 cere
2110 1651 2261 1708 vobis
2298 1650 2356 1707 ut
2382 1650 2472 1722 qui
2518 1649 2758 1706 serviunt
2802 1652 2910 1706 Deo
2948 1658 3003 1706 et
3034 1652 3215 1705 annixi
3248 1648 3372 1705 sunt
3407 1650 3554 1705 clero

257 1757 448 1797 cum“
483 1751 741 1813 (ἰυιιιιυπι
771 1740 932 1796 dab“
975 1748 1030 1795 ει
1073 1747 1252 1808 PMB-‘3‘
1292 1737 1485 1807 "583m
1518 1733 1851 1806 Ιπτπῖίῖίθηη³
1957 1742 2217 1803 accedant
2248 1746 2273 1785 ἀ
2295 1746 2360 1800 ad
2392 1746 2542 1800 aetiis
2571 1751 2625 1801 et
2649 1740 3165 1800 administrationem
3194 1740 3279 1798 vel
3305 1757 3555 1814 procura-

252 1842 369 1891 tota
400 1835 750 1906 prmmuniat,
784 1844 843 1889 ut
866 1832 1030 1888 nullis
1063 1832 1222 1887 liceat
1246 1830 1519 1887 extraneis
1558 1829 1627 1883 ab
1656 1828 1847 1883 atiectu
1881 1819 1932 1883 B
1961 1842 2163 1896 tionem
2187 1840 2491 1894 domorum,
2518 1834 2713 1891 Graius
2744 1835 3028 1915 episcnpus
3052 1837 3213 1890 dixit;
3243 1824 3305 1889 Et
3342 1838 3556 1905 προδιο.

258 1926 472 1982 carnali
526 1925 921 1982 abstinentibus
980 1923 1198 1980 diverse
1244 1924 1448 1991 pariter
1486 1922 1850 1985 commorari;

254 2020 572 2077 oceasiones
598 2020 745 2075 enirn
768 2018 1112 2086 amputanda
1140 2024 1265 2069 sunt
1284 2024 1647 2082 incestarum,
1677 2022 1731 2065 et
1755 2011 1856 2064 tol-

252 2112 439 2171 lendae
492 2126 682 2169 omnes
720 2112 1074 2179 suspiciones,
1118 2109 1315 2178 quibns
1352 2108 1623 2161 subtilitas
1659 2104 1857 2159 diaboli

255 2205 364 2261 sub
392 2216 653 2274 praetextu
693 2203 973 2258 eharitatis
1015 2211 1071 2257 et
1119 2201 1424 2256 dilectionis
1473 2200 1714 2254 incautas
1743 2201 1858 2253 ani-

254 2310 381 2352 mas
419 2298 504 2352 vel
546 2298 758 2367 ignaras
804 2296 1019 2351 irretire
1064 2296 1370 2351 consuevit.
1400 2295 1587 2350 Nullus
1611 2295 1771 2366 igitur
1800 2304 1856 2349 et

254 2390 407 2443 nulla
451 2390 820 2444 sanctimonia:
855 2397 911 2443 et
938 2389 1232 2458 virginitati
1284 2388 1595 2443 deserviens
1636 2397 1857 2458 propter

253 2479 652 2547 blasphemiam
685 2480 964 2545 Ecclesia,
992 2480 1038 2534 si
1069 2479 1221 2534 vobis
1250 2480 1444 2548 placet,
1477 2481 1530 2534 in
1556 2490 1661 2533 una
1691 2480 1855 2534 domo

256 2574 480 2645 penitus
524 2574 849 2630 commorari
901 2578 1007 2629 non
1057 2573 1238 2628 debet.
1289 2572 1532 2629 Universi
1564 2574 1853 2629 dixerunt:

187 2688 208 2705 ι
255 2665 369 2733 Qui
415 2666 606 2721 nolunt
665 2663 868 2722 nubere
915 2672 969 2720 et
1016 2666 1286 2736 pudicitia:
1335 2663 1609 2721 meliorem
1660 2664 1861 2733 eligunt

258 2764 480 2826 partem
514 2758 684 2812 vitare
711 2757 908 2812 debent
935 2770 1042 2811 non
1077 2758 1249 2812 solum
1281 2755 1520 2812 habitaf'e
1551 2756 1729 2823 simul,
1763 2756 1858 2813 sed

256 2864 373 2910 nec
407 2852 605 2910 habere
653 2854 720 2909 ad
764 2867 823 2909 se
867 2853 1096 2923 aliquem
1147 2852 1422 2908 accessum
1453 2848 1593 2908 :ltcic
1637 2864 1761 2922 ergo
1808 2860 1863 2906 et

256 2943 351 3002 lex
389 2945 545 3015 jubet
575 2951 629 3000 ct
662 2946 917 3001 sanctitas
966 2950 1145 3000 vestra
1194 2942 1556 3011 commendat,
1604 2936 1705 2998 hoc
1732 2943 1863 2997 etin

255 3039 500 3110 singulis
542 3038 785 3094 conciliis
814 3054 843 3094 a
876 3038 1028 3093 nobis
1053 3042 1307 3094 statutum
1338 3042 1421 3093 cet
1447 3035 1497 3091 ι).
1533 3024 1727 3092 Gratus
1751 3035 1865 3106 epi-

1960 1934 2133 1991 lorum
2161 1943 2357 1988 statuta
2380 1941 2503 1987 sunt
2532 1946 2650 2002 quae
2701 1931 2921 1985 dicunt:
2968 1916 3135 1985 Nemo
3178 1928 3407 2007 militans
3450 1924 3555 1981 Deo

1961 2027 2144 2097 ingerit
2173 2041 2228 2079 se
2246 2023 2459 2096 negotiis
2480 2021 2844 2077 stecularibus:
2884 2020 3107 2092 proinde
3129 2026 3231 2075 aut
3249 2018 3432 2075 clerici
3452 2018 3557 2072 sint

1964 2116 2083 2173 sine
2105 2114 2406 2170 actidnib‘us
2435 2113 2739 2178 doinornm‘,
2757 2117 2848 2167 aut
2872 2111 3083 2166 actores
3103 2110 3219 2165 sine
3248 2109 3426 2164 cilicio
3451 2108 3559 2165 cle-

1964 2215 2220 2270 ricorum.
2256 2210 2501 2268 Universi
2525 2210 2815 2265 dixerunt:
2853 2209 2962 2262 lloc
2989 2209 3359 2263 observemus.

1963 2325 2078 2381 Vll.
2120 2323 2192 2381 Ut
2221 2324 2396 2379 clerici
2417 2324 2493 2378 vel
2518 2322 2641 2375 laici
2676 2323 2730 2373 in
2755 2321 2926 2373 aliena
2950 2319 3163 2373 ecclesia
3188 2332 3293 2373 non
3330 2332 3558 2373 commu-

2312 2400 2481 2450 nicent
2510 2395 2617 2448 sine
2647 2392 2827 2447 litteris
2867 2392 3087 2462 episcOpi
3110 2392 3209 2446 sui.

2033 2489 2321 2546 Cassianus
2346 2487 2625 2544 Usulensis
2654 2486 2938 2555 episcopus
2963 2484 3125 2539 dixit:
3146 2483 3357 2538 Statuat
3379 2481 3559 2553 gravi.-

1963 2593 2046 2638 tas
2093 2592 2297 2650 vestra,
2347 2591 2406 2636 ut
2448 2581 2809 2647 unusiiuisqne
2837 2576 3066 2632 clericus
3117 2575 3201 2630 vel
3240 2575 3409 2630 laicus
3453 2590 3559 2630 non

1962 2665 2363 2731 communicent
2390 2670 2442 2726 in
2475 2673 2575 2726 alia
2610 2672 2762 2740 plebe
2790 2669 2908 2724 sine
2955 2666 3149 2723 litteris
3177 2668 3415 2738 episcopi
3447 2667 3551 2733 sui.

1964 2770 2161 2826 Gratus
2187 2770 2470 2839 episcopus
2501 2766 2675 2821 dixit:
2723 2764 2836 2819 Nisi
2874 2763 2976 2818 hoc
3011 2762 3355 2818 observatum
3393 2761 3554 2816 fuerit

1967 2864 2276 2918 communio
2304 2862 2394 2916 [iet
2425 2862 2670 2931 passiva;
2704 2874 2828 2913 nam
2858 2858 2901 2912 si
2928 2873 3053 2912 cum
3084 2856 3277 2911 litteris
3306 2864 3559 2925 receptus

1967 2955 2151 3022 fuerit,
2178 2966 2232 3012 et
2282 2954 2567 3009 concordia
2619 2954 2757 3006 inter
2802 2951 3084 3019 episc0pos
3140 2956 3386 3003 servatur
3423 2956 3450 2985 ⁸
3501 2955 3561 3002 ut

1970 3065 2129 3105 nemo
2156 3048 2365 3103 subtilis
2386 3044 2608 3101 alterius
2628 3044 2836 3113 fugiens
2858 3040 3288 3096 communionem
3306 3039 3375 3094 ad
3395 3038 3558 3093 alium

254 3146 471 3206 scapus
517 3135 651 3190 dixit
685 3150 700 3189 :
732 3135 876 3205 Ergo
930 3135 1209 3205 persuasio
1256 3133 1527 3190 interdum
1576 3132 1860 3203 prudentes

254 3232 406 3249 --.μι
441 3240 621 3249 -_--_-
653 3243 675 3249 Α
711 3228 946 3249 -----.ε-
1006 3230 1118 3249 ---μς
1161 3228 1525 3249 2..;..--ΑΑΙΔ-11.Α
1560 3222 1716 3249 ,1-ίρμι
1744 3236 1826 3249 ...Α

1976 3142 2202 3197 latenter
2227 3137 2465 3195 accedat.
2504 3136 2751 3193 Universi
2779 3134 3058 3190 dixerunt:
3089 3131 3349 3190 Omnibus
3375 3130 3561 3203 provi-

1994 3234 2006 3249 1
2054 3248 2057 3249 ,
2134 3242 2146 3249 .
2192 3232 2224 3249 ,x
2267 3246 2315 3249 ,-_
2362 3243 2400 3249 _-
2438 3229 2583 3249 ιΑΣΑξ-
2616 3228 2898 3249 Δ,......ι....
2930 3224 2950 3249 1

252 3232 410 3284 uolet
440 3240 627 3283 arcere
651 3243 679 3282 a
711 3228 968 3300 peccatis,
1000 3230 1120 3283 cuin
1161 3228 1527 3297 imprudentes
1555 3222 1718 3283 debet
1744 3236 1861 3282 me-

255 3327 355 3377 tus
393 3320 696 3391 huiusmodi
727 3321 1118 3393 constringere,
1151 3306 1197 3376 si
1222 3334 1411 3377 sanum
1456 3320 1741 3376 consilium
1772 3334 1860 3375 re-

254 3423 472 3483 spuunt
519 3421 572 3469 et
618 3415 852 3470 salutare
898 3414 1206 3471 mandatum
1239 3414 1324 3481 ;si
1371 3422 1503 3485 ergo
1552 3408 1674 3469 laici
1715 3414 1857 3481 sunt,

258 3515 403 3580 post
455 3510 929 3565 summanitittn‘etn'
984 3510 1029 3565 si
1072 3508 1517 3580 contempserint,
1556 3520 1582 3561 a
1623 3508 1863 3563 cotnmt‘té

256 3604 439 3658 nione
479 3606 824 3673 separentur;
878 3605 923 3658 si
946 3604 1126 3659 clerici
1156 3613 1300 3671 sunt,
1335 3603 1536 3658 honore
1565 3601 1859 3673 priventur.

256 3692 522 3749 Universi
546 3694 795 3751 ditiorum
822 3696 837 3749 ἑ
862 3694 1065 3761 Placet,
1099 3697 1293 3765 placet.

257 3784 360 3841 ιν.
405 3783 474 3841 Ut
503 3798 619 3840 cum
643 3787 812 3842 viduis
838 3788 915 3841 vel
942 3788 1191 3841 ridn‘nbus
1227 3795 1478 3843 extranea:
1503 3792 1734 3857 persona:
1761 3804 1863 3843 non

871 3870 1269 3914 commorantur.

337 3945 547 4001 Gratus
592 3949 876 4016 episcopus
924 3950 1058 4004 dixit
1088 3966 1111 4003 :-
1136 3950 1257 4004 Etsi
1315 3950 1522 4004 inﬁnita
1574 3962 1699 4004 sunt
1746 3954 1866 4020 φιω

254 4037 397 4108 lege
422 4040 739 4108 praescripta
767 4048 894 4096 sunt
916 4040 1250 4108 proﬁcientia
1278 4041 1593 4108 disciplinae,
1621 4049 1677 4094 et
1703 4054 1868 4095 unus.

251 4128 514 4201 quisque
561 4139 807 4185 nostrum
852 4139 1089 4186 tractatu
1119 4132 1339 4187 assidua
1360 4140 1419 4188 et
1442 4134 1868 4189 communium

251 4223 545 4293 frequenti
587 4223 825 4293 singulas
865 4240 1103 4296 quasque
1146 4228 1353 4295 species
1396 4226 1742 4296 proﬁcientes
1793 4228 1865 4281 ad

263 4317 627 4386 disciplinam
660 4321 860 4388 poterit
890 4319 1104 4392 populis
1131 4319 1426 4387 intimare;
1470 4326 1653 4374 tamen
1691 4320 1869 4388 aliqua

256 4428 332 4470 ex
370 4412 459 4466 liis
483 4420 704 4481 propter
736 4411 1122 4481 blasphemiam
1151 4413 1482 4484 suggerenda
1512 4422 1637 4468 sunt
1660 4428 1690 4467 a
1714 4414 1873 4468 nobis

257 4517 323 4565 et
360 4509 421 4562 in
454 4505 686 4560 concilio
716 4505 1037 4561 statuenda:
1067 4509 1114 4563 si
1150 4507 1357 4562 videtur
1390 4506 1564 4577 vobis,
1596 4506 1708 4575 pari
1741 4521 1865 4563 sen-
1893 4536 1948 4606 θ

256 4596 445 4656 teritis
496 4609 780 4653 teneantur
829 4599 995 4653 etiam
1038 4592 1115 4664 hi,
1153 4604 1398 4668 quicum
1425 4598 1599 4655 viduis
1627 4613 1868 4655 commo-

258 4702 471 4749 rantur
520 4698 574 4744 et
615 4690 756 4744 nulla
786 4704 906 4745 cum
937 4705 997 4746 se
1021 4691 1375 4761 germanitate
1414 4692 1683 4762 conjuncti
1722 4702 1868 4749 sunt.

259 4782 532 4842 Universi
562 4781 817 4837 dixerunt
846 4796 863 4836 :
895 4781 966 4836 Et
996 4783 1149 4849 juxta
1176 4782 1366 4838 viduos
1393 4793 1450 4839 et
1468 4784 1661 4840 viduas
1679 4786 1871 4842 eadem

263 4876 358 4931 lex
397 4882 618 4929 maneat
638 4880 692 4927 et
714 4873 1002 4929 sententia.

266 4967 439 5039 117
484 4964 547 5021 V.
585 4964 653 5021 Ut
678 4965 863 5036 clerici
903 4975 950 5021 et
993 4964 1116 5020 laici
1156 4967 1211 5020 in
1251 4967 1463 5022 alterius
1514 4968 1723 5024 ecclesia
1769 4970 1878 5025 non

915 5039 1235 5092 ordinentur.

340 5131 607 5187 Privatus
653 5133 939 5202 episcopus
980 5132 1385 5202 Bejeiselita'uus
1422 5132 1587 5189 dixit:
1636 5132 1879 5208 Suggere

264 5224 559 5281 sanctitati
608 5234 827 5293 vestrae,
857 5232 916 5280 ut
939 5230 1187 5303 statuatis
1237 5243 1343 5283 non
1373 5227 1572 5285 debere
1617 5228 1875 5286 clericum

262 5320 518 5377 alienum
556 5319 624 5376 ab
649 5318 831 5389 aliquo
859 5318 1060 5387 suscipi
1109 5319 1226 5375 sine
1259 5319 1459 5376 litteris
1488 5321 1725 5390 episcopi
1756 5320 1873 5388 sui,

309 5489 376 5565 ἐι
421 5478 509 5533 Ex
543 5476 657 5549 AL,
702 5476 767 5533 Τ.
794 5476 853 5548 2,
886 5477 977 5545 U.,
1005 5476 1069 5534 G.
1098 5477 1156 5535 in
1182 5479 1249 5534 A.
1278 5486 1333 5535 et
1353 5479 1577 5551 reliquis
1600 5496 1615 5535 :
1641 5494 1877 5537 commit-

262 5566 508 5691 ἠοξ
544 5617 633 5686 6.,
672 5637 704 5675 a
733 5620 881 5675 nobis
906 5620 1364 5691 sic'conﬁrn’tatum
1393 5628 1483 5677 aut
1509 5630 1757 5678 statutum
1778 5632 1875 5682 est.

351 5704 377 5759 ς
405 5689 531 5759 JE.,
562 5691 622 5745 Β.
640 5692 734 5757 τι,
762 5691 827 5747 Τ.
860 5694 925 5758 l,’
949 5692 1034 5758 U.,,
1059 5689 1147 5759 (ἱ,
1173 5698 1468 5750 concessum
1497 5692 1696 5751 habeat.

350 5758 384 5799 (ί
415 5762 479 5817 ln
509 5762 905 5819 Codicibus.....
937 5780 1041 5819 non
1065 5758 1330 5822 accedant.

353 5842 381 5871 °
418 5832 514 5900 υ.,
542 5842 589 5888 et
620 5850 876 5892 nemo.....
906 5835 1131 5893 accedet.

1975 3234 2071 3289 des
2097 3242 2151 3289 et
2180 3232 2325 3287 clero
2353 3243 2407 3285 et
2436 3229 2587 3284 laicis
2610 3228 2902 3283 consulens
2930 3224 2978 3282 ί.

1973 3346 2104 3402 Vill.
2149 3343 2219 3401 Ut
2251 3343 2500 3415 intplicati
2537 3340 2754 3415 negotiis
2790 3339 2993 3415 alienis.
3026 3338 3129 3391 nisi
3164 3344 3321 3392 antea
3359 3334 3566 3392 reddita

2335 3414 2533 3468 ratione
2552 3412 2724 3467 clerici
2747 3428 2847 3475 non
2866 3411 3186 3471 ordinentur.

2039 3528 2257 3598 Magnus
2287 3526 2571 3596 episcopus
2614 3522 2966 3594 Astuagensis
3001 3522 3171 3577 dixit:
3235 3518 3372 3588 Quid
3422 3517 3564 3575 dile-

1967 3622 2133 3679 ctioni
2163 3631 2357 3675 vestrae
2385 3620 2617 3683 videtur,
2634 3626 3008 3687 procuratores
3037 3622 3090 3669 et
3112 3616 3566 3678 actores,tutores

1968 3716 2134 3772 etiam
2166 3729 2260 3769 seu
2286 3721 2566 3767 curatores
2594 3709 2916 3779 pupillorum
2951 3708 2999 3763 si
3029 3708 3261 3761 debeant
3290 3703 3568 3759 ordinarii

1973 3810 2170 3865 Gratus
2195 3807 2483 3877 episcOpus
2510 3804 2678 3859 dixit:
2711 3801 2771 3858 Si
2798 3810 2922 3870 post
2949 3800 3193 3867 deposita
3234 3801 3485 3852 universa
3512 3805 3569 3852 et

1969 3903 2178 3958 reddita
2205 3901 2365 3971 118
2397 3897 2676 3952 ratiocinia
2709 3906 2732 3942 Β
2763 3906 2913 3948 actus
2941 3895 3063 3947 vitae
3098 3892 3337 3960 ipsorum
3372 3888 3571 3942 fuerint

1970 3991 2303 4057 comprobati
2327 3993 2379 4043 in
2408 3987 2681 4053 omnibus,
2696 3985 2931 4040 debeant
2953 3992 3011 4039 et
3026 3998 3149 4038 eum
3179 3982 3336 4035 laude
3369 3980 3498 4036 cieri
3521 3979 3567 4034 si

1972 4082 2268 4152 postulatus
2301 4080 2458 4134 luerit
2487 4079 2692 4134 honore
2732 4077 3037 4142 munerari;
3071 4076 3118 4131 si
3140 4074 3283 4130 enim
3328 4082 3453 4127 ante
3496 4072 3564 4127 li-

1971 4177 2234 4231 bertatem
2283 4175 2623 4244 negotiorum
2668 4173 2755 4227 vel
2796 4171 3098 4227 ofﬁciorum
3133 4170 3205 4224 ab
3233 4168 3413 4239 aliquo
3444 4168 3567 4224 sine

1972 4267 2401 4324 consideratione
2431 4267 2595 4322 luerit
2632 4264 2937 4329 ordinatus,
2967 4261 3209 4320 Ecclesia
3254 4261 3566 4317 infamatur.

1975 4361 2223 4418 Universi
2247 4362 2534 4419 dixerunt:
2565 4360 2733 4416 Recte
2751 4360 2934 4416 omnia
2954 4358 3144 4414 statuit
3162 4358 3424 4414 sanctitas
3445 4360 3566 4425 tua;

1970 4454 2093 4512 ideo
2118 4470 2238 4527 quae
2268 4463 2357 4510 tua
2381 4463 2484 4523 est,
2504 4464 2688 4511 nostra
2715 4461 2799 4511 est
2823 4467 3038 4524 quoque
3060 4452 3351 4508 sententia.

1974 4569 2069 4627 ιχ.
2104 4568 2173 4626 Ut
2195 4570 2317 4625 laici
2345 4571 2554 4627 clericos
2588 4579 2783 4625 actores
2800 4569 2878 4623 uel
2908 4560 3294 4623 ratiocinantem
3323 4564 3423 4623 sibi
3465 4549 3574 4623 uoti

2602 4645 2935 4697 constituunt.

2046 4758 2251 4814 Mettun
2277 4755 2580 4813 Cannensis
2604 4754 2634 4793 ιι
2670 4756 2955 4825 episcopus
2984 4754 3152 4810 dixit:
3199 4752 3367 4811 Recto
3399 4760 3594 4851 statuo;

1976 4860 2089 4906 tum
2119 4859 2204 4905 est
2230 4858 2290 4903 ut
2327 4848 2548 4902 obnoxii
2583 4847 3030 4923 negotiisalienis
3068 4862 3173 4901 non
3219 4846 3564 4911 ordinentur;

1978 4936 2159 4996 tamen
2190 4941 2235 4995 si
2262 4939 2490 5005 dimissi,
2524 4947 2577 4992 et
2600 4940 2797 5007 gratias
2826 4937 3030 4995 referre
3048 4938 3246 4994 debent
3272 4947 3327 4995 et
3352 4952 3383 4991 a
3410 4936 3571 4993 cleri-

1978 5048 2161 5088 corum
2184 5031 2378 5102 injuria
2406 5040 2734 5101 temperare:
2765 5042 2820 5088 et
2862 5033 2994 5103 ipsis
3021 5048 3128 5089 non
3156 5034 3314 5088 liceat
3351 5030 3435 5085 vel
3465 5024 3585 5085 do?

1979 5127 2141 5182 minis
2168 5125 2393 5182 clericos
2417 5136 2629 5183 nostros
2655 5128 2855 5200 eligere
2887 5129 3261 5198 apothecarios
3289 5126 3375 5182 vel
3403 5108 3587 5181 ratio?

1980 5221 2265 5277 cinatores.
2299 5220 2494 5278 Gratus
2521 5223 2807 5295 episcopus
2834 5224 2997 5279 dixit:
3040 5222 3181 5276 Nulli
3226 5220 3446 5275 dubium
3484 5228 3570 5277 est

1980 5314 2120 5385 quod
2158 5328 2346 5370 omnes
2373 5314 2455 5369 vel
2482 5314 2680 5370 domini
2702 5316 2787 5372 vel
2818 5321 3190 5384 procuratores
3219 5309 3307 5366 vel
3333 5311 3567 5382 quicun-

2055 5476 2076 5516 ί
2102 5479 2181 5535 Ex
2210 5477 2433 5549 reliquis
2459 5476 2750 5534 Codicibus
2768 5478 3045 5546 desumpta
3062 5472 3178 5530 haec
3191 5472 3371 5530 lectio.
3396 5475 3453 5533 ln
3471 5478 3567 5547 A.,

1980 5561 2036 5606 ut
2059 5551 2255 5605 clericis
2283 5558 2334 5605 et
2362 5550 2493 5604 laico
2520 5550 2855 5604 consulentes.

3626 5556 3645 5607 .,

1978 5650 1982 5665 ν
2053 5630 2080 5671 ι
2112 5621 2192 5677 Ex
2218 5616 2283 5678 U.
2314 5621 2369 5676 In
2388 5623 2451 5675 A.
2479 5632 2531 5675 et
2562 5621 2801 5688 reliquis,
2824 5617 3095 5673 ratiocinia
3122 5618 3165 5674 si
3194 5623 3376 5671 actus:
3410 5616 3569 5676 addi-
3634 5638 3641 5656 ι

1979 5702 2068 5765 tur
2091 5694 2335 5765 itaquesi
2357 5692 2499 5761 quod
2521 5689 2827 5765 redundare
2849 5690 3017 5765 visum
3038 5699 3138 5747 est.

2053 5763 2083 5803 h
2234 5756 2675 5839 _Met'iucane.nsis.
2707 5757 2772 5814 T.
2799 5760 2880 5839 2.,
2907 5759 3087 5820 Metuit
3112 5756 3445 5829 οαποικηεὶδ.
3479 5757 3579 5825 lla

1979 5835 2075 5906 6.,
2104 5834 2211 5891 Mel
2232 5832 2599 5888 Tuncanensis.
