4024 6350
503 370 609 429 res
1152 366 1536 427 COLLECTIO
1570 346 1903 426 essanun
1957 368 2020 425 s.
2063 366 2080 423 ι

2200 366 2336 426 01ιο
2375 366 2643 426 HISPAL.
2687 364 3052 429 ASCRIPTA.
3686 378 3791 438 184

501 503 607 558 que
649 489 906 556 praesunt,
950 497 1071 540 cum
1132 481 1403 538 audierint
1445 480 1800 537 saluberrima
1850 479 2092 536 instituta
2125 486 2173 543 Α
2202 480 2399 537 Gratus
2428 483 2714 555 episcopus
2742 486 2909 542 dixit:
2942 487 3161 543 Factum
3206 486 3311 545 hoc
3347 488 3641 549 dolendum
3686 504 3793 563 est,

500 580 716 639 concilii
761 589 815 635 et
842 579 946 635 sibi
985 592 1103 635 esse
1145 577 1449 634 consultum
1476 590 1577 632 nec
1610 575 2098 645 impeditum,pro—
2204 582 2264 628 ut
2310 575 2363 629 in
2402 589 2463 631 se
2502 576 2727 633 illiciant
2773 579 3088 649 populorum
3163 581 3534 653 imperitorum
3583 588 3797 648 animos

439 713 447 741 -,
502 675 677 745 priam
712 672 1029 729 inhibebunt
1060 669 1308 739 injuriam
1337 668 1391 724 in
1418 668 1633 723 clericis
1659 666 1858 722 nostris
1886 683 1900 733 ;
1952 664 2092 735 quod
2202 678 2393 723 contra
2424 667 2783 738 disciplinam,
2807 680 2996 727 contra
3038 674 3400 743 evangelicam
3422 669 3793 750 tratlitidhetn,

442 760 445 765 .
502 766 550 821 si
580 765 635 820 in
665 764 911 834 injuriam
931 759 1334 816 constitutionis
1366 756 1727 827 imperatoriae
1757 754 1990 811 clericos
2012 754 2097 809 in-
2201 767 2386 815 contra
2415 761 2612 831 placita
2653 764 2832 832 pacis;
2874 779 2996 819 nam
3028 765 3074 820 si
3116 765 3218 821 sibi
3269 782 3431 836 posse
3481 772 3798 842 contingere

504 858 823 932 quietandos
867 854 1198 927 putaverint,
1230 862 1287 908 et
1314 852 1557 910 defensio
1582 849 1943 905 ecclesiastica
1990 862 2097 903 non
2200 854 2615 926 arbitrarentur,
2640 872 2911 927 nunquam
2957 858 3199 929 profecto
3241 861 3296 917 in
3336 861 3557 919 fratrem
3605 865 3802 937 aliquis

505 955 679 1010 deerit
705 963 757 1009 et
782 950 951 1021 pudor
982 948 1227 1019 publicus
1249 946 1627 1002 vindicabitur.
1669 943 1916 998 Universi
1943 942 2099 999 dixe-
2201 948 2547 1021 deliquisset:
2580 952 2723 1008 unde
2748 961 2841 1007 aut
2885 952 3013 1009 inita
3044 963 3197 1025 pacta
3218 956 3300 1011 sui
3328 957 3609 1014 obtineant
3632 959 3801 1016 ﬁrmi-

500 1057 659 1101 runt:
684 1043 1057 1100 Saluberrima:
1080 1041 1416 1111 provisiones
1445 1038 1744 1095 debuerunt
1768 1045 1914 1092 tanto
1937 1034 2097 1091 condi
2202 1051 2386 1110 tatem,
2410 1052 2504 1099 aut
2528 1054 2850 1116 conventus,
2890 1048 2935 1103 si
2960 1061 3020 1103 se
3050 1062 3156 1104 non
3195 1048 3512 1114 cohibuerit,
3543 1050 3802 1107 ecclesia-

502 1138 747 1194 concilio.
2201 1136 2392 1215 stica‘m
2448 1137 2644 1194 sentiet
2681 1136 3036 1209 disciplinam.
3080 1138 3329 1196 Universi
3357 1140 3612 1197 dixerunt
3644 1159 3658 1198 :
3687 1140 3800 1198 Pax

501 1230 573 1287 Χ.
589 1230 670 1285 Ne
684 1231 954 1298 episcOpus
968 1228 1179 1283 alterius
1200 1226 1422 1299 epist-api
1434 1224 1602 1297 plebes
1616 1235 1705 1280 aut
1725 1225 1852 1293 ﬁnes
1866 1232 2097 1296 usurpet.
2201 1238 2468 1299 servetur,
2509 1239 2663 1299 pacta
2690 1231 3081 1288 custodiantur.

570 1323 719 1379 Felix
742 1322 1033 1392 episcopus
1058 1318 1301 1390 Bajensis
1331 1319 1494 1373 dixit:
1527 1316 1713 1372 Nullus
1751 1317 1911 1374 debet
1936 1317 2102 1374 colle-
2467 1321 2609 1379 ΧΙΙΙ.
2645 1323 2714 1379 Ut
2744 1341 2844 1379 non
2875 1326 3025 1382 liceat
3054 1327 3249 1382 clericis
3279 1327 3523 1397 (curari.

497 1430 579 1487 gae
605 1416 783 1470 facere
814 1413 1085 1483 injuriam,
1120 1410 1272 1465 multi
1304 1410 1449 1465 enim
1478 1417 1532 1464 et
1553 1408 1935 1464 transcendunt
1972 1422 2088 1464 snas

2270 1412 2646 1472 Abundantius
2657 1418 2941 1489 episcopus
2953 1419 3339 1476 Adrumetinus
3353 1421 3492 1476 dixit
3511 1420 3595 1476 :ln
3611 1432 3799 1479 nostro

500 1514 557 1562 et
596 1513 854 1575 usurpant
892 1504 1098 1558 alienas
1124 1501 1331 1570 plebes,
1367 1499 1497 1569 ipsis
1521 1500 1727 1555 invitis.
1765 1499 1961 1555 Gratus
1983 1498 2088 1570 epi-

2200 1507 2434 1564 concilio
2450 1517 2709 1565 statutum
2740 1519 2824 1565 est
2862 1520 2923 1566 ut
2946 1524 3055 1566 non
3061 1514 3077 1581 λ
3106 1512 3497 1569 liceatc‘lericis
3526 1513 3794 1569 fenerari:

497 1598 869 1670 s‘copusdixit:
894 1596 1148 1653 Avaritia:
1173 1594 1516 1664 cupiditatem
1543 1603 1567 1631 α
1590 1594 1826 1650 radicem
1856 1594 2095 1650 omnium
2200 1602 2329 1673 quid
2359 1601 2519 1659 etiam
2549 1604 2821 1660 sanctitati
2852 1607 3011 1678 120
3032 1616 3136 1661 ιυτε
3164 1615 3219 1662 οι
3248 1607 3373 1662 huic
3396 1607 3623 1663 ςοηοίιίο
3647 1607 3798 1664 vide.

452 1764 455 1771 Ι
503 1694 770 1749 malorum
803 1706 923 1746 esse
952 1705 1109 1744 nemo
1137 1699 1220 1743 est
1249 1689 1339 1759 qui
1369 1688 1575 1743 dubitet
1604 1686 1631 1726 δ
1658 1703 1672 1741 :
1698 1686 1921 1757 proinde
1959 1686 2100 1743 inhi-
2203 1704 2310 1765 tur,
2366 1697 2619 1767 presenti
2670 1698 2864 1767 placito
2920 1698 3252 1770 designetur,
3285 1697 3481 1755 Gratus
3512 1701 3798 1771 episcopus

497 1785 733 1841 bendum
752 1794 831 1839 est
853 1799 922 1841 ne
943 1783 1063 1854 quis
1079 1781 1281 1837 alienos
1305 1782 1437 1837 fines
1470 1788 1691 1850 usurpet
1712 1789 2101 1836 auttranscen-
2127 1853 2170 1865 __
2201 1789 2367 1845 dixit:
2400 1790 2617 1847 Novella
2665 1793 2978 1865 suggestio:
3010 1808 3129 1863 quae
3169 1792 3252 1848 vel
3282 1793 3510 1849 obscura
3550 1802 3676 1849 sunt
3714 1794 3798 1851 vel

498 1877 591 1931 dat
627 1878 938 1946 episcopum
966 1853 1246 1943 collegam
1283 1888 1439 1928 suum
1487 1882 1545 1928 et
1590 1881 1813 1942 usurpet
1871 1870 2088 1927 alterius

2203 1882 2305 1939 sub
2321 1899 2517 1953 genere
2532 1853 2989 1956 latent,ibspecta
3016 1853 3046 1940 a
3070 1886 3225 1941 nobis
3248 1884 3475 1941 formant
3496 1887 3794 1957 accipient:

499 1971 687 2039 plebes
709 1971 829 2026 sine
850 1970 966 2039 ejus
994 1969 1184 2036 petitu,
1206 1966 1330 2037 quia
1361 1966 1487 2021 inde
1516 1974 1711 2021 catera
1740 1965 1882 2020 mala
1921 1965 2099 2020 omnia
2203 1986 2460 2031 cancrum
2476 1975 2544 2031 de
2563 1976 2755 2046 quibus
2769 1974 3107 2048 apertissime
3123 1976 3300 2031 divina
3318 1977 3596 2048 Scriptura
3621 1977 3799 2033 sanxi;

498 2073 849 2132 generantur.
895 2058 1145 2117 Universi
1172 2057 1457 2112 dixerunt:
1486 2056 1691 2123 Placet,
1723 2056 1915 2126 placet.

2203 2081 2309 2122 non
2362 2066 2583 2123 ferenda
2628 2068 2893 2123 sententia
2928 2078 3033 2136 est,
3058 2068 3153 2123 sed
3203 2069 3382 2139 potius
3427 2069 3796 2140 exsequenda.

494 2153 583 2209 Χῐ-
611 2153 689 2208 οε
718 2152 913 2234 ειεζίείε
944 2149 1351 2235 εοηιιιτηασξθιξει
1370 2157 1416 2202 ει
1439 2149 1735 2235 ἀεβιεφιθνο
1750 2146 2099 2229 iudicantium
2200 2161 2435 2217 Proinde
2460 2160 2601 2231 quod
2632 2164 2687 2217 in
2713 2160 2866 2217 laicis
2887 2161 3334 2232 deprehenditur,
3353 2161 3406 2217 id
3429 2162 3599 2218 multo
3629 2164 3799 2235 magis

741 2224 1056 2292 episcopum,
1100 2222 1446 2290 presbyterum
1470 2228 1516 2273 et
1546 2218 1867 2286 diaconum.”

562 2315 959 2386 Elpidephorus
1013 2312 1175 2386 [/E.,
1228 2310 1675 2384 Elipidephorus]
1726 2310 2095 2367 Cuiculitanus

488 2411 775 2480 episcopus
823 2409 991 2464 dixit:
1028 2406 1240 2465 Statuat
1273 2404 1529 2461 sanctitas
1567 2413 1769 2474 vestra,
1802 2411 1861 2459 ut
1908 2399 2091 2458 clerici

497 2501 590 2574 qui
630 2501 850 2570 superbi
890 2501 975 2557 vel
1019 2511 1360 2555 contumaces
1388 2507 1516 2553 sunt
1564 2504 1961 2553 coerceantur:
2001 2492 2093 2565 qui

490 2594 736 2647 minores
764 2602 889 2646 sunt
917 2597 974 2646 et
1004 2592 1304 2660 majoribus
1336 2586 1695 2659 irrogaverint
1723 2586 1947 2657 injurias
1979 2601 2095 2641 me-

488 2694 604 2738 tum
631 2682 868 2739 habeant
894 2682 1212 2753 disciplinae.
1235 2680 1432 2736 Gratus
1458 2680 1743 2751 episcopus
1780 2677 1942 2733 dixit:
1984 2676 2093 2731 Ma-

488 2772 742 2830 nifestum
766 2784 848 2830 est
872 2774 1018 2829 illum
1051 2788 1155 2827 non
1185 2786 1306 2827 esse
1332 2770 1425 2827 Dei
1447 2771 1537 2842 qui
1569 2770 1921 2825 humilitatem
1959 2784 2091 2827 con-

2198 2254 2361 2311 debet
2409 2254 2465 2310 in
2510 2254 2720 2310 clericis
2766 2253 3144 2324 praedamnari.
3212 2255 3461 2311 Universi
3513 2255 3798 2312 dixerunt:

2196 2348 2367 2404 Nemo
2392 2356 2583 2403 contra
2615 2347 3105 2419 prophetas,nemo
3134 2358 3328 2406 contra
3356 2348 3647 2421 Evangelia
3675 2349 3799 2405 facit

2193 2444 2313 2499 sine
2342 2442 2603 2513 periculo.

2194 2534 2337 2591 XIV.
2373 2535 2441 2591 Ut
2470 2536 2589 2591 laici
2604 2544 2972 2604 contemptores
2997 2554 3254 2594 canonum
3274 2536 3795 2606 excommunicentur,

2613 2609 2784 2663 clerici
2838 2610 3029 2664 honore
3086 2613 3364 2681 primum.

2264 2696 2467 2754 Gratus
2508 2698 2795 2770 episcopus
2850 2700 3026 2755 dixit:
3064 2701 3221 2757 Juxta
3253 2710 3452 2756 statuta
3496 2700 3713 2756 concilii
3745 2710 3800 2759 et

2190 2807 2329 2849 meae
2379 2794 2771 2851 mediocritatis
2804 2796 3125 2852 sententiam
3177 2796 3355 2865 placet
3405 2796 3582 2852 facere
3617 2809 3799 2852 rerum

487 2864 727 2930 demnat,
759 2865 854 2921 sed
890 2866 1049 2936 119
1092 2863 1289 2919 diaboli
1314 2864 1403 2932 qui
1431 2861 1698 2932 superbiae
1738 2862 1989 2917 inventor
2033 2869 2088 2917 et

2200 2885 2433 2942 omnium
2477 2887 2919 2943 conclusionem:
2980 2861 3213 2943 universi
3256 2886 3396 2942 tituli
3435 2886 3703 2958 designati
3745 2896 3799 2945 et

489 2959 742 3028 princeps
770 2967 884 3013 est:
916 2957 1057 3012 unde
1087 2959 1131 3011 si
1157 2956 1279 3026 quis
1303 2954 1539 3010 tumidus
1562 2954 1645 3008 vel
1668 2955 2087 3010 contumeliosus
2188 2977 2383 3048 disc“;
2416 2985 2638 3035 unum
2668 2979 2969 3037 sementi”
3015 2994 3174 3046 suas;
3216 2995 3350 3036 sane
3390 2954 3685 3037 σκῶλος
3720 2991 3799 3037 ιε,

487 3051 757 3105 exstiterit
778 3050 831 3105 in
857 3050 1117 3120 majorem
1137 3058 1264 3104 natu
1281 3048 1367 3103 vel
1393 3047 1625 3117 aliquam
1647 3063 1861 3104 causam
1885 3050 2087 3106 habue-

487 3142 578 3205 rit,
609 3158 636 3195 a
668 3142 835 3197 tribus
863 3142 1057 3198 vicinis
1086 3142 1375 3211 episcopis,
1404 3140 1449 3195 si
1480 3140 1736 3196 diaconus
1773 3151 1857 3197 est
1881 3142 1974 3210 qui
2003 3156 2089 3197 ar-

484 3233 699 3302 guitur;
730 3232 776 3287 si
799 3234 1083 3306 presbyter
1119 3241 1222 3299 est,
1253 3247 1284 3286 a
1305 3247 1431 3298 sex;
1479 3233 1522 3286 si
1552 3233 1856 3302 episcopus,
1887 3248 1918 3287 a
1959 3234 2093 3290 duo-
2121 3218 2171 3286 C

486 3324 659 3381 decim
700 3328 1183 3385 consacerdotibus
1248 3325 1513 3380 audiatur.
1570 3325 1817 3382 Universi
1858 3326 2093 3397 episcopi

2188 3084 2343 3138 nere,
2372 3069 2563 3127 multis
2587 3071 2833 3127 conciliis
2856 3088 2885 3127 a
2918 3072 3158 3142 patribus
3188 3071 3389 3127 nostris
3417 3079 3474 3126 et
3508 3072 3798 3129 traditione

2200 3178 2323 3222 esse
2344 3165 2651 3255 damnatam
2676 3176 2729 3222 et
2743 3166 3180 3238 rebaptizationis
3196 3167 3525 3237 impietatem
3550 3182 3673 3223 esse
3696 3184 3797 3235 ιιιιτ

2202 3259 2491 3327 niendam;
2522 3276 2655 3331 quas
2685 3275 2772 3317 res
2816 3262 2977 3317 etiam
3010 3271 3193 3316 nostro
3218 3261 3446 3317 concilio
3476 3264 3639 3318 credo
3686 3262 3797 3332 jam

2200 3353 2495 3408 terminum
2518 3353 2813 3422 accepisse.
2843 3352 3069 3422 Reliqua
3098 3367 3228 3408 vero
3257 3368 3378 3423 qua:
3412 3353 3495 3409 vel
3527 3353 3667 3409 facta
3709 3353 3796 3411 vel

487 3417 1071 3517 ἀίκθςυηιτροηιξιτιάί
1101 3419 1262 3476 debet
1290 3418 1663 3484 “mummia’
1687 3427 1743 3517 9‘
1764 3420 2015 3517 suPerbi‘
2038 3421 2095 3477 ί¹¹
2197 3445 2342 3501 dicta
2373 3447 2624 3517 superius
2650 3417 3045 3517 comprehensa
3086 3455 3232 3515 sunt,
3258 3417 3341 3502 vel
3388 3446 3509 3503 aliis
3550 3447 3796 3505 conciliis

491 3512 740 3567 omnibus
780 3511 982 3583 frangi:
1010 3524 1187 3567 causa:
1217 3525 1345 3566 vero
1387 3524 1485 3581 pro
1514 3510 1756 3579 personis
1785 3510 1855 3566 ab
1893 3519 2093 3582 statuto

490 3618 716 3661 numero
747 3606 1053 3663 audiantur.

569 3696 689 3754 XII.
751 3699 821 3755 Ut
849 3704 1003 3771 pacia
1029 3700 1167 3754 inter
1191 3698 1457 3769 episcopos
1485 3698 1614 3753 inita
1634 3682 2015 3756 custodiantur.

559 3791 859 3861 Antigonus
894 3790 983 3862 [Τ.
1026 3790 1083 3859 2,
1140 3789 1230 3858 υ.,
1284 3791 1623 3865 Antigoniusj
1662 3793 1944 3863 episcopus
1981 3792 2092 3849 Ma-

489 3884 727 3954 ginensis
759 3895 781 3922 ε
827 3882 997 3938 dixit:
1036 3884 1268 3942 Gravem
1313 3884 1561 3957 injuriam
1600 3889 1789 3957 patior,
1836 3897 1891 3943 et
1926 3889 2088 3945 credo

488 3975 674 4031 dolere
719 3975 1057 4033 sanctitatem
1099 3986 1336 4033 vestram
1382 3978 1759 4033 contumeliam
1811 3993 2012 4049 meam,
2034 3989 2090 4037 et

488 4074 803 4136 computare
821 4082 1164 4127 communem
1193 4070 1444 4141 injuriam
1472 4070 1525 4126 ιι.
1553 4070 1839 4140 Optantius
1867 4085 1990 4127 cum
2026 4087 2088 4129 se

486 4167 903 4226 representaret
948 4172 1164 4231 pactum
1214 4177 1426 4219 mecum
1478 4162 1663 4219 habuit
1699 4172 1755 4218 et
1805 4162 2086 4220 divisimus

488 4250 716 4319 plebes;
750 4267 939 4309 manus
970 4265 1171 4312 nostra:
1201 4264 1452 4312 tenentur
1494 4266 1552 4312 et
1596 4256 1854 4324 pittacia:
1898 4265 2085 4312 contra

489 4340 597 4397 hoc
619 4353 834 4413 pactum
875 4345 1068 4402 circuit
1094 4346 1279 4417 plebes
1308 4347 1440 4402 mihi
1480 4348 1793 4413 attributas,
1818 4353 1874 4402 et
1901 4361 2086 4402 susur-

490 4442 575 4489 rat
603 4436 816 4505 populis
838 4446 893 4493 ut
920 4436 1069 4494 illum
1101 4440 1336 4506 Patrem,
1366 4455 1453 4496 me
1478 4438 1732 4495 vitricum
1780 4441 2079 4496 nominent.

564 4575 589 4604 ⁸
619 4567 712 4636 U.,
745 4570 1025 4625 Avaritiam
1052 4581 1107 4628 et
1133 4573 1482 4657 cupiditatem.

562 4636 589 4674 b
620 4638 696 4674 ην
730 4638 785 4674 Εἰ
846 4640 904 4674 In
943 4644 971 4674 Δ
1026 4653 1076 4674 Δ.
1109 4644 1360 4674 -..I.....:..
1392 4646 1481 4674 -m-

616 4638 699 4715 E_x
823 4640 907 4715 _ln
934 4644 1005 4715 ᾼ.
1025 4653 1079 4699 et
1106 4638 1361 4715 reliquis:
1388 4646 1509 4715 quis
1536 4660 1684 4701 nemo
1713 4646 1930 4706 dubitet.

568 4721 592 4749 ο
614 4708 705 4764 1E.
738 4711 800 4766 Β.
820 4712 910 4779 R.,
933 4714 999 4770 Τ.
1031 4731 1072 4782 1,
1096 4708 1429 4788 Μααὶτεηείέ.
1458 4716 1547 4784 U.,
1577 4716 1905 4792 Margiensis.

2194 3541 2499 3612 conscripta
2539 3542 2835 3597 secundum
2881 3542 3053 3613 legem
3115 3542 3485 3608 inveniuntur,
3521 3542 3797 3601 custodire

2194 3648 2296 3691 nos
2320 3641 2551 3706 oportet.
2585 3634 2643 3691 Si
2668 3635 2789 3705 quis
2819 3650 2947 3691 vero
2968 3644 3165 3690 statuta
3196 3649 3578 3705 supergressus
3605 3649 3797 3692 corru-

2195 3727 2333 3798 perit
2360 3727 2445 3783 vel
2473 3742 2569 3797 pro
2595 3726 2764 3783 nihilo
2795 3727 3039 3784 habenda
3078 3728 3363 3797 putaverit,
3393 3726 3437 3782 si
3473 3727 3643 3782 laicus
3688 3735 3791 3796 est,

2193 3819 2599 3886 communione;
2628 3821 2674 3876 si
2697 3820 2927 3877 clericus
2972 3829 3079 3888 est,
3110 3821 3317 3876 honore
3366 3820 3630 3891 privetur.
3661 3820 3794 3876 Uni-

2192 3913 2335 3969 versi
2357 3912 2632 3968 dixerunt:
2647 3912 2855 3979 Placet,
2870 3914 3065 3984 placet.
3084 3914 3281 3971 Gratus
3298 3912 3585 3984 episcopus
3623 3913 3755 3969 dixit
3772 3931 3789 3969 :

2190 4004 2451 4076 Superest
2495 4007 2605 4077 jam
2656 4018 2714 4061 ut
2765 4007 2958 4079 placita
2986 4008 3225 4064 omnium
3271 4016 3540 4075 nostrum,
3571 4021 3691 4079 quae
3718 4006 3793 4063 ad

2193 4115 2520 4157 consensum
2546 4109 2785 4158 vestrum
2808 4110 2934 4156 sunt
2960 4101 3185 4173 scripta,
3219 4111 3398 4158 vestra
3420 4116 3636 4173 quoque
3664 4103 3793 4157 sub-

2190 4193 2486 4264 scriptione
2511 4194 2761 4250 ﬁrmetis.
2779 4192 3027 4250 Universi
3044 4194 3298 4249 dixerunt
3317 4210 3330 4247 :
3352 4193 3416 4248 Et
3446 4193 3792 4255 consensisse

2191 4300 2290 4342 nos
2319 4284 2535 4342 concilii
2560 4286 2719 4357 hujus
2749 4287 2949 4356 scripta
2975 4294 3247 4342 testantur
3274 4304 3285 4339 :
3316 4296 3373 4342 et
3393 4285 3791 4356 subscriptione

2186 4385 2373 4434 nostra
2398 4392 2696 4435 consensus
2733 4377 3096 4434 declarabitur
3125 4387 3330 4433 noster.
3363 4376 3430 4433 Et
3450 4376 3790 4447 subscripse-

2186 4480 2333 4526 runt.

2115 4599 2171 4661 D
2266 4600 2294 4641 τι
2325 4603 2403 4659 Ex
2435 4563 2658 4673 reliquis
2700 4570 2895 4672 praeter
2931 4603 3025 4671 A.,
3054 4574 3248 4674 inquo
3286 4580 3478 4659 desunt
3497 4600 3696 4659 verba:
3740 4608 3792 4657 et

2199 4683 2495 4747 computare
2521 4690 2841 4729 communem
2865 4676 3133 4746 injuriam.

500 4868 3789 4910 Μ

1996 5002 2211 5078 XIII

1434 5178 1803 5237 CONCILIUM
1825 5172 2407 5236 CARTHAGINENSE
2445 5172 2819 5232 SECUNDUM

909 5329 1263 5376 IEXAGINTA
1310 5330 1498 5377 UNIUS
1544 5331 1983 5378 EPISCOPORUM
2028 5331 2172 5375 ΙΒΔ
2218 5326 2577 5373 CCCCXXVHI
2627 5327 2735 5373 XVI
2778 5327 3112 5371 XALENDAS
3154 5328 3393 5373 JULIAS.

561 5460 965 5517 Gloriosissimo
1030 5461 1353 5532 imperatore
1422 5460 1795 5518 Valentiniano
1844 5465 2084 5533 Augusto

490 5565 680 5628 quarto
700 5566 753 5609 et
769 5553 1016 5610 Neoterio
1040 5555 1167 5612 viris
1179 5554 1493 5611 clarissimis
1510 5556 1839 5621 consulibus,
1856 5556 2084 5612 Cartha-

490 5648 611 5715 gine
646 5646 697 5700 in
748 5646 963 5703 basilica
989 5630 1242 5717 perpetua
1266 5645 1533 5711 restituta,
1551 5662 1672 5707 cum
1690 5648 2087 5718 Genecliusepi-

490 5750 686 5805 scopus
734 5752 833 5791 una
862 5752 983 5792 cum
1010 5737 1227 5793 Victore
1270 5734 1607 5802 Abdiritano,
1633 5745 1685 5792 et
1725 5737 1831 5792 alio
1876 5736 2086 5793 Victore

2192 5459 2578 5533 Puppianensi,
2611 5472 2668 5519 et
2693 5464 2905 5519 cmteris
2933 5460 3267 5533 coepiscopis
3318 5460 3430 5517 suis
3472 5460 3788 5533 provincia-

2192 5568 2311 5608 rum
2342 5553 2671 5610 diversarum
2704 5562 2728 5593 ³
2757 5552 3151 5609 consedissent.

2309 5651 2461 5720 121
2515 5649 2554 5704 l.
2587 5647 2654 5705 Ut
2687 5648 2909 5705 Trinitas
2934 5656 2984 5703 et
3013 5647 3253 5703 credatur
3270 5656 3320 5702 et
3347 5646 3675 5716 praedicetur.

2265 5736 2551 5795 Geneclius
2615 5740 2899 5811 episcopus
2954 5738 3091 5796 dixit
3147 5755 3163 5795 :
3231 5737 3600 5809 Omnipotenti
3669 5738 3781 5792 Deo

560 5889 588 5917 ει
620 5877 680 5935 In
703 5878 770 5934 A.
802 5879 957 5937 deest
980 5890 1084 5933 vox
1111 5876 1459 5945 diversarum,
1490 5891 1610 5961 qua:
1635 5891 1700 5935 ex
1728 5875 1944 5951 caeteris
1988 5874 2272 5940 Codicibus
2299 5877 2582 5948 desumpta
2607 5887 2715 5935 est;
