4024 6350
181 355 276 414 185

1055 339 1339 402 AFRICE
1378 334 1718 396 CONCILIA.
1759 361 1830 375 --
1867 331 2454 392 CARTHAGINENSE
2492 329 2560 388 ll.

3360 336 3466 393 186

182 470 371 549 gratias
395 465 610 533 refero,
659 464 750 536 qui
777 462 1022 534 permisit
1059 470 1117 517 ut
1153 457 1447 516 secundum
1481 465 1766 510 commune
1793 453 1845 512 Α
1873 447 2116 537 petierit,
2171 447 2216 502 si
2257 446 2543 518 episcopus
2581 445 2775 502 absens
2823 443 3022 514 fuerit,
3071 446 3234 504 debet
3280 451 3467 523 utique

181 561 458 621 consilium
490 568 515 596 ι
561 557 797 612 habitum
827 554 880 611 in
910 556 1203 626 praeterito,
1262 560 1316 607 et
1339 551 1492 619 juxta
1525 556 1766 602 tenorem

185 653 453 730 petitionis
473 651 1020 705 litterarummearum
1049 645 1114 700 ad
1136 641 1513 712 Carthaginem
1544 652 1641 709 pro
1664 637 1770 692 fide

183 759 333 817 atque
356 742 586 797 utilitate
601 740 966 795 ecclesiastica
988 735 1266 798 veniretis,
1292 733 1391 788 etsi
1417 747 1525 788 non
1555 744 1768 796 omnes,

187 850 356 893 tamen
387 834 640 905 quoniam
689 841 856 886 totum
900 829 1131 884 charitas
1164 824 1451 895 persuadet
1481 822 1536 889 ι’,
1579 831 1638 876 ιιι
1679 819 1770 892 qui

186 947 404 1004 corpore
447 938 572 984 sunt
618 927 872 982 absentes
898 965 913 991 ,
957 922 1232 978 nobiscum
1271 918 1462 989 spiritu
1489 915 1772 970 videantur

187 1042 294 1084 esse
321 1020 621 1093 conjuncti;
657 1017 881 1083 idcirco,
917 1017 1029 1070 Deo
1058 1013 1290 1085 propitio
1320 1011 1443 1081 quia
1474 1015 1770 1079 praesentes

191 1121 332 1181 estis,
361 1117 475 1188 pari
495 1112 832 1185 professione
862 1109 993 1164 ﬁdes
1023 1105 1388 1163 ecclesiastica
1411 1118 1531 1173 quae
1554 1116 1649 1171 per
1673 1113 1771 1155 nos

194 1210 405 1266 traditur
437 1207 489 1261 in
542 1206 644 1262 hoc
699 1213 842 1259 caatu
889 1201 1123 1272 glorioso
1168 1198 1414 1268 primitus
1465 1193 1770 1250 confitenda

191 1312 295 1360 est:
331 1311 456 1356 tunc
485 1298 702 1354 demum
733 1297 866 1352 ordo
916 1293 1314 1365 ecclesiasticus
1343 1289 1672 1361 singulorum
1717 1294 1773 1343 et

190 1408 447 1449 consensu
511 1390 752 1445 omnium
818 1385 1142 1442 astruendus
1198 1383 1267 1439 ad
1341 1378 1772 1437 corroborandas

189 1491 402 1544 fratrum
435 1496 488 1542 et
518 1486 962 1554 coepiscoporum
995 1489 1302 1536 nostrorum
1345 1490 1515 1546 nuper
1558 1487 1771 1544 promo-

186 1591 355 1637 torum
390 1587 603 1634 mentes
644 1578 710 1632 de
742 1575 825 1630 his
852 1589 972 1644 quas
1005 1569 1349 1642 proponenda
1383 1576 1541 1634 sunt,
1572 1581 1691 1636 qua:
1740 1579 1771 1618 a

185 1674 422 1745 patribus
449 1682 595 1729 certa
619 1669 971 1740 dispositione
999 1665 1304 1734 accepimus
1333 1680 1349 1718 :
1374 1671 1434 1717 ut
1454 1660 1768 1715 Trinitatem

184 1782 340 1832 quam
394 1765 591 1819 nostris
638 1764 691 1817 in
723 1761 974 1819 sensibus
1020 1764 1388 1813 consecratam
1432 1753 1766 1818 retinemus,

1873 534 2155 610 presbyter
2193 538 2475 593 consulere
2514 538 2852 609 episcOpum,
2875 545 2932 594 et
2959 538 3038 594 sic
3067 539 3463 607 periclitantem

1873 631 1991 701 ejus
2040 639 2307 700 praecepto
2350 630 2703 687 reconciliare
2754 647 2768 684 ;
2820 646 2978 699 quam
3032 645 3148 686 rem
3201 632 3465 691 debemus

1871 724 2075 782 salubri
2127 722 2353 779 consilio
2404 723 2683 781 roborare.
2744 726 2826 780 Ab
2876 725 3142 780 universis
3192 726 3462 795 episcopis

1874 819 2076 874 dictum
2116 825 2201 873 est
2238 832 2252 869 :
2285 814 2469 870 Placet
2507 816 2757 872 omnibus
2797 818 2939 887 quod
2981 817 3238 874 sanctitas
3287 829 3466 875 vestra

1873 914 2180 968 necessario
2210 924 2308 965 nos
2337 910 2600 964 instruere
2623 911 2840 980 dignata
2871 921 2971 968 est.

1875 1005 1940 1065 ν.
1967 1005 2036 1062 Ut
2061 1005 2288 1061 diatcesis
2332 1020 2444 1076 qua:
2488 1005 2782 1129 epijcobpum
2827 1021 3090 1076 nunquam
3145 1005 3323 1060 habuit
3365 1022 3469 1060 non

2589 1093 2636 1129 ta
2672 1087 2773 1129 eat.

2589 1087 2773 1130 tabeat.

1949 1171 2096 1227 Felix
2119 1171 2405 1241 episcopus
2458 1168 2901 1226 Selemselitanus
2945 1169 3080 1224 dixit
3106 1153 3126 1224 ἐ
3178 1170 3348 1226 Etiam
3377 1212 3392 1234 ,
3418 1171 3468 1228 si

1875 1265 1977 1320 hoc
2027 1265 2204 1336 placet
2258 1264 2528 1320 sanctitati
2552 1272 2768 1328 vestrce,
2814 1263 3059 1329 insinuo,
3107 1271 3168 1317 ut
3200 1264 3465 1321 dioeceses

1872 1372 1993 1427 quas
2036 1371 2308 1428 nunquam
2361 1357 2646 1425 episcopos
2694 1353 3027 1418 habuerunt,
3071 1370 3176 1408 non
3214 1354 3466 1423 habeant,

1873 1450 1957 1504 vel
1988 1449 2074 1504 illa
2113 1447 2364 1505 diaeresis
2394 1463 2513 1519 qua:
2557 1445 2844 1518 aliquando
2879 1445 3062 1501 habuit
3113 1445 3307 1502 habeat
3346 1463 3472 1516 pro-

1874 1543 2048 1613 prium
2080 1559 2094 1596 :
2129 1552 2183 1596 et
2212 1542 2256 1595 si
2281 1541 2573 1596 accedente
2601 1548 2868 1606 tempore,
2900 1545 3178 1594 crescente
3209 1538 3342 1602 fide,
3372 1539 3471 1596 Dei

1873 1636 2104 1708 populus
2131 1635 2515 1705 multiplicatus
2536 1632 2925 1689 desideraverit
2954 1633 3229 1701 proprium
3260 1631 3463 1688 habere

1873 1736 2175 1796 rectorem,
2227 1744 2350 1784 cum
2417 1727 2534 1797 ejus
2577 1726 2832 1781 videlicet
2875 1725 3154 1780 voluntate
3207 1726 3259 1779 in
3314 1724 3473 1793 cujus

183 1860 356 1914 Patris
386 1868 444 1914 et.
465 1857 587 1912 Filii
613 1866 668 1911 et
689 1854 923 1925 Spiritus
946 1851 1115 1905 sancti
1139 1849 1398 1905 unitatem
1422 1860 1541 1916 quae
1567 1817 1769 1898 nullam
1805 1830 1852 1893 Β
1881 1831 2145 1925 tmte-atate
2174 1819 2426 1925 ἀίωεθείξ
2452 1819 2742 1875 εσηειίιυιίι
2773 1826 2857 1923 es}
2886 1818 3106 1925 habet}:
3109 1817 3418 1887 episcopum
3453 1833 3468 1870 =

180 1956 417 2010 noscitur
465 1953 664 2008 habere
692 1950 1078 2010 dillerentiam,
1130 1946 1270 2000 sicut
1316 1940 1600 1997 didicimus
1652 1937 1768 2010 [U.,

180 2049 483 2119 discimus],
514 2049 586 2102 ita
618 2045 712 2100 Dei
743 2044 967 2115 populos
1000 2042 1350 2095 instruamus.
1385 2034 1468 2089 Ab
1507 2031 1774 2087 universis

175 2140 446 2211 episcopis
491 2139 693 2194 dictum
744 2145 830 2192 est
885 2152 898 2187 :
954 2133 1118 2188 Plane
1172 2129 1251 2184 sic
1308 2126 1644 2195 accepimus,
1697 2121 1778 2177 sic

177 2242 451 2296 tenemus,
502 2230 583 2284 sic
611 2228 868 2283 docemus
897 2224 1054 2280 fidem
1082 2220 1434 2291 apostolicam
1463 2223 1774 2285 sequentes.

253 2322 317 2376 ll.
349 2320 420 2376 Ut
440 2322 643 2374 castitas
664 2336 696 2372 a
729 2317 887 2372 levitis
909 2325 953 2371 et
983 2312 1331 2370 sacerdotibus
1359 2309 1703 2364 custodiatur.

249 2412 551 2482 Epigonius
574 2411 859 2480 episcopus
882 2406 1214 2462 Bullensium
1239 2402 1322 2475 [Τ.
1340 2401 1395 2467 2,
1415 2397 1774 2469 Hullensium]

179 2503 464 2572 regionum
506 2502 638 2556 dixit
672 2516 688 2555 :
731 2499 866 2554 Cum
910 2496 1185 2568 praeterito
1213 2491 1447 2549 concilio
1494 2491 1562 2546 de
1593 2488 1778 2545 conti-

181 2596 366 2652 nentia
401 2605 458 2652 et
500 2595 748 2651 castitate
795 2599 1131 2656 tractaretur,
1166 2587 1361 2659 gradus
1392 2585 1479 2640 isti
1527 2591 1638 2638 tres
1685 2580 1779 2650 qui

178 2693 568 2749 constrictione
608 2689 836 2761 quadam
890 2686 1154 2744 castitatis
1203 2679 1778 2754 per'consecrationes

177 2787 380 2842 annexi
411 2794 574 2853 sunt,
607 2785 893 2853 episcopus
924 2782 1165 2848 inquam,
1197 2775 1473 2846 presbyter
1502 2781 1556 2826 et
1583 2769 1778 2825 diaco-

180 2897 322 2948 nus,
377 2889 601 2935 tractatu
658 2876 907 2947 pleniori,
967 2881 1026 2928 ut
1080 2868 1388 2939 pudicitiam
1440 2864 1777 2930 custodiant,

177 2975 504 3032 doceantur.
552 2969 839 3027 Geneclius
887 2968 1176 3037 episcopus
1200 2963 1334 3018 dixit
1376 2978 1388 3016 :
1439 2958 1782 3027 Utsuperius

173 3067 384 3122 dictum
438 3072 553 3128 est,
604 3063 763 3117 decet
817 3065 1192 3114 sacrosanctos
1244 3049 1514 3107 antistites
1572 3063 1636 3102 ac
1686 3045 1782 3102 Dei

172 3161 523 3225 sacerdotes,
568 3171 774 3212 necnon
823 3163 880 3210 et
923 3152 1110 3207 levitas
1146 3148 1230 3205 vel
1281 3146 1370 3217 qui
1424 3141 1779 3198 sacramentis

179 3255 381 3311 divinis
406 3251 733 3317 inserviunt,
765 3247 1106 3305 continentes
1137 3257 1257 3299 esse
1279 3240 1332 3297 in
1362 3237 1612 3296 omnibus
1631 3277 1646 3300 ,
1674 3249 1780 3305 quo

176 3348 392 3419 possint
433 3343 753 3414 simpliciter
781 3341 922 3412 quod
973 3355 1004 3394 a
1047 3336 1274 3394 Domino
1306 3332 1580 3404 postulant
1605 3331 1780 3399 impe-

179 3449 345 3506 trare,
378 3447 434 3494 et
467 3449 488 3478 α
516 3437 658 3509 quod
705 3433 939 3506 apostoli
964 3434 1266 3488 docuerunt
1305 3440 1355 3484 et
1389 3427 1503 3497 ipsa
1543 3422 1783 3480 servavit

177 3531 474 3601 antiquitas
527 3544 628 3584 nos
688 3542 901 3598 quoque
946 3524 1332 3579 custodiamus.
1381 3518 1466 3574 Ab
1514 3515 1781 3571 universis

178 3623 453 3694 episcopis
477 3623 680 3678 dictum
709 3630 794 3676 est
847 3637 860 3673 :
895 3618 1154 3674 Omnibus
1178 3616 1354 3686 placet
1383 3619 1443 3667 ut
1470 3610 1778 3682 episcopus,

178 3719 466 3787 presbyter
497 3723 553 3772 et
601 3715 883 3783 diaconus,
919 3711 1186 3782 pudicitia;
1212 3707 1484 3770 custodes,
1510 3705 1670 3761 etiam
1712 3700 1781 3756 ab

177 3809 449 3864 uxoribus
479 3823 540 3865 se
569 3807 893 3874 abstineant,
926 3814 981 3859 ut
1011 3807 1061 3860 in
1088 3802 1337 3857 omnibus
1360 3797 1506 3854 etab
1531 3794 1782 3851 omnibus

181 3899 446 3962 pudicitia
477 3899 831 3963 custodiatur,
869 3898 958 3966 qui
988 3895 1179 3950 altario
1210 3893 1526 3948 inserviunt.

174 4013 275 4069 111.
311 4012 388 4066 Ut
413 4012 636 4065 chrisma
664 4019 711 4063 et
737 4009 1018 4064 benedictio
1041 4006 1327 4075 puellarum
1352 4015 1397 4058 et
1428 3999 1783 4057 reconciliatio

477 4081 822 4152 pmnitentium
854 4097 885 4132 a
924 4077 1225 4148 presbyteris
1252 4092 1356 4128 non
1380 4076 1494 4143 fiat.

250 4193 543 4251 Numidius
587 4193 870 4264 epiSCOpus
901 4187 1261 4245 Maxulitanus
1289 4187 1424 4241 dixit
1469 4202 1481 4238 :
1533 4186 1592 4242 Si
1632 4183 1784 4254 jubet

172 4287 446 4348 sanctitas
473 4296 676 4351 vestra,
707 4299 958 4356 suggero,
989 4296 1114 4337 nam
1141 4279 1358 4336 memini
1387 4282 1542 4350 122
1580 4284 1785 4346 praete-

173 4383 301 4439 ritis
334 4379 583 4436 conciliis
615 4378 784 4433 fuisse
812 4385 1095 4439 statutum,
1129 4381 1185 4428 ut
1208 4371 1441 4426 chrisma
1473 4368 1560 4425 vel
1586 4381 1785 4424 recon-
1833 4382 1836 4383 '

174 4475 390 4530 ciliatio
419 4473 798 4542 paenitentum,
830 4481 1041 4524 necnon
1075 4474 1129 4521 et
1159 4464 1460 4534 puellarum
1491 4474 1781 4517 consecra-

1879 1914 2176 1971 secundum
2205 1921 2383 1967 autem
2413 1912 2550 1967 hanc
2581 1910 3005 1982 prosecutionem
3039 1908 3124 1981 [Τ.
3172 1909 3227 1974 ‘2,
3270 1923 3467 1978 propo-

1879 2003 2154 2076 sitionem]
2203 1992 2505 2060 sanctitatis
2531 2014 2726 2059 vestra‘.
2751 2012 2835 2058 est
2877 2002 3145 2058 aestimare
3193 2000 3321 2072 quid
3351 2000 3472 2057 fieri

1879 2100 2095 2156 debeat.
2119 2101 2407 2155 Geneclius
2429 2098 2715 2167 episcopus
2733 2097 2867 2152 dixit
2895 2115 2908 2148 :
2939 2096 2996 2153 Si
3021 2095 3193 2165 placet
3223 2095 3466 2148 insinua-

1882 2193 1956 2246 tio
1988 2191 2167 2246 fratris
2218 2201 2274 2246 et
2319 2190 2622 2260 coepiscopi
2653 2188 2824 2245 nostri
2854 2187 3085 2252 Felicis,
3123 2187 3191 2241 ab
3219 2185 3471 2240 omnibus

1879 2285 2259 2340 confirmetur.
2312 2283 2395 2339 Ah
2445 2283 2711 2339 universis
2755 2281 3024 2352 episcopis
3067 2280 3268 2336 dictum
3316 2287 3400 2336 est
3451 2293 3466 2332 :

1881 2379 2080 2444 Placet,
2114 2379 2306 2447 placet.

1879 2469 1968 2525 Vl.
2008 2469 2075 2525 Ut
2101 2470 2187 2539 qui
2209 2468 2503 2524 criminibus
2531 2467 2780 2532 implicati
2802 2475 2922 2521 sunt
2951 2463 3161 2520 clericos
3190 2479 3291 2518 non
3316 2477 3473 2517 accu-

2613 2547 2745 2593 sent.

1952 2637 2234 2694 Numidius
2268 2636 2554 2706 episcopus
2593 2633 2951 2689 Maxulitanus
2987 2630 3123 2686 dixit
3154 2647 3166 2682 :
3204 2628 3476 2684 Praeterea

1882 2741 2008 2786 sunt
2038 2730 2339 2802 quampluri
2373 2745 2478 2783 non
2511 2729 2665 2783 bona:
2691 2726 3140 2788 conversationis,
3169 2722 3259 2793 qui
3283 2720 3474 2778 existi-

1883 2833 2031 2878 mant
2060 2823 2294 2892 majores
2319 2831 2446 2876 natu
2472 2821 2555 2876 vel
2596 2820 2881 2889 episcOpos
2927 2818 3125 2886 passim
3154 2829 3391 2885 vageque
3423 2814 3477 2867 in

1885 2916 2237 2971 accusatione
2277 2914 2611 2983 pulsandos:
2665 2912 2864 2966 debent
2911 2919 3016 2964 tam
3064 2909 3221 2962 facile
3268 2905 3480 2961 admitti

1884 3019 2072 3064 contra
2101 3007 2452 3077 apostolicam
2484 3005 2751 3074 regulam,
2787 3003 2991 3057 necne?
3014 3000 3298 3054 Geneclius
3327 2999 3475 3066 epis-

1885 3114 2053 3170 copus
2077 3099 2255 3154 dixit:
2285 3096 2464 3152 Placet
2484 3097 2645 3164 igitur
2675 3093 2920 3149 charitati
2962 3101 3156 3146 vestrae
3179 3134 3194 3159 ,
3228 3099 3286 3145 ut
3313 3090 3358 3143 is
3384 3088 3480 3159 qui

1809 3202 1859 3266 c
1891 3192 2158 3262 aliquibus
2180 3191 2478 3246 sceleribus
2509 3189 2747 3243 irretitus
2779 3194 2861 3241 est
2882 3197 3068 3238 vocem
3105 3182 3259 3254 123
3287 3179 3481 3234 advers

1885 3301 1981 3342 sus
2005 3284 2264 3355 majorem
2291 3292 2418 3338 natu
2447 3297 2553 3337 non
2589 3279 2783 3334 habeat
2808 3275 3131 3332 accusandi?
3155 3276 3235 3330 Ab
3264 3272 3481 3327 univer-

1883 3379 1958 3435 sis
1984 3377 2253 3448 episcopis
2281 3377 2481 3431 dictum
2508 3385 2592 3429 est
2625 3392 2638 3428 :
2675 3372 2732 3428 Si
2760 3371 3081 3428 criminosus
3119 3375 3234 3432 est,
3284 3373 3343 3420 ut
3372 3378 3481 3420 non

1883 3468 2195 3524 admittatur
2220 3466 2466 3522 omnibus
2497 3465 2690 3535 placet.

1885 3562 2000 3619 VII.
2036 3560 2102 3617 Ut
2148 3561 2234 3632 qui
2276 3559 2769 3639 excommunicatum
2825 3554 3036 3610 alterius
3073 3558 3350 3622 susceperit
3391 3563 3482 3604 ex-

2473 3636 2889 3684 communicatur.

1964 3726 2115 3781 Felix
2149 3725 2434 3795 episcopus
2461 3721 2907 3779 Selemselitanus
2932 3716 3107 3772 dixit:
3137 3713 3271 3770 lllud
3303 3722 3479 3769 autem

1882 3833 2114 3889 suggero
2151 3828 2348 3873 vestra:
2390 3815 2693 3882 sanctitati,
2726 3821 2786 3868 ut
2817 3813 2869 3866 hi
2911 3812 3000 3881 qui
3031 3826 3127 3879 pro
3155 3808 3480 3864 tacinnribus

1883 3912 1994 3968 suis
2025 3912 2092 3968 de
2119 3910 2364 3967 Ecclesia
2393 3910 2686 3981 pelluntur,
2712 3917 2766 3963 et
2805 3905 2924 3961 ausi
2949 3905 3148 3959 fuerint
3169 3913 3263 3958 aut
3286 3903 3351 3956 ad
3379 3918 3474 3956 co-

1886 4007 2132 4061 mitatum
2166 4021 2387 4075 pergere
2416 4012 2509 4058 aut
2537 4003 2602 4057 ad
2630 4001 2834 4071 judicia
2867 3999 3076 4068 publica
3093 3996 3364 4067 prosilire,
3388 4002 3482 4050 aut

1892 4096 2116 4152 forsitan
2133 4097 2389 4151 Ecclesiae
2404 4094 2686 4149 catholicae
2706 4093 2884 4147 limina
2901 4099 3168 4146 attentare
3187 4091 3475 4158 episcopus

1891 4189 1982 4246 vel
2007 4189 2236 4245 clericus
2275 4187 2564 4258 cujuslibet
2591 4185 2780 4255 plebis,
2823 4184 2890 4240 de
2927 4184 3012 4238 his
3046 4183 3172 4251 quid
3201 4182 3478 4237 censetis?

1887 4277 2184 4351 Epigonius
2212 4279 2496 4348 episc0pus
2524 4277 2850 4332 Bullensium
2880 4275 3158 4346 regionum
3186 4273 3322 4328 dixit
3370 4290 3383 4325 :
3416 4272 3475 4328 Si

1885 4376 2005 4447 quis
2065 4374 2348 4444 episcopus
2395 4371 2829 4428 communionem
2889 4379 3076 4425 tenens
3153 4367 3470 4422 catholicam

1885 4467 2191 4537 hujusmodi
2241 4465 2515 4520 hominem
2575 4462 2723 4519 vanis
2749 4461 3130 4518 blandimentis
3173 4461 3475 4528 incederit,

180 4568 278 4632 tio,
310 4581 343 4620 a
393 4562 723 4635 presbyteris
752 4576 860 4616 non
902 4561 995 4614 llat
1020 4575 1034 4625 ;
1056 4557 1100 4612 si
1129 4557 1248 4626 quis
1273 4564 1448 4610 autem
1497 4551 1778 4609 emerserit

1887 4562 2026 4618 sciat
2049 4574 2170 4615 cum
2202 4559 2391 4615 iisdem
2418 4557 2629 4626 rejectis
2652 4573 2714 4614 se
2743 4572 2863 4614 esse
2892 4558 3263 4627 depravatum,
3299 4565 3480 4610 trans-

182 4662 284 4716 hoc
329 4659 553 4727 facere,
588 4655 714 4726 quid
762 4654 830 4710 de
872 4668 937 4708 eo
982 4650 1321 4708 statuendum
1358 4647 1468 4702 sit?
1495 4644 1781 4702 Geneclius

184 4751 480 4821 episcopus
510 4757 534 4787 ο
566 4748 702 4803 dixit
743 4763 760 4804 :
808 4744 1026 4801 Audivit
1073 4740 1310 4811 dignatio
1352 4747 1530 4795 vestra
1562 4749 1782 4807 sugges-

183 4844 391 4900 tionem
419 4841 600 4897 fratris
625 4849 680 4897 et
708 4838 1014 4908 coepiscopi
1044 4835 1212 4891 nostri
1242 4832 1511 4897 Numidii;
1561 4829 1688 4900 quid
1713 4827 1782 4884 ad

188 4935 303 4990 haec
352 4932 576 4990 dicitis?
624 4932 708 4988 Ab
751 4928 1013 4986 universis
1061 4923 1328 4996 episcopis
1383 4923 1581 4976 dictum
1624 4928 1711 4975 est
1765 4936 1780 4973 :

185 5026 518 5082 Chrismatis
570 5023 841 5081 confectio
895 5031 950 5078 et
1007 5018 1307 5088 puellarum
1363 5013 1696 5070 consecratio
1751 5025 1783 5066 a

186 5116 527 5191 presbyteris
550 5131 658 5172 non
691 5115 805 5182 fiat,
847 5113 933 5170 vel
960 5109 1310 5167 reconciliare
1329 5117 1651 5178 quemquam
1682 5117 1784 5173 pu-

187 5208 327 5265 blica
377 5209 546 5265 missa
578 5207 893 5278 presbytero
923 5219 1028 5258 non
1063 5202 1222 5257 licere
1261 5200 1365 5254 hoc
1390 5195 1642 5252 omnibus
1668 5193 1785 5263 pla-

186 5315 293 5359 εει.

189 5412 279 5470 IV.
316 5412 388 5470 Ut
407 5390 707 5484 \presbyter
748 5409 1075 5484 pauitantem
1095 5408 1280 5476 jussus
1318 5402 1381 5456 ab
1414 5402 1654 5472 episcopo
1692 5417 1788 5457 suo

838 5477 1144 5534 reconciliet.

266 5577 564 5635 Geneclius
584 5575 867 5645 episcopus
890 5571 1021 5626 dixit
1050 5586 1065 5625 :
1092 5569 1149 5625 Si
1171 5568 1450 5638 quisquam
1478 5566 1530 5622 in
1550 5562 1784 5635 periculo

193 5665 358 5727 fuerit
385 5668 718 5726 constitutus
759 5675 814 5722 et
838 5678 899 5719 se
928 5659 1266 5718 reconciliari
1301 5657 1495 5714 divinis
1523 5657 1783 5713 altaribus

263 5814 290 5842 ι
318 5804 387 5858 Τ.
424 5805 478 5869 l,
510 5804 576 5868 2,
608 5801 700 5870 11..
730 5803 820 5867 6.,
853 5800 1146 5856 concilium.

264 5873 293 5914 δ
326 5874 424 5942 U.,
449 5867 610 5929 totum
632 5867 896 5931 charitatis
924 5873 1181 5929 vinculum
1205 5867 1496 5940 persuadet.

1883 4655 2001 4710 iens
2049 4653 2103 4708 in
2161 4662 2363 4708 sortem
2403 4666 2612 4707 eorum.
2656 4651 2946 4707 Geneclius
2970 4649 3255 4718 episcopus
3292 4649 3427 4703 dixit
3459 4667 3476 4706 :

1884 4750 2026 4820 Ergo
2056 4757 2202 4806 recte
2230 4756 2528 4819 suggerunt
2550 4746 2748 4802 fratres
2772 4756 2825 4801 et
2852 4745 3158 4814 coepiscopi
3191 4745 3393 4811 nostri,
3417 4752 3474 4799 ut

1885 4844 1974 4914 qui
2001 4843 2298 4899 facinorum
2327 4842 2521 4897 merito
2549 4853 2773 4895 suorum
2802 4837 2870 4892 ab
2897 4837 3137 4894 Ecclesia
3165 4837 3304 4908 pulsi
3325 4847 3475 4904 sunt,

1883 4936 1930 4991 si
1977 4937 2045 4992 ab
2073 4938 2252 5006 aliquo
2299 4936 2557 5004 episcopo
2607 4931 2697 4987 vel
2741 4930 2939 4985 clerico
2986 4930 3184 4986 fuerint
3233 4945 3476 4984 commu-

1886 5029 2048 5084 nione
2089 5026 2348 5098 suscepti,
2379 5025 2544 5081 etiam
2575 5024 2691 5092 ipse
2720 5023 2833 5092 pari
2861 5037 2984 5078 cum
3021 5022 3227 5079 eisdem
3249 5020 3474 5076 crimine

1887 5130 2131 5179 teneatur
2185 5119 2468 5176 obnoxius.
2523 5117 2605 5172 Ab
2635 5116 2896 5173 universis
2950 5116 3215 5187 episcopis
3270 5113 3472 5167 dictum

1885 5227 1969 5273 est
1999 5235 2013 5273 :
2047 5215 2308 5272 Omnibus
2333 5214 2527 5284 placet.

1892 5309 2022 5366 νηί.
2055 5309 2121 5365 Ut
2154 5307 2620 5364 excommunicatus
2646 5307 2902 5376 presbyter
2926 5305 2971 5359 si
3010 5300 3302 5368 sacriﬁcare
3334 5312 3470 5368 pra:—

2280 5380 2553 5447 sumpserit
2593 5377 3071 5433 anathematisetur.
3431 5393 3438 5402 -

1956 5473 2107 5530 Felix
2158 5472 2442 5543 episcopus
2470 5470 2909 5527 Selemselitanus
2955 5461 3131 5517 dixit:
3183 5459 3294 5515 Nec
3333 5460 3467 5517 illud

1886 5565 2399 5636 praetermittendum
2447 5575 2561 5632 est,
2616 5572 2676 5618 ut
2719 5563 2764 5615 si
2793 5559 2912 5629 quis
2938 5549 3158 5608 forsitan
3189 5553 3470 5623 presbyter

1883 5661 1950 5714 ab
1997 5659 2253 5730 episcopo
2303 5672 2400 5712 suo
2441 5662 2720 5724 correptus
2785 5656 2876 5704 aut
2927 5645 3465 5714 excommunicstus,

1958 5805 1980 5834 ε
2010 5791 2126 5859 ιΕη
2158 5792 2220 5849 Β.
2245 5792 2334 5857 8.,
2356 5791 2419 5846 Τ.
2455 5789 2504 5849 1,
2531 5786 2587 5859 2,
2623 5785 2814 5859 U.,__ut.

1954 5864 1979 5902 ά
2013 5855 2390 5935 υηέρὶσοοριιδ
2421 5855 2654 5912 cautibus
2681 5856 2840 5912 dixit.
