4024 6350
512 312 620 374 187

519 521 632 578 Deo
678 521 940 578 sacriﬁcia
999 519 1306 585 oderenda,
1358 518 1442 574 vel
1496 517 1639 574 aliud
1669 515 1815 591 [ιΕη
1859 515 2100 590 aliquod]

515 614 832 687 erigendum
858 615 1046 681 altare,
1077 622 1266 671 contra
1292 613 1714 670 ecclesiasticam
1745 612 1901 668 fidem
1936 612 2102 669 disci-

519 710 825 780 plinamque
847 705 1138 764 crediderit
1156 706 1443 778 agendum,
1474 719 1581 760 non
1605 715 1761 761 exeat
1785 705 2097 774 impunitus.

521 799 806 857 Geneciius
859 799 1143 869 episcopus
1187 799 1327 855 dixit
1373 807 1388 852 ε
1431 797 1746 854 Necessaria
1802 795 2104 866 disciplinae

521 893 896 950 ecclesiastica:
927 902 982 949 et
1002 891 1131 948 ﬁdei
1157 905 1391 963 congrua
1423 902 1545 948 sunt
1575 905 1693 961 qua:
1720 890 1890 948 frater
1920 899 2104 948 noster

521 984 674 1041 Fe‘li-x
713 994 1029 1055 prosecutus
1068 994 1152 1040 est
1198 1000 1215 1039 ε
1247 984 1470 1054 proinde
1497 983 1622 1054 quid
1650 983 1846 1040 exinde
1891 975 2105 1040 videtur

520 1086 713 1132 vestrae
755 1076 1030 1132 dilectioni
1071 1077 1286 1132 edicite.
1320 1075 1402 1132 Ab
1431 1077 1696 1132 universis
1723 1075 1991 1146 episcopis
2015 1075 2105 1130 di-

517 1179 661 1225 ctum
693 1175 778 1226 est
807 1187 820 1223 :
845 1169 900 1227 Si
929 1169 1050 1241 quis
1075 1169 1354 1242 presbyter
1375 1183 1404 1224 a
1433 1171 1720 1240 praeposito
1756 1181 1854 1224 suo
1882 1183 2104 1224 excom-

517 1259 823 1329 municatus
871 1257 951 1316 vei
991 1269 1274 1330 correptus
1319 1259 1517 1328 fuerit,
1562 1259 1720 1316 debet
1748 1261 1928 1331 utique
1962 1259 2104 1325 apud

517 1355 724 1410 Vicinos
754 1349 899 1426 [ΑΞη
929 1351 1105 1428 binos]
1135 1357 1419 1426 episcopos
1439 1355 1733 1425 conqueri,
1774 1364 1827 1409 ut
1861 1351 1929 1408 ab
1975 1349 2106 1424 ipsis

517 1446 636 1518 ejus
664 1459 822 1503 causa
855 1449 1023 1518 possit
1066 1447 1239 1503 audiri
1284 1457 1347 1504 ac
1394 1455 1488 1517 per
1529 1445 1674 1518 ipsos
1703 1460 1802 1502 suo
1850 1446 2106 1516 episcopo

517 1537 893 1604 reconciliari;
940 1538 1080 1610 quod
1127 1539 1231 1594 nisi
1259 1533 1468 1605 fecerit,
1509 1538 1604 1593 sed
1635 1537 1914 1606 superbia,
1959 1535 2104 1606 quod

520 1631 655 1686 absit
675 1673 691 1699 ,
721 1629 935 1688 inflatus
959 1631 1345 1689 sccerneudum
1385 1647 1444 1687 se
1477 1632 1544 1688 ab
1573 1631 1809 1702 episcopi
1839 1630 1922 1686 sui
1950 1645 2103 1686 coin-

519 1726 773 1781 munione
795 1725 1005 1783 dnxerit
1031 1739 1094 1783 ac
1113 1727 1398 1798 separatim
1428 1729 1548 1780 'cutn
1573 1725 1841 1796 aliquibus
1864 1723 2100 1778 schisma

517 1816 721 1876 faciens
750 1819 1064 1877 sacrificium
1094 1821 1202 1877 Deo
1242 1819 1533 1885 obtulerit,
1578 1820 1698 1876 loco
1745 1819 1942 1875 amisso
1971 1833 2102 1872 ana-

517 1911 697 1968 thema
727 1912 1032 1970 habeatur:
1071 1911 1420 1970 nihilominus
1459 1917 1512 1970 et
1547 1913 1616 1970 de
1661 1912 1875 1968 civitate
1906 1911 1958 1966 in
2000 1926 2105 1981 qua

520 2001 681 2060 fuerit
713 2003 924 2074 longius
950 2005 1271 2076 depellatur,
1306 2023 1373 2063 ne
1413 2007 1496 2062 vel
1527 2006 1831 2076 ignorantes
1864 2001 1944 2060 vel
1976 2003 2102 2062 sim-

515 2097 727 2169 pliciter
779 2095 938 2172 124
983 2099 1228 2156 viventes
1265 2101 1573 2168 serpentina
1614 2097 1804 2154 fraude
1850 2097 2103 2168 decipiat.

513 2191 823 2246 Secundum
852 2191 1170 2263 Apostoium
1200 2209 1215 2248 :
1245 2189 1479 2248 Ecclesia
1504 2208 1607 2247 una
1653 2200 1726 2247 est
1753 2234 1768 2257 ,
1813 2209 1916 2246 una
1943 2192 2106 2262 ﬁdes,

515 2300 677 2337 unum
706 2283 959 2355 baptisma
1001 2302 1022 2342 :
1048 2289 1101 2343 et
1131 2286 1175 2340 si
1209 2287 1596 2355 querimoniam
1623 2285 1820 2355 jusmtn
1850 2283 2109 2339 adversus

521 2377 831 2446 episcopum
856 2376 1126 2446 habuerit,
1154 2380 1528 2451 inquirendum
1555 2380 1682 2435 erit.

519 2487 614 2545 1X.
647 2479 714 2546 Ut
743 2491 788 2545 si
833 2492 1092 2565 presbyter
1133 2493 1424 2565 inconsulto
1454 2493 1690 2563 episwpo
1732 2493 1985 2565 agendam
2029 2509 2110 2547 ce-

913 2563 1174 2620 lebraverit
1197 2572 1223 2602 ι
1269 2563 1460 2620 honore
1484 2567 1731 2636 privetur.

594 2673 875 2734 Numidius
897 2678 1180 2749 episcopus
1208 2679 1564 2736 Maxulitanus
1593 2679 1766 2738 dixit:
1799 2678 1854 2736 in
1881 2679 2109 2752 quibus-

519 2770 646 2829 dam
678 2770 810 2829 locis
851 2780 977 2830 sunt
1019 2773 1316 2845 presbyteri
1370 2773 1462 2844 qui
1505 2783 1595 2830 aut
1635 2774 1938 2844 ignorantes
1979 2774 2112 2830 aim-

521 2863 756 2936 pliciter,
789 2872 885 2921 aut
921 2864 1323 2930 dissimulantes
1372 2867 1646 2923 audaciter
1677 2903 1693 2933 ,
1748 2877 2014 2936 prsente
2059 2877 2115 2924 et

525 2956 828 3030 inconsulto
852 2958 1124 3029 episcopo,
1147 2960 1554 3030 quamplurimis
1576 2959 1631 3018 in
1651 2959 1939 3017 doniiciiiis
1953 2969 2116 3030 agant

523 3024 786 3119 ag'éndam
807 3092 822 3118 ,
871 3024 1012 3121 quod
1037 3024 1356 3120 disciplinas
1393 3062 1448 3108 et
1475 3051 1828 3122 incongruum
1856 3024 2114 3110 esse'co-

1205 289 1590 370 concessio
1619 261 1960 367 essenon
1996 307 2059 364 s.
2103 299 2380 365 istoono
2416 290 2689 363 HISPAL.
2731 293 3096 364 ssemm.

513 437 726 486 tumore
773 425 860 485 rei
908 425 1158 499 superbia
1207 425 1422 482 innatus
1486 425 1756 495 putaverit
1806 423 2093 494 separatim
2122 427 2178 485 Α

3706 305 3810 364 188

2307 418 2397 476 XI.
2434 420 2501 477 Ut
2541 421 2717 478 nntius
2745 422 3048 494 parochiam
3077 421 3302 478 alienatis
3337 425 3617 494 pratum
3642 429 3695 480 ⁸.

2279 512 2460 568 Victor
2495 515 2777 584 episcopus
2823 509 3219 570 Abdititanus'
3255 515 3429 572 dixit:
3474 515 3809 575 ltoboranda

2202 614 2288 663 est
2311 608 2672 664 ecclesiastica
2695 607 3002 678 disciplina,
3025 623 3092 666 ne
3112 611 3396 681 quisquam
3421 612 3808 683 episcoporum

2203 699 2426 756 alterius
2469 701 2642 772 plebis
2671 701 2749 756 vel
2781 701 3060 759 dimcesim
3093 717 3190 758 sua
3232 701 3640 766 importunitate
3686 706 3812 775 pul-

2203 799 2346 859 sare,
2403 796 2768 865 terminosque
2796 793 2898 852 sibi
2943 801 3172 851 statutos
3209 803 3433 853 conetur
3475 796 3745 854 excedere
3796 818 3810 854 :

2205 883 2296 953 qui
2334 883 2436 940 bbe
2467 883 2650 942 facere
2674 888 2959 944 tcutsverit
2989 887 3440 961 quemadmodum
3467 892 3812 946 coercendus

2206 977 2326 1032 est?
2352 976 2640 1036 Geneclius
2668 979 2952 1050 episcopus
2977 969 3114 1036 dixit
3143 997 3156 1034 :
3191 969 3256 1036 Et
3278 979 3362 1036 lex
3390 983 3573 1036 salicta
3621 981 3811 1047 probi-

2207 1067 2302 1124 bet
2355 1077 2411 1125 et
2461 1070 2577 1140 ipsa
2623 1072 2824 1126 veritas
2879 1085 2984 1128 non
3028 1072 3157 1127 sinit
3195 1079 3518 1144 quemquam
3565 1074 3808 1129 alienum

2206 1162 2631 1233 concupiscere;
2679 1165 2904 1235 proinde
2956 1165 3086 1235 quid
3136 1166 3296 1221 etiam
3351 1165 3502 1220 vobis
3557 1163 3813 1221 omnibus

2208 1255 2385 1326 placet
2414 1259 2632 1328 propria
2663 1269 2796 1315 voce
2844 1259 3073 1328 signate.
3112 1259 3196 1315 Ab
3225 1259 3491 1316 universis
3538 1259 3811 1332 episcopis

2208 1344 2409 1402 dictum
2440 1355 2524 1404 est
2554 1355 2568 1404 ε
2603 1349 2782 1405 Placet
2824 1361 2878 1406 ut
2904 1350 3198 1406 secundum
3227 1343 3424 1406 divina:
3449 1351 3589 1421 legis
3618 1358 3810 1407 aucto-

2207 1438 2420 1494 ritatem
2444 1453 2603 1495 nemo
2632 1449 2875 1496 nostrum
2908 1440 3114 1499 alienos
3131 1442 3329 1498 limites
3347 1440 3806 1513 transgrediatur.

2216 1574 2372 1648 125
2425 1573 2537 1632 XII.
2580 1574 2649 1633 Ut
2704 1577 2812 1633 sine
2854 1580 3084 1633 consulto
3125 1589 3150 1626 ε
3190 1578 3584 1648 metropolitano
3636 1580 3815 1636 statim

2675 1649 2943 1702 ordinetur
2983 1651 3270 1722 episcopus.

2288 1729 2570 1793 Numidius
2626 1743 2914 1810 episcopus
2970 1739 3328 1795 Maxuiitanus
3381 1739 3560 1796 dixit:
3621 1741 3802 1811 Aliqui

2213 1830 2448 1900 episc0pi
2483 1834 2831 1904 usurpatione
2862 1833 3094 1904 quadam
3126 1835 3464 1900 existimant,
3499 1845 3812 1903 contempto

2211 1921 2445 1990 pritnate
2491 1921 2778 1995 cujuslibet
2833 1926 3121 1994 provincia:
3169 1943 3310 1993 sum,
3363 1923 3430 1980 ad
3481 1927 3812 1982 desiderium

2211 2011 2394 2081 populi
2427 2011 2738 2083 episcopum
2769 2015 3023 2070 ordinare
3044 2057 3060 2082 ,
3091 2030 3265 2086 neque
3293 2015 3486 2070 litteris
3521 2013 3587 2072 ad
3618 2033 3678 2071 se
3711 2019 3812 2087 pri-

2212 2105 2314 2157 ma:
2337 2103 2606 2160 cathedra:
2634 2107 2971 2160 manentibus
3003 2103 3029 2142 ιι
3058 2117 3230 2174 neque
3262 2115 3530 2178 pote-tate
3554 2117 3810 2178 aceepta:

2213 2195 2278 2252 de
2309 2199 2411 2252 hoc
2441 2197 2569 2267 quid
2599 2199 2785 2253 statuit
2813 2201 3070 2256 sanctitas
3110 2203 3327 2256 vestra?
3360 2200 3649 2258 Geneclius
3693 2205 3808 2273 epi-

2212 2305 2408 2361 sc0pus
2439 2291 2574 2345 dixit
2605 2309 2617 2344 :
2649 2291 2912 2360 Quoniam
2945 2295 3247 2349 communis
3278 2295 3362 2350 est
3391 2287 3807 2352 honoriﬁcentia

2217 2399 2338 2454 qua:
2369 2381 2532 2440 debet
2563 2385 2851 2456 unicuique
2881 2386 3124 2452 servari,
3158 2388 3226 2441 de.
3259 2388 3360 2442 hoc
3391 2387 3542 2459 ipso,
3573 2390 3771 2445 fratres
3793 2432 3813 2457 ,

2212 2486 2447 2531 vestrum
2481 2483 2562 2531 est
2593 2478 2962 2548 pronuntiare.
3010 2478 3092 2534 Ab
3131 2479 3398 2534 universis
3427 2480 3700 2551 episcopis
3727 2482 3810 2535 di-

2213 2576 2358 2624 etum
2409 2579 2536 2624 est:
2593 2570 2775 2625 Placet
2821 2571 3073 2626 onmibus
3121 2581 3176 2626 ut
3225 2572 3534 2627 inconsulto
3581 2573 3814 2644 primate

2217 2663 2506 2732 eujnsiibet
2562 2664 2851 2732 provinciae
2903 2673 3008 2718 tam
3067 2663 3222 2719 facile
3270 2680 3431 2720 nemo
3485 2677 3812 2736 prmsumat,

2216 2750 2342 2810 licet
2387 2771 2511 2811 cum
2564 2756 2747 2812 multis
2797 2757 2848 2811 in
2899 2772 3237 2828 quocunque,
3269 2758 3388 2814 loco
3431 2761 3548 2814 sine
3594 2759 3715 2830 ejus
3761 2769 3814 2814 ut

2217 2849 2418 2906 dictum
2443 2859 2549 2918 est,
2593 2860 2893 2920 praecepto,
2937 2851 3252 2922 episcopum
3297 2869 3403 2908 non
3442 2851 3645 2910 debere
3672 2854 3814 2910 ordi-

2217 2955 2390 2997 nare:
2422 2944 2467 2996 si
2497 2951 2676 2997 autem
2712 2942 3004 2998 necessitas
3035 2941 3199 2999 fuerit
3221 2986 3236 3013 ,
3285 2953 3396 3001 tres
3437 2946 3714 3018 episcopi,
3761 2947 3812 3002 in

2218 3053 2542 3110 quocunque
2590 3035 2708 3094 ioco
2738 3039 2882 3106 sint,
2913 3055 3037 3094 eum
3068 3039 3314 3110 primatis
3355 3052 3625 3114 praecepto
3672 3040 3816 3097 ordi-

524 3145 734 3212 gnoscit
753 3143 1010 3202 sanctitas
1038 3154 1213 3201 vestra
1243 3143 1298 3203 ιι.
1319 3144 1609 3201 Geneclius
1625 3146 1912 3215 episcopus
1934 3145 2066 3202 dixit
2091 3161 2106 3200 :
2137 3157 2188 3221 α
2221 3149 2352 3190 Dare
2378 3133 2609 3188 debeam
2645 3131 2688 3190 ¹ο

525 3231 743 3296 Fratres
789 3243 845 3294 et
885 3235 1189 3306 coepiscopi
1220 3238 1390 3294 nostri
1439 3237 1612 3307 dignas
1640 3238 1967 3308 snggeationi
2009 3247 2112 3293 tua

525 3330 860 3399 respondere
904 3347 1008 3389 non
1063 3341 1359 3390 morentur.
1410 3332 1492 3386 Ab
1537 3332 1801 3388 universis
1845 3332 2113 3401 episcopis

529 3418 732 3474 dictum
761 3431 842 3476 est
875 3440 886 3472 ε
919 3421 1170 3490 Quisquis
1211 3422 1490 3494 presbyter
1524 3424 1827 3480 inconsulto
1857 3423 2114 3494 episcopo

529 3511 792 3582 agendam
821 3512 874 3568 in
910 3513 1152 3580 quolibet
1198 3513 1316 3570 loco
1360 3515 1592 3572 voluerit
1631 3517 1906 3573 celebrare
1930 3559 1946 3583 ,
2001 3517 2116 3586 ipse

532 3599 720 3659 honori
751 3620 846 3660 suo
877 3606 1186 3662 contrarius
1210 3607 1405 3666 existit.

531 3693 604 3752 X.
641 3696 832 3760 Quanti
859 3699 1069 3752 debeant
1096 3699 1406 3754 sacerdotem
1428 3700 1670 3773 judicare
1701 3710 1850 3771 atque
1890 3703 2112 3760 (avitam.

606 3789 753 3846 Felix
778 3791 1064 3862 episcopus
1083 3793 1522 3849 Selemseiitanus
1543 3795 1677 3850 dixit
1707 3813 1719 3849 :
1747 3795 1918 3850 Etiam
1941 3796 2118 3854 ethoc

534 3883 730 3954 adjicio
759 3886 1054 3941 secundum
1085 3895 1284 3941 statuta
1312 3895 1554 3943 veterum
1583 3887 1962 3953 conciliorum,
1989 3899 2047 3943 nt
2073 3889 2118 3945 si

532 3979 656 4050 quis
684 3979 989 4049 episcopus,
1012 3981 1152 4048 quod
1176 3993 1286 4034 non
1313 3990 1559 4050 optamus
1581 3992 1630 4048 ε,
1654 3989 1857 4036 reatum
1887 3984 2118 4053 aliquem

531 4070 841 4139 incurrerit,
865 4079 919 4126 et
937 4072 1092 4127 fuerit
1111 4073 1162 4127 ei
1187 4070 1348 4127 nimia
1368 4075 1660 4129 necessitas
1687 4089 1792 4128 non
1817 4085 1977 4144 posse
2001 4075 2120 4144 plus

531 4162 703 4218 rimus
731 4165 1042 4233 congregari
1084 4181 1098 4218 :
1133 4177 1198 4219 ne
1224 4163 1252 4204 ιι
1273 4165 1324 4220 in
1353 4167 1578 4221 crimine
1602 4175 1898 4234 remaneat,
1924 4181 1955 4222 a
1985 4169 2119 4223 dao-

2223 3272 2384 3344 lﬁa
2413 3269 2550 3344 XVIII.
2583 3268 2650 3325 Ut
2669 3270 2943 3344 episcopus
2967 3270 3054 3338 qui
3077 3279 3256 3344 contra
3277 3269 3650 3344 professionem
3669 3285 3818 3327 sui

2449 3343 2503 3395 in
2534 3341 2751 3396 concilio
2780 3341 3008 3396 habitant
3037 3341 3227 3396 veneri:
3245 3381 3261 3407 ,
3294 3341 3601 3414 deponatur.

2289 3434 2576 3492 Geneclius
2627 3435 2913 3502 episc0pus
2966 3433 3144 3488 dixit:
3197 3431 3390 3488 Omnia
3441 3447 3572 3501 ergo
3613 3446 3734 3501 qua:
3785 3447 3815 3487 a

2218 3535 2361 3583 ctetu
2404 3523 2796 3595 gloriosissimo
2839 3532 3042 3578 statuta
3085 3532 3242 3586 sunt,
3276 3522 3450 3594 placet
3472 3522 3539 3576 ab
3569 3522 3822 3579 omnibus

2219 3611 2527 3672 Custodiri?
2570 3615 2651 3670 Ab
2697 3615 2962 3668 universis
3005 3615 3273 3684 episcopis
3315 3614 3514 3668 dictum
3544 3622 3666 3668 est:
3699 3612 3819 3668 Pla-

2219 3719 2346 3777 cet,
2400 3709 2609 3780 placet,
2661 3706 3034 3762 custodiantur
3086 3705 3153 3761 ab
3201 3706 3476 3762 omnibus.
3526 3705 3818 3761 Geneclius

2221 3801 2504 3872 episcopus
2532 3801 2665 3854 dixit
2695 3816 2709 3854 :
2741 3800 2833 3869 Si,
2867 3799 3008 3869 quod
3041 3814 3144 3854 non
3175 3798 3480 3867 opinamur,
3513 3796 3579 3851 ab
3621 3797 3805 3866 aliquo

2223 3891 2423 3946 fuerint
2452 3892 2652 3945 violata
2675 3931 2690 3957 ,
2725 3891 2851 3961 quid
2883 3889 3162 3944 statuitis?
3202 3888 3285 3943 Ab
3315 3888 3580 3942 universis
3607 3889 3818 3955 episco-

2224 3983 2306 4055 pis
2337 3981 2538 4037 dictum
2577 3989 2660 4036 est
2692 3998 2705 4034 :
2743 3981 2840 4048 Qui
2885 3990 3072 4036 contra
3113 3983 3264 4033 suam
3313 3973 3702 4047 professionem
3729 3976 3816 4032 vel

2225 4074 2682 4144 subscriptionem
2719 4072 2958 4135 venerit,
2992 4069 3106 4140 ipse
3135 4085 3194 4125 se
3227 4069 3294 4124 ab
3325 4067 3430 4122 hoc
3472 4075 3614 4121 cmtu
3658 4079 3815 4137 sepa-

2226 4170 2383 4223 ravit.
2416 4163 2700 4221 Geneclius
2730 4164 3018 4236 episc0pus
3045 4162 3179 4219 dixit
3207 4179 3222 4216 :
3256 4159 3530 4226 Gratulor,
3580 4155 3690 4214 Deo
3719 4173 3816 4213 no-

534 4258 712 4314 deeim
738 4259 1006 4328 episcopis
1035 4259 1280 4314 audiatur
1306 4267 1364 4316 et
1398 4276 1426 4314 a
1451 4275 1544 4316 sex
1567 4262 1850 4332 presbyter
1879 4271 1932 4317 et
1961 4277 1990 4316 a
2025 4265 2123 4317 tria
2228 4263 2340 4316 S'tr'o
2379 4269 2673 4332 praestante
2694 4302 2708 4326 ,
2756 4259 2898 4327 quod
2939 4272 3039 4328 pro
3079 4265 3220 4312 statu
3253 4247 3509 4309 Ecclesiae
3540 4247 3816 4308 catholica

539 4349 639 4406 bus
669 4349 927 4405 diaconus
969 4361 1092 4405 eum
1119 4352 1337 4420 proprio
1381 4363 1484 4406 suo
1521 4352 1793 4421 episcopo.
1838 4351 2125 4410 Genecii'ne
2228 4363 2419 4411 cuncta
2463 4369 2561 4408 nos
2603 4353 2801 4408 salubri
2845 4349 3072 4407 consilio
3117 4347 3379 4405 servanda
3423 4346 3802 4412 decrevimus;

538 4445 822 4513 episcopus
851 4442 987 4499 dixit
1015 4459 1034 4499 ξ
1058 4443 1198 4511 Quid
1225 4444 1294 4499 ad
1316 4444 1430 4500 itte
1455 4445 1588 4501 dicit
1626 4445 1884 4501 sanctitas
1907 4445 2126 4503 vestra?
2228 4448 2282 4504 et
2327 4448 2446 4504 ideo
2476 4461 2594 4518 quae
2625 4445 2693 4500 ab
2723 4446 2973 4500 omnibus
3016 4439 3142 4498 Sunt
3179 4443 3319 4496 dieta‘
3342 4484 3356 4507 ,
3402 4438 3612 4509 prop‘ii'a
3656 4427 3818 4493 debe-

537 4535 627 4593 Ah
669 4536 940 4592 suissuis
979 4535 1250 4606 episcopis
1290 4536 1490 4592 dictum
1531 4545 1614 4594 est
1657 4553 1671 4591 :
1703 4535 1934 4610 Dignum
1968 4545 2056 4596 est
2093 4547 2127 4598 ε
2152 4522 2205 4585 υ
2229 4553 2349 4599 mus
2378 4543 2776 4614 subscriptione
2808 4541 3084 4597 roborare‘.
3127 4533 3208 4594 Ab
3241 4538 3508 4593 universis
3549 4533 3815 4606 episcopis

537 4627 698 4684 nobis
728 4638 972 4685 veterum
997 4635 1200 4684 statuta
1233 4627 1439 4686 debere
1461 4621 1690 4687 servari.

612 4765 639 4836 ξ
663 4762 756 4836 1),,
789 4763 1038 4836 agendam
1065 4764 1118 4820 id
1148 4774 1222 4820 est
1243 4767 1452 4820 missam
1473 4765 1820 4822 celebraverit.

613 4833 769 4908 δίυ..
800 4833 1140 4907 dignascitttr,
1183 4839 1423 4894 sanctitas
1455 4845 1622 4893 vestra
1667 4839 1792 4908 quid
1821 4835 1918 4894 sibi
1943 4838 1998 4896 in
2030 4839 2127 4896 hoc

538 4907 774 4979 παῖςιὲ

617 4987 641 5050 ε
662 4977 729 5050 Τ·
758 4976 810 5050 1v
829 4976 897 5050 ει
916 4986 1152 5050 Optamus
1170 4981 1305 5049 ﬁeri.

617 5047 644 5126 (ι
674 5047 736 5126 ii.
756 5047 820 5126 Β.
855 5047 920 5126 '1“.
929 5047 1030 5115 ,'l,
1055 5049 1112 5118 2,
1141 5047 1394 5123 plurimos
1415 5068 1725 5126 congregare
1740 5055 2130 5126 episcopas,ne.

619 5125 652 5158 ⁸
675 5111 738 5176 Τ.
768 5123 822 5191 t,
849 5111 1070 5178 alienant
1098 5111 1330 5181 eiercere
1357 5111 1656 5196 praestituit.

2227 4633 2431 4693 dictum
2460 4639 2540 4692 e‘st
2569 4654 2581 4690 :
2615 4635 2769 4703 Fiat,
2805 4633 2918 4689 flat.
2951 4631 3016 4689 Et
3043 4628 3506 4702 subscripSerb‘nt.

2317 4769 2334 4810 τ
2370 4771 2426 4828 in
2451 4770 2700 4828 omnibus
2711 4769 2983 4826 codicibus
3003 4768 3358 4835 Absiritansts.
3377 4779 3509 4822 cum
3525 4772 3690 4822 antea
3715 4760 3820 4818 Ab-

2238 4843 2514 4902 diritanum
2543 4841 2906 4908 scripsissent.

2313 4913 2336 4961 α
2381 4911 2468 4974 U.,
2499 4909 2591 4978 G.,
2623 4907 2860 4966 consultu
2889 4907 3285 4977 inetmpofita'ni.

2309 4981 2338 5020 δ
2378 4982 2439 5038 Β.
2473 4982 2566 5044 κη
2588 4981 2653 5036 τ.
2687 4983 2744 5046 1,-
2769 4982 2824 5045 9,
2857 4981 3202 5035 manantibus.

2314 5054 2334 5092 ι
2375 5053 2743 5119 Equiti...
2786 5051 2856 5108 τ.
2907 5053 2980 5120 t,
3024 5050 3248 5123 aut,
3289 5045 3824 5108 «mm

2239 5125 2550 5200 episcqpum.
3091 5189 3095 5197 _
