4024 6350
116 431 3389 488 ____________._____.____————————————————-

1659 546 1853 622 XIV

1045 729 1421 793 GONCILIUII
1456 720 2040 785 CARTHAGINENSE
2086 719 2400 778 TERTIUM

178 904 469 971 [turmas
510 900 590 944 an
634 892 947 943 EPISCOPIS
992 885 1258 935 ueneno
1303 876 1713 937 QUnhRAGINT

1819 874 2043 919 SEPTEM
2100 872 2128 904 ι
2155 898 2172 928 .
2217 873 2361 917 ΒΜ
2404 872 2765 919 ccccxxxn
2824 852 2875 930 δ,
2924 869 3205 919 amanto
3247 868 3331 916 ιι·

634 977 863 1024 ATTICO
906 971 1071 1019 VIRIS
1115 962 1505 1012 CLARISSIMIS
1552 954 1964 1015 οοΝευιιΒυε,
2009 956 2046 1003 γ
2089 952 2422 998 ΚΑιΕΝυΑε
2473 953 2889 1000 εΕΡτΕΜΒιιιε.

190 1114 504 1188 Carthagine
524 1111 578 1169 in
599 1104 893 1167 secretario
916 1101 1151 1160 basilicas
1168 1096 1568 1157 restitutae’cum
1591 1088 1700 1144 Au-
1727 1083 1782 1145 Δ
1806 1098 1921 1188 eam
1966 1099 2119 1143 suam
2159 1085 2443 1142 dicendam
2489 1086 2675 1155 primae
2720 1083 2867 1139 sedis
2909 1080 3100 1137 litteris
3142 1091 3395 1139 evocatus

129 1217 279 1274 reli'us
314 1183 602 1280 episcopus
633 1218 737 1259 una
768 1215 889 1255 cum
917 1193 1259 1266 coepiscopis
1285 1190 1399 1247 suis
1425 1183 1701 1243 consedis-

128 1314 232 1369 set,
281 1278 583 1357 astantibus
628 1295 787 1351 etiam
835 1285 1189 1350 diaconibus,
1236 1278 1529 1338 constituta
1578 1280 1704 1333 sunt

125 1396 231 1453 haec
256 1408 373 1462 qua:
405 1391 460 1445 in
492 1381 747 1459 praesenti
778 1379 1005 1438 concilio
1036 1372 1257 1431 deﬁnita
1286 1376 1433 1425 sunt.

123 1488 160 1545 i.
202 1458 634 1555 lit-prouinciales
663 1488 686 1518 ο
717 1472 942 1559 episcopi
962 1470 1040 1596 Διῒ,
1054 1464 1246 1538 pascha
1264 1476 1416 1519 suum
1438 1458 1704 1531 prinmtem

782 1560 983 1596 annutra
1047 1578 1062 1595 ο
1660 1562 1665 1565 -

782 1560 1062 1614 inquirant.
1660 1562 1665 1565 -

186 1648 389 1709 Placuit
432 1646 598 1715 igitur
641 1641 696 1697 in
738 1633 1040 1709 principio,
1083 1637 1303 1702 propter
1346 1635 1585 1681 errorem
1614 1616 1707 1689 qui

120 1760 258 1817 saepe
297 1741 444 1799 solet
468 1714 731 1801 oboriri,
769 1740 831 1789 ut
868 1741 1061 1786 omnes
1097 1722 1371 1789 Africana
1410 1714 1707 1790 provincia

119 1803 354 1909 θρὶξοορὶ
393 1827 833 1889 observationem
876 1820 985 1879 diei
1034 1813 1304 1889 Paschalis
1349 1812 1417 1869 ab
1462 1803 1704 1871 Ecclesia

120 1922 526 1999 Carthaginensi
554 1926 748 1977 curent
771 1914 1037 1983 accipere.

304 1994 371 2077 ii.
417 2017 485 2073 Ut
525 2030 616 2086 per
639 2010 870 2083 singulos
895 2018 1059 2061 annos
1084 1998 1357 2057 concilium
1400 1994 1512 2086 ﬂat.

184 2112 449 2171 Similiter
493 2081 696 2178 placuit
723 2081 779 2155 ut
804 2108 1025 2171 propter
1051 2104 1245 2149 causas
1273 2081 1670 2143 ecclesiasticas
1691 2119 1709 2145 ,

119 2223 242 2280 quae
267 2203 337 2260 ad
368 2175 661 2273 perniciem
693 2192 928 2264 plebium
958 2201 1105 2257 stupe
1128 2188 1500 2244 veteraseunt,
1531 2175 1710 2244 singu-

116 2267 188 2358 lis
218 2267 524 2368 quibusque
561 2289 716 2346 annis
757 2282 1044 2342 concilium
1086 2283 1438 2339 convocetur,
1472 2270 1538 2325 ad
1568 2267 1711 2339 quod

118 2364 308 2452 omnes
341 2384 634 2460 provinciae
660 2396 779 2453 quae
810 2379 1011 2450 primas
1039 2373 1201 2430 aedes
1229 2368 1457 2433 habent,
1488 2364 1555 2419 de
1583 2376 1708 2418 con-

1803 1178 1893 1235 die
1937 1186 2139 1234 statuta
2184 1179 2404 1234 minime
2446 1176 2781 1241 occurrerit,
2832 1175 2935 1228 hoc
2977 1181 3061 1229 est
3103 1173 3243 1229 intra
3273 1186 3397 1242 spa-

1805 1275 1936 1331 tium
1969 1275 2171 1331 mensis
2212 1284 2274 1330 ex
2322 1288 2387 1329 ea
2427 1272 2517 1328 die
2557 1286 2659 1340 qua
2709 1281 2833 1326 eum
2877 1269 3083 1324 litteras
3123 1268 3397 1336 accepisse

1804 1368 2142 1425 constiterit:
2173 1367 2315 1437 quod
2347 1366 2392 1422 si
2421 1365 2628 1435 aliquas
2654 1374 2813 1418 veras
2840 1360 3179 1416 necessitatis
3206 1372 3398 1415 causas

1806 1461 2113 1531 probaverit
2138 1504 2151 1528 ,
2187 1460 2383 1532 quibus
2411 1471 2535 1515 eum
2564 1466 2851 1513 occurrere
2881 1467 2985 1507 non
3020 1451 3253 1521 potuisse
3284 1468 3398 1505 ma-

1805 1556 2058 1614 nifestum
2085 1557 2156 1611 sit
2174 1598 2189 1624 ,
2219 1568 2395 1611 cauete
2422 1566 2533 1609 sua:
2557 1546 2801 1607 dicenda)
2825 1549 2963 1605 intra
2992 1547 3216 1602 alterum
3246 1560 3398 1601 men-

1806 1666 1922 1710 sem
1965 1651 2229 1723 integram
2271 1649 2470 1705 habeat
2512 1646 2862 1710 facultatem;
2906 1649 3274 1697 verumtamen
3308 1636 3398 1694 ditt

1811 1744 1832 1787 τ
1865 1752 1985 1816 post
2024 1756 2266 1799 mensem
2308 1739 2607 1799 secundum
2657 1753 2764 1793 non
2814 1734 3177 1791 communicet
3225 1729 3401 1785 donec

1806 1845 2084 1908 purgetur.
2128 1833 2186 1890 Si
2225 1842 2405 1889 autem
2440 1831 2600 1902 128
2630 1840 2731 1883 nec
2759 1826 2825 1882 ad
2858 1823 3143 1881 concilium
3173 1819 3399 1876 univer-

1808 1928 1923 1983 sale
1977 1925 2404 1982 anniversarium
2453 1933 2746 1979 occurrere
2798 1916 3026 1973 voluerit
3073 1921 3132 1969 ut
3185 1915 3271 1969 vel
3321 1909 3397 1966 ibi

1807 2032 1970 2077 causa
2012 2020 2128 2088 ejus
2168 2018 2504 2081 terminetur,
2546 2014 2663 2082 ipse
2694 2012 2746 2065 iu
2780 2025 2840 2066 se
2870 2005 3237 2065 damnationis
3277 2018 3403 2059 sen-

1810 2113 2033 2167 tentiam
2079 2110 2277 2164 dixisse
2319 2108 2630 2178 iudicetur;
2678 2113 2924 2172 tempore
2971 2114 3101 2155 sane
3145 2111 3267 2166 quo.
3295 2110 3403 2150 non

1812 2204 2213 2268 communicat,
2259 2214 2360 2256 nec
2392 2198 2446 2253 in
2478 2212 2576 2253 sua
2606 2194 2833 2253 ecclesia
2864 2192 2949 2249 vel
2981 2188 3227 2264 parochia
3258 2201 3405 2241 com-

1810 2297 2095 2352 municet:
2130 2302 2418 2350 accusator
2448 2299 2626 2345 autem
2666 2287 2781 2359 ejus
2823 2285 2867 2342 si
2908 2298 3179 2353 nunquam
3215 2277 3403 2334 diebus

1811 2406 1990 2448 causae
2020 2388 2265 2446 dicendas
2308 2385 2538 2443 defuerit
2579 2399 2608 2440 a
2648 2382 3032 2441 communione
3074 2394 3178 2434 non
3220 2390 3400 2434 remo-

119 2488 253 2547 eilils
285 2457 406 2541 suis
434 2480 593 2537 binos
627 2474 784 2549 127
814 2480 906 2529 aut
933 2477 1164 2540 quantos
1188 2462 1452 2534 elegerint
1491 2457 1706 2527 episco-

1819 2492 2041 2550 veatur;
2089 2480 2135 2536 si
2178 2494 2307 2535 vero
2336 2476 2628 2548 aliquando
2668 2472 2900 2532 defuerit
2944 2470 3265 2527 subtrahens
3307 2482 3401 2535 se,

122 2594 214 2654 pos
243 2581 453 2649 legatos
483 2572 736 2635 mittant;
769 2574 827 2623 ut
856 2573 910 2620 et
936 2564 1118 2620 minus
1145 2554 1395 2614 invidiosi
1425 2552 1713 2620 minusque

126 2649 425 2745 iiospitibus
478 2661 777 2736 sumptuosl
829 2659 1063 2714 existant
1093 2695 1109 2720 ,
1167 2659 1223 2707 et
1274 2651 1329 2705 in
1383 2649 1711 2745 congregato

120 2734 382 2826 conventu
427 2734 799 2832 plena—possit
842 2763 964 2807 esse
1007 2745 1345 2803 auctoritas:
1393 2738 1463 2795 de
1501 2734 1709 2806 Tripoli

124 2870 293 2916 autem
328 2862 547 2931 propter
583 2846 817 2920 inepiam
846 2842 1225 2916 episcoporum
1257 2849 1394 2891 unus
1429 2831 1711 2907 episcopus

123 2952 295 3008 veniat
341 2948 389 3004 ἀ.

190 3213 320 3267 item
351 3206 595 3280 placuit,
624 3211 682 3259 ut
709 3196 1027 3257 ordinandis
1067 3189 1337 3265 episcopis
1375 3186 1462 3244 vel
1503 3181 1715 3242 clericis

124 3307 267 3379 prius
295 3306 363 3360 ab
399 3298 805 3358 ordinatoribus
837 3295 950 3352 suis
980 3292 1197 3347 decreta
1230 3283 1583 3343 conciliorum
1621 3293 1714 3334 au-

124 3399 265 3456 ribus
291 3411 480 3454 eorum
519 3392 875 3457 inculcentur,
922 3398 990 3443 ne
1028 3398 1088 3441 se
1132 3379 1334 3453 aliquid
1374 3383 1563 3434 contra
1604 3381 1715 3429 sta-

126 3500 233 3549 tuta
258 3487 478 3545 concilii
511 3483 703 3541 iecisse
732 3481 1050 3554 pmniteant.

157 3582 245 3641 ιν.
291 3583 361 3639 Ut
389 3581 554 3637 (cuiue
582 3588 629 3634 et
657 3577 877 3650 virgines
909 3583 1027 3628 ante
1054 3568 1237 3640 viginti
1264 3568 1488 3640 quinque
1514 3576 1679 3618 annos

148 3659 165 3677 '
359 3670 373 3683 ’
663 3664 766 3704 non
797 3650 1174 3702 consecrantur.

189 3743 323 3802 item
367 3742 565 3815 placuit
588 3788 603 3813 ,
636 3751 693 3797 ut
731 3748 856 3795 ante
894 3734 1082 3809 viginti
1113 3733 1353 3805 quinque
1381 3736 1552 3784 annos
1582 3730 1713 3781 reta-

122 3838 188 3897 tls
215 3854 318 3897 nec
347 3839 603 3895 diacones
630 3834 972 3898 ordinentur,
1002 3844 1103 3886 nec
1131 3826 1367 3898 virgines
1391 3834 1714 3880 consecren-
1741 3819 1790 3884 C

119 3942 233 3998 tur,
265 3941 321 3986 et
352 3941 410 3984 ut
442 3931 672 3984 lectores
704 3925 961 3997 populum
992 3934 1103 3978 non
1129 3920 1383 3975 salutent.

193 4025 261 4078 ν.
301 4022 371 4076 Ut
401 4027 774 4074 sacramentum
804 4014 1179 4070 catechumenis
1203 4025 1305 4065 non
1335 4008 1643 4078 minitentur.

191 4118 332 4176 item
367 4114 599 4187 placuit,
631 4121 689 4167 ut
719 4111 882 4168 etiam
915 4122 1008 4177 per
1035 4103 1459 4162 solemnissimos
1487 4098 1720 4170 pascha-

120 4211 200 4270 les
243 4210 362 4265 dies
401 4213 796 4262 sacramentum
828 4195 1229 4257 catechumenis
1264 4204 1374 4249 non
1405 4193 1584 4257 detur,
1617 4188 1721 4245 nisi

125 4302 339 4363 solitum
360 4298 491 4355 salis
515 4313 528 4365 ;
560 4296 680 4367 quia
705 4295 751 4350 si
774 4292 958 4351 ﬁdeles
988 4304 1084 4363 per
1104 4290 1226 4345 illos
1245 4288 1360 4344 dies
1381 4290 1719 4341 sacramenta

129 4413 231 4459 non
254 4402 499 4459 mutant,
528 4406 627 4449 nec
652 4388 1071 4446 catechumenos
1094 4393 1307 4456 Oportet
1338 4390 1565 4437 mutare.

171 4514 261 4577 Vl.
298 4513 367 4573 Ut
395 4509 610 4579 mortuis
638 4506 923 4578 baptism“
946 4504 1025 4560 uel
1051 4501 1367 4561 eiicitur-istic
1384 4516 1491 4561 non
1513 4500 1684 4561 detur.

200 4628 329 4685 item
360 4622 563 4697 placuit
582 4660 601 4689 ,
624 4626 686 4677 ut
710 4617 1031 4689 uaporibus
1061 4615 1436 4675 defunctorum
1467 4611 1718 4668 euchari-

62 4724 71 4731 '
138 4719 231 4775 stia
261 4733 371 4779 non
412 4716 612 4781 detur;
643 4714 842 4770 dictum
887 4718 971 4768 est
1010 4710 1155 4766 enim
1194 4723 1227 4763 a
1274 4707 1543 4766 Domino:
1574 4706 1723 4765 Accio

138 4812 234 4885 pile
260 4822 305 4867 et
336 4810 519 4869 uno:
549 4805 818 4865 caderem
846 4812 1027 4865 autem
1071 4814 1172 4859 nec
1212 4800 1458 4869 accipere
1499 4806 1723 4870 possunt

140 4918 233 4961 nec
258 4902 444 4961 edere.
480 4896 687 4959 Deinde
710 4894 1013 4955 cavendum
1042 4901 1127 4950 eat
1166 4906 1237 4950 ne
1277 4898 1522 4947 emrtuos
1559 4888 1721 4945 etiam

1810 2575 2060 2633 restituto
2086 2574 2138 2628 in
2162 2571 2598 2629 communionem
2626 2572 2900 2639 episcopo,
2918 2566 3033 2637 ipse
3059 2570 3401 2620 removeatur

1811 2682 1843 2723 a
1877 2665 2259 2723 communione
2289 2673 2593 2731 accusator,
2627 2659 2698 2717 ita
2730 2668 2907 2714 tamen
2940 2665 2999 2713 ut
3030 2669 3127 2711 nec
3158 2655 3259 2722 ipsi
3291 2651 3407 2709 adi-

1811 2772 1986 2817 matur
2016 2758 2246 2814 facultas
2274 2771 2452 2813 causae
2482 2753 2831 2827 peragendae,
2864 2751 2908 2805 si
2940 2766 2999 2806 se
3030 2748 3097 2806 ad
3139 2747 3281 2804 dicm
3314 2761 3406 2802 oc-

1814 2867 2038 2908 currere
2070 2867 2175 2907 non
2210 2849 2481 2916 noluisse,
2514 2848 2608 2902 sed
2640 2860 2747 2902 non
2790 2843 3029 2916 potuisse
3068 2838 3402 2911 probaverit.

1812 2944 1946 3002 illud
1990 2960 2123 3001 vero
2167 2943 2402 3014 placuit,
2455 2948 2514 2996 ut
2557 2953 2680 2994 cum
2725 2951 2883 3006 agere
2922 2933 3148 3004 cmperit
3194 2934 3244 2989 ia
3295 2930 3409 3000 cpi-

1811 3053 2105 3111 scoporum
2134 3035 2340 3107 judicio
2362 3076 2378 3101 ,
2407 3033 2453 3091 si
2487 3032 2648 3088 fuerit
2674 3030 3007 3085 accusatoris
3038 3039 3265 3097 persona
3296 3024 3409 3079 cui-

1813 3131 2030 3204 pabilis,
2058 3129 2125 3187 ad
2154 3126 2488 3199 arguendum
2519 3139 2627 3180 non
2652 3121 2989 3184 admittatur,
3024 3114 3127 3171 nisi
3163 3115 3410 3186 proprias

1814 3239 2005 3281 causas
2034 3237 2143 3285 non
2172 3230 2351 3277 tamen
2378 3219 2424 3275 si
2451 3212 2852 3276 ecclesiasticas
2878 3224 3123 3267 asserere
3149 3205 3402 3264 voluerit.

1814 3315 1949 3372 Vill.
1992 3314 2072 3369 De
2115 3312 2417 3385 presbyteris
2468 3318 2519 3365 et
2577 3308 2912 3385 discursibus,
2966 3302 3145 3374 quanti
3184 3296 3411 3370 episcopi

2440 3399 2521 3437 eos
2552 3380 2789 3435 audiant.

1888 3481 1943 3537 Si
1978 3488 2157 3537 autem
2188 3474 2491 3549 presbyteri
2522 3473 2602 3529 vel
2635 3469 2849 3527 diaconi
2891 3466 3092 3523 iuerint
3132 3461 3407 3528 accusati,

1816 3571 2072 3645 adjuncto
2101 3568 2204 3626 sibi
2231 3583 2301 3625 ex
2330 3565 2530 3623 vicinis
2561 3563 2698 3620 locis
2728 3561 2979 3634 proprius
3009 3558 3295 3628 episcopus
3338 3553 3412 3608 le-

1816 3667 2003 3740 gitimo
2043 3677 2269 3721 numero
2315 3661 2685 3734 collegarum,
2726 3671 2834 3714 una
2872 3669 3059 3712 secum
3099 3654 3150 3707 in
3193 3650 3413 3721 presby-

1818 3758 1921 3817 teri
1951 3757 2166 3815 nomine
2196 3754 2437 3826 episc0pi
2467 3767 2561 3809 sex
2584 3793 2603 3820 ,
2633 3753 2687 3808 in
2719 3747 2931 3805 diaconi
2974 3755 3084 3803 tres
3104 3784 3121 3811 ,
3164 3745 3403 3814 ipsorum

1818 3868 2036 3910 causam
2067 3849 2395 3916 discutiant,
2429 3848 2616 3903 eadem
2649 3844 2859 3902 dierum
2888 3849 2941 3898 et
2986 3840 3245 3896 dilatione
3284 3845 3339 3892 et
3377 3849 3407 3890 a

1819 3943 2196 4001 communione
2223 3940 2580 3998 rcmotionuui
2602 3945 2656 3993 et
2685 3934 3025 4003 discussione
3056 3942 3402 4005 personarum

1820 4036 1961 4092 inter
1992 4041 2332 4089 accusatores
2361 4038 2416 4085 et
2442 4044 2536 4085 eos
2566 4027 2658 4097 qui
2688 4030 3003 4081 accusantur
3032 4020 3201 4075 forma
3230 4030 3414 4074 serva-

1824 4138 1899 4186 ta.
1922 4128 2269 4203 iieliquorum
2295 4131 2473 4179 autem
2496 4120 2817 4179 clericorum
2845 4130 3034 4175 causas
3064 4113 3414 4179 etiamsolus

1822 4222 2107 4293 episcopus
2140 4217 2244 4271 loci
2271 4222 2531 4289 agnoscat
2554 4221 2609 4269 et
2639 4210 2805 4268 liniat.

1966 4312 2059 4373 lX.
2106 4309 2173 4366 Ut
2202 4308 2371 4365 clerici
2401 4308 2607 4380 publica
2626 4305 2829 4379 judicia
2857 4320 2958 4361 non
2984 4301 3265 4374 appellent.

1895 4404 2026 4461 item
2058 4403 2289 4475 placuit,
2324 4410 2383 4457 ut
2412 4399 2652 4471 quisquis
2680 4400 3054 4467 episcoporum
3075 4437 3091 4462 ,
3136 4393 3412 4466 presbyte-

1823 4515 2007 4561 rorum
2036 4508 2091 4557 et
2115 4499 2463 4557 diaconorum
2486 4510 2581 4553 seu
2606 4494 2926 4553 clericorum
2949 4533 2964 4558 ,
2994 4504 3117 4547 cum
3143 4487 3196 4543 iu
3230 4486 3417 4547 Eccle-

1823 4596 1903 4651 sia
1928 4595 1976 4651 ei
2008 4592 2166 4649 fuerit
2190 4592 2395 4647 crimen
2423 4589 2727 4645 institutum
2751 4588 2835 4641 vel
2862 4583 3036 4640 civilis
3061 4593 3223 4636 causa
3253 4577 3417 4633 fuerit

1825 4696 2130 4755 commota,
2174 4686 2220 4741 si
2274 4686 2463 4742 relicto
2510 4681 2715 4751 judicio
2764 4674 3130 4734 ecclesiastico
3178 4669 3410 4743 publicis

1820 4782 2038 4853 judiciia
2078 4780 2291 4851 purgari
2330 4778 2593 4841 voluerit,
2634 4775 2801 4830 etiam
2842 4774 2887 4826 si
2938 4782 3036 4839 pro
3080 4767 3201 4837 ipso
3247 4762 3410 4821 fuerit

1828 4875 2035 4947 prolata
2075 4871 2375 4937 sententia,
2419 4871 2596 4926 locum
2635 4876 2797 4924 suum
2832 4863 3089 4927 amittat;
3129 4868 3185 4916 et
3224 4858 3327 4914 ltoc
3362 4858 3418 4914 in

140 4949 1221 5067 QJAB};§}.§L{Jinﬁmi...
1264 4982 1485 5049 md“,
1528 4980 1729 5052 qgihu
1830 4964 2097 5024 criminali
2127 4962 2383 5019 actione:
2413 4961 2470 5016 in
2497 4958 2641 5016 civili
2670 4972 2806 5013 vero
2831 4954 3020 5026 perdat
3048 4952 3189 5022 quod
3221 4949 3417 5014 evicit,

1859 5060 1919 5067 _.
2335 5055 2349 5067 .
2379 5054 2410 5067 _.
2644 5053 2681 5067 ,.
2738 5066 2745 5067 ,
2790 5049 2824 5067 .,
2897 5048 2991 5067 πῃ,
3032 5046 3167 5067 ηιμ
3210 5045 3273 5067 ,λ
3318 5040 3415 5067 Αηι

142 5105 236 5148 nec
261 5088 641 5148 eucharistiam
668 5085 787 5144 dari
813 5079 1282 5141 animadverterit.

1829 5062 1878 5120 si
1908 5060 2086 5116 locum
2112 5071 2270 5115 suum
2300 5054 2548 5110 obtinere
2578 5049 2848 5108 maluerit.
2896 5048 2995 5104 Cui
3027 5046 3170 5103 enim
3208 5045 3277 5099 ad
3316 5040 3419 5096 elio

144 5135 1227 5252 “UT—si
1250 5135 1342 5227 uel
1394 5170 1534 5241 infra
1588 5166 1727 5240 quod
1751 5187 1809 5252 Ι)
1836 5152 2041 5252 gelidos
2066 5150 2288 5252 inti-i605
2326 5148 2579 5252 Indici-ue.
2612 5145 3073 5252 Ecclesiapatet.
3091 5135 3384 5252 ιιῖαοτίξεξ
3404 5170 3422 5198 ρ

629 5259 831 5320 mus
880 5247 1222 5304 οποηὲιιιιιιν.

209 5349 465 5406 Aurelius
503 5346 791 5417 episcopus
834 5341 1014 5400 dixit:
1053 5338 1306 5409 Quisquis
1344 5336 1724 5408 episcoporum

147 5452 438 5509 acuuntur,
473 5439 539 5495 ad
571 5439 831 5510 primates
858 5431 1151 5506 provinciae
1178 5431 1350 5503 ipsius
1378 5445 1599 5487 causam
1624 5429 1722 5485 de-

148 5530 279 5590 ierat
304 5540 611 5599 accusator,
640 5545 741 5587 nec
768 5544 798 5584 a
827 5523 1212 5584 communione
1248 5524 1610 5593 auspendatur
1635 5522 1727 5578 cui

150 5623 340 5682 crimen
372 5624 668 5683 intenditur
685 5622 716 5696 ί
732 5621 802 5678 B.
831 5621 928 5690 1L,
953 5614 1321 5692 impenditur]
1343 5657 1363 5687 ,
1381 5614 1489 5672 nisi
1507 5616 1576 5672 ad
1599 5629 1725 5672 cau-

216 5768 239 5833 f'
279 5758 394 5833 λῇ,
422 5758 1007 5833 numeroguadrgginla
1034 5766 1171 5813 octo.

202 5827 239 5867 ⁷¹³
278 5827 392 5899 AL,
421 5831 486 5890 Β.
521 5831 611 5898 ιι..
640 5827 708 5887 1'.
738 5833 788 5896 i,
820 5827 891 5898 2',
921 5844 1027 5885 (era
1055 5842 1362 5884 ccccxxxv.

219 5910 241 5938 °
279 5902 390 5973 ΑΒ..
424 5904 484 5962 Β.
511 5903 604 5976 ιι,
634 5902 699 5961 Τ.
730 5905 782 5974 i,
810 5901 875 5974 2,
911 5902 997 5974 U.,
1030 5900 1505 5975 comprovincialea.

1832 5223 1953 5319 ipse
1978 5262 2038 5303 se
2066 5245 2343 5315 indignum
2375 5241 2631 5298 Ecclesia
2659 5237 2933 5297 consortio
2960 5234 3200 5306 iudicat,
3231 5226 3321 5298 qui
3351 5223 3423 5279 de

1832 5340 2086 5397 universa
2118 5337 2359 5395 Ecclesia
2387 5336 2532 5393 male
2570 5334 2858 5392 sentiendo
2893 5331 2965 5387 de
3003 5326 3209 5400 judicio
3252 5332 3423 5378 saecu-

1831 5432 1930 5491 lari
1957 5432 2127 5503 poscit
2154 5429 2412 5486 auxilium
2431 5468 2446 5495 ,
2475 5441 2598 5484 cum
2628 5426 2961 5496 privatorum
2986 5412 3423 5503 Christianorum

1831 5502 2023 5583 causas
2053 5521 2343 5593 Apostolus
2375 5519 2537 5577 etiam
2569 5517 2635 5573 ad
2670 5512 2973 5572 Ecclesiam
3017 5502 3216 5562 deferri
3260 5512 3423 5575 atque

1830 5619 1904 5676 ibi
1932 5613 2282 5675 determinari
2314 5611 2611 5683 praecipiat.

1904 5752 1933 5792 ἀ
1972 5753 2065 5822 G.,
2094 5752 2260 5808 veniat
2287 5749 2368 5822 uel
2395 5744 2634 5822 clericus.

1910 5835 1935 5864 ε
1974 5806 2208 5890 ῨξἹξΞ,
2243 5821 2510 5890 episcOpus
2539 5808 2614 5890 vel
2643 5806 2857 5890 clericus
2887 5808 3208 5885 priusquam.

1908 5894 1933 5943 ι
1972 5878 2039 5954 1',
2071 5878 2125 5965 ας
2147 5878 2213 5965 2;
2242 5878 2333 5959 ά,
2363 5878 2541 5943 verum
2571 5878 2775 5935 (audiit.
2887 5878 2898 5885 ⁷
3044 5878 3051 5879 ⁷
3302 5890 3305 5891 '
