4024 6350
543 316 637 373 191
1214 300 1594 361 COLLECTIO
1632 296 1966 357 CANONUM
2005 296 2065 353 S.
2105 291 2381 351 ISIDORO
2422 290 2691 349 IIISPAL.
2735 289 3099 351 ASCRIP'I‘A.

542 431 612 491 X.
655 430 714 484 Si
741 429 954 500 quisque
982 425 1059 500 ab_
1073 424 1191 477 aliis
1211 421 1474 500 jndicibns
1502 417 1857 500 ecclesiasticis
1883 416 1952 469 ad
1968 413 2110 500 alios
2139 412 2188 472 Α
2258 409 2398 466 XIX.
2429 410 2874 500 Uticlericiwcuni
2918 408 3640 500 admpubertatenti-venerint
3700 420 3805 465 aus

612 488 795 573 fuci-il,
854 488 955 553 non
1009 497 1180 552 obesse
1211 488 1486 565 'prioribus
1531 492 1575 546 si
1625 491 1826 545 diversa
1867 488 2117 543 sententia

612 574 927 643 proferatur.

2462 483 2758 554 coniugium
2787 490 2872 535 aut
2904 482 3187 535 castitatem
3220 481 3579 548 proﬁteantur.

2304 573 2517 628 Placuit
2544 581 2601 628 ut
2630 573 2896 638 lectores,
2930 587 3051 628 cum
3084 572 3148 625 ad
3182 586 3356 626 annos
3390 572 3704 641 pubertatis
3742 589 3854 631 ve-

616 665 729 718 Ηοε
767 664 926 718 etiam
973 658 1170 730 Ριπιιίί
1194 698 1211 725 ν
1256 667 1314 712 ιιι
1355 672 1385 711 ³
1428 650 2130 726 ςυίιιιιεευηίιυθὶυάῖεῖιιυε
2231 667 2431 732 nerint,
2462 676 2724 737 cogantur
2753 675 2846 722 aut
2873 680 3068 721 uxores
3098 666 3297 721 ducere
3322 667 3847 723 autcontinentiam

540 754 917 812 ecclesiasticis
958 752 1037 808 ad°
1066 751 1204 808 alios
1239 749 1448 821 iudices
1497 746 1892 804 ecclesiasticos
1929 746 2018 800 ubi
2047 755 2131 801 est
2232 760 2477 830 ρι-οιὶιετί

543 851 715 920 major
743 847 1036 904 auctoritas
1067 847 1229 901 fuerit
1266 851 1610 915 provocatum
1640 886 1651 907 ,
1705 843 1862 914 129
1900 856 2007 895 non
2050 839 2128 896 cis

2264 851 2385 909 XX.
2426 853 2493 908 Ut
2521 853 2691 925 plebes
2720 854 2915 908 alienas
2945 852 3080 908 alius
3106 852 3377 923 episc0pus
3409 867 3513 905 non
3545 862 3794 923 usurpet.

540 946 679 1001 obsit
724 959 952 1014 quorum
1005 942 1172 997 fuerit
1218 940 1391 995 soluta
1440 937 1741 1003 sententia,
1790 936 1833 989 si
1882 934 2127 991 convinci
2302 948 2509 1003 Ριπυῑι
2560 957 2619 1002 ιιι
2670 962 2701 1002 a
2751 947 2898 1002 nullo
2945 946 3201 1016 episcopo
3255 954 3583 1015 usurpentur
3636 946 3840 1015 plebes

543 1051 647 1091 non
677 1035 952 1105 potuerint
976 1034 1059 1089 vel
1087 1032 1305 1088 inimico
1328 1032 1509 1087 animo
1536 1029 1810 1101 iudicasse
1834 1027 1918 1082 vel
1947 1028 2127 1098 aliqua
2229 1040 2421 1095 aliena;
2444 1081 2460 1106 ν
2492 1054 2593 1095 nec
2632 1038 2826 1108 aliquis
2867 1038 3245 1107 episcoporum
3288 1036 3734 1107 supergredi...“
3775 1038 3839 1094 ει,

542 1125 834 1197 cupiditate
863 1135 953 1180 aut
979 1125 1148 1196 gratia
1180 1123 1455 1193 depravati
1483 1139 1497 1174 :
1530 1134 1659 1176 sane
1689 1120 1734 1175 si
1764 1134 1827 1173 es
1862 1132 2128 1173 consensu

2267 1133 2505 1189 iteccsim
2533 1130 2753 1201 collegae
2780 1131 2865 1185 sui
2896 1138 2946 1185 ⁸.

540 1219 773 1289 partium
798 1217 1012 1287 iudices
1037 1217 1197 1274 electi
1230 1214 1455 1281 fuerint,
1490 1214 1653 1269 etiam
1684 1228 1715 1268 a
1761 1211 2001 1282 pauciori
2030 1227 2129 1266 nu-
2229 1228 2371 1284 χχι,
2425 1227 2494 1283 ω
2558 1227 2732 1282 nulla;
2780 1226 3049 1296 episcopus
3075 1224 3305 1279 alienum
3350 1224 3595 1280 clericum
3633 1224 3835 1278 audeas

543 1327 693 1369 mero
724 1328 884 1381 quam
916 1312 1268 1367 constitutum
1300 1319 1380 1365 est
1400 1316 1519 1363 'non
1549 1308 1706 1363 liceat
1738 1307 2039 1377 provocari.
2710 1299 2926 1352 retinere
2954 1298 3031 1351 vel
3060 1297 3327 1352 ordinare.

576 1404 667 1459 XI.
718 1404 786 1460 Ut
816 1405 913 1473 ﬁlii
942 1405 1244 1459 clericorum
1270 1403 1339 1457 ad
1366 1398 1662 1470 spectacula
1692 1416 1795 1453 non
1823 1398 2089 1453 accedant.
2303 1390 2372 1447 Ut
2410 1390 2668 1447 clericum
2707 1390 2941 1445 alienum
2964 1428 2981 1455 ,
3029 1389 3132 1444 nisi
3172 1387 3508 1445 concedente
3554 1387 3679 1456 eius
3707 1385 3832 1456 epi-

611 1495 681 1551 Ut
721 1494 815 1549 lilii
848 1496 1191 1551 sacerdotum
1220 1494 1304 1549 vel
1335 1492 1659 1547 clericorum
1691 1491 1999 1560 spectacula
2028 1504 2131 1545 sae-
2230 1500 2395 1555 scopo
2417 1526 2433 1551 ,
2463 1501 2623 1540 nemo
2654 1484 2853 1539 audeat
2882 1484 3121 1540 retinere
3149 1484 3236 1539 vel
3268 1496 3593 1553 promovere
3635 1481 3691 1535 in
3734 1495 3833 1535 ec-

545 1589 746 1644 cularia
786 1606 892 1644 non
936 1590 1260 1654 exhibeant,
1312 1588 1408 1644 sed
1447 1603 1549 1643 nec
1576 1596 1855 1658 spectent,
1888 1587 2131 1656 quando-
2230 1583 2394 1638 clesia
2423 1581 2526 1637 sibi
2557 1580 2758 1637 credita
2789 1597 2803 1634 :
2834 1580 3157 1637 clericorum
3201 1587 3381 1633 autem
3428 1590 3629 1631 nomen
3666 1576 3829 1630 etiam

541 1681 755 1751 quidem
778 1682 845 1736 ab
866 1682 1160 1749 spectando
1181 1680 1340 1735 etiam
1365 1695 1554 1735 omnes
1577 1680 1693 1735 laici
1719 1679 2127 1748 prohibeantur;
2234 1675 2468 1731 lectores
2496 1684 2554 1731 et
2583 1674 2879 1745 psalmistre
2909 1685 2962 1730 et
2986 1673 3195 1730 ostiarii
3224 1675 3478 1730 retinent.

540 1787 755 1843 semper
799 1774 941 1828 enim
991 1772 1311 1829 Christianis
1351 1774 1602 1829 omnibus
1648 1775 1750 1827 hoe
1781 1772 2121 1828 interdictum
2152 1787 2202 1846 Β
2236 1767 2420 1834 ΧΧΙΙ.ξ
2454 1766 2540 1822 Ut'
2569 1767 2741 1821 nullus
2795 1767 3010 1846 clericus
3061 1768 3347 1846 ordinetur,
3382 1768 3482 1821 nisi
3508 1769 3669 1839 fuerit
3722 1771 3837 1827 vita

540 1871 621 1920 est
643 1904 657 1927 ,
689 1872 743 1918 ut
768 1864 854 1919 ubi
884 1864 1231 1933 blasphemiae
1260 1873 1385 1920 sunt
1416 1880 1523 1919 non
1553 1865 1835 1919 accedant.

650 1954 761 2010 XII.
813 1955 879 2011 Ut
905 1958 1005 2025 ﬁlii
1035 1957 1702 2040 clericorum.matrimoniis
1728 1956 2018 2024 inﬁdelium
2115 2028 2122 2034 ι

1120 2045 1222 2082 non
1251 2040 1526 2084 sociemur.

608 2116 736 2171 Item
781 2117 1015 2187 placuit,
1069 2128 1127 2172 ut
1176 2119 1266 2173 filii
1320 2120 1401 2174 vel
1452 2120 1573 2174 lilize
1619 2120 1992 2190 episcoporum
2040 2118 2127 2175 vel

538 2213 901 2286 quorumlibet
926 2215 1250 2270 clericorum
1284 2214 1588 2271 Gentilibus
1619 2216 1705 2270 vel
1741 2215 2008 2273 haereticis
2039 2223 2130 2268 aut

544 2308 904 2363 schisniaticis
935 2306 1279 2364 matrimonio
1312 2326 1416 2364 non
1449 2310 1868 2377 coniungantur.

582 2398 719 2455 XIII.
780 2399 850 2455 Ut
909 2399 1081 2455 clerici
1136 2401 1200 2456 de
1254 2402 1403 2457 rebus
1458 2403 1565 2457 suis
1621 2402 1748 2456 nihil
1811 2400 2105 2470 inﬁdelibus

1186 2478 1470 2543 conferant.

611 2563 681 2620 Ut
723 2563 961 2634 episcopi
1002 2564 1087 2619 vel
1130 2566 1313 2621 clerici
1345 2566 1398 2621 in
1429 2580 1523 2622 eos
1556 2568 1643 2637 qui
1676 2566 1927 2622 catholici
1964 2564 2125 2621 Chri-

546 2656 704 2710 stiani
738 2671 844 2710 non
876 2665 1030 2722 sunt,
1061 2656 1221 2712 etiam
1265 2658 1309 2713 si
1348 2659 1729 2729 consanguinei
1774 2660 2000 2725 fuerint,
2035 2674 2130 2729 per

541 2746 860 2804 donationes
891 2764 1071 2804 rerum
1103 2765 1322 2805 suarum
1355 2751 1485 2805 nihil
1519 2753 1813 2807 conferant.

579 2840 718 2897 XIV.
766 2841 832 2896 Ut
859 2842 1032 2896 clerici
1061 2844 1198 2906 ﬁlios
1228 2860 1350 2898 suos
1376 2861 1407 2896 a
1438 2860 1533 2897 sua
1560 2841 1804 2910 potestate
1829 2848 1967 2900 exire
1993 2863 2095 2900 non

733 2920 926 2982 sinant,
958 2914 1057 2968 nisi
1090 2924 1239 2969 celate
1268 2926 1315 2968 et
1343 2915 1569 2969 moribus
1598 2916 1955 2987 comprobatis.

616 3002 683 3060 Ut
712 3006 953 3077 episcopi
987 3005 1071 3060 vel
1099 3007 1281 3062 clerici
1314 3007 1453 3062 filios
1482 3023 1610 3063 suos
1652 3024 1681 3061 a
1724 3023 1815 3063 sua
1862 3015 2129 3077 potestate

543 3110 639 3166 per
668 3097 1124 3167 mancipationem
1155 3100 1305 3155 exire
1338 3115 1446 3154 non
1476 3100 1687 3166 sinant,
1718 3101 1819 3155 uisi
1850 3100 1918 3157 de
1966 3102 2127 3157 mori-

549 3189 700 3243 ribus
729 3204 917 3245 eorum
950 3191 1150 3247 fuerint
1179 3201 1233 3247 et
1263 3193 1332 3245 de
1374 3200 1532 3246 aztate
1572 3192 1782 3259 securi,
1829 3202 1888 3248 ut
1928 3194 2134 3262 possint

543 3281 610 3335 ad
641 3295 738 3336 eos
766 3284 872 3349 jam
906 3284 1124 3353 pr0pria
1159 3282 1431 3353 pertinere
1461 3292 1698 3352 peccata.

551 3371 663 3427 XV.
703 3373 770 3428 Ut
798 3376 970 3429 clerici
1008 3392 1112 3430 non
1151 3376 1253 3429 sint
1295 3375 1627 3430 conductores
1658 3375 1736 3429 vel
1773 3377 2132 3447 negotiatores.

618 3465 751 3522 Item
794 3467 1023 3536 placuit,
1071 3476 1128 3521 ut
1168 3466 1441 3536 episcopi,
1485 3467 1787 3538 presbyteri
1829 3476 1884 3521 et
1922 3467 2132 3523 diaconi

542 3560 627 3613 vel
657 3559 840 3614 clerici
873 3575 977 3614 non
1000 3559 1109 3614 sint
1130 3560 1486 3614 conductores
1510 3568 1604 3612 aut
1627 3569 2004 3628 procuratores
2034 3560 2138 3627 pri-

552 3660 833 3718 vatorum,
864 3665 1037 3718 neque
1069 3650 1182 3704 ullo
1215 3652 1352 3719 turpi
1386 3650 1466 3705 vel
1500 3650 1784 3706 inhonesm
1816 3651 2028 3722 negotio
2060 3652 2136 3705 vi-

543 3753 688 3799 ctum
720 3754 994 3814 quaerant,
1023 3742 1147 3809 quia
1178 3742 1445 3812 respicere
1472 3742 1671 3798 debent
1698 3743 1954 3813 scriptum
1982 3758 2130 3798 csse:

550 3835 716 3891 Nemo
745 3836 974 3889 militans
1008 3833 1118 3887 Deo
1146 3833 1377 3901 implicat
1407 3852 1460 3889 se
1488 3837 1703 3907 negotiis
1745 3836 2097 3890 stecularibus.

787 3926 925 3981 XVI.
972 3927 1016 3982 ΙΙ
1022 3936 1040 3980 ι
1066 3928 1241 3982 nullus
1269 3929 1482 3983 clericus
1509 3931 1573 3983 sit
1605 3932 1895 3985 usurarius.

616 4024 685 4079 Ut
714 4019 892 4074 nullus
918 4020 1235 4099 clericorum
1262 4022 1492 4091 amplius
1518 4022 1779 4091 recipiat,
1828 4036 1986 4091 quam
2025 4021 2138 4076 cui-

547 4128 706 4186 quam
755 4112 897 4180 quod
939 4112 1473 4168 accommodaverit:
1521 4113 1568 4167 si
1609 4112 1928 4182 pecuniam,
1967 4126 2135 4183 pecu—

549 4208 690 4260 niam
723 4204 987 4274 accipiat:
1020 4205 1066 4259 si
1092 4206 1360 4273 speciem,
1408 4203 1643 4273 speciem
1678 4221 1690 4254 :
1737 4212 1995 4271 quantum
2045 4203 2140 4258 dc-

544 4298 684 4354 derit
726 4298 949 4367 accipiat
980 4314 994 4351 :
1037 4307 1092 4353 et
1135 4296 1392 4366 quidquid
1425 4294 1568 4349 aliud
1590 4336 1606 4361 ,
1639 4303 1846 4349 tantum
1878 4304 2137 4364 quantum

549 4390 779 4445 dederit.

553 4482 710 4555 130
747 4481 909 4536 XVII.
963 4480 1033 4536 Ut
1075 4497 1189 4535 cum
1228 4483 1422 4607 cllerliclis
1457 4491 1724 4606 textranete
1776 4482 1978 4553 femina:
2032 4497 2134 4535 non

1188 4570 1245 4607 co
1284 4572 1315 4607 a
1351 4570 1454 4607 ten
1482 4594 1496 4607 .

1188 4570 1496 4609 conatment.

622 4647 688 4704 Ut
716 4661 835 4701 cum
866 4645 1111 4701 omnibus
1138 4647 1359 4702 omnino
1378 4646 1590 4702 clericis
1623 4657 1893 4703 extranea:
1923 4646 2138 4701 femina:

550 4757 656 4796 non
687 4741 1033 4808 cohabitent,
1066 4741 1158 4795 sed
1192 4741 1322 4795 solae
1345 4750 1547 4795 matres
1568 4779 1584 4807 ,
1617 4740 1752 4795 aviae
1792 4747 1848 4795 et
1882 4746 2139 4794 materte-

548 4849 642 4900 ra),
675 4833 873 4897 amitae,
908 4848 1128 4889 sorores
1159 4842 1215 4888 et
1243 4832 1366 4887 lilia:
1398 4835 1621 4888 fratrum
1653 4842 1745 4888 aut
1773 4846 2052 4897 sororum,
2083 4840 2140 4887 et

547 4942 883 4999 quaecunque
911 4943 977 4984 ex
1009 4926 1207 4983 familia
1233 4928 1531 4983 domestica
1577 4929 1901 4983 necessitate
1926 4967 1941 4991 ,
1972 4928 2137 4982 etiam

549 5031 834 5091 antequam
879 5020 1277 5085 ordinarentur,
1318 5020 1427 5090 iam
1478 5035 1601 5074 cum
1653 5021 1733 5075 eis
1779 5019 2134 5082 habitabant,

550 5113 633 5167 vel
673 5112 718 5167 si
761 5111 859 5165 filii
891 5126 1080 5167 eorum
1129 5110 1237 5180 iam
1283 5110 1544 5165 ordinatis
1587 5110 1901 5179 parentibus
1943 5123 2140 5164 uxores

550 5210 908 5271 acceperunt,
965 5210 1059 5256 aut
1108 5202 1279 5256 servis
1335 5216 1440 5257 non
1498 5200 1819 5258 habentibus
1871 5200 1925 5254 in
1978 5201 2140 5255 domo

550 5309 681 5364 quas
709 5294 941 5359 ducant,
975 5293 1193 5349 aliunde
1221 5292 1418 5349 ducere
1449 5295 1742 5350 necessitas
1773 5293 1955 5349 fuerit.

550 5384 739 5442 XVIII.
790 5385 861 5441 Ut
889 5384 1063 5441 clerici
1090 5401 1192 5439 non
1220 5386 1526 5439 ordinentur
1557 5386 1657 5439 nisi
1685 5399 1860 5439 omnes
1889 5383 1980 5454 qui
2021 5399 2140 5438 cum

1029 5457 1099 5510 eis
1126 5467 1244 5511 sunt
1275 5456 1449 5525 fideles
1480 5457 1721 5510 existant.

627 5548 699 5603 Ut
726 5548 965 5618 episcopi
994 5556 1049 5604 et
1076 5550 1371 5620 presbyteri
1405 5557 1460 5603 ct
1500 5548 1710 5603 diaconi
1744 5561 1849 5601 non
1881 5548 2137 5603 ordinen-

555 5652 642 5699 tur
673 5644 983 5713 priusquam
1011 5660 1201 5700 omnes
1231 5644 1321 5714 qni
1350 5650 1477 5698 sunt
1504 5640 1556 5697 in
1584 5642 1748 5698 domo
1769 5656 1955 5698 eorum
1977 5643 2138 5713 Chri-

555 5735 756 5792 Stianos
777 5737 1070 5794 catholicos
1102 5736 1351 5791 fecerint.
1462 5808 1469 5814 _

625 5840 653 5871 ι
679 5831 793 5903 Δί..
825 5833 885 5888 Β.
909 5833 1000 5902 n.,
1022 5832 1087 5888 τ.
1119 5832 1245 5902 t,2,
1275 5831 1365 5898 0.,
1395 5833 1449 5886 in
1475 5815 1677 5889 dioecesi
1696 5818 2135 5907 collegam-suum.

2156 4519 2212 4581 D

3021 1838 3189 1892 abilis.

2956 1840 3189 1893 obabilis.

2311 1929 2379 1985 Ut
2406 1929 2582 1984 nullus
2599 1928 2877 1985 ordinetur
2892 1855 3159 1997 Clericus,
3187 1928 3289 1983 nisi
3311 1929 3569 1998 probatus
3604 1930 3697 1986 vel
3726 1930 3836 2002 epi-

2236 2038 2526 2094 scoporum
2556 2026 2808 2077 examine
2838 2022 2922 2077 vel
2955 2019 3137 2090 populi
3170 2019 3498 2079 teStimonio.

2522 2116 2709 2171 XXIII.
2758 2115 2836 2169 De
2863 2114 3094 2187 precibus
3124 2124 3170 2168 et
3198 2114 3541 2168 orationibus.

2310 2212 2380 2269 Ut
2411 2226 2570 2267 nemo
2602 2212 2654 2265 in
2686 2210 2942 2277 precibus
2971 2208 3052 2263 vel
3080 2207 3291 2262 Patrem
3326 2222 3420 2275 pro
3453 2205 3613 2271 Filio,
3630 2206 3720 2262 vel
3750 2206 3835 2264 Fi-

2239 2306 2366 2359 lium
2414 2319 2511 2374 pro
2557 2302 2720 2358 Patre
2760 2301 3043 2366 nominet;
3092 2307 3148 2354 et
3187 2314 3310 2353 cum
3352 2298 3511 2353 altari
3557 2298 3836 2356 assistitnt

2237 2411 2453 2466 semper
2496 2394 2563 2449 ad
2606 2393 2819 2448 Patrem
2861 2392 3123 2461 dirigatur
3162 2391 3380 2456 oratio;
3426 2398 3481 2445 et
3527 2389 3841 2460 quicuon

2237 2488 2342 2546 sibi
2388 2502 2581 2558 preces
2625 2486 2843 2541 aliunde
2885 2484 3180 2549 describit,
3227 2499 3335 2538 non
3380 2484 3460 2539 eis
3489 2491 3699 2550 utatur,
3733 2484 3839 2545 nisi

2239 2587 2386 2657 prius
2415 2598 2506 2637 eas
2534 2596 2657 2637 cum
2689 2578 3131 2635 instructionibus
3161 2576 3412 2631 fratribus
3437 2574 3754 2630 contulerit.

2246 2678 2399 2749 131
2435 2672 2628 2730 xxw‘
2669 2672 2736 2728 U‘
2764 2672 2819 2725 θη
2849 2668 3102 2749 “TiTi/sci?
3132 2667 3252 2740 [U.,
3310 2667 3653 2739 sacramento]
3682 2670 3836 2739 panis

2772 2753 2817 2798 et
2846 2743 2982 2795 calix
3010 2739 3283 2807 oneratur.

2312 2840 2381 2897 Ut
2424 2840 2476 2894 in
2516 2836 2873 2892 sacramentis
2908 2833 3152 2903 corporis
3197 2842 3252 2888 et
3290 2833 3566 2902 sanguinis
3609 2833 3833 2890 Domini

2239 2933 2374 2988 nihil
2403 2929 2636 2998 amplius
2666 2927 2924 2984 offeratur
2951 2940 3110 2996 quam
3143 2925 3256 2994 ipse
3289 2925 3543 2979 Dominus
3575 2925 3823 2993 tradidit,

2242 3029 2342 3082 hoc
2369 3036 2449 3081 est
2480 3023 2632 3094 panis
2662 3031 2716 3076 et
2746 3020 2925 3075 vinum
2956 3033 3107 3089 aqua:
3139 3019 3355 3073 mistum
3386 3016 3483 3089 [Β.
3508 3018 3601 3084 IL,
3635 3020 3837 3087 permi-

2240 3118 2443 3193 stum],
2478 3134 2579 3173 nec
2606 3115 2834 3187 amplius
2862 3114 2917 3169 in
2962 3111 3214 3182 primitiis
3254 3110 3528 3179 offeratur,
3576 3128 3737 3184 quam
3767 3114 3837 3171 de

2241 3215 2358 3271 uvis
2386 3222 2443 3268 et
2472 3212 2769 3267 frumentis.

2336 3305 2503 3363 XXV.
2540 3303 2624 3360 Ne
2652 3303 2827 3358 clerici
2855 3302 2931 3355 vel
2961 3304 3278 3356 continentes
3303 3300 3373 3354 ad
3398 3299 3621 3370 virgines
3652 3300 3733 3354 rel

2592 3376 2774 3430 viduas
2797 3374 2896 3429 soli
2925 3373 3145 3427 habeant
3170 3388 3452 3426 accessum.

2308 3470 2380 3527 Ut
2407 3468 2587 3525 clerici
2635 3466 2719 3520 vel
2760 3465 3102 3521 continentes
3140 3465 3208 3519 ad
3248 3464 3437 3519 viduas
3464 3464 3549 3519 vel
3590 3464 3837 3532 virgines

2240 3563 2339 3619 nisi
2373 3578 2438 3617 ex
2484 3560 2637 3632 iussu
2669 3559 2752 3614 vel
2784 3558 3050 3628 permissu
3081 3556 3455 3626 episcoporum
3486 3566 3579 3610 ant
3609 3555 3841 3626 presby-

2241 3667 2477 3712 terorum
2514 3668 2624 3709 non
2654 3651 2947 3715 accedant,
2980 3658 3035 3705 et
3067 3649 3171 3704 hoc
3200 3664 3307 3703 non
3338 3647 3443 3703 soli
3473 3647 3705 3711 faciant,
3736 3647 3839 3702 sed

2238 3764 2360 3804 cum
2402 3746 2724 3803 conclericis
2755 3744 2842 3799 vel
2871 3759 2994 3800 cum
3028 3742 3112 3797 bis
3145 3758 3266 3797 cum
3313 3742 3509 3812 quibus
3548 3740 3841 3811 episcopus

2238 3853 2332 3898 aut
2370 3842 2650 3913 presbyter
2691 3838 2952 3911 iusserit;
3000 3852 3103 3893 nec
3144 3837 3245 3907 ipsi
3274 3836 3516 3907 episcopi
3551 3845 3643 3889 aut
3681 3850 3841 3904 pres-

2238 3938 2412 4011 byteri
2454 3936 2556 3993 soli
2604 3934 2836 3991 habeant
2874 3946 3151 3988 accessum
3204 3930 3272 3985 ad
3322 3928 3632 4001 huiusmodi
3679 3928 3839 3984 femi-

2241 4045 2339 4086 nas
2360 4071 2374 4096 ,
2405 4030 2500 4085 sed
2533 4027 2622 4084 ubi
2649 4036 2743 4082 aut
2778 4024 2961 4082 clerici
3005 4031 3299 4094 praesentes
3335 4032 3462 4079 sunt
3499 4030 3592 4077 aut
3634 4036 3836 4091 graves

2243 4123 2410 4194 aliqui
2438 4120 2752 4178 Christiani.

2241 4215 2342 4272 XX
2353 4215 2437 4270 VI.
2471 4213 2539 4270 Ut
2572 4215 2753 4285 prima:
2779 4212 2914 4267 sedis
2940 4212 3212 4284 episcopus
3238 4209 3474 4281 princeps
3504 4207 3842 4263 saces-datust

2823 4299 2926 4338 non
2954 4285 3260 4353 appelletur.

2314 4378 2384 4435 Ut
2414 4376 2603 4446 prima:
2632 4376 2776 4432 sedis
2804 4381 3091 4445 episcopus
3118 4390 3226 4430 non
3253 4372 3556 4444 appelletur
3584 4370 3839 4440 princeps

2242 4471 2586 4526 sacerdotum
2616 4476 2711 4522 aut
2735 4481 2978 4521 summus
3005 4465 3265 4521 sacerdos
3293 4473 3386 4518 aut
3415 4461 3619 4531 aliquid
3648 4461 3839 4531 huius-

2241 4561 2387 4617 modi
2407 4601 2422 4625 ,
2450 4563 2545 4617 sed
2578 4568 2783 4616 tantum
2818 4558 2945 4633 [U.,
2975 4556 3069 4625 6.,
3099 4556 3495 4629 tantummodo]
3523 4556 3715 4626 prima:
3740 4569 3837 4612 se-

2241 4661 2326 4715 dis
2354 4659 2661 4730 episcopus.

2375 4752 2588 4809 XXVII.
2624 4751 2693 4808 Ut
2720 4752 2890 4809 clerici
2920 4759 3151 4805 lacernas
3178 4763 3282 4804 non
3309 4747 3692 4819 ingrediantur.

2314 4845 2383 4902 Ut
2421 4845 2603 4901 clerici
2643 4844 2836 4900 edendi
2874 4843 2961 4898 vel
3003 4840 3218 4897 bibendi
3251 4853 3412 4895 causa
3443 4838 3695 4893 tabernas
3726 4850 3837 4892 non

2240 4936 2626 5005 ingrediantur,
2660 4936 2765 4990 nisi
2799 4932 3247 5004 peregrinationis
3276 4929 3619 4987 necessitate.

2242 5030 2479 5087 XXVIII.
2547 5030 2617 5087 Ut
2670 5031 2934 5101 episcOpus
2983 5030 3095 5084 sine
3158 5028 3385 5101 formata
3449 5023 3839 5094 metropolitani

2659 5100 2859 5172 longius
2894 5117 2999 5155 non
3038 5100 3412 5171 proﬁciscatur.

2319 5194 2386 5250 Ut
2431 5194 2672 5264 episcopi
2713 5202 2859 5248 trans
2898 5208 3046 5248 mare
3090 5207 3198 5246 non
3247 5188 3681 5261 proficiscantur,
3725 5201 3831 5240 nm

2239 5286 2486 5343 consulto
2530 5286 2718 5355 primae
2762 5286 2906 5342 sedis
2954 5285 3210 5356 episcopo
3252 5298 3365 5338 sua:
3401 5280 3665 5352 cuiusque
3708 5292 3836 5348 pro-

2239 5377 2463 5445 vinciae,
2510 5385 2570 5432 ut
2598 5377 2668 5431 ab
2695 5391 2763 5433 eo
2792 5375 3059 5447 praecipue
3090 5375 3261 5445 possit
3288 5387 3506 5429 sumere
3534 5371 3828 5427 formatam

2240 5470 2322 5527 vel
2361 5470 2907 5527 commendationem.

2493 5559 2686 5616 XXIX.
2718 5560 2785 5616 Ut
2812 5562 2968 5616 missa
2995 5578 3029 5614 a
3049 5558 3248 5633 jejunis
3277 5559 3577 5615 celebretur.

2314 5655 2384 5712 Ut
2432 5662 2768 5711 sacramenta
2820 5653 3009 5708 altaris
3039 5668 3144 5709 non
3174 5652 3275 5708 nisi
3306 5666 3334 5706 a
3362 5649 3563 5721 ieiunis
3591 5646 3825 5702 homini-

2241 5747 2339 5804 bus
2393 5747 2771 5812 celebrentur;
2828 5760 2950 5801 nam
3001 5744 3049 5800 si
3096 5744 3399 5815 aliquorum
3456 5736 3832 5812 pomeridiano
