4024 6350
147 376 274 435 105

1075 366 1355 425 ΛΡΜοΕ
1390 362 1730 423 CONCILIA.
1771 389 1843 402 --
1877 357 2458 418 CAR'I‘HAGINENSE
2498 357 2587 415 III.

3358 365 3462 420 194

152 493 258 566 [tn
289 480 491 552 Codd"
520 481 943 556 promeridiano]
975 493 1218 554 tempore
1233 483 1628 547 defunctorum,
1652 477 1767 533 sive
1795 481 1850 543 Α
1873 475 2014 546 quod
2058 474 2214 528 nobis
2260 473 2567 566 mandatum
2616 480 2718 540 est,
2751 481 2825 566 Aut
2851 471 3145 542 dignemini
3174 475 3302 533 dare
3329 478 3463 533 fidn.

151 583 560 656 episcoporum
590 580 704 634 sive
736 574 1496 643 czeterorum,commendatio
1527 571 1769 628 facienda

153 689 286 748 est,
343 679 476 736 solis
523 677 861 734 orationibus
900 676 1024 745 fiat',
1065 675 1110 729 si
1152 673 1228 728 illi
1275 673 1365 743 qui
1407 670 1616 726 faciunt
1660 668 1767 740 jam

159 773 367 844 pransi
401 771 766 828 inveniuntur.

395 864 568 920 XXX.
605 862 675 918 Ut
703 863 881 918 nullus
910 863 962 916 in
993 860 1205 916 ecclesia
1231 859 1544 914 convivetur.

244 956 324 1013 lit
369 938 502 1011 nulli
533 955 775 1026 episcopi
807 955 887 1010 vel
920 953 1100 1009 clerici
1132 953 1184 1007 in
1218 951 1444 1006 ecclesia
1473 947 1768 1003 conviven-

162 1058 283 1113 tur,
335 1049 436 1103 nisi
485 1049 623 1102 forte
656 1055 997 1100 transeuntes
1043 1042 1402 1110 h03pitiorutn
1444 1039 1769 1094 necessitate

166 1139 299 1195 illic
327 1139 568 1195 reficiant
595 1156 607 1193 :
637 1137 815 1208 populi
844 1138 1005 1192 etiam
1034 1136 1100 1189 ab
1131 1132 1434 1202 ltujusmodi
1465 1132 1621 1202 132
1640 1144 1769 1185 con-

165 1229 337 1284 vitriis
363 1237 616 1299 quantum
651 1230 762 1283 fieri
795 1237 970 1298 potest
1000 1227 1402 1298 prohibeantur.

166 1321 371 1378 XXXI.
405 1322 472 1378 Ut
506 1322 858 1394 penitentibus
886 1323 1042 1391 juxta
1073 1329 1334 1389 peccatum
1385 1318 1568 1372 modus
1609 1316 1767 1387 poeni-

795 1403 876 1447 ten
885 1395 966 1448 tite
994 1395 1162 1448 detur.

181 1512 186 1516 ·
246 1490 318 1544 Ut
340 1488 723 1558 paenitentibus
741 1485 1032 1542 secundum
1050 1484 1408 1540 differentiam
1427 1489 1764 1552 peccatorum

168 1579 421 1648 episcopi
452 1577 676 1633 arbitrio
704 1577 1039 1647 poenitentiae
1071 1584 1310 1645 tempora
1342 1574 1723 1629 decernantur.

159 1669 392 1726 XXXII.
429 1670 498 1726 Ut
552 1671 810 1741 presbyter
856 1680 1043 1741 printer
1083 1670 1289 1741 jussunt
1346 1668 1425 1720 vel
1486 1666 1766 1721 absentiam

439 1743 662 1813 episcOpi
690 1739 793 1795 non
823 1739 1114 1795 reconciliet
1147 1740 1490 1809 pauitantem.

235 1836 312 1891 Ut
344 1836 624 1908 presbyter
654 1833 958 1890 inconsulto
997 1833 1253 1903 episcopo
1292 1845 1399 1886 non
1443 1829 1759 1886 reconciliet
1792 1851 1840 1913 Β

157 1929 559 2000 paenitentem,
591 1927 696 1983 nisi
725 1927 972 1982 absentia
1015 1924 1252 1996 episcopi
1297 1923 1620 1978 necessitate
1660 1936 1760 1976 co-

159 2030 329 2094 gente
361 2039 374 2076 :
430 2021 798 2091 cujuscunque
827 2028 1006 2074 autem
1049 2017 1363 2088 paenitentis
1401 2016 1670 2085 publicum
1714 2025 1768 2069 et

155 2115 601 2185 Vulgatissimum
631 2116 836 2170 crimen
869 2124 984 2178 est,
1031 2112 1176 2182 quod
1221 2110 1527 2166 universam
1573 2109 1765 2163 Eccle-

151 2206 300 2262 siam
346 2208 741 2272 commoverit;
785 2214 911 2260 ante
952 2203 1194 2258 absidam
1226 2212 1252 2241 ἰ
1283 2217 1474 2257 manus
1503 2202 1552 2258 ei
1586 2202 1765 2271 impo-

152 2309 346 2355 natur.

353 2391 597 2448 XXXIII.
630 2392 709 2448 De
737 2393 970 2447 custodia
999 2407 1260 2446 sacrarunt
1289 2391 1563 2461 virginum.

233 2483 306 2543 Ut
336 2485 572 2554 virgines
604 2497 795 2548 sacrm,
827 2483 872 2537 si
899 2499 928 2537 a
957 2483 1271 2553 parentibus
1297 2497 1325 2536 a
1357 2482 1549 2551 quibus
1576 2489 1758 2536 custo-

157 2574 451 2630 diebantur
479 2573 703 2644 privatae
735 2574 973 2641 fuerint,
1003 2575 1242 2644 episcopi
1285 2573 1621 2644 providentia
1669 2573 1756 2628 vel

157 2666 463 2738 presbyteri
513 2667 604 2721 ubi
659 2669 945 2736 cpiscopus
999 2666 1196 2722 absens
1249 2672 1368 2731 est,
1425 2665 1755 2720 monasterio

157 2754 184 2792 ι)
229 2756 492 2827 virginum
537 2757 619 2811 vel
660 2757 996 2826 gravioribus
1038 2755 1254 2812 feminis
1284 2754 1748 2820 commendentur,

155 2855 212 2901 ut
246 2847 405 2901 simul
439 2847 743 2903 habitantes
778 2847 1007 2902 invicem
1051 2862 1112 2903 se
1150 2847 1483 2911 custodiant,
1517 2862 1585 2902 ne
1626 2861 1750 2916 pas-

157 2937 260 2994 sim
293 2941 535 3009 vagando
563 2940 817 2995 Ecclesia:
841 2939 1036 2996 lmdant
1065 2939 1399 3009 opinionem.

265 3030 506 3086 XXXIV.
543 3031 618 3086 De
647 3033 968 3104 baptizandis
998 3035 1202 3102 a‘grotis
1233 3035 1321 3104 qui
1339 3035 1459 3105 jam
1489 3033 1630 3104 loqui

765 3121 868 3159 non
895 3114 1124 3174 possunt.

1869 567 2319 635 cianuquoniam
2367 564 2485 636 [U.,
2533 562 2826 635 qtomodo]
2866 564 3189 620 necessitate
3220 567 3332 638 ipsa
3364 586 3456 625 eu-

1870 671 2049 732 gente,
2081 659 2307 714 liberum
2339 657 2496 712 nobis
2525 657 2594 710 sit
2620 667 2884 712 rectorem
2929 656 3217 726 provinciae
3259 673 3458 714 secun-

1869 751 1995 808 dum
2046 758 2243 804 statuta
2285 747 2795 817 gloriosissimorum
2853 748 3154 819 principum
3205 751 3462 808 adversus

1870 844 2018 899 illum
2050 843 2224 908 adire,
2267 850 2327 896 ut
2368 841 2458 910 qui
2505 841 2618 895 miti
2649 842 3004 898 admonitioni
3040 846 3341 900 sanctitatis
3370 863 3462 902 ve-

1871 944 1966 990 trae
1993 934 2340 1004 acquiescere
2360 932 2530 988 noluit
2553 942 2610 987 et
2632 934 2922 989 emendare
2944 935 3214 1000 illicitum,
3233 943 3462 993 auctori-

1871 1036 1980 1083 tate
2007 1028 2297 1096 judiciaria
2327 1028 2574 1098 protinus
2604 1027 2943 1082 excludatur.
2976 1031 3227 1086 Aurelius
3253 1033 3462 1100 episco-

1870 1135 1970 1189 pus
1996 1119 2131 1174 dixit
2156 1136 2170 1174 :
2196 1120 2420 1176 Servata
2448 1120 2616 1175 forma
2651 1120 2946 1190 disciplina:
2973 1138 3079 1177 non
3113 1126 3465 1181 mstimabitur

1869 1213 2140 1282 appetitus
2187 1215 2232 1268 si
2272 1231 2301 1269 a
2333 1224 2511 1269 vestra
2558 1214 2826 1269 charitate
2877 1214 3123 1270 modeste
3167 1231 3464 1274 conventus

1869 1306 2122 1362 recedere
2150 1305 2556 1374 detrectaverit,
2587 1321 2707 1362 cum
2742 1306 2901 1360 fuerit
2927 1321 3026 1360 suo
3066 1318 3378 1377 contemptu
3409 1319 3464 1364 et

1869 1401 2230 1464 contumacia,
2281 1400 2511 1455 faciente
2565 1401 2726 1454 etiam
2772 1399 3093 1453 auctoritate
3143 1399 3461 1469 iudiciaria,

1869 1490 2509 1545 conventus.Honoratus
2539 1499 2592 1546 et
2624 1490 2872 1545 Urbanus
2912 1490 3150 1560 episcopi
3177 1490 3461 1548 dixerunt:

1867 1579 1982 1635 Hoc
2031 1595 2162 1652 ergo
2216 1583 2468 1636 omnibus
2511 1582 2722 1651 placet?
2753 1581 2836 1636 Ab
2886 1583 3152 1637 universis
3195 1583 3463 1654 episcopis

1866 1673 2069 1728 dictum
2096 1683 2179 1730 est
2207 1692 2220 1728 :
2251 1673 2461 1730 Justum
2491 1685 2594 1740 est,
2620 1675 2816 1745 placet.

1866 1763 2112 1820 XXXIX.
2167 1764 2237 1820 Ut
2288 1783 2391 1821 non
2443 1776 2754 1837 prwsumant
2803 1767 2908 1821 duo
2954 1767 3182 1838 episwpi
3221 1769 3464 1824 ordinare

2509 1839 2822 1907 pontiﬁcem.
3039 1868 3043 1872 -

2509 1855 2822 1908 pontiﬁcem.
3039 1868 3043 1872 -

1946 1931 2252 1987 Honoratus
2281 1939 2337 1987 et
2367 1931 2616 1986 Urbanus
2661 1931 2898 2001 episcopi
2927 1931 3178 1986 dixerunt
3205 1931 3307 1986 :Et
3335 1931 3462 1988 illud

1867 2023 2024 2078 nobis
2049 2022 2359 2078 mandatum
2389 2034 2495 2088 est,
2525 2033 2584 2077 ut
2613 2022 2735 2092 quia
2760 2021 3003 2093 proxime
3028 2020 3186 2093 [T3,
3212 2021 3463 2095 proximi]

1867 2112 2066 2168 fratres
2097 2115 2264 2169 nostri
2295 2112 2560 2168 Numidia:
2612 2116 2719 2168 duo
2763 2115 2997 2183 episc0pi
3032 2112 3298 2170 'ordinare
3327 2131 3463 2186 pra:-

1867 2213 2222 2273 sumpserunt
2255 2205 2586 2274 pontificem,
2632 2220 2738 2260 non
2789 2205 2893 2259 nisi
2941 2219 2970 2259 a
3019 2206 3300 2262 duodecim
3331 2223 3462 2264 ceu.-

1864 2295 2032 2350 seatis
2063 2295 2440 2365 episcoporum
2472 2297 2735 2352 celebrari
2769 2297 3160 2354 ordinationes.
3212 2299 3462 2356 Aurelius

1862 2391 2148 2458 episcopus
2194 2390 2368 2445 dixit:
2399 2390 2590 2446 Forma
2635 2394 2852 2461 antiqua
2900 2390 3227 2458 servabitur,
3259 2404 3315 2446 ut
3354 2409 3460 2448 non

1859 2483 2036 2538 minus
2065 2499 2225 2554 quam
2257 2493 2366 2539 tres
2395 2484 2688 2551 sufficiant,
2721 2485 2810 2554 qui
2839 2483 3040 2539 fuerint
3085 2500 3115 2538 a
3146 2489 3460 2557 metrOpoli-

1859 2582 1986 2627 tano
2014 2573 2271 2639 ordinati,
2300 2574 2366 2628 ad
2397 2576 2707 2644 episc0pnm
2739 2574 3136 2641 ordinandum;
3170 2586 3456 2646 proriterea

1855 2667 1979 2734 quia
2012 2667 2065 2720 in
2097 2666 2301 2735 Tripoli
2338 2666 2478 2722 forte
2501 2677 2552 2722 et
2581 2667 2633 2720 in
2665 2669 2875 2736 Arzuge
2906 2666 2990 2740 [T.
3021 2666 3074 2733 2,
3111 2668 3338 2742 Arzure]
3371 2671 3451 2725 itt-

1855 2756 2118 2827 terjacere
2150 2759 2436 2812 videantur
2477 2757 2722 2812 barbara:
2753 2767 2973 2826 gentes;
3008 2774 3129 2813 nam
3160 2769 3218 2814 et
3247 2760 3299 2814 in
3332 2761 3446 2815 Tri-

1851 2849 1983 2919 poli,
2013 2860 2071 2904 ut
2095 2851 2357 2906 asseritur
2386 2849 2531 2921 [ίΕ.,
2562 2849 2778 2921 fertur],
2801 2851 3038 2919 episcopi
3071 2863 3196 2906 sunt
3218 2853 3456 2923 quinque

1853 2950 2062 2998 tantum
2096 2952 2153 2998 et
2179 2952 2404 3011 possunt
2428 2944 2496 2998 de
2523 2944 2639 3012 ipso
2671 2957 2897 2997 numero
2946 2944 3085 2998 forte
3114 2945 3196 2998 vel
3225 2945 3332 2999 duo
3363 2960 3456 3000 ne-

1855 3036 2111 3089 cessitate
2157 3036 2336 3105 aliqua
2386 3035 2662 3104 occupari,
2715 3034 2935 3089 difficile
2984 3050 3066 3090 est
3110 3036 3254 3091 enim
3302 3047 3356 3090 ut
3386 3038 3454 3092 de

1851 3127 2099 3198 quolibet
2129 3143 2359 3183 numero
2389 3141 2584 3182 omnes
2613 3127 2819 3196 possint
2849 3141 3135 3181 occurrere
3164 3143 3177 3179 :
3208 3128 3443 3198 nunquid

223 3192 299 3250 Ut
326 3205 650 3294 πῧξοίθηξθδ
676 3196 722 3252 5i
753 3211 849 3266 Ρτο
877 3211 935 3252 se
966 3196 1296 3294 νθξροηίξθτε
1341 3212 1446 3294 "°_“
1485 3205 1744 3294 ξοδδίξηίν
1773 3230 1822 3294 C
1853 3221 2012 3278 debet
2045 3221 2145 3277 hoc
2178 3221 2352 3292 ipsum
2378 3221 2766 3288 impedimento
2790 3235 2911 3275 esse
2931 3221 3315 3276 ecclesiasticae
3337 3192 3454 3275 titi-

153 3301 274 3342 cum
334 3286 623 3343 voluntatis
679 3303 866 3346 eorum
918 3290 1287 3346 testimonium
1338 3289 1418 3344 sui
1470 3288 1741 3358 dixerint,

152 3377 486 3447 baptizentur
521 3388 568 3434 ο.

153 3471 374 3532 XXXV.
405 3474 471 3530 Ut
504 3475 798 3544 apostaticis
819 3483 869 3530 et
887 3474 1098 3529 scenicis
1127 3474 1378 3529 conversis
1402 3473 1748 3528 reconciliatio

745 3562 849 3601 non
875 3556 1106 3618 negetur.

223 3639 293 3696 Ut
335 3641 566 3695 scenicis
609 3649 768 3710 atque
810 3639 1166 3695 histrionibus
1210 3640 1531 3708 caeterisque
1558 3637 1749 3706 hujus-

154 3738 294 3794 modi
332 3737 604 3807 personis,
637 3737 722 3792 vel
757 3736 1066 3807 apostaticis
1098 3734 1376 3790 conversis
1402 3733 1486 3788 vel
1513 3732 1748 3789 reversis

154 3830 217 3885 ad
249 3831 415 3886 Deum
447 3830 617 3901 gratia
649 3831 734 3886 vel
767 3830 1130 3885 reconciliatio
1158 3845 1262 3884 non
1293 3836 1538 3899 negetur.

298 3922 542 3976 XXXVI.
579 3922 647 3976 Ut
679 3923 936 3991 presbyter
968 3923 1186 3976 chrisma
1217 3938 1314 3974 non
1345 3921 1601 3986 conﬁciat.

226 4013 299 4070 Ut
330 4016 619 4084 presbyter
655 4028 760 4068 non
792 4019 1037 4068 consulto
1077 4013 1328 4082 episcopo
1370 4013 1602 4080 virgines
1642 4024 1747 4063 non

158 4116 448 4162 consecret
481 4125 494 4171 ;
527 4105 764 4160 chrisma
798 4120 928 4159 vero
959 4119 1230 4174 nunquam
1261 4103 1532 4158 conficiat.

182 4199 449 4256 XXXVII.
487 4198 556 4255 Ut
588 4200 759 4254 clerici
789 4201 896 4282 sine
927 4199 1223 4253 necessitate
1250 4199 1303 4252 in
1329 4197 1500 4250 aliena
1529 4193 1728 4249 civitate

708 4287 809 4325 non
840 4280 1192 4325 immorentur.

231 4363 300 4420 Ut
334 4363 518 4419 clerici
549 4364 602 4417 in
633 4363 807 4419 aliena
839 4363 1059 4419 civitate
1089 4377 1194 4417 non
1236 4363 1612 4426 immorentur,
1646 4360 1750 4414 nisi

162 4470 349 4512 causas
385 4471 570 4511 eorum
615 4454 790 4525 justas
829 4456 1118 4526 episcopus
1162 4454 1260 4510 loci
1301 4452 1385 4509 vel
1413 4451 1752 4522 presbyteres

163 4549 399 4606 locorum
433 4548 778 4617 perviderint.
1439 4529 1446 4535 ’
1506 4533 1509 4537 ’
1553 4538 1560 4544 ”

169 4665 320 4738 133
348 4662 634 4719 xxxvm.
673 4661 739 4717 Ut
769 4678 870 4717 non
902 4662 1049 4716 liceat
1079 4644 1191 4728 ﬁeri
1221 4658 1581 4714 translationes
1633 4656 1748 4728 epi-

809 4748 1102 4803 scoparum.

234 4831 366 4887 illud
413 4838 588 4886 autem
637 4831 972 4900 suggerimus
1019 4828 1334 4883 mandatum
1378 4826 1558 4892 nobis,
1609 4824 1752 4895 quod

167 4922 326 4977 etiam
356 4923 408 4976 in
439 4921 704 4992 C‘apuensi
733 4920 967 4990 plenaria
999 4921 1208 4990 synodo
1234 4919 1444 4974 videtur
1469 4925 1750 4982 statutum,

169 5025 225 5070 ut
247 5030 350 5070 non
379 5016 538 5070 liceat
566 5015 680 5070 fieri
714 5013 1188 5082 rebaptizationes,
1220 5012 1648 5068 reordinationes
1671 5011 1751 5064 vel

171 5109 547 5165 translationes
590 5109 962 5178 episcoporum
992 5126 1004 5160 :
1032 5123 1152 5162 nam
1191 5107 1502 5162 Crisconius
1532 5105 1756 5160 Villare-

170 5203 364 5272 giensis
393 5202 699 5274 episcopus,
733 5203 887 5271 plebe
917 5217 1011 5257 sua
1041 5202 1320 5269 derelicta,
1354 5201 1753 5256 Tubuniensem

173 5293 280 5366 [T.,
307 5294 365 5360 2,
395 5293 815 5367 'l'uguniensem]
843 5296 1034 5350 invasit
1083 5295 1388 5359 ecclesiam,
1422 5305 1483 5350 ω
1503 5309 1672 5362 usque
1703 5293 1754 5346 in

172 5386 330 5443 hodie
358 5391 718 5444 commonitus
762 5385 1058 5444 secundum
1089 5387 1230 5454 quod
1264 5394 1523 5440 statutum
1557 5385 1753 5450 fuerat,

171 5479 472 5550 relinquere
499 5482 744 5537 eamdem
768 5495 925 5552 quam
950 5479 1220 5534 invaserat
1254 5478 1464 5548 plebem
1511 5487 1757 5533 contem-

172 5575 294 5644 psit.
325 5573 598 5630 Adversus
621 5576 778 5631 istum
810 5589 928 5643 quae
956 5572 1292 5643 pronuntiata
1324 5571 1534 5626 fuerant
1563 5570 1761 5626 confir-

174 5675 314 5722 mata
361 5667 577 5737 quidem
622 5667 962 5732 audivimus;
1016 5663 1110 5719 sed
1154 5665 1410 5735 petimus,
1459 5661 1756 5718 secundum

164 5804 166 5807 ·
245 5789 269 5816 ⁸
310 5782 366 5836 1η
396 5784 462 5839 Δ.
490 5823 507 5850 ,
542 5781 605 5836 Ε.
641 5781 705 5850 ’5,
748 5780 1020 5837 invenitur
1055 5789 1184 5835 nota
1223 5777 1538 5848 marginalis
1564 5795 1578 5832 :
1608 5777 1661 5831 id
1688 5785 1762 5831 est

177 5852 397 6002 “agni;
430 5925 494 5983 υ,
527 5925 584 5982 in
614 5927 679 5984 A.
711 5934 766 5984 et
794 5924 1056 5998 reliquis:
1087 5937 1181 5995 pro
1208 5922 1540 5979 monasterio.

1855 3312 2031 3367 litati?
2058 3312 2188 3368 Nam
2221 3321 2276 3367 et
2314 3314 2365 3367 in
2397 3312 2496 3367 bac
2526 3312 2786 3376 Ecclesia,
2817 3311 2881 3364 ad
2911 3326 3070 3380 quam
3114 3312 3323 3382 dignata
3367 3321 3451 3367 est

1853 3405 2112 3460 sanctitas
2139 3413 2317 3460 vestra
2365 3403 2676 3468 convenire,
2706 3402 2897 3456 crebro
2927 3415 2990 3456 ac
3020 3416 3154 3470 perte
3185 3417 3280 3470 per
3306 3402 3447 3457 diem
3533 3469 3540 3476 .

1853 3498 2179 3552 dominicam
2219 3496 2546 3552 ordinandos
2595 3495 2856 3550 habemus
2885 3512 2898 3548 :
2926 3494 3290 3564 nunquidnam
3347 3496 3452 3551 fre—

1853 3599 2080 3660 quenter
2113 3597 2300 3658 potero
2331 3587 2614 3643 duodecim
2648 3589 2733 3642 vel
2779 3587 2968 3642 decem
3000 3589 3082 3642 vel
3128 3603 3234 3642 non
3282 3588 3452 3642 multo

1852 3686 2032 3738 minus
2063 3682 2329 3735 advocare
2355 3679 2681 3749 episcopos?
2713 3679 2809 3734 sed
2856 3678 3011 3733 facile
3042 3690 3124 3734 est
3159 3679 3288 3733 mihi
3317 3680 3452 3733 duos

1856 3776 2152 3845 adiungere
2197 3788 2332 3828 mea:
2369 3773 2612 3841 parvitati
2659 3773 2902 3826 vicinos:
2934 3770 3092 3842 135.
3129 3780 3454 3841 quapropter

1854 3870 2024 3922 cernit
2054 3882 2262 3922 mecum
2305 3866 2543 3920 cbaritas
2588 3872 2764 3919 vestra
2815 3865 2917 3918 ltoc
2967 3865 3140 3933 ipsum
3171 3863 3448 3920 observari

1855 3975 1960 4013 non
1993 3975 2173 4028 ροηδε.

1856 4047 1966 4102 XL.
2006 4047 2072 4102 Ut
2091 4049 2213 4101 dum
2238 4049 2504 4117 episcOpus
2529 4047 2729 4116 eligitur
2751 4047 2794 4100 si
2821 4048 3217 4102 contradictores
3249 4049 3449 4114 habeat,

2199 4121 2418 4187 quinque
2440 4122 2722 4171 sacerdotes
2749 4119 3071 4172 conveniant.

1931 4210 2000 4267 Et
2031 4211 2161 4266 illud
2189 4223 2271 4266 est
2299 4211 2667 4274 statuendum,
2699 4220 2755 4265 ut
2799 4211 3011 4280 quando
3041 4213 3105 4264 ad
3150 4212 3449 4282 eligendum

1856 4307 2171 4376 episcopum
2201 4305 2638 4368 converterimus,
2687 4305 2731 4358 si
2775 4319 2877 4372 qua
2907 4307 3259 4376 contradictio
3294 4307 3454 4362 fuerit

1856 4374 2066 4467 oborta,
2098 4400 2220 4470 quia
2255 4399 2376 4453 talia
2419 4397 2552 4452 facta
2603 4407 2728 4452 sunt
2760 4398 2898 4468 apud
2941 4413 3062 4465 nos,
3096 4374 3214 4453 'non
3245 4415 3451 4467 prmsu-

1857 4507 2005 4552 mant
2050 4497 2118 4550 ad
2169 4494 2500 4566 purgandum
2549 4509 2670 4548 eum
2719 4495 2806 4563 qui
2861 4493 3192 4548 ordinandus
3225 4501 3309 4548 est
3340 4504 3451 4548 tres

1775 4591 1988 4662 Diam,
2042 4591 2135 4646 sed
2197 4589 2536 4658 postulentur
2579 4587 2644 4640 ad
2698 4601 2979 4640 numerum
3022 4585 3449 4666 supradictorum

1854 4685 1960 4740 duo
1986 4685 2066 4740 vel
2100 4694 2231 4752 tres,
2283 4692 2338 4737 et
2387 4683 2439 4736 in
2487 4681 2677 4736 eadem
2712 4681 2866 4750 plebe
2899 4680 2983 4734 cui
3014 4680 3342 4734 ordinandus
3368 4689 3452 4736 est

1855 4781 2210 4837 discutiantur
2233 4777 2403 4848 primo
2428 4791 2670 4846 persona:
2697 4773 3206 4840 contradicentium,
3232 4784 3451 4843 postre-

1855 4888 1944 4926 mo
1974 4871 2060 4924 illa
2093 4869 2254 4924 etiam
2279 4884 2398 4936 qua:
2428 4864 2755 4934 objiciuntur
2782 4873 3212 4931 pertractentur;
3243 4877 3294 4920 et
3327 4881 3448 4920 cum

1859 4972 2113 5034 purgatus
2168 4961 2327 5013 fuerit
2373 4960 2472 5012 sub
2522 4964 2813 5024 conspectu
2857 4955 3094 5024 publico,
3131 4958 3202 5014 ita
3235 4958 3450 5012 demum

1859 5055 2158 5109 ordinetur.
2188 5052 2242 5106 Si
2279 5054 2378 5104 IIOC
2409 5065 2528 5104 cum
2564 5059 2754 5104 vestra:
2784 5050 3086 5106 sanctitatis
3112 5052 3294 5106 animo
3327 5067 3455 5102 con-

1858 5143 2064 5207 cordat,
2118 5142 2404 5196 roboretur
2459 5149 2653 5192 vestra:
2709 5139 3036 5209 dignationis
3077 5141 3450 5210 responsione.

1859 5239 1941 5294 Ab
1971 5236 2237 5292 universis
2267 5236 2530 5304 episcopis
2561 5233 2764 5290 dictum
2798 5246 2879 5290 est
2905 5254 2918 5289 :
2943 5236 3084 5291 Satis
3112 5237 3308 5304 placet.

1860 5331 1997 5388 XLI.
2048 5332 2113 5386 Ut
2145 5348 2232 5397 iter
2278 5331 2507 5401 singulos
2545 5347 2706 5384 annos
2735 5330 3078 5401 convenientes
3125 5323 3349 5401 episcopi
3390 5323 3458 5375 ad

1933 5396 2205 5458 concilium
2240 5396 2390 5456 etiam
2435 5402 2497 5455 de
2537 5400 2766 5472 paschali
2812 5400 3130 5455 solemnitate
3154 5396 3200 5450 Va
3241 5396 3460 5467 primum

1933 5493 2026 5530 suo
2057 5476 2411 5545 informentnr.

1933 5570 2237 5624 Honoratus
2261 5577 2311 5622 et
2344 5568 2584 5622 Urbanus
2609 5565 2847 5634 episcopi
2887 5561 3168 5616 dixerunt:
3189 5560 3451 5628 Quoniam

1862 5664 1929 5720 de
1978 5663 2207 5719 concilio
2257 5661 2502 5732 qumdam
2553 5665 2776 5712 tractata
2834 5661 3147 5725 noscuntur,
3205 5654 3453 5708 addimus

1938 5793 1957 5818 ο
1982 5778 2066 5843 υ..
2098 5794 2212 5831 cum
2238 5777 2534 5843 voluntates
2547 5785 2723 5822 eorum
2751 5769 3092 5825 testimonium
3119 5768 3201 5823 sui
3227 5765 3460 5837 periculo

1864 5841 2074 5922 proprio
2106 5849 2361 5912 dixerint,
2393 5841 2739 5911 baptizentur.
