4024 6350
543 320 649 383 iss
1263 308 1651 373 COLLECTIO
1685 310 2023 369 canonum
2060 307 2122 368 s.
2165 307 2441 369 istnotto
2479 308 2749 368 ιιιεω..
2790 284 3149 371 ssentprs.
3763 308 3886 372 sse

541 440 706 494 etiam
749 434 825 491 de
867 430 962 489 die
997 428 1216 502 pasci-at
1261 428 1415 484 nobis
1458 441 1583 484 esse
1610 426 1943 492 mandatum,
1979 434 2037 480 ut
2062 424 2135 483 de
2159 430 2215 491 Α
2239 440 2369 482 vero
2385 425 2475 495 qui
2493 425 2710 483 sibimet
2729 435 2915 496 potest
2934 426 3123 497 plebes
3143 434 3273 482 suas
3290 423 3569 495 saneto,
3592 425 3881 484 irascens

544 532 786 590 Ecclesia
816 540 1035 600 semper
1062 524 1495 595 Cartbsginonsl,
1525 522 1667 577 sicut
1692 520 2005 591 praedictum
2029 527 2130 585 est,

2235 518 2523 575 dilectione
2551 527 2881 590 contempta,
2911 534 3017 575 non
3041 528 3247 574 tantum
3267 519 3536 576 diacono
3550 521 3878 585 Inicus-1,

544 626 878 683 instruantur
904 630 960 678 et
988 633 1093 675 non
1125 617 1228 673 sub
1255 623 1481 687 angusto
1511 616 1772 682 temrroris
1793 613 1991 683 spatio.
2025 614 2136 666 Atto
2233 610 2351 678 sed,
2372 620 2430 666 ut
2448 610 2583 677 dixi,
2601 611 2761 669 etiam
2792 613 3025 682 propriis
3037 610 3248 678 publica
3274 620 3496 671 seruent
3512 616 3881 671 auctoritate

464 762 470 767 -
543 722 713 778 relius
738 718 1025 788 episcopus
1049 710 1305 767 dlxit:Si
1350 708 1623 764 sanctitati
1664 716 1861 762 vestra
1901 704 2134 770 videtur,
2235 714 2293 758 ut
2320 704 2569 759 rebelles.
2608 706 2913 759 Honoratus
2933 713 2989 758 et
3013 703 3258 760 Urbanus
3278 706 3519 776 episcopi
3542 707 3873 763 dixerunt:

543 811 800 884 quoniam
844 821 943 863 nos
990 804 1351 874 spopondisse
1375 801 1489 871 jam
1521 799 1767 871 superius
1795 798 2136 854 meminimus
2236 798 2455 854 Summa
2484 797 2723 868 provisio
2766 795 2913 871 [151,
2947 796 3220 869 praevisio]
3265 801 3566 857 sanctitatis
3600 810 3727 855 tuae
3769 815 3876 853 co-

544 915 605 963 ut
632 904 857 975 singulis
886 899 1190 971 quibusque
1209 897 1365 951 annis
1392 896 1455 949 ad
1490 893 1824 949 tractandum
1849 892 2137 948 conventa.
2238 890 2394 945 btesit
2420 892 2689 946 mentibus
2712 890 3068 960 singulorum,
3101 900 3157 947 et
3187 900 3317 962 puto
3341 893 3581 947 omnium
3606 904 3872 961 respOno

422 996 427 999 ’
539 1012 683 1064 mus,
716 1008 767 1052 et
798 1008 923 1050 cum
953 991 1372 1047 converterimus
1402 990 1456 1043 in
1505 1002 1693 1051 unum,
1727 993 1854 1040 tunc
1891 983 2137 1053 divulga-

538 1089 683 1145 bitur
712 1094 933 1141 sanctus
960 1083 1177 1154 paschae
1206 1081 1323 1136 dies
1351 1094 1449 1150 per
1494 1080 1701 1149 legatos
1744 1077 1834 1146 qui
1866 1074 2137 1131 adfuerint

537 1180 789 1235 concilio.
825 1178 1134 1232 Honoratus
1163 1181 1220 1227 et
1268 1172 1513 1228 Urbanus
1554 1168 1795 1239 episcopi
1836 1168 2134 1222 dixerunt:

540 1262 693 1325 Nune
722 1269 792 1325 de
836 1266 1094 1337 pmsenti
1139 1272 1284 1321 cmtu
1329 1254 1566 1334 petimus
1597 1268 1656 1315 ut
1693 1259 1889 1315 litteris
1920 1260 2138 1329 provido

537 1364 680 1419 ciattt
705 1372 946 1417 nostram
981 1360 1048 1414 de
1077 1359 1179 1412 bac
1224 1356 1311 1410 die
1342 1355 1636 1410 informare
1679 1351 1995 1421 dignemini.
2026 1352 2139 1407 Aus

546 1455 710 1511 relics
734 1455 1022 1524 episcopus
1049 1451 1187 1505 dixit
1210 1466 1225 1503 :
1250 1449 1326 1504 Ita
1358 1448 1449 1503 lat
1476 1461 1704 1503 necesse
1732 1455 1835 1502 eet.

541 1546 707 1603 Μεη.
759 1545 826 1604 Ut
856 1558 961 1599 non
991 1543 1210 1613 accipiat
1238 1542 1400 1595 alium
1444 1541 1742 1613 episcopum
1768 1538 1912 1609 plebs
1935 1551 2054 1607 om
2079 1538 2136 1591 in

937 1616 1203 1679 dioecesim
1234 1629 1426 1683 semper
1456 1612 1733 1683 subjocttit.

614 1707 909 1779 Epigonius
967 1706 1253 1783 episcopus
1300 1703 1435 1759 dixit
1468 1720 1482 1758 :
1515 1702 1696 1758 Multis
1737 1700 1979 1759 conciliis
2034 1698 2137 1756 boc

2236 986 2388 1042 sione
2426 1002 2489 1042 ea
2534 1003 2651 1057 quae
2682 988 2934 1058 prosequi
2955 988 3230 1065 .dignatus
3254 1003 3315 1043 es
3340 988 3670 1043 roboranda.
3714 986 3869 1043 Uni-

2236 1079 2377 1133 versi
2409 1079 2646 1148 episcopi
2677 1079 2927 1135 dixerunt
2954 1097 2967 1132 :
2996 1080 3199 1148 Placet,
3234 1079 3433 1150 phcet.

2236 1168 2421 1225 XLIV.
2459 1169 2527 1225 Ut
2549 1169 2791 1225 clericum
2818 1172 3041 1225 alienum
3071 1172 3243 1225 nullas
3278 1173 3376 1226 sisi
3418 1182 3705 1242 rma:
3738 1173 3865 1240 epi-

2915 1259 3121 1311 scopas.

2311 1335 2597 1407 Epigonius
2625 1338 2908 1407 episcopus
2926 1336 3062 1392 dixit
3088 1354 3102 1389 :
3129 1337 3185 1391 In
3215 1337 3697 1394 multis'conciliis
3737 1338 3857 1393 hoc

2236 1440 2493 1487 statutum
2522 1443 2626 1498 est,
2657 1434 2821 1487 etiam
2849 1446 2991 1487 nunc
3021 1432 3125 1487 hoc
3148 1433 3578 1488 confirmandum
3601 1450 3630 1486 a
3655 1442 3855 1488 vestra

2238 1524 2541 1594 prudentia,
2585 1524 2779 1577 fratres
2826 1523 3148 1588 beatissimi,
3194 1532 3255 1578 ut
3296 1525 3556 1579 clericum
3591 1525 3853 1579 alienum

2239 1618 2419 1671 nullus
2446 1618 2544 1670 sibi
2578 1618 2847 1685 prcripiat
2870 1617 3155 1686 episcopos
3185 1627 3382 1686 prater
3403 1616 3521 1686 eius
3545 1617 3851 1672 arbitrium

2236 1714 2389 1776 cuius
2424 1705 2584 1779 136
2613 1704 2769 1761 fuerit
2794 1708 3041 1763 clericus.
3071 1707 3199 1763 Dico
3221 1717 3399 1763 autem
3422 1706 3718 1773 Julianum,
3747 1708 3850 1779 qui

539 1812 798 1858 statutum
841 1810 925 1856 est
952 1816 983 1855 a
1008 1810 1154 1854 cuitu
1183 1796 1532 1861 sacerdotali,
1586 1807 1643 1850 ut
1688 1795 1870 1864 plebes
1916 1809 2035 1862 qua:
2077 1794 2131 1847 in
2162 1808 2211 1869 Β
2244 1804 2482 1871 ingratus
2514 1810 2595 1855 est
2623 1799 2717 1855 Dei
2763 1798 3039 1855 beneficiis
3072 1810 3166 1873 per
3198 1816 3373 1856 meam
3423 1804 3750 1871 parvitatem
3790 1804 3847 1855 in

544 1893 869 1950 dimensibus
898 1892 986 1947 ab
1029 1889 1301 1961 episcopis
1346 1888 1671 1950 retinentur,
1702 1900 1822 1956 qua
1850 1886 2133 1956 episcopos

540 1999 813 2055 nunquam
866 1981 1191 2047 habuerunt,
1224 1995 1331 2037 non
1379 1979 1482 2035 nisi
1526 1991 1650 2034 cum
1696 1977 1974 2032 voluntate
2014 1974 2137 2046 eius

537 2077 783 2148 episcopi
812 2090 843 2130 a
873 2091 980 2145 quo
1011 2084 1261 2131 tenentur
1294 2073 1539 2145 proprios
1573 2071 1841 2141 accipiant
1868 2080 2131 2137 rectores,

538 2167 594 2224 id
640 2177 728 2223 est
771 2170 1168 2239 episeoposut
1208 2179 1337 2220 vero
1382 2164 1505 2235 quia
1553 2164 1819 2229 nonnulli,
1856 2162 2142 2217 dominatu

537 2261 773 2330 quodam
814 2260 1033 2330 adepto,
1060 2258 1495 2314 communionem
1544 2254 1768 2310 fratrum
1813 2254 2131 2319 abhorrent,

538 2352 623 2407 vel
650 2361 801 2407 certe
828 2365 952 2407 eum
1000 2347 1278 2420 depravati
1327 2349 1545 2411 iuerint,
1598 2345 1753 2416 quasi
1806 2346 1860 2399 in
1900 2345 2134 2414 quedam

538 2459 664 2500 arce
689 2444 972 2516 tyrannica
1015 2444 1118 2499 sibi
1146 2441 1486 2497 dominatum
1512 2438 1809 2505 vindicant,
1842 2438 1985 2508 quod
2017 2438 2134 2507 pic-

536 2536 691 2606 riqnc
738 2538 929 2592 tumidi
972 2543 1133 2605 atque
1162 2532 1351 2589 stolidi
1385 2533 1653 2589 adversus
1689 2520 1977 2602 episcopos
2006 2544 2135 2585 suos

538 2631 782 2686 cervices
822 2632 1035 2701 erigunt
1069 2628 1224 2699 135
1265 2626 1587 2697 presbyteri,
1620 2626 1701 2681 vel
1732 2624 2000 2681 conviviis
2029 2623 2136 2681 sibi

536 2723 893 2779 conciliantes
916 2721 1127 2791 plebem
1171 2720 1258 2774 vel
1285 2728 1436 2775 certe
1487 2732 1749 2788 persuasu
1789 2718 2043 2788 maligno,
2074 2725 2134 2773 ut

535 2818 727 2875 illicito
772 2815 959 2871 favore
987 2816 1209 2871 eosdem
1252 2815 1415 2869 velint
1444 2812 1549 2869 sibi
1574 2815 1843 2870 collocare
1870 2823 2155 2881 rectores,

536 2909 684 2981 quod
717 2908 939 2979 quidem
993 2906 1205 2976 insigne
1252 2908 1453 2961 mentis
1500 2916 1604 2961 tua:
1644 2914 1895 2961 tenemus
1919 2914 2125 2971 votam,

540 3001 704 3057 frater
757 3000 1005 3071 religiose
1049 2998 1255 3067 Aureli,
1287 2998 1413 3070 quia
1458 2998 1577 3054 bac
1619 3012 1765 3069 erepo
1813 2997 2129 3067 oppressisti

542 3109 653 3150 non
682 3094 919 3149 curando
953 3096 1090 3148 tales
1114 3092 1391 3162 petitores,
1423 3093 1523 3148 sed
1548 3102 1771 3163 propter
1790 3105 1979 3147 eorum
2011 3104 2131 3146 rea-

2236 1907 2295 1949 se
2319 1891 2544 1958 collatis,
2579 1891 2650 1947 ita
2686 1894 3029 1947 temerarium
3073 1903 3128 1948 et
3159 1894 3415 1948 audacem
3442 1892 3743 1958 exstitisse,
3784 1900 3849 1946 ut

2234 1999 2355 2041 eum
2380 1983 2471 2055 qui
2497 1997 2526 2037 a
2556 1998 2641 2039 me
2675 1984 2972 2053 baptizatus
2999 1992 3105 2051 est,
3135 2000 3258 2039 cum
3285 1992 3427 2041 esset
3452 1999 3583 2054 pner
3609 1984 3737 2038 mibi
3770 1984 3851 2038 ab

2236 2078 2429 2133 eodem
2461 2077 2893 2142 commendatus,
2925 2091 3154 2146 cumque
3175 2077 3354 2131 multis
3376 2078 3533 2132 annis
3553 2092 3581 2127 a
3608 2089 3697 2132 me
3724 2077 3845 2130 ale-

2236 2179 2386 2226 retur
2415 2180 2579 2241 atque
2606 2171 2953 2237 incresceret,
3003 2172 3147 2227 hunc
3176 2182 3232 2226 ut
3262 2169 3371 2225 dixi
3414 2169 3746 2240 baptizatum
3780 2169 3843 2225 in

2236 2260 2478 2316 Ecclesia
2522 2276 2636 2315 mea
2680 2275 2776 2331 per
2808 2276 3022 2314 manum
3056 2260 3383 2330 paupertatis
3413 2274 3568 2323 mete,
3605 2259 3748 2315 idem
3778 2258 3841 2315 il

2234 2351 2805 2420 dioecesi'Appalieosi
2853 2353 3024 2407 lector
3066 2364 3194 2407 esse
3236 2358 3495 2420 caperer,
3528 2352 3635 2406 imo
3666 2353 3836 2407 annis

2234 2442 2407 2499 ferme
2430 2442 2640 2498 duobus
2668 2442 2893 2512 legerat,
2929 2445 3116 2498 nescio
3136 2456 3245 2512 quo
3271 2450 3585 2509 contemptu
3611 2434 3837 2498 humili-

2237 2539 2364 2591 tatis
2394 2549 2530 2591 mea
2567 2535 2709 2591 idem
2738 2534 2979 2590 Julianus
3018 2536 3269 2605 arripuit,
3308 2551 3466 2606 quem
3498 2535 3643 2591 dicat
3676 2533 3837 2606 quasi

2236 2630 2512 2702 proprium
2540 2630 2715 2685 civem
2746 2630 2830 2683 sui
2859 2628 2965 2683 loci
2995 2626 3418 2684 Babtisaritanib
3440 2640 3526 2683 me
3556 2628 3837 2683 inconsul-

2234 2735 2291 2781 to
2316 2739 2605 2794 usurpare;
2640 2738 2763 2778 nam
2793 2733 2847 2780 et
2876 2725 3159 2778 diaconum
3192 2725 3341 2778 illum
3386 2723 3657 2778 ordinavit
3682 2740 3701 2776 :
3723 2725 3826 2777 hoc

2234 2817 2438 2872 scilicet
2467 2824 2663 2887 pateat,
2699 2816 2814 2869 haec
2841 2814 3056 2871 licentia
3088 2814 3261 2880 nobis,
3287 2814 3580 2870 beatissimi
3612 2815 3828 2882 fratres,

2234 2912 2277 2965 si
2325 2911 2501 2965 minus
2530 2920 2639 2964 tarn
2687 2908 2997 2978 imprudens
3045 2908 3387 2975 cohibeatur,
3416 2923 3485 2965 ne
3512 2922 3573 2964 se
3604 2909 3832 2964 misceat

2232 3002 2601 3059 communioni
2629 3002 2968 3074 cujusquam.
3008 3002 3289 3059 Nnmidius
3336 3003 3623 3075 episcopus
3653 3002 3825 3058 dixit-

2232 3097 2289 3154 Si
2338 3113 2443 3151 non
2492 3095 2756 3167 postulata
2808 3111 2984 3166 neque
3012 3095 3252 3152 consulta
3286 3106 3371 3153 tua
3417 3095 3733 3170 dignatione
3777 3097 3827 3152 id

541 3186 625 3241 los
653 3186 913 3255 cogitatus
943 3193 996 3241 et
1027 3200 1194 3254 prave
1216 3187 1540 3241 concinnata
1570 3183 1801 3240 concilia
1834 3184 1937 3240 hoc
1962 3184 2127 3241 dico:
2152 3172 2211 3244 (ξ
2232 3191 2443 3247 videtur
2470 3190 2660 3246 fecisse
2680 3188 2941 3256 Julianus,
2964 3187 3268 3262 iudicamus
3316 3205 3507 3246 omnes
3532 3188 3712 3261 inique
3743 3190 3827 3245 fa-
3858 3256 3859 3259 η

543 3278 662 3335 Non
703 3279 902 3334 debere
946 3287 1211 3334 rectorem
1244 3278 1493 3347 accipere
1539 3292 1659 3332 eatur
1688 3278 1898 3349 plebem
1928 3293 2051 3348 quae
2077 3280 2133 3334 in

543 3373 827 3428 dioecesim
874 3386 1092 3440 semper
1135 3370 1425 3441 subiacuit,
1458 3384 1561 3427 nec
1590 3386 1826 3442 unquam
1850 3373 2133 3442 proprium

544 3467 855 3537 episcopum
886 3466 1103 3532 habuit;
1136 3476 1462 3536 quapropter
1491 3466 1537 3521 si
1565 3467 1816 3521 universo
1857 3468 2133 3522 sanetissi-

545 3578 635 3620 mo
657 3563 819 3619 emtui
848 3562 1044 3633 placet,
1069 3561 1170 3616 hoc
1190 3562 1335 3631 quod
1358 3571 1672 3629 prosecutus
1696 3576 1815 3617 sunt
1841 3562 2130 3617 confirme-

541 3666 647 3711 tur.
683 3655 933 3712 Aurelius
983 3654 1273 3722 episeopus
1295 3653 1462 3708 dixit:
1493 3652 1711 3709 Fratres
1757 3662 1813 3708 et
1845 3667 2132 3709 consacer-

542 3749 695 3805 dotes
724 3750 919 3814 nostri,
940 3747 1307 3818 prosecutioni
1337 3762 1443 3802 non
1466 3746 1692 3818 obsisto,
1720 3745 1817 3802 sed
1844 3747 1945 3802 hoc
1970 3761 2056 3803 me
2075 3755 2131 3802 et

537 3842 734 3900 fecisse
757 3851 811 3897 et
834 3842 1096 3896 facturam
1127 3855 1248 3896 esse
1274 3841 1551 3911 profiteor.

537 3953 717 4013 XLIII.
745 3955 812 4010 Ut
834 3956 940 4025 qui,
969 3955 1109 4026 plebe
1133 3972 1228 4010 sua
1249 3964 1558 4026 contempla,
1571 3954 1639 4007 ad
1657 3953 1931 4007 concilium
1962 3954 2131 4011 venire

718 4029 992 4081 detrectant
1022 4039 1066 4079 et
1091 4028 1287 4098 plebem
1329 4033 1376 4080 et
1420 4026 1667 4080 honorem
1694 4028 1951 4082 amittant.

612 4118 767 4174 Circa
815 4133 909 4174 eos
937 4132 1069 4174 sane
1100 4120 1189 4185 qui
1241 4115 1444 4173 fuerint
1488 4116 1784 4173 concordes
1818 4132 1922 4171 non
1955 4116 2128 4172 solum

538 4208 683 4267 circa
714 4210 1006 4267 Ecclesiam
1030 4209 1529 4279 Carthagineusem,
1558 4206 1653 4263 sed
1680 4209 1822 4262 circa
1848 4221 2006 4261 omne
2037 4222 2127 4261 sa-

542 4301 819 4359 cerdotale
859 4300 1210 4366 consortium,
1256 4310 1384 4354 sunt
1423 4301 1568 4354 enim
1622 4297 1863 4367 plerique
1908 4298 2127 4366 conspi-

544 4406 726 4454 rantes
757 4412 876 4451 cum
909 4394 1153 4465 plebibus
1187 4392 1419 4462 propriis
1445 4405 1580 4462 quas
1610 4390 1908 4459 decipiunt,
1940 4398 1998 4445 ut
2048 4389 2129 4445 di-

542 4501 687 4548 ctum
708 4502 1008 4556 est,earum
1036 4486 1336 4557 scalpentes
1359 4499 1539 4551 aures,
1569 4482 1751 4538 blandi
1775 4482 1841 4537 ad
1868 4481 2128 4539 sed‘ucen-

2231 3294 2379 3341 ctum
2414 3283 2531 3337 velc
2584 3282 2803 3352 indigne
2837 3299 2849 3336 :
2882 3292 3208 3354 quapropter
3257 3283 3360 3339 nisi
3392 3281 3529 3339 idem
3581 3283 3828 3339 Julianus

2232 3376 2534 3433 correxerit
2563 3391 2802 3431 errorem
2835 3389 3015 3442 suum,
3045 3383 3100 3430 et
3129 3392 3249 3431 cum
3287 3376 3650 3433 satisfactione
3673 3392 3830 3434 eum-

2233 3473 2352 3529 dem
2384 3471 2638 3527 clericum
2680 3487 2839 3542 quem
2871 3468 3044 3528 fuetat
3069 3486 3232 3527 ausus
3259 3470 3506 3526 ordinare
3535 3486 3827 3527 revocave-

2232 3566 2305 3621 rit
2333 3574 2437 3621 taa:
2468 3564 2632 3634 plebi,
2660 3575 2852 3620 contra
2878 3571 3082 3621 statuta
3104 3564 3321 3623 concilii
3368 3564 3603 3631 faciens,
3627 3573 3823 3619 contu-

2233 3659 2419 3715 macia:
2442 3673 2554 3714 sua:
2584 3668 2861 3728 separatus
2892 3672 2922 3714 a
2949 3657 3103 3714 nobis
3126 3657 3359 3729 excipiet
3378 3657 3667 3729 judicium.
3696 3656 3827 3728 Epi-

2233 3750 2423 3820 gonius
2452 3750 2734 3819 episcopus
2756 3749 2891 3804 dixit
2910 3765 2924 3801 ε
2942 3747 3124 3807 Etatc
3148 3757 3320 3818 pater,
3341 3748 3453 3815 ipsa
3485 3749 3828 3819 promotioue

2232 3842 2665 3909 antiquissimus,
2687 3839 2766 3895 vir
2791 3838 3103 3905 laudabilis,
3127 3838 3293 3894 frater
3321 3850 3379 3894 ct
3399 3841 3609 3910 collega
3637 3850 3827 3895 noster

2233 3934 2561 4002 Victor,vult
2578 3934 2714 3990 banc
2728 3935 3039 4003 petitionem
3059 3934 3369 4005 generalem
3393 3935 3641 3991 omnibus
3658 3933 3824 3990 effici.

2233 4054 2395 4111 XLV.
2434 4053 2505 4109 Ut
2549 4055 2822 4123 episcopus
2860 4054 2951 4122 cui
2998 4053 3175 4120 plures
3209 4053 3358 4124 habes
3382 4052 3599 4108 clericos
3644 4054 3694 4108 ei
3730 4053 3827 4124 qui

2429 4136 2541 4199 eget
2570 4128 2638 4181 ad
2667 4126 3014 4180 ordinandam
3034 4127 3322 4192 postulatus
3343 4123 3623 4195 largiatur.

2296 4218 2541 4273 Aurelius
2563 4217 2844 4287 episcopus
2860 4216 2997 4271 dixit
3018 4232 3037 4272 :
3056 4218 3369 4273 Sermonem
3393 4231 3599 4283 meum,
3623 4216 3822 4271 admit-

2233 4314 2353 4379 tite,
2374 4312 2571 4367 fratres
2593 4327 2615 4364 :
2632 4308 2894 4380 contigit
2918 4324 3299 4379 uenturam
3323 4317 3385 4363 ut
3403 4308 3821 4379 postulo-turali

2232 4403 2483 4460 ecclesiis
2529 4414 2653 4471 φη
2702 4399 3011 4470 [impositis
3051 4409 3213 4470 egeat
3253 4400 3339 4455 vel
3382 4399 3705 4471 presbyteris
3733 4400 3821 4456 vel

2233 4492 2519 4563 episcopis,
2549 4501 2601 4547 et
2628 4503 2802 4546 tamen
2835 4505 3043 4547 memor
3083 4500 3406 4546 statutorsm
3436 4490 3493 4545 id
3516 4505 3739 4560 θρέψοι,
3759 4499 3825 4545 ut

536 4582 687 4650 dum,
733 4583 943 4637 vitiosa:
990 4582 1113 4635 vitae
1146 4579 1411 4645 homines,
1456 4578 1541 4634 vei
1578 4586 1725 4635 certe
1771 4578 1939 4634 inflati
1984 4580 2125 4635 etab
2156 4551 2555 4645 “cingebant
2577 4586 2889 4657 episcopum
2916 4585 3037 4655 ejus
3063 4595 3224 4654 atque
3270 4585 3316 4641 ei
3365 4551 3817 4653 incolant,qu

537 4677 647 4732 hoc
668 4674 944 4730 consortio
979 4673 1239 4743 separati,
1268 4674 1355 4742 qui
1391 4680 1576 4742 putant
1605 4673 1837 4744 proprim
1868 4673 2013 4744 plebi
2042 4674 2124 4728 in-

538 4769 840 4827 cubandum
896 4778 952 4825 et
1001 4783 1383 4838 nonnunquam
1430 4767 1683 4825 conventi
1731 4768 1797 4823 ad
1839 4768 2122 4823 concilium

537 4864 721 4917 venire
767 4861 1093 4928 detrectant,
1130 4874 1226 4915 sua
1276 4859 1412 4915 forte
1463 4874 1529 4916 ne
1578 4858 1876 4931 prodantur
1920 4859 2123 4931 ﬂagitia

538 4963 867 5019 metuentes;
912 4953 1035 5008 dico
1083 4953 1131 5009 si
1182 4953 1357 5024 placet
1383 4952 1525 5008 circa
1568 4952 1669 5008 hoc
1701 4950 1820 5025 [U.,
1855 4949 1974 5023 bos]
2019 4966 2123 5006 non

542 5058 750 5104 tantum
782 5048 1050 5104 dioeceses
1077 5060 1186 5101 non
1227 5060 1349 5102 esse
1387 5044 1703 5110 servandas,
1735 5060 1920 5099 verum
1963 5043 2123 5098 etiam

536 5151 591 5200 et
617 5143 684 5198 de
709 5143 921 5214 propria
954 5138 1209 5209 Ecclesia,
1242 5154 1359 5209 qua:
1399 5139 1508 5195 illis
1532 5139 1672 5195 male
1697 5138 1883 5193 faverit
1906 5136 1991 5210 [Β.
2027 5136 2117 5205 R.,

539 5239 602 5296 T.
633 5242 686 5307 i,
719 5236 921 5311 fuerit],
953 5234 1266 5293 omnimodo
1293 5234 1642 5291 adnitendum
1667 5240 1728 5288 ut
1758 5232 1919 5290 etiam
1941 5239 2125 5287 aucto-

536 5330 695 5385 ritate
726 5329 941 5401 publica
968 5326 1308 5403 reﬁciantur,
1345 5334 1508 5399 atque
1552 5327 1620 5383 ab
1650 5324 1781 5395 ipsis
1811 5322 2126 5395 principali-

536 5420 637 5477 bus
652 5423 924 5478 cathedris
946 5430 1322 5479 removeantur
1347 5438 1361 5475 :
1389 5428 1601 5490 Oportet
1630 5418 1778 5475 enim
1802 5428 1861 5473 ut
1885 5416 1978 5488 qui
2006 5418 2125 5473 uni-

534 5516 706 5570 versis
735 5515 991 5573 fratribus
1011 5532 1077 5574 ae
1103 5526 1221 5572 toto
1241 5513 1471 5571 concilio
1496 5511 1804 5577 inbuerit,
1820 5525 1927 5565 non
1948 5510 2122 5565 solum

535 5624 687 5669 suam
735 5608 858 5683 iure
900 5614 1135 5683 integro,
1173 5610 1273 5666 sed
1311 5617 1371 5665 et
1412 5608 1679 5664 dimceses
1737 5602 2041 5676 possideat;
2068 5612 2130 5663 at

608 5800 632 5823 α
664 5785 740 5843 Ex
772 5789 1019 5843 omnibus
1040 5789 1351 5845 (Iudicibus.
1378 5789 1436 5845 Io
1461 5787 1565 5853 Δ..
1586 5787 1800 5844 ultimis.

660 5858 699 5914 [ι
766 5857 852 5926 Β..
882 5859 946 5912 Τ.
977 5860 1029 5925 1,
1058 5860 1115 5927 ‘2,
1142 5860 1236 5928 G.,
1270 5859 1593 5915 Vasaritani.

2227 4681 2343 4751 ejus
2373 4677 2602 4734 clericus
2626 4694 2653 4733 a
2681 4678 2919 4749 qualibet
2939 4677 3175 4734 ecclesia
3198 4679 3493 4747 postuletur
3518 4694 3530 4729 :
3554 4678 3647 4732 sed
3682 4679 3819 4732 forte

2226 4772 2287 4829 in
2310 4771 2581 4829 hodierne
2600 4785 2711 4827 soli
2737 4772 2987 4827 reluctati
3013 4779 3165 4837 sunt,
3189 4782 3251 4827 et
3273 4786 3342 4826 ne
3366 4770 3589 4841 quando
3606 4772 3818 4826 cuttin-

2226 4875 2319 4936 θοι
2364 4874 2425 4919 ιιι
2471 4866 2829 4927 autem,
2854 4879 2987 4919 eum.
3008 4863 3207 4919 fuerint
3250 4878 3285 4917 a
3323 4863 3497 4919 nscio
3524 4864 3625 4918 bac
3652 4875 3825 4918 causa

2225 4958 2509 5028 postulati,
2536 4972 2706 5027 quem
2724 4956 2877 5013 scitis
2896 4956 3184 5011 multarum
3211 4952 3565 5011 ecclesiarum
3586 4966 3643 5009 et
3669 4954 3821 5009 osdi-

2225 5050 2529 5105 nandorum.
2542 5062 2727 5104 cum
2747 5046 3034 5111 sustinere,
3047 5044 3261 5115 iustum
3277 5053 3363 5101 est
3380 5059 3603 5114 ergo,ttt
3626 5060 3820 5113 quem»

2225 5142 2357 5200 libet
2384 5140 2826 5197 coosmrdottuu
2856 5139 3181 5195 conveniam
3219 5153 3343 5195 uim
3390 5138 3599 5194 duobus
3624 5153 3656 5193 e
3681 5152 3821 5195 coo-

2226 5235 2403 5289 sor-tio
2425 5241 2613 5291 nostro
2660 5230 2747 5287 vel
2797 5229 2971 5287 tribus
3004 5231 3230 5287 testibus
3258 5250 3271 5287 :
3298 5231 3347 5286 si
3374 5245 3504 5286 vero
3529 5230 3817 5288 indevotus

2224 5325 2535 5392 exstiterit,
2576 5324 2705 5395 quid
2747 5333 2932 5381 censet
2966 5323 3202 5379 otiosius
3252 5331 3433 5380 vestra
3474 5322 3817 5380 faciendum?

2226 5437 2327 5492 ego
2346 5420 2493 5477 enim
2534 5426 2850 5473 cunctarum
2879 5416 3236 5472 ecclesias-um.
3258 5415 3572 5486 dignatione
3609 5415 3733 5483 Dei,
3757 5426 3821 5471 α

2225 5512 2375 5570 scitis
2401 5512 2611 5577 fratres,
2645 5506 3067 5567 sollicitudinem
3083 5508 3349 5564 sustineo.
3400 5506 3683 5563 Numidica
3700 5507 3815 5578 epi-

2225 5621 2429 5679 scopos
2452 5605 2589 5662 dixit
2623 5620 2641 5661 ς
2676 5605 2811 5661 Fuit
2830 5602 2947 5660 haec
2967 5616 3181 5672 semper
3211 5601 3427 5659 licentia
3451 5598 3578 5659 huic
3601 5600 3815 5670 κὰίιιιι

2299 5794 2321 5822 ο
2354 5779 2468 5850 ιΕ.,
2494 5778 2662 5848 B.R.,
2693 5774 2757 5836 Τ.
2794 5777 2845 5846 I,
2874 5778 2933 5847 2,
2962 5785 3129 5849 atque.
