4024 6350
144 397 245 460 197

1011 396 1289 463 AFRICE
1327 392 1666 457 CONCILIA.
1702 417 1777 434 --
1815 392 2394 461 CARTIIAGINENSE
2430 391 2518 457 ΙΙΙ.

3311 388 3414 458 198

144 516 278 573 unde
303 512 467 569 vellet
490 512 630 570 etde
652 515 806 583 cuius
831 514 1046 570 nomine
1078 514 1265 570 fuisset
1284 521 1602 580 conventus,
1628 523 1726 581 pro
1750 509 1803 570 Δ
1827 510 2109 568 Jeremias.
2148 513 2233 567 l7.
2264 511 2531 567 Ezechiel.
2569 510 2656 566 18.
2700 509 2907 567 Daniel.
2956 510 3040 567 l9.
3070 510 3287 571 Tobias.
3317 516 3411 574 20.

138 607 401 665 desiderio
430 605 743 677 cujusquam
779 607 1058 675 Ecclesiae,
1085 608 1360 669 ordinaret
1386 606 1720 676 episcopum.

142 701 425 771 Epigonius
446 700 730 770 episcopus
775 700 911 754 dixit
936 719 947 753 :
976 701 1190 754 Bonitas
1220 708 1521 770 sequestrat
1552 697 1726 768 possi-

142 796 417 859 bilitatem,
454 792 633 845 minus
662 794 803 846 enim
850 793 1147 860 praesumis,
1176 793 1358 856 frater,
1392 806 1512 845 cum
1546 800 1598 844 te
1632 789 1729 844 bo-

145 903 259 942 num
288 898 342 941 et
370 888 691 939 clementem
714 896 736 921 ε·
761 885 968 949 reddis;
1006 885 1168 939 habes
1187 886 1328 939 enim
1361 885 1511 957 137
1530 869 1644 937 'hoc
1673 884 1729 937 in

146 980 353 1034 arbitrio
376 997 387 1031 :
413 979 542 1032 satis
565 991 647 1034 est
672 989 727 1031 ut
747 979 1035 1033 satisfaciat
1066 978 1088 1015 δ
1115 992 1358 1048 personae
1391 976 1729 1045 uniuscujus-

149 1090 243 1141 que
270 1072 509 1142 episcom
554 1072 605 1140 iu
639 1074 807 1141 prima
859 1073 1226 1131 tantummodo
1268 1075 1653 1137 conventione;
1683 1072 1729 1125 si

154 1181 343 1231 autem,
376 1166 518 1235 quod
555 1167 680 1220 licet
710 1167 834 1221 huic
860 1168 996 1234 sedi,
1024 1168 1407 1223 vindicandum
1439 1169 1541 1222 sibi
1572 1166 1733 1222 fuerit

156 1263 455 1326 arbitratus,
485 1276 706 1316 necesse
756 1262 916 1317 habes
949 1274 1002 1317 tu
1031 1277 1218 1317 omnes
1247 1261 1504 1318 ecclesias
1544 1260 1731 1315 sufful-

153 1355 253 1408 cire
277 1371 289 1406 :
316 1346 457 1408 unde
482 1354 577 1407 tibi
624 1367 728 1407 non
778 1362 1096 1423 potestatem
1126 1352 1244 1429 [U.,
1277 1351 1606 1424 facultatem]
1633 1354 1730 1406 da-

154 1462 280 1511 mus,
314 1448 410 1502 sed
447 1455 551 1500 tua:
581 1447 941 1516 assignamus,
976 1457 1036 1502 ut
1065 1448 1223 1503 liceat
1252 1448 1513 1502 voluntati
1546 1456 1647 1501 tuae
1679 1458 1733 1502 et

149 1550 357 1608 semper
407 1547 590 1594 tenere
634 1555 793 1605 quem
843 1540 1017 1605 voles,
1051 1552 1106 1595 ut
1143 1540 1457 1609 praepositos
1489 1540 1735 1610 plebibus

145 1632 221 1685 vel
250 1630 496 1685 ecclesiis
525 1630 822 1686 constituas
853 1634 939 1701 qui
973 1632 1167 1686 fuerint
1201 1631 1476 1701 postulati,
1509 1642 1562 1686 et
1592 1632 1735 1687 unde

147 1722 306 1778 voles.
338 1723 715 1778 Postutnianus
737 1722 1021 1792 episcopus
1044 1723 1206 1778 dixit:
1230 1723 1430 1777 Deinde
1453 1724 1543 1792 qui
1566 1732 1733 1776 unum

148 1818 412 1881 habuerit,
446 1816 687 1887 nunquid
714 1817 874 1871 debet
902 1816 976 1871 illi
1010 1832 1147 1870 unus
1180 1818 1295 1884 ipse
1324 1815 1608 1887 presbyter
1634 1830 1733 1869 au‘

146 1907 305 1963 ferri?
360 1910 607 1963 Aurelius
634 1906 919 1978 episcopus
949 1908 1087 1961 dixit
1110 1924 1126 1961 :
1148 1906 1254 1963 Sed
1280 1908 1565 1976 episcopus
1594 1921 1733 1964 unus

145 2016 264 2057 esse
292 2012 493 2071 p0test,
542 2018 637 2070 per
665 2016 825 2071 quem
871 2001 1183 2071 dignatidne
1221 2001 1401 2054 divina
1433 1997 1735 2070 presbyteri

142 2094 290 2148 inulti
323 2092 580 2148 constitui
614 2094 853 2162 possint;
885 2108 1025 2147 unus
1053 2101 1232 2145 autem
1275 2090 1561 2160 episcopus
1592 2087 1735 2143 diffi-

139 2186 241 2241 cile
270 2187 545 2239 invenitur
572 2183 987 2239 constituendus
1017 2200 1031 2236 :
1062 2192 1391 2252 quapropter
1415 2184 1459 2237 si
1485 2195 1739 2237 necessa-

140 2281 283 2333 rium
313 2280 597 2346 episcopus
618 2278 736 2347 quis
764 2278 1009 2331 habuerit
1034 2278 1431 2349 presbyterum,
1465 2285 1519 2330 et
1548 2291 1733 2343 unum,

140 2381 197 2427 ut
228 2371 439 2435 dixisti,
486 2372 672 2435 frater,
705 2371 972 2435 habuerit,
1013 2370 1173 2424 etiam
1220 2372 1392 2439 ipsum
1423 2369 1489 2423 ad
1521 2382 1739 2439 promo-

144 2467 345 2517 tionem
396 2462 527 2516 dare
575 2460 809 2517 debebit.
844 2462 1219 2516 Postumianus
1247 2458 1533 2531 episcqu
1561 2461 1731 2515 dixit:

145 2555 286 2626 Ergo
339 2555 386 2610 si
435 2554 594 2610 habet
639 2555 778 2610 alius
825 2556 1160 2611 abundantes
1203 2555 1349 2629 [ιη
1378 2555 1735 2628 abundanter]

146 2650 396 2714 clericos,
436 2649 597 2704 debet
628 2649 756 2703 mibi
788 2648 891 2702 alia
941 2649 1090 2718 plebs
1139 2648 1459 2706 subvenire?
1491 2651 1741 2705 Aurelius

146 2741 431 2812 episcOpus
478 2741 843 2807 dixit:Sane,
877 2742 1147 2811 quomodo
1195 2752 1252 2796 tu
1300 2741 1555 2797 Ecclesiae
1586 2740 1739 2795 alteri

143 2834 480 2898 subveneris,
515 2833 928 2902 persuadebitur
957 2833 1033 2888 illi
1061 2834 1151 2902 qui
1183 2834 1366 2902 plures
1394 2832 1555 2889 habet
1578 2833 1740 2888 cleri-

142 2940 249 2991 cos,
282 2935 345 2982 ut
376 2941 538 2980 unum
571 2925 666 2980 tibi
701 2925 1061 2980 ordinandum
1104 2925 1379 2995 largiatur.

146 3018 321 3075 XLVI.
352 3017 421 3073 Ut
447 3020 715 3090 episcopus
744 3020 797 3071 in
826 3018 1026 3090 diwcesi
1056 3017 1226 3090 {actus
1251 3018 1413 3072 solam
1439 3034 1549 3074 eam
1571 3024 1741 3072 teneat

469 3089 664 3157 plebem
684 3090 736 3141 in
763 3105 863 3158 qua
894 3089 1092 3143 exstitit
1123 3089 1415 3143 ordinatus.

211 3182 520 3238 Honoratus
558 3192 614 3238 et
646 3182 891 3239 Urbanus
917 3183 1155 3255 episcopi
1186 3184 1435 3247 dixerunt
1468 3202 1481 3238 :
1517 3184 1737 3241 Audivi-

146 3289 259 3330 mus
286 3275 638 3330 constitutum
664 3285 723 3330 ut
756 3274 1019 3333 dimceses
1062 3291 1165 3330 non
1199 3286 1504 3340 mereantur
1528 3277 1739 3347 episco-

146 3380 240 3434 pos
286 3366 556 3438 accipere,
609 3367 708 3421 nisi
757 3382 1025 3423 consensu
1077 3367 1192 3437 ejus
1235 3368 1335 3423 sub
1379 3384 1485 3440 quo
1534 3368 1745 3435 fuerant

146 3459 487 3525 constitutae;
520 3457 614 3513 sed
638 3460 689 3513 in
722 3459 991 3528 provincia
1024 3468 1235 3527 nostra,
1261 3475 1383 3514 cum
1417 3460 1580 3531 aliqui
1604 3463 1743 3520 forte

146 3551 197 3605 in
219 3552 442 3608 dimcesi
469 3551 804 3608 concedente
842 3567 907 3610 eo
935 3554 1186 3627 episcopo
1213 3558 1264 3619 in
1298 3553 1450 3624 cujus
1478 3564 1742 3624 potestate

146 3645 359 3703 fuerant
386 3648 690 3709 constituta:
718 3648 948 3704 ordinati
980 3663 1103 3709 sunt
1132 3650 1391 3727 episcopi,
1416 3650 1581 3709 etiam
1606 3652 1743 3709 dite-

147 3753 299 3794 ceses
339 3738 435 3795 sibi
469 3740 776 3799 vindicare:
810 3743 911 3796 hoc
949 3749 1003 3801 et
1029 3739 1218 3813 corrigi
1251 3744 1527 3805 charitatis
1551 3753 1748 3807 νϐειτω

140 3829 344 3901 judicio
370 3843 424 3890 et
445 3834 670 3889 inhiberi
693 3833 855 3889 debet
876 3834 943 3888 de
964 3842 1181 3889 caetero.
1221 3834 1511 3911 Epigouius
1531 3837 1740 3906 episco-

145 3941 245 3995 pus
274 3926 419 3981 dixit
456 3944 472 3981 :
504 3926 737 3993 Singulis
767 3928 1032 3996 episcopis
1058 3937 1325 3982 servatum
1358 3936 1441 3983 est
1468 3928 1608 3998 quod
1639 3930 1744 3985 de-

141 4016 337 4080 cebat,
377 4027 438 4071 ut
473 4033 539 4071 ex
588 4032 765 4070 massa
803 4018 1115 4072 dioecesium
1162 4019 1304 4072 nulla
1340 4031 1648 4087 carperetur
1688 4029 1746 4075 ut

141 4108 426 4183 proprium
468 4111 778 4179 episcopum
808 4110 1103 4173 habuisset,
1135 4111 1234 4165 nisi
1274 4111 1388 4180 ipse
1419 4126 1742 4169 consensum

141 4202 483 4259 adhibuisset
509 4202 858 4265 concedendi.
894 4202 1133 4259 Sufficiat
1157 4205 1296 4257 enim
1320 4203 1363 4257 si
1388 4207 1741 4275 consenserit,

144 4310 200 4355 ut
221 4297 413 4354 eadem
433 4296 685 4352 dieecesis
716 4297 974 4366 permissa
1002 4298 1275 4367 preprium
1304 4306 1511 4352 tantum
1535 4298 1744 4367 episco-

149 4413 268 4465 pum
303 4397 515 4460 habeat,
542 4398 763 4451 caeteras
790 4394 891 4449 sibi
919 4409 1024 4449 non
1049 4394 1282 4450 vindicet
1309 4396 1593 4459 dioeceses,
1622 4410 1742 4465 qum

150 4496 369 4558 excepta
413 4490 479 4543 de
523 4486 667 4542 fasce
723 4487 1015 4542 multarum
1065 4487 1179 4541 sola
1233 4488 1427 4543 meruit
1475 4488 1737 4542 honorem

152 4582 486 4650 episcopatus
516 4578 811 4648 suscipere.
834 4578 1081 4634 Aurelius
1105 4581 1387 4649 episcopus
1414 4579 1546 4635 dixit
1580 4596 1595 4633 :
1618 4579 1734 4636 Non

154 4672 336 4727 dubito
365 4669 617 4727 claritati
640 4679 832 4727 vestra:
859 4671 1100 4725 omnium
1131 4672 1342 4740 placere
1370 4687 1494 4728 eum
1522 4673 1576 4727 in
1602 4672 1739 4730 dioe~

154 4766 278 4829 cesi,
300 4763 631 4820 concedente
644 4765 916 4833 episcopo,
940 4764 1031 4834 qui
1051 4764 1328 4819 matricem
1351 4764 1541 4831 tenuit,
1567 4766 1736 4821 solam

154 4856 393 4911 eamdem
424 4856 663 4911 retinere
686 4854 897 4924 plebem
926 4853 987 4908 in
1010 4867 1115 4924 qua
1146 4853 1304 4909 fuerit
1329 4854 1631 4910 ordinatus.

156 4969 358 5026 XLVII.
396 4968 462 5026 Ut
499 4981 681 5041 prtem
712 4970 1008 5038 Scripturas
1037 4970 1314 5023 canonicas
1345 4968 1475 5023 nihil
1503 4970 1557 5022 in
1585 4968 1746 5023 eccle-

238 5049 312 5097 sia
345 5046 550 5114 legatur
578 5042 675 5096 sub
695 5044 899 5095 nomine
922 5041 1211 5095 diuinarum
1240 5041 1648 5111 Seripturarum.

224 5138 359 5192 Sunt
389 5148 563 5192 autem
597 5137 867 5192 canonica
898 5137 1211 5204 Scriptura,
1246 5136 1297 5191 id
1329 5145 1412 5192 est
1444 5155 1455 5191 :
1499 5135 1658 5207 138
1690 5136 1742 5190 I.

160 5228 399 5285 Genesis.
428 5229 485 5284 Ω.
507 5227 743 5283 Exodus.
763 5228 817 5283 3.
840 5227 1123 5283 Lev'tticus.
1152 5230 1205 5282 ο.
1239 5227 1475 5282 Numeri.
1512 5226 1565 5280 5.
1602 5228 1743 5283 Deu-

161 5323 536 5379 terouomium.
561 5322 615 5378 θ.
656 5322 785 5378 Jesu
814 5321 977 5376 Nave.
1009 5322 1067 5375 7.
1104 5321 1369 5377 Iudicum.
1394 5321 1450 5379 8.
1481 5320 1646 5377 Ruth.
1685 5322 1741 5379 9.

163 5412 461 5484 Regnorum
502 5414 630 5470 libri
656 5414 745 5469 IV.
791 5414 874 5467 it).
900 5412 1344 5482 Paralipomenon
1385 5413 1509 5468 libri
1543 5413 1606 5468 ll.
1653 5414 1743 5469 Η.

162 5502 274 5562 Job.
322 5509 408 5563 η.
463 5508 784 5563 Psalterium
830 5505 1167 5560 Davidicum.
1221 5507 1306 5562 i3.
1343 5504 1651 5561 Salomonis
1683 5505 1746 5561 Ii-

164 5601 325 5658 briV.
363 5602 451 5657 M.
507 5600 651 5656 Libri
682 5600 775 5656 XII
825 5600 1228 5671 prophetarum.
1274 5600 1365 5656 I5.
1409 5600 1611 5655 Esaias.
1656 5599 1742 5657 l6.

230 5766 252 5792 ει
286 5756 487 5839 5,}.
524 5756 716 5827 eqs,
746 5756 802 5825 3,
840 5754 901 5824 τ,
940 5758 995 5825 t,
1021 5758 1087 5825 ἢ.
1112 5757 1211 5827 υ..
1237 5758 1532 5823 clementem
1581 5740 1759 5839 omnis;

168 5828 253 5883 bus
292 5832 485 5886 reddis.

233 5899 256 5937 δ
287 5901 388 5971 G.,
419 5902 653 5974 arbitrio,
677 5902 731 5957 id
758 5906 852 5973 est,
880 5902 1259 5975 utsatisfacias.

1828 606 2030 668 Judith.
2073 606 2163 661 21.
2220 608 2431 667 Esther.
2465 605 2555 659 22.
2588 605 2777 667 Esdrac
2812 606 2933 666 libri
2977 604 3038 665 II.
3080 604 3171 663 25.
3203 608 3421 667 Macha-

1828 700 2068 755 baaorum
2101 699 2223 753 libri
2258 699 2319 753 II.
2352 698 2487 753 Novi
2518 707 2701 753 autem
2734 699 3086 754 Testamenti.
3119 698 3209 756 24.
3239 702 3418 758 Evan-

1828 794 2087 863 geliorum
2112 792 2230 845 libri
2256 789 2343 845 IV.
2373 788 2463 843 25.
2486 792 2713 845 Actuum
2731 794 3089 860 apostolorum
3114 793 3248 848 liber
3268 795 3305 849 I.
3322 793 3418 850 26.

1830 885 1979 940 Pauli
2006 884 2230 952 apostoli
2260 882 2511 952 Epistulae
2540 882 2691 950 XIII;
2719 886 2957 953 ejusdem
2988 886 3055 941 ad
3091 886 3344 943 Hebraeos
3376 888 3418 943 Ι.

1832 979 1921 1033 27.
1957 979 2100 1034 Petri
2144 977 2211 1045 Il;
2252 975 2474 1032 Joannis
2498 975 2594 1040 III;
2628 976 2778 1030 Iudae
2808 974 2860 1045 l';
2890 978 3075 1033 Jacobi
3104 976 3167 1047 l;
3204 982 3417 1050 Apoca-

1830 1072 1998 1144 lypsis
2026 1070 2249 1126 Joannis
2278 1068 2413 1125 liber
2434 1067 2474 1123 ι.
2500 1067 2659 1125 Fiunt
2682 1067 2843 1137 igitur
2863 1069 2987 1126 libri
3008 1070 3194 1140 viginti
3218 1082 3270 1126 et
3298 1086 3423 1142 scp-

1833 1174 1959 1229 tem,
1994 1167 2065 1221 ita
2096 1175 2154 1221 ut
2187 1163 2257 1219 de
2282 1161 2651 1219 confirmando
2681 1162 3020 1218 istocanone
3048 1166 3420 1220 transmarinas

1833 1262 2089 1318 Ecclesiae
2134 1260 2502 1317 consuluntur.
2555 1259 2735 1313 Liceat
2772 1260 2935 1314 etiam
2984 1258 3088 1330 legi
3142 1260 3422 1328 passiones

1833 1363 2145 1426 martyrum,
2170 1368 2292 1409 cum
2324 1353 2675 1408 anniversarii
2702 1352 2817 1408 dies
2844 1366 3031 1408 eorum
3058 1352 3420 1409 celebrantur.

2111 1464 2341 1531 XLVIII.
2376 1464 2453 1520 De
2474 1465 2739 1537 baptizatis
2766 1482 2800 1527 α
2829 1463 3133 1522 Donatistis.

1908 1557 1984 1635 De
2034 1558 2323 1615 Donatistis
2376 1560 2609 1630 placuit,
2659 1569 2718 1617 ut
2765 1562 3106 1621 consulamus
3146 1559 3339 1618 fratres
3371 1569 3428 1617 et

1836 1653 2249 1709 consacerdotes
2288 1664 2504 1711 nostros
2541 1651 2796 1710 Siricium
2833 1661 2889 1715 et
2918 1652 3323 1729 Simplicianum
3355 1652 3425 1710 de

1838 1742 1966 1798 solis
2004 1742 2293 1799 infantibus
2333 1746 2420 1815 qui
2468 1746 2807 1817 baptizantur
2846 1760 3010 1816 penes
3052 1744 3271 1805 eosdem
3297 1786 3315 1812 ,
3357 1760 3429 1802 ne

1759 1879 1812 1942 Β
1836 1837 1977 1917 quod
2010 1852 2109 1891 suo
2139 1853 2244 1893 non
2272 1838 2512 1897 fecerunt
2543 1850 2565 1879 ο
2599 1838 2800 1907 judicio
2826 1879 2847 1905 π
2881 1854 3003 1899 cum
3032 1837 3099 1893 ad
3131 1838 3424 1893 Ecclesiam

1845 1929 1935 1985 Dei
1963 1930 2162 1986 salubri
2193 1932 2465 2001 Dl‘OpOSIlO
2495 1931 2689 1989 fuerint
2714 1933 2981 1996 conversi,
3017 1939 3292 2001 parentum
3320 1930 3427 1988 illis

1838 2035 1990 2076 error
2032 2022 2286 2097 impediat
2333 2038 2401 2079 ne
2431 2032 2846 2093 promoveantur
2883 2022 3022 2081 sacri
3053 2022 3237 2079 altaris
3267 2022 3430 2085 mini-

1839 2113 1935 2166 stri
1979 2111 2099 2186 [U.,
2131 2113 2471 2185 ministerio].
2502 2114 2701 2183 Quibus
2750 2113 2983 2180 insertis,
3038 2113 3340 2171 Honoratus
3377 2121 3432 2169 et
3474 2164 3477 2171 .

1841 2203 2086 2259 Urbanus
2130 2204 2365 2275 episcopi
2410 2206 2567 2272 legati
2608 2204 2894 2275 provinciis
2939 2206 3269 2263 Mauritaniae
3304 2204 3431 2262 Siti-

1841 2299 2056 2367 phcnsis
2078 2298 2328 2355 dixerunt
2361 2318 2373 2352 :
2404 2299 2522 2355 lam
2547 2299 2747 2356 dudum
2769 2316 2894 2361 cum
2917 2300 3055 2370 apud
3087 2299 3430 2361 sanctitatem

1839 2402 2070 2447 vestram
2119 2392 2471 2461 allegaremus
2516 2394 2752 2462 scripta,
2796 2390 2952 2448 dilati
2994 2406 3178 2447 sumus
3207 2405 3267 2445 ea
3299 2404 3431 2446 con-

1843 2480 2195 2554 templatione
2238 2483 2381 2551 quod
2422 2482 2614 2538 fratres
2639 2484 2805 2539 nostri
2838 2480 3091 2537 advenire
3119 2489 3339 2554 possent
3365 2480 3435 2537 de
3472 2544 3475 2547 ἰ

1840 2574 2083 2629 Numidia
2116 2575 2318 2646 legati;
2344 2575 2439 2631 sed
2469 2576 2593 2646 quia
2627 2592 2733 2635 non,
2761 2575 2908 2646 parvi
2939 2574 3055 2629 dies
3084 2582 3209 2629 sunt
3241 2573 3436 2644 quibus

1841 2667 2145 2738 eXSpectati
2175 2668 2392 2723 minime
2449 2678 2754 2735 venerunt;
2814 2669 2953 2722 ultra
3001 2667 3433 2741 prtetermittere,

1841 2778 1962 2834 qua:
2011 2763 2165 2819 nobis
2202 2764 2451 2825 mandata
2491 2771 2617 2827 sunt
2655 2779 2684 2818 a
2725 2763 2927 2819 nostris
2957 2760 3298 2831 coepiscopis
3328 2774 3436 2815 non

1842 2866 2085 2929 oportet;
2118 2866 2278 2927 atque
2303 2858 2423 2913 ideo
2445 2854 2640 2917 fratres
2665 2857 3064 2927 suggestionem
3107 2862 3345 2911 nostram
3373 2852 3439 2911 li-

1750 2945 1777 2959 "
1843 2947 2032 3002 benter
2070 2948 2358 3004 admittite.
2392 2949 2465 3003 De
2495 2947 2599 3004 fide
2636 2948 2778 3003 enim
2807 2947 3010 3007 Nicacni
3050 2954 3309 3003 tractatus
3342 2961 3439 3001 au-

1844 3022 2096 3107 divimus,
2120 3054 2302 3094 verum
2325 3048 2377 3095 et
2398 3038 2465 3095 de
2499 3040 2777 3095 sacrificiis
2803 3039 3109 3096 inhibendis
3130 3046 3247 3107 post
3274 3051 3437 3107 pran-

1846 3130 1990 3187 dium
2016 3174 2032 3199 ,
2074 3141 2134 3188 ut
2180 3147 2211 3187 a
2252 3131 2453 3202 jejunis
2483 3132 2622 3187 sicut
2667 3131 2869 3187 dictum
2919 3140 3000 3187 est
3037 3129 3352 3197 offerantur,
3381 3135 3439 3185 et

1765 3236 1813 3302 α
1847 3235 1972 3287 tunc
2002 3237 2057 3287 et
2083 3244 2223 3285 nunc
2248 3230 2513 3296 firmatum
2536 3238 2639 3285 est.

1849 3364 2034 3421 XLIX.
2064 3365 2091 3406 α
2126 3367 2207 3421 De
2226 3362 2307 3420 Itis
2333 3366 2423 3436 qui
2471 3363 2601 3419 nihil
2625 3368 2883 3491 Labeates
2930 3372 2987 3420 tu
3030 3362 3257 3420 ecclesiis
3291 3348 3445 3418 ordi-

2519 3452 2620 3491 ιωη
2712 3474 2730 3491 .
2870 3474 2876 3483 ν

1916 3533 2127 3590 Placuit
2149 3541 2210 3587 ut
2250 3530 2528 3601 episcopi,
2570 3529 2912 3601 presbyteri,
2952 3528 3162 3586 diaconi
3191 3530 3275 3584 vel
3306 3527 3439 3599 qui-

1842 3638 2059 3695 cunque
2095 3623 2298 3687 clerici,
2342 3623 2436 3693 qui
2482 3620 2613 3677 nihil
2671 3621 2931 3679 habentes
2979 3621 3337 3683 ordinantur,
3387 3627 3445 3676 et

1844 3727 2087 3789 tempore
2115 3718 2463 3788 episcopatus
2484 3717 2565 3771 vel
2589 3715 2875 3771 clericatus
2895 3713 2983 3772 sui
3006 3728 3168 3783 agros
3190 3714 3276 3768 vel
3298 3725 3447 3782 quain

1844 3827 2056 3883 cunque
2095 3810 2291 3881 praedia
2323 3810 2527 3866 nomini
2568 3824 2673 3866 suo
2691 3816 3036 3877 conparant,
3074 3816 3329 3879 tanquam
3356 3820 3444 3860 re-

1847 3922 1963 3963 rum
1996 3906 2385 3964 dominica-um
2417 3904 2709 3959 iuvasioois
2738 3903 2964 3959 crimine
2985 3908 3303 3965 teneantur,
3336 3894 3450 3954 nisi

1846 3998 2107 4053 admoniti
2134 3999 2187 4052 in
2214 3997 2511 4053 Ecclesiam
2536 3996 2725 4051 eadem
2750 3995 2865 4061 ipsa
2892 3991 3238 4048 contulerint.
3268 3988 3324 4042 Si
3352 4002 3450 4045 ων»
3482 4022 3485 4023 ν

1848 4098 1961 4147 tem
1986 4091 2119 4157 ipsis
2141 4091 2356 4158 proprie
2379 4088 2577 4156 aliquid
2603 4087 2931 4143 liberalitate
2952 4083 3178 4150 alicujus
3207 4081 3285 4137 vel
3313 4093 3440 4134 suc-

1846 4183 2092 4241 cessione
2113 4179 2448 4250 cognationis
2475 4179 2687 4234 venerit
2709 4220 2725 4243 ,
2771 4174 2970 4232 feriant
3003 4175 3134 4230 inde
3167 4172 3315 4244 quod
3345 4185 3441 4227 eo-

1847 4290 1966 4331 rum
1998 4272 2279 4343 proposito
2302 4271 2548 4340 congruit
2572 4287 2587 4337 ;
2629 4268 2770 4340 quod
2798 4268 2844 4323 si
2864 4282 2897 4323 ι
2917 4280 3017 4322 suo
3044 4265 3319 4336 proposito
3345 4276 3439 4320 ro-

1849 4378 2079 4423 trorsum
2128 4364 2547 4422 exorbitaverint
2604 4363 2765 4434 139
2818 4361 3029 4417 honore
3070 4356 3441 4416 ecclesiastico

1844 4461 2072 4532 indigni,
2094 4468 2342 4530 tanquam
2367 4456 2585 4527 reprobi
2604 4455 2932 4526 iudicentur.

1845 4594 1909 4652 ι..
1956 4596 2024 4653 Ut
2086 4601 2227 4670 gesta
2291 4594 2492 4649 concilii
2561 4598 2921 4670 eplscoporum
2983 4579 3437 4660 subscriptionibits

2447 4664 2830 4734 conﬁrmentur.

1919 4782 2167 4838 Aurelius
2193 4781 2473 4849 episcopus
2497 4778 2630 4835 dixit
2662 4798 2673 4831 :
2699 4777 2961 4845 Quoniam
2993 4775 3153 4847 igitur
3184 4769 3431 4829 universa

1846 4874 2077 4929 arbitror
2102 4873 2265 4929 fuisse
2293 4881 2509 4926 tractata
2536 4912 2551 4937 ,
2596 4871 2641 4925 si
2666 4869 2841 4924 omnia
2881 4882 3002 4923 cum
3040 4868 3218 4923 animo
3249 4878 3432 4923 vestro

1846 4969 2214 5033 convenerint,
2258 4980 2505 5021 sermone
2551 4976 2729 5019 vestro
2772 4973 2965 5019 cuncta
3001 4964 3268 5019 roborate.
3308 4961 3437 5016 Uni-

1846 5062 1984 5117 versi
2009 5060 2243 5131 episcopi
2274 5060 2527 5115 dixerunt
2569 5079 2582 5115 :
2630 5058 2788 5134 ιω
2824 5059 3088 5116 Omnibus
3128 5059 3282 5116 nobis
3322 5058 3435 5111 haac

1850 5151 2182 5219 placuerunt,
2217 5157 2268 5202 et
2297 5146 2409 5201 haec
2442 5154 2622 5202 nostra
2646 5146 3042 5227 subscriptione
3073 5143 3435 5209 flrmabimus,

1849 5243 1917 5298 Et
1941 5241 2390 5311 subscripserunt.

1918 5336 2168 5392 Aurelius
2191 5336 2476 5405 episcopus
2516 5332 2773 5391 Ecclesia:
2814 5326 3150 5400 Carthaginis
3188 5323 3308 5380 huic
3339 5323 3435 5383 de-

1848 5437 1999 5486 creto
2028 5428 2297 5494 consensi,
2340 5439 2392 5483 et
2420 5427 2621 5484 relecto
2649 5423 2967 5494 subscripsi.

1921 5526 2207 5597 Epigonius
2233 5525 2515 5597 episcOpus
2534 5524 2710 5596 plebis
2738 5517 3001 5577 Bullensis
3032 5512 3268 5587 regionis
3298 5517 3432 5573 sub-

1848 5624 2065 5694 scripsi.

1921 5772 1943 5801 °
1977 5759 2054 5815 Ex
2083 5757 2149 5814 υ.
2180 5756 2236 5813 In
2267 5758 2331 5812 Α.
2364 5764 2418 5810 et
2444 5750 2707 5820 reliquis:
2741 5746 3305 5820 [Winjudicim

1918 5829 1947 5871 ἀ
1974 5832 2030 5887 In
2057 5827 2255 5887 Codice
2285 5828 2346 5882 Β.
2370 5826 2461 5892 IL,
2494 5815 2637 5888 Tit,
2659 5818 2719 5887 ἓ,
2742 5815 2809 5879 fet
2827 5815 2924 5885 υ...
2944 5815 3102 5881 ϐοαὶ
3125 5830 3305 5879 canna
3332 5815 3439 5879 κα

3426 6012 3469 6027 η
