  <div class='ocr_page' id='page_1' title='image "/cluster/home/n/w/nwhite01/storage/ocr_20150623/84/hvd.32044015547136/105.png"; bbox 0 0 4024 6350; ppageno 0'>
   <div class='ocr_carea' id='block_1_1' title="bbox 522 261 628 328">
    <p class='ocr_par' dir='ltr' id='par_1_1' title="bbox 522 261 628 328">
     <span class='ocr_line' id='line_1_1' title="bbox 522 261 628 328; baseline -0.019 -1"><span class='ocrx_word' id='word_1_1' title='bbox 522 261 628 328; x_wconf 71' lang='lat' dir='ltr'><strong>I99</strong></span> 
     </span>
    </p>
   </div>
   <div class='ocr_carea' id='block_1_2' title="bbox 1174 245 3057 317">
    <p class='ocr_par' dir='ltr' id='par_1_2' title="bbox 1174 245 3057 317">
     <span class='ocr_line' id='line_1_2' title="bbox 1174 245 3057 317; baseline -0.005 0"><span class='ocrx_word' id='word_1_2' title='bbox 1174 252 1560 317; x_wconf 78' lang='lat' dir='ltr'><strong>COLLECTiO</strong></span> <span class='ocrx_word' id='word_1_3' title='bbox 1594 250 1928 314; x_wconf 75' lang='lat' dir='ltr'><strong>CANONUM</strong></span> <span class='ocrx_word' id='word_1_4' title='bbox 1964 250 2027 312; x_wconf 87' lang='lat' dir='ltr'><strong>S.</strong></span> <span class='ocrx_word' id='word_1_5' title='bbox 2069 250 2346 312; x_wconf 78' lang='lat' dir='ltr'><strong>ISIDORO</strong></span> <span class='ocrx_word' id='word_1_6' title='bbox 2381 246 2651 309; x_wconf 77' lang='lat' dir='ltr'><strong>HISPAL.</strong></span> <span class='ocrx_word' id='word_1_7' title='bbox 2691 245 3057 310; x_wconf 76' lang='lat' dir='ltr'><strong>ASCRIPTA.</strong></span> 
     </span>
    </p>
   </div>
   <div class='ocr_carea' id='block_1_3' title="bbox 3706 253 3837 312">
    <p class='ocr_par' dir='ltr' id='par_1_3' title="bbox 3706 253 3837 312">
     <span class='ocr_line' id='line_1_3' title="bbox 3706 253 3837 312; baseline 0 -3"><span class='ocrx_word' id='word_1_8' title='bbox 3706 253 3837 312; x_wconf 66' lang='lat' dir='ltr'><strong>90C</strong></span> 
     </span>
    </p>
   </div>
   <div class='ocr_carea' id='block_1_4' title="bbox 594 341 3839 452">
    <p class='ocr_par' dir='ltr' id='par_1_4' title="bbox 594 341 3839 452">
     <span class='ocr_line' id='line_1_4' title="bbox 594 341 3839 452; baseline -0.003 -16"><span class='ocrx_word' id='word_1_9' title='bbox 594 375 913 452; x_wconf 67' lang='lat' dir='ltr'><strong>\ugu‘sdnus</strong></span> <span class='ocrx_word' id='word_1_10' title='bbox 936 375 1221 449; x_wconf 81' lang='lat' dir='ltr'><strong>episcopus</strong></span> <span class='ocrx_word' id='word_1_11' title='bbox 1259 373 1429 445; x_wconf 86' lang='lat' dir='ltr'><strong>plebis</strong></span> <span class='ocrx_word' id='word_1_12' title='bbox 1460 371 1885 445; x_wconf 85' lang='lat' dir='ltr'><strong>liipponensium</strong></span> <span class='ocrx_word' id='word_1_13' title='bbox 1916 370 2092 444; x_wconf 77' lang='lat' dir='ltr'><strong>regio-</strong></span> <span class='ocrx_word' id='word_1_14' title='bbox 2118 377 2168 437; x_wconf 77' lang='grc' dir='ltr'>Λ</span> <span class='ocrx_word' id='word_1_15' title='bbox 2266 368 2528 426; x_wconf 76' lang='lat' dir='ltr'><strong>Similiter</strong></span> <span class='ocrx_word' id='word_1_16' title='bbox 2571 379 2624 424; x_wconf 92' lang='lat' dir='ltr'><strong>et</strong></span> <span class='ocrx_word' id='word_1_17' title='bbox 2646 382 2835 425; x_wconf 89' lang='lat' dir='ltr'><strong>omnes</strong></span> <span class='ocrx_word' id='word_1_18' title='bbox 2880 363 3121 439; x_wconf 80' lang='lat' dir='ltr'><strong>episcopi</strong></span> <span class='ocrx_word' id='word_1_19' title='bbox 3167 341 3522 439; x_wconf 72' lang='lat' dir='ltr'><strong>quadraginta</strong></span> <span class='ocrx_word' id='word_1_20' title='bbox 3570 379 3839 441; x_wconf 86' lang='lat' dir='ltr'><strong>quatuor</strong></span> 
     </span>
    </p>
   </div>
   <div class='ocr_carea' id='block_1_5' title="bbox 476 468 985 565">
    <p class='ocr_par' dir='ltr' id='par_1_5' title="bbox 476 468 985 565">
     <span class='ocr_line' id='line_1_5' title="bbox 476 468 985 565; baseline -0.012 -35"><span class='ocrx_word' id='word_1_21' title='bbox 476 553 483 565; x_wconf 37' lang='lat'><em>.</em></span> <span class='ocrx_word' id='word_1_22' title='bbox 516 487 644 529; x_wconf 90' lang='lat' dir='ltr'><strong>num</strong></span> <span class='ocrx_word' id='word_1_23' title='bbox 675 468 985 540; x_wconf 82' lang='lat' dir='ltr'><strong>subscripsi.</strong></span> 
     </span>
    </p>
   </div>
   <div class='ocr_carea' id='block_1_6' title="bbox 2207 464 2659 535">
    <p class='ocr_par' dir='ltr' id='par_1_6' title="bbox 2207 464 2659 535">
     <span class='ocr_line' id='line_1_6' title="bbox 2207 464 2659 535; baseline -0.011 -13"><span class='ocrx_word' id='word_1_24' title='bbox 2207 464 2659 535; x_wconf 74' lang='lat' dir='ltr'><strong>subscripserunt.</strong></span> 
     </span>
    </p>
   </div>
   <div class='ocr_carea' id='block_1_7' title="bbox 514 604 3832 647">
    <p class='ocr_par' dir='ltr' id='par_1_7' title="bbox 514 604 3832 647">
     <span class='ocr_line' id='line_1_7' title="bbox 514 604 3832 647; baseline -0.002 -4"><span class='ocrx_word' id='word_1_25' title='bbox 514 604 3832 647; x_wconf 36' lang='grc' dir='ltr'>ΗΜ</span> 
     </span>
    </p>
   </div>
   <div class='ocr_carea' id='block_1_8' title="bbox 1724 694 2241 796">
    <p class='ocr_par' dir='ltr' id='par_1_8' title="bbox 1724 694 2241 796">
     <span class='ocr_line' id='line_1_8' title="bbox 1724 694 2241 796; baseline -0.004 1"><span class='ocrx_word' id='word_1_26' title='bbox 1724 694 1734 703; x_wconf 81' lang='grc'><em>’</em></span> <span class='ocrx_word' id='word_1_27' title='bbox 2090 723 2241 796; x_wconf 88' lang='lat' dir='ltr'><strong>xv</strong></span> 
     </span>
    </p>
   </div>
   <div class='ocr_carea' id='block_1_9' title="bbox 1503 892 2859 964">
    <p class='ocr_par' dir='ltr' id='par_1_9' title="bbox 1503 892 2859 964">
     <span class='ocr_line' id='line_1_9' title="bbox 1503 892 2859 964; baseline 0.004 -14"><span class='ocrx_word' id='word_1_28' title='bbox 1503 894 1869 955; x_wconf 77' lang='lat' dir='ltr'><strong>CONCILIUM</strong></span> <span class='ocrx_word' id='word_1_29' title='bbox 1901 892 2479 953; x_wconf 77' lang='lat' dir='ltr'><strong>CARTIIAGINENSE</strong></span> <span class='ocrx_word' id='word_1_30' title='bbox 2517 896 2859 964; x_wconf 81' lang='lat' dir='ltr'><strong>QUARTUM</strong></span> 
     </span>
    </p>
   </div>
   <div class='ocr_carea' id='block_1_10' title="bbox 509 1050 2103 1112">
    <p class='ocr_par' dir='ltr' id='par_1_10' title="bbox 509 1050 2103 1107">
     <span class='ocr_line' id='line_1_10' title="bbox 509 1050 2103 1107; baseline -0.009 -1"><span class='ocrx_word' id='word_1_31' title='bbox 509 1061 801 1107; x_wconf 78' lang='lat' dir='ltr'><strong>liABlTUM</strong></span> <span class='ocrx_word' id='word_1_32' title='bbox 849 1058 930 1103; x_wconf 62' lang='grc' dir='ltr'><strong>ΑΒ</strong></span> <span class='ocrx_word' id='word_1_33' title='bbox 969 1055 1285 1103; x_wconf 63' lang='grc' dir='ltr'><strong>ιςιηεαοινιῠ</strong></span> <span class='ocrx_word' id='word_1_34' title='bbox 1329 1054 1595 1100; x_wconf 58' lang='grc' dir='ltr'><strong>κυλίεκο</strong></span> <span class='ocrx_word' id='word_1_35' title='bbox 1640 1051 1952 1094; x_wconf 70' lang='lat' dir='ltr'><strong>DUCENTIS</strong></span> <span class='ocrx_word' id='word_1_36' title='bbox 2000 1050 2103 1102; x_wconf 68' lang='grc' dir='ltr'><strong>ρυ.</strong></span> 
     </span>
    </p>
   </div>
   <div class='ocr_carea' id='block_1_11' title="bbox 2222 1050 3826 1112">
    <p class='ocr_par' dir='ltr' id='par_1_11' title="bbox 2224 1050 3826 1112">
     <span class='ocr_line' id='line_1_11' title="bbox 2224 1050 3826 1112; baseline 0.009 -21"><span class='ocrx_word' id='word_1_37' title='bbox 2224 1050 2530 1107; x_wconf 73' lang='lat' dir='ltr'><strong>unuscui,</strong></span> <span class='ocrx_word' id='word_1_38' title='bbox 2580 1052 2721 1095; x_wconf 64' lang='lat' dir='ltr'><strong>usus</strong></span> <span class='ocrx_word' id='word_1_39' title='bbox 2768 1052 3161 1112; x_wconf 76' lang='lat' dir='ltr'><strong>ccccxxxvt,</strong></span> <span class='ocrx_word' id='word_1_40' title='bbox 3198 1053 3482 1100; x_wconf 73' lang='lat' dir='ltr'><strong>nouoruo</strong></span> <span class='ocrx_word' id='word_1_41' title='bbox 3514 1056 3826 1105; x_wconf 72' lang='lat' dir='ltr'><strong>sucus-ro</strong></span> 
     </span>
    </p>
   </div>
   <div class='ocr_carea' id='block_1_12' title="bbox 1154 1130 3161 1191">
    <p class='ocr_par' dir='ltr' id='par_1_12' title="bbox 1154 1130 3161 1191">
     <span class='ocr_line' id='line_1_12' title="bbox 1154 1130 3161 1191; baseline -0.001 -11"><span class='ocrx_word' id='word_1_42' title='bbox 1154 1136 1408 1191; x_wconf 77' lang='lat' dir='ltr'><strong>QUARTO</strong></span> <span class='ocrx_word' id='word_1_43' title='bbox 1449 1136 1531 1178; x_wconf 74' lang='grc' dir='ltr'><strong>ΒΤ</strong></span> <span class='ocrx_word' id='word_1_44' title='bbox 1576 1132 1983 1177; x_wconf 72' lang='lat' dir='ltr'><strong>EUTYCHIANO</strong></span> <span class='ocrx_word' id='word_1_45' title='bbox 2030 1130 2436 1189; x_wconf 76' lang='lat' dir='ltr'><strong>CONSULIBUS,</strong></span> <span class='ocrx_word' id='word_1_46' title='bbox 2486 1132 2544 1177; x_wconf 75' lang='lat' dir='ltr'><strong>Vl</strong></span> <span class='ocrx_word' id='word_1_47' title='bbox 2590 1132 2734 1175; x_wconf 81' lang='lat' dir='ltr'><strong>IDUS</strong></span> <span class='ocrx_word' id='word_1_48' title='bbox 2780 1134 3161 1181; x_wconf 72' lang='lat' dir='ltr'><strong>NOVEMBRIS.</strong></span> 
     </span>
    </p>
   </div>
   <div class='ocr_carea' id='block_1_13' title="bbox 579 1281 2101 1360">
    <p class='ocr_par' dir='ltr' id='par_1_13' title="bbox 579 1281 2101 1360">
     <span class='ocr_line' id='line_1_13' title="bbox 579 1281 2101 1360; baseline -0.01 -9"><span class='ocrx_word' id='word_1_49' title='bbox 579 1296 711 1351; x_wconf 84' lang='lat' dir='ltr'><strong>Cum</strong></span> <span class='ocrx_word' id='word_1_50' title='bbox 744 1292 993 1348; x_wconf 83' lang='lat' dir='ltr'><strong>Aurelius</strong></span> <span class='ocrx_word' id='word_1_51' title='bbox 1016 1289 1303 1360; x_wconf 87' lang='lat' dir='ltr'><strong>episcopus</strong></span> <span class='ocrx_word' id='word_1_52' title='bbox 1328 1288 1382 1342; x_wconf 91' lang='lat' dir='ltr'><strong>in</strong></span> <span class='ocrx_word' id='word_1_53' title='bbox 1404 1284 1633 1342; x_wconf 90' lang='lat' dir='ltr'><strong>concilio</strong></span> <span class='ocrx_word' id='word_1_54' title='bbox 1656 1283 1947 1339; x_wconf 76' lang='lat' dir='ltr'><strong>universali</strong></span> <span class='ocrx_word' id='word_1_55' title='bbox 1969 1281 2101 1337; x_wconf 86' lang='lat' dir='ltr'><strong>Car-</strong></span> 
     </span>
    </p>
   </div>
   <div class='ocr_carea' id='block_1_14' title="bbox 508 1375 2100 1457">
    <p class='ocr_par' dir='ltr' id='par_1_14' title="bbox 508 1375 2100 1457">
     <span class='ocr_line' id='line_1_14' title="bbox 508 1375 2100 1457; baseline -0.008 -15"><span class='ocrx_word' id='word_1_56' title='bbox 508 1387 724 1457; x_wconf 74' lang='lat' dir='ltr'><strong>thagine</strong></span> <span class='ocrx_word' id='word_1_57' title='bbox 762 1386 818 1440; x_wconf 91' lang='lat' dir='ltr'><strong>in</strong></span> <span class='ocrx_word' id='word_1_58' title='bbox 856 1384 1149 1440; x_wconf 85' lang='lat' dir='ltr'><strong>secretario</strong></span> <span class='ocrx_word' id='word_1_59' title='bbox 1188 1396 1311 1437; x_wconf 92' lang='lat' dir='ltr'><strong>cum</strong></span> <span class='ocrx_word' id='word_1_60' title='bbox 1342 1379 1591 1435; x_wconf 85' lang='lat' dir='ltr'><strong>omnibus</strong></span> <span class='ocrx_word' id='word_1_61' title='bbox 1620 1375 2100 1432; x_wconf 84' lang='lat' dir='ltr'><strong>consacerdotihus</strong></span> 
     </span>
    </p>
   </div>
   <div class='ocr_carea' id='block_1_15' title="bbox 506 1468 2101 1546">
    <p class='ocr_par' dir='ltr' id='par_1_15' title="bbox 506 1468 2101 1546">
     <span class='ocr_line' id='line_1_15' title="bbox 506 1468 2101 1546; baseline -0.009 -10"><span class='ocrx_word' id='word_1_62' title='bbox 506 1482 619 1536; x_wconf 91' lang='lat' dir='ltr'><strong>suis</strong></span> <span class='ocrx_word' id='word_1_63' title='bbox 648 1479 1000 1542; x_wconf 81' lang='lat' dir='ltr'><strong>consedisset,</strong></span> <span class='ocrx_word' id='word_1_64' title='bbox 1032 1474 1231 1546; x_wconf 76' lang='lat' dir='ltr'><strong>placuit</strong></span> <span class='ocrx_word' id='word_1_65' title='bbox 1260 1489 1382 1531; x_wconf 89' lang='lat' dir='ltr'><strong>cum</strong></span> <span class='ocrx_word' id='word_1_66' title='bbox 1412 1488 1478 1528; x_wconf 88' lang='lat' dir='ltr'><strong>eo</strong></span> <span class='ocrx_word' id='word_1_67' title='bbox 1504 1471 1712 1528; x_wconf 87' lang='lat' dir='ltr'><strong>cunctis</strong></span> <span class='ocrx_word' id='word_1_68' title='bbox 1752 1470 1843 1539; x_wconf 89' lang='lat' dir='ltr'><strong>qui</strong></span> <span class='ocrx_word' id='word_1_69' title='bbox 1881 1468 2101 1524; x_wconf 81' lang='lat' dir='ltr'><strong>fuerunt</strong></span> 
     </span>
    </p>
   </div>
   <div class='ocr_carea' id='block_1_16' title="bbox 508 1560 2103 1640">
    <p class='ocr_par' dir='ltr' id='par_1_16' title="bbox 508 1560 2103 1640">
     <span class='ocr_line' id='line_1_16' title="bbox 508 1560 2103 1640; baseline -0.008 -13"><span class='ocrx_word' id='word_1_70' title='bbox 508 1571 767 1627; x_wconf 81' lang='lat' dir='ltr'><strong>incudem</strong></span> <span class='ocrx_word' id='word_1_71' title='bbox 794 1578 977 1624; x_wconf 86' lang='lat' dir='ltr'><strong>sancta</strong></span> <span class='ocrx_word' id='word_1_72' title='bbox 1003 1568 1211 1640; x_wconf 82' lang='lat' dir='ltr'><strong>synodo</strong></span> <span class='ocrx_word' id='word_1_73' title='bbox 1232 1566 1560 1623; x_wconf 87' lang='lat' dir='ltr'><strong>constituere</strong></span> <span class='ocrx_word' id='word_1_74' title='bbox 1582 1564 1696 1619; x_wconf 65' lang='lat' dir='ltr'><strong>hare</strong></span> <span class='ocrx_word' id='word_1_75' title='bbox 1723 1578 1842 1633; x_wconf 79' lang='lat' dir='ltr'><strong>quae</strong></span> <span class='ocrx_word' id='word_1_76' title='bbox 1866 1561 1932 1615; x_wconf 88' lang='lat' dir='ltr'><strong>ad</strong></span> <span class='ocrx_word' id='word_1_77' title='bbox 1956 1560 2103 1616; x_wconf 83' lang='lat' dir='ltr'><strong>ordi-</strong></span> 
     </span>
    </p>
   </div>
   <div class='ocr_carea' id='block_1_17' title="bbox 508 1650 2103 1722">
    <p class='ocr_par' dir='ltr' id='par_1_17' title="bbox 508 1650 2103 1722">
     <span class='ocr_line' id='line_1_17' title="bbox 508 1650 2103 1722; baseline -0.008 -4"><span class='ocrx_word' id='word_1_78' title='bbox 508 1676 605 1719; x_wconf 91' lang='lat' dir='ltr'><strong>nes</strong></span> <span class='ocrx_word' id='word_1_79' title='bbox 635 1660 1032 1718; x_wconf 88' lang='lat' dir='ltr'><strong>ecclesiasticos</strong></span> <span class='ocrx_word' id='word_1_80' title='bbox 1061 1658 1337 1714; x_wconf 76' lang='lat' dir='ltr'><strong>canonicis</strong></span> <span class='ocrx_word' id='word_1_81' title='bbox 1374 1664 1502 1712; x_wconf 88' lang='lat' dir='ltr'><strong>sunt</strong></span> <span class='ocrx_word' id='word_1_82' title='bbox 1532 1654 1833 1711; x_wconf 78' lang='lat' dir='ltr'><strong>necessaria</strong></span> <span class='ocrx_word' id='word_1_83' title='bbox 1860 1650 2103 1722; x_wconf 87' lang='lat' dir='ltr'><strong>discipli-</strong></span> 
     </span>
    </p>
   </div>
   <div class='ocr_carea' id='block_1_18' title="bbox 510 1750 1639 1819">
    <p class='ocr_par' dir='ltr' id='par_1_18' title="bbox 510 1750 1639 1819">
     <span class='ocr_line' id='line_1_18' title="bbox 510 1750 1639 1819; baseline -0.008 -9"><span class='ocrx_word' id='word_1_84' title='bbox 510 1756 595 1810; x_wconf 88' lang='lat' dir='ltr'><strong>nis</strong></span> <span class='ocrx_word' id='word_1_85' title='bbox 626 1770 639 1807; x_wconf 88' lang='lat'><strong>:</strong></span> <span class='ocrx_word' id='word_1_86' title='bbox 670 1752 758 1807; x_wconf 89' lang='lat' dir='ltr'><strong>obt</strong></span> <span class='ocrx_word' id='word_1_87' title='bbox 784 1752 836 1807; x_wconf 92' lang='lat' dir='ltr'><strong>in</strong></span> <span class='ocrx_word' id='word_1_88' title='bbox 865 1750 1129 1819; x_wconf 84' lang='lat' dir='ltr'><strong>principio</strong></span> <span class='ocrx_word' id='word_1_89' title='bbox 1158 1750 1504 1805; x_wconf 82' lang='lat' dir='ltr'><strong>constitutum</strong></span> <span class='ocrx_word' id='word_1_90' title='bbox 1536 1757 1639 1803; x_wconf 91' lang='lat' dir='ltr'><strong>est.</strong></span> 
     </span>
    </p>
   </div>
   <div class='ocr_carea' id='block_1_19' title="bbox 796 1838 1827 1909">
    <p class='ocr_par' dir='ltr' id='par_1_19' title="bbox 796 1838 1827 1909">
     <span class='ocr_line' id='line_1_19' title="bbox 796 1838 1827 1909; baseline -0.006 -12"><span class='ocrx_word' id='word_1_91' title='bbox 796 1842 837 1897; x_wconf 89' lang='grc'>1.</span> <span class='ocrx_word' id='word_1_92' title='bbox 870 1841 1055 1909; x_wconf 88' lang='lat' dir='ltr'><strong>Quales</strong></span> <span class='ocrx_word' id='word_1_93' title='bbox 1076 1842 1293 1896; x_wconf 75' lang='lat' dir='ltr'><strong>debeant</strong></span> <span class='ocrx_word' id='word_1_94' title='bbox 1322 1840 1553 1894; x_wconf 85' lang='lat' dir='ltr'><strong>ordinari</strong></span> <span class='ocrx_word' id='word_1_95' title='bbox 1580 1838 1827 1909; x_wconf 83' lang='lat' dir='ltr'><strong>episcopi.</strong></span> 
     </span>
    </p>
   </div>
   <div class='ocr_carea' id='block_1_20' title="bbox 578 1930 2103 2007">
    <p class='ocr_par' dir='ltr' id='par_1_20' title="bbox 578 1930 2103 2007">
     <span class='ocr_line' id='line_1_20' title="bbox 578 1930 2103 2007; baseline -0.003 -19"><span class='ocrx_word' id='word_1_96' title='bbox 578 1937 675 2003; x_wconf 83' lang='lat' dir='ltr'><strong>Qui</strong></span> <span class='ocrx_word' id='word_1_97' title='bbox 723 1937 1006 2007; x_wconf 88' lang='lat' dir='ltr'><strong>episcopus</strong></span> <span class='ocrx_word' id='word_1_98' title='bbox 1051 1936 1383 1990; x_wconf 89' lang='lat' dir='ltr'><strong>ordinandus</strong></span> <span class='ocrx_word' id='word_1_99' title='bbox 1417 1942 1503 1989; x_wconf 90' lang='lat' dir='ltr'><strong>est</strong></span> <span class='ocrx_word' id='word_1_100' title='bbox 1528 1939 1687 1987; x_wconf 89' lang='lat' dir='ltr'><strong>antea</strong></span> <span class='ocrx_word' id='word_1_101' title='bbox 1730 1930 2103 1998; x_wconf 86' lang='lat' dir='ltr'><strong>examinetur;</strong></span> 
     </span>
    </p>
   </div>
   <div class='ocr_carea' id='block_1_21' title="bbox 510 2020 2106 2099">
    <p class='ocr_par' dir='ltr' id='par_1_21' title="bbox 510 2020 2106 2099">
     <span class='ocr_line' id='line_1_21' title="bbox 510 2020 2106 2099; baseline -0.005 -15"><span class='ocrx_word' id='word_1_102' title='bbox 510 2029 728 2099; x_wconf 73' lang='lat' dir='ltr'><strong>igiturtii</strong></span> <span class='ocrx_word' id='word_1_103' title='bbox 754 2037 938 2082; x_wconf 88' lang='lat' dir='ltr'><strong>natura</strong></span> <span class='ocrx_word' id='word_1_104' title='bbox 963 2027 1196 2097; x_wconf 85' lang='lat' dir='ltr'><strong>prudens</strong></span> <span class='ocrx_word' id='word_1_105' title='bbox 1233 2036 1257 2065; x_wconf 71' lang='grc'><strong><em>⁸</em></strong></span> <span class='ocrx_word' id='word_1_106' title='bbox 1308 2034 1413 2091; x_wconf 80' lang='lat' dir='ltr'><strong>est,</strong></span> <span class='ocrx_word' id='word_1_107' title='bbox 1438 2024 1483 2079; x_wconf 91' lang='lat' dir='ltr'><strong>si</strong></span> <span class='ocrx_word' id='word_1_108' title='bbox 1501 2022 1767 2087; x_wconf 91' lang='lat' dir='ltr'><strong>docibilis,</strong></span> <span class='ocrx_word' id='word_1_109' title='bbox 1797 2020 1841 2076; x_wconf 92' lang='lat' dir='ltr'><strong>si</strong></span> <span class='ocrx_word' id='word_1_110' title='bbox 1867 2021 2106 2076; x_wconf 88' lang='lat' dir='ltr'><strong>moribus</strong></span> 
     </span>
    </p>
   </div>
   <div class='ocr_carea' id='block_1_22' title="bbox 505 2115 2104 2194">
    <p class='ocr_par' dir='ltr' id='par_1_22' title="bbox 505 2115 2104 2194">
     <span class='ocr_line' id='line_1_22' title="bbox 505 2115 2104 2194; baseline -0.008 -14"><span class='ocrx_word' id='word_1_111' title='bbox 505 2132 856 2194; x_wconf 77' lang='lat' dir='ltr'><strong>temperatus,</strong></span> <span class='ocrx_word' id='word_1_112' title='bbox 887 2123 931 2178; x_wconf 88' lang='lat' dir='ltr'><strong>si</strong></span> <span class='ocrx_word' id='word_1_113' title='bbox 966 2124 1074 2177; x_wconf 83' lang='lat' dir='ltr'><strong>vita</strong></span> <span class='ocrx_word' id='word_1_114' title='bbox 1102 2131 1303 2187; x_wconf 89' lang='lat' dir='ltr'><strong>castus,</strong></span> <span class='ocrx_word' id='word_1_115' title='bbox 1335 2122 1380 2174; x_wconf 93' lang='lat' dir='ltr'><strong>si</strong></span> <span class='ocrx_word' id='word_1_116' title='bbox 1410 2118 1642 2184; x_wconf 89' lang='lat' dir='ltr'><strong>sobrius,</strong></span> <span class='ocrx_word' id='word_1_117' title='bbox 1675 2116 1721 2170; x_wconf 87' lang='lat' dir='ltr'><strong>si</strong></span> <span class='ocrx_word' id='word_1_118' title='bbox 1750 2129 1967 2185; x_wconf 89' lang='lat' dir='ltr'><strong>semper</strong></span> <span class='ocrx_word' id='word_1_119' title='bbox 1991 2115 2104 2169; x_wconf 88' lang='lat' dir='ltr'><strong>suis</strong></span> 
     </span>
    </p>
   </div>
   <div class='ocr_carea' id='block_1_23' title="bbox 506 2205 2107 2287">
    <p class='ocr_par' dir='ltr' id='par_1_23' title="bbox 506 2205 2107 2287">
     <span class='ocr_line' id='line_1_23' title="bbox 506 2205 2107 2287; baseline -0.009 -14"><span class='ocrx_word' id='word_1_120' title='bbox 506 2215 760 2287; x_wconf 81' lang='lat' dir='ltr'><strong>negotiis,</strong></span> <span class='ocrx_word' id='word_1_121' title='bbox 793 2214 837 2269; x_wconf 89' lang='lat' dir='ltr'><strong>si</strong></span> <span class='ocrx_word' id='word_1_122' title='bbox 876 2215 1183 2269; x_wconf 81' lang='lat' dir='ltr'><strong>hominibus</strong></span> <span class='ocrx_word' id='word_1_123' title='bbox 1215 2210 1469 2275; x_wconf 72' lang='lat' dir='ltr'><strong>affabilis,</strong></span> <span class='ocrx_word' id='word_1_124' title='bbox 1500 2210 1545 2263; x_wconf 92' lang='lat' dir='ltr'><strong>si</strong></span> <span class='ocrx_word' id='word_1_125' title='bbox 1579 2209 1909 2271; x_wconf 86' lang='lat' dir='ltr'><strong>misericors,</strong></span> <span class='ocrx_word' id='word_1_126' title='bbox 1942 2207 1987 2259; x_wconf 92' lang='lat' dir='ltr'><strong>si</strong></span> <span class='ocrx_word' id='word_1_127' title='bbox 2021 2205 2107 2260; x_wconf 79' lang='lat' dir='ltr'><strong>lit-</strong></span> 
     </span>
    </p>
   </div>
   <div class='ocr_carea' id='block_1_24' title="bbox 514 2300 2106 2378">
    <p class='ocr_par' dir='ltr' id='par_1_24' title="bbox 514 2300 2106 2378">
     <span class='ocr_line' id='line_1_24' title="bbox 514 2300 2106 2378; baseline -0.007 -14"><span class='ocrx_word' id='word_1_128' title='bbox 514 2310 750 2375; x_wconf 82' lang='lat' dir='ltr'><strong>teratus,</strong></span> <span class='ocrx_word' id='word_1_129' title='bbox 790 2308 837 2363; x_wconf 92' lang='lat' dir='ltr'><strong>si</strong></span> <span class='ocrx_word' id='word_1_130' title='bbox 864 2308 919 2362; x_wconf 92' lang='lat' dir='ltr'><strong>in</strong></span> <span class='ocrx_word' id='word_1_131' title='bbox 948 2310 1063 2378; x_wconf 79' lang='lat' dir='ltr'><strong>lege</strong></span> <span class='ocrx_word' id='word_1_132' title='bbox 1092 2306 1303 2362; x_wconf 89' lang='lat' dir='ltr'><strong>Domini</strong></span> <span class='ocrx_word' id='word_1_133' title='bbox 1337 2308 1661 2370; x_wconf 86' lang='lat' dir='ltr'><strong>instructus,</strong></span> <span class='ocrx_word' id='word_1_134' title='bbox 1695 2301 1742 2356; x_wconf 90' lang='lat' dir='ltr'><strong>si</strong></span> <span class='ocrx_word' id='word_1_135' title='bbox 1772 2302 1824 2355; x_wconf 93' lang='lat' dir='ltr'><strong>in</strong></span> <span class='ocrx_word' id='word_1_136' title='bbox 1864 2300 2106 2367; x_wconf 89' lang='lat' dir='ltr'><strong>Scriptu-</strong></span> 
     </span>
    </p>
   </div>
   <div class='ocr_carea' id='block_1_25' title="bbox 508 2393 2108 2467">
    <p class='ocr_par' dir='ltr' id='par_1_25' title="bbox 508 2393 2108 2467">
     <span class='ocr_line' id='line_1_25' title="bbox 508 2393 2108 2467; baseline -0.006 -10"><span class='ocrx_word' id='word_1_137' title='bbox 508 2410 697 2457; x_wconf 73' lang='lat' dir='ltr'><strong>rarutn</strong></span> <span class='ocrx_word' id='word_1_138' title='bbox 726 2401 975 2456; x_wconf 87' lang='lat' dir='ltr'><strong>sensibus</strong></span> <span class='ocrx_word' id='word_1_139' title='bbox 1002 2409 1221 2466; x_wconf 91' lang='lat' dir='ltr'><strong>cautus,</strong></span> <span class='ocrx_word' id='word_1_140' title='bbox 1263 2399 1310 2453; x_wconf 88' lang='lat' dir='ltr'><strong>si</strong></span> <span class='ocrx_word' id='word_1_141' title='bbox 1337 2398 1391 2453; x_wconf 91' lang='lat' dir='ltr'><strong>in</strong></span> <span class='ocrx_word' id='word_1_142' title='bbox 1418 2396 1754 2467; x_wconf 79' lang='lat' dir='ltr'><strong>dogmatibus</strong></span> <span class='ocrx_word' id='word_1_143' title='bbox 1783 2393 2108 2463; x_wconf 87' lang='lat' dir='ltr'><strong>ecclesiasti-</strong></span> 
     </span>
    </p>
   </div>
   <div class='ocr_carea' id='block_1_26' title="bbox 510 2488 2106 2560">
    <p class='ocr_par' dir='ltr' id='par_1_26' title="bbox 510 2488 2106 2560">
     <span class='ocr_line' id='line_1_26' title="bbox 510 2488 2106 2560; baseline -0.008 -9"><span class='ocrx_word' id='word_1_144' title='bbox 510 2496 592 2551; x_wconf 90' lang='lat' dir='ltr'><strong>cis</strong></span> <span class='ocrx_word' id='word_1_145' title='bbox 615 2496 981 2560; x_wconf 78' lang='lat' dir='ltr'><strong>exercitatus,</strong></span> <span class='ocrx_word' id='word_1_146' title='bbox 1036 2505 1091 2551; x_wconf 91' lang='lat' dir='ltr'><strong>et</strong></span> <span class='ocrx_word' id='word_1_147' title='bbox 1141 2502 1267 2549; x_wconf 87' lang='lat' dir='ltr'><strong>ante</strong></span> <span class='ocrx_word' id='word_1_148' title='bbox 1317 2492 1499 2547; x_wconf 87' lang='lat' dir='ltr'><strong>omnia</strong></span> <span class='ocrx_word' id='word_1_149' title='bbox 1548 2491 1593 2545; x_wconf 88' lang='lat' dir='ltr'><strong>si</strong></span> <span class='ocrx_word' id='word_1_150' title='bbox 1640 2488 1761 2543; x_wconf 90' lang='lat' dir='ltr'><strong>lidei</strong></span> <span class='ocrx_word' id='word_1_151' title='bbox 1788 2488 2106 2542; x_wconf 87' lang='lat' dir='ltr'><strong>documenta</strong></span> 
     </span>
    </p>
   </div>
   <div class='ocr_carea' id='block_1_27' title="bbox 507 2576 2103 2657">
    <p class='ocr_par' dir='ltr' id='par_1_27' title="bbox 507 2576 2103 2657">
     <span class='ocr_line' id='line_1_27' title="bbox 507 2576 2103 2657; baseline -0.008 -14"><span class='ocrx_word' id='word_1_152' title='bbox 507 2589 690 2645; x_wconf 80' lang='lat' dir='ltr'><strong>verbis</strong></span> <span class='ocrx_word' id='word_1_153' title='bbox 715 2586 1045 2657; x_wconf 86' lang='lat' dir='ltr'><strong>simplicibus</strong></span> <span class='ocrx_word' id='word_1_154' title='bbox 1065 2595 1294 2651; x_wconf 83' lang='lat' dir='ltr'><strong>asserat,</strong></span> <span class='ocrx_word' id='word_1_155' title='bbox 1320 2584 1372 2639; x_wconf 90' lang='lat' dir='ltr'><strong>id</strong></span> <span class='ocrx_word' id='word_1_156' title='bbox 1407 2590 1491 2637; x_wconf 91' lang='lat' dir='ltr'><strong>est</strong></span> <span class='ocrx_word' id='word_1_157' title='bbox 1529 2581 1761 2648; x_wconf 89' lang='lat' dir='ltr'><strong>Patrem,</strong></span> <span class='ocrx_word' id='word_1_158' title='bbox 1791 2587 1845 2634; x_wconf 89' lang='lat' dir='ltr'><strong>et</strong></span> <span class='ocrx_word' id='word_1_159' title='bbox 1876 2576 2103 2642; x_wconf 83' lang='lat' dir='ltr'><strong>Filium,</strong></span> 
     </span>
    </p>
   </div>
   <div class='ocr_carea' id='block_1_28' title="bbox 423 2674 2104 2759">
    <p class='ocr_par' dir='ltr' id='par_1_28' title="bbox 423 2674 2104 2759">
     <span class='ocr_line' id='line_1_28' title="bbox 423 2674 2104 2759; baseline -0.009 -20"><span class='ocrx_word' id='word_1_160' title='bbox 423 2744 433 2759; x_wconf 46' lang='lat'><em>.</em></span> <span class='ocrx_word' id='word_1_161' title='bbox 509 2691 565 2738; x_wconf 82' lang='lat' dir='ltr'><strong>ct</strong></span> <span class='ocrx_word' id='word_1_162' title='bbox 601 2682 858 2754; x_wconf 88' lang='lat' dir='ltr'><strong>Spiritum</strong></span> <span class='ocrx_word' id='word_1_163' title='bbox 889 2691 1159 2751; x_wconf 86' lang='lat' dir='ltr'><strong>sanctum,</strong></span> <span class='ocrx_word' id='word_1_164' title='bbox 1192 2694 1354 2736; x_wconf 90' lang='lat' dir='ltr'><strong>unum</strong></span> <span class='ocrx_word' id='word_1_165' title='bbox 1387 2677 1553 2732; x_wconf 91' lang='lat' dir='ltr'><strong>Deum</strong></span> <span class='ocrx_word' id='word_1_166' title='bbox 1587 2689 1709 2730; x_wconf 87' lang='lat' dir='ltr'><strong>esse</strong></span> <span class='ocrx_word' id='word_1_167' title='bbox 1735 2674 2064 2728; x_wconf 82' lang='lat' dir='ltr'><strong>conﬁrmans</strong></span> <span class='ocrx_word' id='word_1_168' title='bbox 2085 2711 2104 2738; x_wconf 91' lang='lat'><strong>,</strong></span> 
     </span>
    </p>
   </div>
   <div class='ocr_carea' id='block_1_29' title="bbox 512 2766 2106 2845">
    <p class='ocr_par' dir='ltr' id='par_1_29' title="bbox 512 2766 2106 2845">
     <span class='ocr_line' id='line_1_29' title="bbox 512 2766 2106 2845; baseline -0.008 -16"><span class='ocrx_word' id='word_1_169' title='bbox 512 2784 787 2845; x_wconf 90' lang='lat' dir='ltr'><strong>totamque</strong></span> <span class='ocrx_word' id='word_1_170' title='bbox 816 2775 868 2829; x_wconf 91' lang='lat' dir='ltr'><strong>in</strong></span> <span class='ocrx_word' id='word_1_171' title='bbox 897 2774 1162 2829; x_wconf 82' lang='lat' dir='ltr'><strong>Trinitate</strong></span> <span class='ocrx_word' id='word_1_172' title='bbox 1187 2772 1443 2827; x_wconf 87' lang='lat' dir='ltr'><strong>deitatem</strong></span> <span class='ocrx_word' id='word_1_173' title='bbox 1474 2766 1881 2825; x_wconf 85' lang='lat' dir='ltr'><strong>coessentialem</strong></span> <span class='ocrx_word' id='word_1_174' title='bbox 1909 2773 1965 2819; x_wconf 91' lang='lat' dir='ltr'><strong>et</strong></span> <span class='ocrx_word' id='word_1_175' title='bbox 1985 2777 2106 2818; x_wconf 90' lang='lat' dir='ltr'><strong>con-</strong></span> 
     </span>
    </p>
   </div>
   <div class='ocr_carea' id='block_1_30' title="bbox 508 2859 2107 2928">
    <p class='ocr_par' dir='ltr' id='par_1_30' title="bbox 508 2859 2107 2928">
     <span class='ocr_line' id='line_1_30' title="bbox 508 2859 2107 2928; baseline -0.006 -5"><span class='ocrx_word' id='word_1_176' title='bbox 508 2866 920 2923; x_wconf 86' lang='lat' dir='ltr'><strong>substantialem</strong></span> <span class='ocrx_word' id='word_1_177' title='bbox 972 2875 1028 2922; x_wconf 90' lang='lat' dir='ltr'><strong>et</strong></span> <span class='ocrx_word' id='word_1_178' title='bbox 1086 2863 1477 2921; x_wconf 71' lang='lat' dir='ltr'><strong>coaeternalem</strong></span> <span class='ocrx_word' id='word_1_179' title='bbox 1512 2870 1569 2918; x_wconf 90' lang='lat' dir='ltr'><strong>et</strong></span> <span class='ocrx_word' id='word_1_180' title='bbox 1615 2859 2107 2928; x_wconf 83' lang='lat' dir='ltr'><strong>coomnipotentem</strong></span> 
     </span>
    </p>
   </div>
   <div class='ocr_carea' id='block_1_31' title="bbox 506 2955 2105 3033">
    <p class='ocr_par' dir='ltr' id='par_1_31' title="bbox 506 2955 2105 3033">
     <span class='ocr_line' id='line_1_31' title="bbox 506 2955 2105 3033; baseline -0.005 -16"><span class='ocrx_word' id='word_1_181' title='bbox 506 2963 828 3033; x_wconf 63' lang='lat' dir='ltr'><strong>praedicans,</strong></span> <span class='ocrx_word' id='word_1_182' title='bbox 869 2963 913 3016; x_wconf 90' lang='lat' dir='ltr'><strong>si</strong></span> <span class='ocrx_word' id='word_1_183' title='bbox 943 2962 1205 3032; x_wconf 77' lang='lat' dir='ltr'><strong>singulam</strong></span> <span class='ocrx_word' id='word_1_184' title='bbox 1236 2973 1505 3030; x_wconf 88' lang='lat' dir='ltr'><strong>quamque</strong></span> <span class='ocrx_word' id='word_1_185' title='bbox 1534 2957 1590 3013; x_wconf 91' lang='lat' dir='ltr'><strong>in</strong></span> <span class='ocrx_word' id='word_1_186' title='bbox 1620 2955 1884 3012; x_wconf 82' lang='lat' dir='ltr'><strong>Trinitate</strong></span> <span class='ocrx_word' id='word_1_187' title='bbox 1915 2970 2105 3026; x_wconf 88' lang='lat' dir='ltr'><strong>perso-</strong></span> 
     </span>
    </p>
   </div>
   <div class='ocr_carea' id='block_1_32' title="bbox 505 3046 2108 3124">
    <p class='ocr_par' dir='ltr' id='par_1_32' title="bbox 505 3046 2108 3124">
     <span class='ocr_line' id='line_1_32' title="bbox 505 3046 2108 3124; baseline -0.006 -15"><span class='ocrx_word' id='word_1_188' title='bbox 505 3068 628 3109; x_wconf 87' lang='lat' dir='ltr'><strong>nam</strong></span> <span class='ocrx_word' id='word_1_189' title='bbox 657 3054 866 3124; x_wconf 89' lang='lat' dir='ltr'><strong>plenum</strong></span> <span class='ocrx_word' id='word_1_190' title='bbox 882 3053 1050 3109; x_wconf 93' lang='lat' dir='ltr'><strong>Deum</strong></span> <span class='ocrx_word' id='word_1_191' title='bbox 1073 3061 1126 3108; x_wconf 92' lang='lat' dir='ltr'><strong>et</strong></span> <span class='ocrx_word' id='word_1_192' title='bbox 1148 3061 1285 3107; x_wconf 90' lang='lat' dir='ltr'><strong>totas</strong></span> <span class='ocrx_word' id='word_1_193' title='bbox 1308 3062 1419 3105; x_wconf 89' lang='lat' dir='ltr'><strong>tres</strong></span> <span class='ocrx_word' id='word_1_194' title='bbox 1444 3062 1699 3122; x_wconf 80' lang='lat' dir='ltr'><strong>personas</strong></span> <span class='ocrx_word' id='word_1_195' title='bbox 1724 3066 1886 3105; x_wconf 90' lang='lat' dir='ltr'><strong>unum</strong></span> <span class='ocrx_word' id='word_1_196' title='bbox 1913 3046 2108 3115; x_wconf 85' lang='lat' dir='ltr'><strong>Deum,</strong></span> 
     </span>
    </p>
   </div>
   <div class='ocr_carea' id='block_1_33' title="bbox 507 3138 2102 3212">
    <p class='ocr_par' dir='ltr' id='par_1_33' title="bbox 507 3138 2102 3212">
     <span class='ocr_line' id='line_1_33' title="bbox 507 3138 2102 3212; baseline -0.006 -9"><span class='ocrx_word' id='word_1_197' title='bbox 507 3146 555 3203; x_wconf 83' lang='lat' dir='ltr'><strong>si</strong></span> <span class='ocrx_word' id='word_1_198' title='bbox 582 3145 1003 3202; x_wconf 83' lang='lat' dir='ltr'><strong>incarnationem</strong></span> <span class='ocrx_word' id='word_1_199' title='bbox 1035 3145 1268 3201; x_wconf 85' lang='lat' dir='ltr'><strong>divinam</strong></span> <span class='ocrx_word' id='word_1_200' title='bbox 1292 3158 1399 3199; x_wconf 84' lang='lat' dir='ltr'><strong>non</strong></span> <span class='ocrx_word' id='word_1_201' title='bbox 1425 3144 1478 3198; x_wconf 90' lang='lat' dir='ltr'><strong>in</strong></span> <span class='ocrx_word' id='word_1_202' title='bbox 1509 3144 1667 3198; x_wconf 85' lang='lat' dir='ltr'><strong>Patre</strong></span> <span class='ocrx_word' id='word_1_203' title='bbox 1697 3156 1869 3212; x_wconf 87' lang='lat' dir='ltr'><strong>neque</strong></span> <span class='ocrx_word' id='word_1_204' title='bbox 1892 3140 1947 3195; x_wconf 89' lang='lat' dir='ltr'><strong>in</strong></span> <span class='ocrx_word' id='word_1_205' title='bbox 1978 3138 2102 3208; x_wconf 88' lang='lat' dir='ltr'><strong>Spi-</strong></span> 
     </span>
    </p>
   </div>
   <div class='ocr_carea' id='block_1_34' title="bbox 505 3229 2105 3306">
    <p class='ocr_par' dir='ltr' id='par_1_34' title="bbox 505 3229 2105 3306">
     <span class='ocr_line' id='line_1_34' title="bbox 505 3229 2105 3306; baseline -0.005 -14"><span class='ocrx_word' id='word_1_206' title='bbox 505 3234 613 3292; x_wconf 86' lang='lat' dir='ltr'><strong>ritu</strong></span> <span class='ocrx_word' id='word_1_207' title='bbox 638 3246 823 3295; x_wconf 80' lang='lat' dir='ltr'><strong>sancto</strong></span> <span class='ocrx_word' id='word_1_208' title='bbox 846 3236 1060 3306; x_wconf 79' lang='lat' dir='ltr'><strong>factam,</strong></span> <span class='ocrx_word' id='word_1_209' title='bbox 1088 3238 1185 3292; x_wconf 89' lang='lat' dir='ltr'><strong>sed</strong></span> <span class='ocrx_word' id='word_1_210' title='bbox 1214 3247 1267 3291; x_wconf 84' lang='lat' dir='ltr'><strong>tu</strong></span> <span class='ocrx_word' id='word_1_211' title='bbox 1298 3235 1434 3292; x_wconf 86' lang='lat' dir='ltr'><strong>Filio</strong></span> <span class='ocrx_word' id='word_1_212' title='bbox 1461 3243 1667 3289; x_wconf 89' lang='lat' dir='ltr'><strong>tantum</strong></span> <span class='ocrx_word' id='word_1_213' title='bbox 1695 3232 1901 3299; x_wconf 81' lang='lat' dir='ltr'><strong>credat,</strong></span> <span class='ocrx_word' id='word_1_214' title='bbox 1936 3229 2105 3300; x_wconf 90' lang='lat' dir='ltr'><strong>utqui</strong></span> 
     </span>
    </p>
   </div>
   <div class='ocr_carea' id='block_1_35' title="bbox 508 3323 2107 3394">
    <p class='ocr_par' dir='ltr' id='par_1_35' title="bbox 508 3323 2107 3394">
     <span class='ocr_line' id='line_1_35' title="bbox 508 3323 2107 3394; baseline -0.005 -8"><span class='ocrx_word' id='word_1_215' title='bbox 508 3341 631 3386; x_wconf 83' lang='lat' dir='ltr'><strong>crat</strong></span> <span class='ocrx_word' id='word_1_216' title='bbox 662 3333 712 3387; x_wconf 91' lang='lat' dir='ltr'><strong>in</strong></span> <span class='ocrx_word' id='word_1_217' title='bbox 744 3331 1020 3387; x_wconf 87' lang='lat' dir='ltr'><strong>divinitate</strong></span> <span class='ocrx_word' id='word_1_218' title='bbox 1048 3329 1143 3386; x_wconf 88' lang='lat' dir='ltr'><strong>Dei</strong></span> <span class='ocrx_word' id='word_1_219' title='bbox 1193 3328 1367 3384; x_wconf 83' lang='lat' dir='ltr'><strong>Patris</strong></span> <span class='ocrx_word' id='word_1_220' title='bbox 1395 3326 1564 3381; x_wconf 85' lang='lat' dir='ltr'><strong>Filius</strong></span> <span class='ocrx_word' id='word_1_221' title='bbox 1602 3325 1719 3394; x_wconf 89' lang='lat' dir='ltr'><strong>ipsc</strong></span> <span class='ocrx_word' id='word_1_222' title='bbox 1747 3326 1899 3379; x_wconf 86' lang='lat' dir='ltr'><strong>lieret</strong></span> <span class='ocrx_word' id='word_1_223' title='bbox 1918 3324 1973 3379; x_wconf 93' lang='lat' dir='ltr'><strong>in</strong></span> <span class='ocrx_word' id='word_1_224' title='bbox 2006 3323 2107 3378; x_wconf 85' lang='lat' dir='ltr'><strong>ho-</strong></span> 
     </span>
    </p>
   </div>
   <div class='ocr_carea' id='block_1_36' title="bbox 507 3413 2108 3484">
    <p class='ocr_par' dir='ltr' id='par_1_36' title="bbox 507 3413 2108 3484">
     <span class='ocr_line' id='line_1_36' title="bbox 507 3413 2108 3484; baseline -0.006 -6"><span class='ocrx_word' id='word_1_225' title='bbox 507 3422 656 3478; x_wconf 87' lang='lat' dir='ltr'><strong>mine</strong></span> <span class='ocrx_word' id='word_1_226' title='bbox 686 3422 917 3477; x_wconf 84' lang='lat' dir='ltr'><strong>hominis</strong></span> <span class='ocrx_word' id='word_1_227' title='bbox 946 3421 1133 3477; x_wconf 78' lang='lat' dir='ltr'><strong>matris</strong></span> <span class='ocrx_word' id='word_1_228' title='bbox 1159 3418 1183 3455; x_wconf 75' lang='grc' dir='ltr'>δ</span> <span class='ocrx_word' id='word_1_229' title='bbox 1219 3418 1381 3484; x_wconf 85' lang='lat' dir='ltr'><strong>titius,</strong></span> <span class='ocrx_word' id='word_1_230' title='bbox 1420 3416 1561 3471; x_wconf 90' lang='lat' dir='ltr'><strong>Dens</strong></span> <span class='ocrx_word' id='word_1_231' title='bbox 1590 3429 1749 3471; x_wconf 85' lang='lat' dir='ltr'><strong>verus</strong></span> <span class='ocrx_word' id='word_1_232' title='bbox 1774 3428 1841 3469; x_wconf 85' lang='lat' dir='ltr'><strong>ex</strong></span> <span class='ocrx_word' id='word_1_233' title='bbox 1873 3413 2030 3469; x_wconf 88' lang='lat' dir='ltr'><strong>Patre</strong></span> <span class='ocrx_word' id='word_1_234' title='bbox 2055 3422 2108 3469; x_wconf 89' lang='lat' dir='ltr'><strong>et</strong></span> 
     </span>
    </p>
   </div>
   <div class='ocr_carea' id='block_1_37' title="bbox 507 3504 2099 3580">
    <p class='ocr_par' dir='ltr' id='par_1_37' title="bbox 507 3504 2099 3580">
     <span class='ocr_line' id='line_1_37' title="bbox 507 3504 2099 3580; baseline -0.008 -9"><span class='ocrx_word' id='word_1_235' title='bbox 507 3513 671 3571; x_wconf 91' lang='lat' dir='ltr'><strong>homo</strong></span> <span class='ocrx_word' id='word_1_236' title='bbox 701 3530 861 3571; x_wconf 88' lang='lat' dir='ltr'><strong>verus</strong></span> <span class='ocrx_word' id='word_1_237' title='bbox 900 3531 963 3571; x_wconf 86' lang='lat' dir='ltr'><strong>ex</strong></span> <span class='ocrx_word' id='word_1_238' title='bbox 1001 3523 1195 3580; x_wconf 83' lang='lat' dir='ltr'><strong>matre,</strong></span> <span class='ocrx_word' id='word_1_239' title='bbox 1226 3522 1448 3565; x_wconf 90' lang='lat' dir='ltr'><strong>carnem</strong></span> <span class='ocrx_word' id='word_1_240' title='bbox 1481 3522 1547 3563; x_wconf 87' lang='lat' dir='ltr'><strong>ex</strong></span> <span class='ocrx_word' id='word_1_241' title='bbox 1586 3505 1773 3562; x_wconf 86' lang='lat' dir='ltr'><strong>matris</strong></span> <span class='ocrx_word' id='word_1_242' title='bbox 1803 3504 2099 3560; x_wconf 83' lang='lat' dir='ltr'><strong>visceribus</strong></span> 
     </span>
    </p>
   </div>
   <div class='ocr_carea' id='block_1_38' title="bbox 508 3596 2103 3665">
    <p class='ocr_par' dir='ltr' id='par_1_38' title="bbox 508 3596 2103 3665">
     <span class='ocr_line' id='line_1_38' title="bbox 508 3596 2103 3665; baseline -0.009 0"><span class='ocrx_word' id='word_1_243' title='bbox 508 3607 712 3665; x_wconf 85' lang='lat' dir='ltr'><strong>habens</strong></span> <span class='ocrx_word' id='word_1_244' title='bbox 740 3618 794 3664; x_wconf 89' lang='lat' dir='ltr'><strong>et</strong></span> <span class='ocrx_word' id='word_1_245' title='bbox 818 3609 1049 3663; x_wconf 91' lang='lat' dir='ltr'><strong>animam</strong></span> <span class='ocrx_word' id='word_1_246' title='bbox 1080 3606 1370 3659; x_wconf 84' lang='lat' dir='ltr'><strong>humanam</strong></span> <span class='ocrx_word' id='word_1_247' title='bbox 1398 3599 1717 3655; x_wconf 85' lang='lat' dir='ltr'><strong>rationalem</strong></span> <span class='ocrx_word' id='word_1_248' title='bbox 1747 3597 1908 3652; x_wconf 89' lang='lat' dir='ltr'><strong>simul</strong></span> <span class='ocrx_word' id='word_1_249' title='bbox 1934 3596 1987 3650; x_wconf 92' lang='lat' dir='ltr'><strong>in</strong></span> <span class='ocrx_word' id='word_1_250' title='bbox 2016 3610 2103 3663; x_wconf 89' lang='lat' dir='ltr'><strong>eo,</strong></span> 
     </span>
    </p>
   </div>
   <div class='ocr_carea' id='block_1_39' title="bbox 510 3692 2107 3770">
    <p class='ocr_par' dir='ltr' id='par_1_39' title="bbox 510 3692 2107 3770">
     <span class='ocr_line' id='line_1_39' title="bbox 510 3692 2107 3770; baseline -0.008 -15"><span class='ocrx_word' id='word_1_251' title='bbox 510 3708 571 3755; x_wconf 89' lang='lat' dir='ltr'><strong>ut</strong></span> <span class='ocrx_word' id='word_1_252' title='bbox 593 3700 868 3770; x_wconf 89' lang='lat' dir='ltr'><strong>utriusque</strong></span> <span class='ocrx_word' id='word_1_253' title='bbox 889 3706 1096 3754; x_wconf 78' lang='lat' dir='ltr'><strong>natura:</strong></span> <span class='ocrx_word' id='word_1_254' title='bbox 1126 3695 1177 3750; x_wconf 90' lang='lat' dir='ltr'><strong>id</strong></span> <span class='ocrx_word' id='word_1_255' title='bbox 1208 3704 1292 3749; x_wconf 80' lang='lat' dir='ltr'><strong>eSt</strong></span> <span class='ocrx_word' id='word_1_256' title='bbox 1314 3694 1474 3746; x_wconf 91' lang='lat' dir='ltr'><strong>homo</strong></span> <span class='ocrx_word' id='word_1_257' title='bbox 1496 3699 1554 3746; x_wconf 93' lang='lat' dir='ltr'><strong>et</strong></span> <span class='ocrx_word' id='word_1_258' title='bbox 1582 3692 1756 3756; x_wconf 90' lang='lat' dir='ltr'><strong>Deus,</strong></span> <span class='ocrx_word' id='word_1_259' title='bbox 1791 3703 1893 3743; x_wconf 90' lang='lat' dir='ltr'><strong>una</strong></span> <span class='ocrx_word' id='word_1_260' title='bbox 1924 3701 2107 3758; x_wconf 83' lang='lat' dir='ltr'><strong>perso-</strong></span> 
     </span>
    </p>
   </div>
   <div class='ocr_carea' id='block_1_40' title="bbox 507 3787 2103 3857">
    <p class='ocr_par' dir='ltr' id='par_1_40' title="bbox 507 3787 2103 3857">
     <span class='ocr_line' id='line_1_40' title="bbox 507 3787 2103 3857; baseline -0.001 -12"><span class='ocrx_word' id='word_1_261' title='bbox 507 3804 597 3857; x_wconf 87' lang='lat' dir='ltr'><strong>na,</strong></span> <span class='ocrx_word' id='word_1_262' title='bbox 630 3805 768 3846; x_wconf 90' lang='lat' dir='ltr'><strong>unus</strong></span> <span class='ocrx_word' id='word_1_263' title='bbox 801 3789 987 3857; x_wconf 88' lang='lat' dir='ltr'><strong>Filius,</strong></span> <span class='ocrx_word' id='word_1_264' title='bbox 1020 3802 1158 3842; x_wconf 88' lang='lat' dir='ltr'><strong>unus</strong></span> <span class='ocrx_word' id='word_1_265' title='bbox 1180 3787 1450 3855; x_wconf 84' lang='lat' dir='ltr'><strong>Christus,</strong></span> <span class='ocrx_word' id='word_1_266' title='bbox 1480 3802 1618 3843; x_wconf 88' lang='lat' dir='ltr'><strong>unus</strong></span> <span class='ocrx_word' id='word_1_267' title='bbox 1646 3788 1924 3855; x_wconf 87' lang='lat' dir='ltr'><strong>Dominus,</strong></span> <span class='ocrx_word' id='word_1_268' title='bbox 1950 3802 2103 3844; x_wconf 86' lang='lat' dir='ltr'><strong>crea-</strong></span> 
     </span>
    </p>
   </div>
   <div class='ocr_carea' id='block_1_41' title="bbox 508 3881 2108 3949">
    <p class='ocr_par' dir='ltr' id='par_1_41' title="bbox 508 3881 2108 3949">
     <span class='ocr_line' id='line_1_41' title="bbox 508 3881 2108 3949; baseline -0.002 -10"><span class='ocrx_word' id='word_1_269' title='bbox 508 3891 753 3940; x_wconf 90' lang='lat' dir='ltr'><strong>turarum</strong></span> <span class='ocrx_word' id='word_1_270' title='bbox 780 3881 1020 3937; x_wconf 91' lang='lat' dir='ltr'><strong>omnium</strong></span> <span class='ocrx_word' id='word_1_271' title='bbox 1046 3895 1165 3949; x_wconf 70' lang='lat' dir='ltr'><strong>quae</strong></span> <span class='ocrx_word' id='word_1_272' title='bbox 1188 3890 1314 3935; x_wconf 91' lang='lat' dir='ltr'><strong>sunt</strong></span> <span class='ocrx_word' id='word_1_273' title='bbox 1350 3893 1405 3937; x_wconf 89' lang='lat' dir='ltr'><strong>et</strong></span> <span class='ocrx_word' id='word_1_274' title='bbox 1431 3890 1617 3936; x_wconf 87' lang='lat' dir='ltr'><strong>auctor</strong></span> <span class='ocrx_word' id='word_1_275' title='bbox 1642 3891 1699 3937; x_wconf 91' lang='lat' dir='ltr'><strong>et</strong></span> <span class='ocrx_word' id='word_1_276' title='bbox 1726 3881 1979 3937; x_wconf 90' lang='lat' dir='ltr'><strong>dominus</strong></span> <span class='ocrx_word' id='word_1_277' title='bbox 2003 3924 2018 3948; x_wconf 92' lang='lat'><strong>,</strong></span> <span class='ocrx_word' id='word_1_278' title='bbox 2050 3890 2108 3938; x_wconf 89' lang='lat' dir='ltr'><strong>et</strong></span> 
     </span>
    </p>
   </div>
   <div class='ocr_carea' id='block_1_42' title="bbox 513 3972 2106 4043">
    <p class='ocr_par' dir='ltr' id='par_1_42' title="bbox 513 3972 2106 4043">
     <span class='ocr_line' id='line_1_42' title="bbox 513 3972 2106 4043; baseline -0.001 -11"><span class='ocrx_word' id='word_1_279' title='bbox 513 3987 727 4034; x_wconf 87' lang='lat' dir='ltr'><strong>creator</strong></span> <span class='ocrx_word' id='word_1_280' title='bbox 755 3990 875 4030; x_wconf 91' lang='lat' dir='ltr'><strong>cum</strong></span> <span class='ocrx_word' id='word_1_281' title='bbox 903 3974 1061 4029; x_wconf 83' lang='lat' dir='ltr'><strong>Patre</strong></span> <span class='ocrx_word' id='word_1_282' title='bbox 1089 3981 1145 4029; x_wconf 89' lang='lat' dir='ltr'><strong>et</strong></span> <span class='ocrx_word' id='word_1_283' title='bbox 1172 3972 1372 4043; x_wconf 89' lang='lat' dir='ltr'><strong>Spiritu</strong></span> <span class='ocrx_word' id='word_1_284' title='bbox 1415 3984 1602 4031; x_wconf 87' lang='lat' dir='ltr'><strong>sancto</strong></span> <span class='ocrx_word' id='word_1_285' title='bbox 1630 3975 1869 4031; x_wconf 90' lang='lat' dir='ltr'><strong>omnium</strong></span> <span class='ocrx_word' id='word_1_286' title='bbox 1893 3984 2106 4031; x_wconf 87' lang='lat' dir='ltr'><strong>creatu-</strong></span> 
     </span>
    </p>
   </div>
   <div class='ocr_carea' id='block_1_43' title="bbox 503 4066 2105 4137">
    <p class='ocr_par' dir='ltr' id='par_1_43' title="bbox 503 4066 2105 4137">
     <span class='ocr_line' id='line_1_43' title="bbox 503 4066 2105 4137; baseline 0 -12"><span class='ocrx_word' id='word_1_287' title='bbox 503 4084 706 4133; x_wconf 87' lang='lat' dir='ltr'><strong>rarum,</strong></span> <span class='ocrx_word' id='word_1_288' title='bbox 732 4066 824 4137; x_wconf 90' lang='lat' dir='ltr'><strong>qui</strong></span> <span class='ocrx_word' id='word_1_289' title='bbox 847 4080 1034 4137; x_wconf 89' lang='lat' dir='ltr'><strong>passus</strong></span> <span class='ocrx_word' id='word_1_290' title='bbox 1056 4066 1128 4123; x_wconf 86' lang='lat' dir='ltr'><strong>sit</strong></span> <span class='ocrx_word' id='word_1_291' title='bbox 1152 4080 1273 4121; x_wconf 89' lang='lat' dir='ltr'><strong>vera</strong></span> <span class='ocrx_word' id='word_1_292' title='bbox 1292 4066 1469 4122; x_wconf 89' lang='lat' dir='ltr'><strong>carnis</strong></span> <span class='ocrx_word' id='word_1_293' title='bbox 1500 4067 1753 4136; x_wconf 87' lang='lat' dir='ltr'><strong>passione</strong></span> <span class='ocrx_word' id='word_1_294' title='bbox 1781 4078 1832 4135; x_wconf 78' lang='grc' dir='ltr'><strong>ο,</strong></span> <span class='ocrx_word' id='word_1_295' title='bbox 1861 4078 2105 4125; x_wconf 88' lang='lat' dir='ltr'><strong>mortuus</strong></span> 
     </span>
    </p>
   </div>
   <div class='ocr_carea' id='block_1_44' title="bbox 504 4157 2104 4226">
    <p class='ocr_par' dir='ltr' id='par_1_44' title="bbox 504 4157 2104 4226">
     <span class='ocr_line' id='line_1_44' title="bbox 504 4157 2104 4226; baseline 0.001 -13"><span class='ocrx_word' id='word_1_296' title='bbox 504 4174 633 4213; x_wconf 91' lang='lat' dir='ltr'><strong>vera</strong></span> <span class='ocrx_word' id='word_1_297' title='bbox 669 4157 913 4226; x_wconf 89' lang='lat' dir='ltr'><strong>corporis</strong></span> <span class='ocrx_word' id='word_1_298' title='bbox 938 4158 1020 4213; x_wconf 91' lang='lat' dir='ltr'><strong>sui</strong></span> <span class='ocrx_word' id='word_1_299' title='bbox 1051 4165 1226 4214; x_wconf 88' lang='lat' dir='ltr'><strong>morte</strong></span> <span class='ocrx_word' id='word_1_300' title='bbox 1249 4197 1267 4225; x_wconf 90' lang='lat'><strong>,</strong></span> <span class='ocrx_word' id='word_1_301' title='bbox 1308 4159 1601 4214; x_wconf 77' lang='lat' dir='ltr'><strong>resurrexit</strong></span> <span class='ocrx_word' id='word_1_302' title='bbox 1626 4173 1756 4215; x_wconf 89' lang='lat' dir='ltr'><strong>vera</strong></span> <span class='ocrx_word' id='word_1_303' title='bbox 1781 4161 1960 4215; x_wconf 89' lang='lat' dir='ltr'><strong>carnis</strong></span> <span class='ocrx_word' id='word_1_304' title='bbox 1990 4173 2104 4215; x_wconf 67' lang='lat' dir='ltr'><strong>sua:</strong></span> 
     </span>
    </p>
   </div>
   <div class='ocr_carea' id='block_1_45' title="bbox 504 4247 2107 4320">
    <p class='ocr_par' dir='ltr' id='par_1_45' title="bbox 504 4247 2107 4320">
     <span class='ocr_line' id='line_1_45' title="bbox 504 4247 2107 4320; baseline 0.001 -15"><span class='ocrx_word' id='word_1_305' title='bbox 504 4247 905 4305; x_wconf 85' lang='lat' dir='ltr'><strong>resurrectione</strong></span> <span class='ocrx_word' id='word_1_306' title='bbox 932 4258 989 4305; x_wconf 89' lang='lat' dir='ltr'><strong>et</strong></span> <span class='ocrx_word' id='word_1_307' title='bbox 1013 4263 1137 4304; x_wconf 87' lang='lat' dir='ltr'><strong>vera</strong></span> <span class='ocrx_word' id='word_1_308' title='bbox 1162 4251 1358 4305; x_wconf 77' lang='lat' dir='ltr'><strong>anima:</strong></span> <span class='ocrx_word' id='word_1_309' title='bbox 1382 4250 1768 4319; x_wconf 88' lang='lat' dir='ltr'><strong>resumptione,</strong></span> <span class='ocrx_word' id='word_1_310' title='bbox 1807 4251 1859 4305; x_wconf 92' lang='lat' dir='ltr'><strong>in</strong></span> <span class='ocrx_word' id='word_1_311' title='bbox 1890 4264 1994 4320; x_wconf 89' lang='lat' dir='ltr'><strong>qua</strong></span> <span class='ocrx_word' id='word_1_312' title='bbox 2014 4264 2107 4306; x_wconf 86' lang='lat' dir='ltr'><strong>ve-</strong></span> 
     </span>
    </p>
   </div>
   <div class='ocr_carea' id='block_1_46' title="bbox 505 4340 2105 4411">
    <p class='ocr_par' dir='ltr' id='par_1_46' title="bbox 505 4340 2105 4411">
     <span class='ocr_line' id='line_1_46' title="bbox 505 4340 2105 4411; baseline -0.001 -14"><span class='ocrx_word' id='word_1_313' title='bbox 505 4341 617 4398; x_wconf 87' lang='lat' dir='ltr'><strong>niet</strong></span> <span class='ocrx_word' id='word_1_314' title='bbox 646 4340 883 4411; x_wconf 83' lang='lat' dir='ltr'><strong>iudicare</strong></span> <span class='ocrx_word' id='word_1_315' title='bbox 907 4340 1057 4397; x_wconf 89' lang='lat' dir='ltr'><strong>vivos</strong></span> <span class='ocrx_word' id='word_1_316' title='bbox 1086 4350 1139 4396; x_wconf 91' lang='lat' dir='ltr'><strong>et</strong></span> <span class='ocrx_word' id='word_1_317' title='bbox 1165 4349 1431 4397; x_wconf 92' lang='lat' dir='ltr'><strong>mortuos.</strong></span> <span class='ocrx_word' id='word_1_318' title='bbox 1456 4341 1814 4407; x_wconf 69' lang='lat' dir='ltr'><strong>Quaarendum</strong></span> <span class='ocrx_word' id='word_1_319' title='bbox 1841 4340 2003 4396; x_wconf 87' lang='lat' dir='ltr'><strong>etiam</strong></span> <span class='ocrx_word' id='word_1_320' title='bbox 2035 4342 2105 4397; x_wconf 90' lang='lat' dir='ltr'><strong>ab</strong></span> 
     </span>
    </p>
   </div>
   <div class='ocr_carea' id='block_1_47' title="bbox 502 4434 2104 4509">
    <p class='ocr_par' dir='ltr' id='par_1_47' title="bbox 502 4434 2104 4509">
     <span class='ocr_line' id='line_1_47' title="bbox 502 4434 2104 4509; baseline -0.001 -17"><span class='ocrx_word' id='word_1_321' title='bbox 502 4450 570 4492; x_wconf 88' lang='lat' dir='ltr'><strong>eo</strong></span> <span class='ocrx_word' id='word_1_322' title='bbox 594 4475 609 4501; x_wconf 88' lang='lat'><strong>,</strong></span> <span class='ocrx_word' id='word_1_323' title='bbox 638 4436 680 4491; x_wconf 89' lang='lat' dir='ltr'><strong>si</strong></span> <span class='ocrx_word' id='word_1_324' title='bbox 706 4436 838 4491; x_wconf 84' lang='lat' dir='ltr'><strong>Novi</strong></span> <span class='ocrx_word' id='word_1_325' title='bbox 875 4435 1028 4509; x_wconf 60' lang='lat'><strong>151</strong></span> <span class='ocrx_word' id='word_1_326' title='bbox 1056 4445 1111 4492; x_wconf 88' lang='lat' dir='ltr'><strong>et</strong></span> <span class='ocrx_word' id='word_1_327' title='bbox 1140 4434 1348 4489; x_wconf 87' lang='lat' dir='ltr'><strong>Veteris</strong></span> <span class='ocrx_word' id='word_1_328' title='bbox 1375 4434 1727 4503; x_wconf 84' lang='lat' dir='ltr'><strong>Testamenti,</strong></span> <span class='ocrx_word' id='word_1_329' title='bbox 1760 4434 1813 4489; x_wconf 95' lang='lat' dir='ltr'><strong>id</strong></span> <span class='ocrx_word' id='word_1_330' title='bbox 1840 4444 1943 4502; x_wconf 86' lang='lat' dir='ltr'><strong>est,</strong></span> <span class='ocrx_word' id='word_1_331' title='bbox 1971 4434 2104 4505; x_wconf 78' lang='lat' dir='ltr'><strong>legis</strong></span> 
     </span>
    </p>
   </div>
   <div class='ocr_carea' id='block_1_48' title="bbox 2207 1272 3826 1349">
    <p class='ocr_par' dir='ltr' id='par_1_48' title="bbox 2207 1272 3826 1349">
     <span class='ocr_line' id='line_1_48' title="bbox 2207 1272 3826 1349; baseline 0.007 -13"><span class='ocrx_word' id='word_1_332' title='bbox 2207 1281 2528 1338; x_wconf 88' lang='lat' dir='ltr'><strong>catholicam</strong></span> <span class='ocrx_word' id='word_1_333' title='bbox 2559 1283 2735 1339; x_wconf 91' lang='lat' dir='ltr'><strong>nullus</strong></span> <span class='ocrx_word' id='word_1_334' title='bbox 2766 1284 3025 1341; x_wconf 85' lang='lat' dir='ltr'><strong>salvetur.</strong></span> <span class='ocrx_word' id='word_1_335' title='bbox 3054 1283 3186 1340; x_wconf 87' lang='lat' dir='ltr'><strong>Cum</strong></span> <span class='ocrx_word' id='word_1_336' title='bbox 3216 1285 3268 1340; x_wconf 91' lang='lat' dir='ltr'><strong>in</strong></span> <span class='ocrx_word' id='word_1_337' title='bbox 3293 1285 3381 1341; x_wconf 89' lang='lat' dir='ltr'><strong>his</strong></span> <span class='ocrx_word' id='word_1_338' title='bbox 3408 1290 3665 1347; x_wconf 88' lang='lat' dir='ltr'><strong>omnibus</strong></span> <span class='ocrx_word' id='word_1_339' title='bbox 3691 1272 3826 1349; x_wconf 82' lang='lat' dir='ltr'><strong>exa-</strong></span> 
     </span>
    </p>
   </div>
   <div class='ocr_carea' id='block_1_49' title="bbox 2210 1375 3826 1447">
    <p class='ocr_par' dir='ltr' id='par_1_49' title="bbox 2210 1375 3826 1447">
     <span class='ocr_line' id='line_1_49' title="bbox 2210 1375 3826 1447; baseline 0.005 -16"><span class='ocrx_word' id='word_1_340' title='bbox 2210 1376 2442 1431; x_wconf 91' lang='lat' dir='ltr'><strong>minatus</strong></span> <span class='ocrx_word' id='word_1_341' title='bbox 2480 1375 2737 1434; x_wconf 88' lang='lat' dir='ltr'><strong>inventus</strong></span> <span class='ocrx_word' id='word_1_342' title='bbox 2766 1377 2925 1434; x_wconf 79' lang='lat' dir='ltr'><strong>fuerit</strong></span> <span class='ocrx_word' id='word_1_343' title='bbox 2963 1377 3119 1447; x_wconf 89' lang='lat' dir='ltr'><strong>plene</strong></span> <span class='ocrx_word' id='word_1_344' title='bbox 3149 1379 3439 1435; x_wconf 90' lang='lat' dir='ltr'><strong>instructus</strong></span> <span class='ocrx_word' id='word_1_345' title='bbox 3464 1422 3478 1445; x_wconf 91' lang='lat'><strong>,</strong></span> <span class='ocrx_word' id='word_1_346' title='bbox 3522 1391 3652 1438; x_wconf 92' lang='lat' dir='ltr'><strong>tunc</strong></span> <span class='ocrx_word' id='word_1_347' title='bbox 3679 1399 3826 1439; x_wconf 82' lang='lat' dir='ltr'><strong>con-</strong></span> 
     </span>
    </p>
   </div>
   <div class='ocr_carea' id='block_1_50' title="bbox 2210 1471 3833 1539">
    <p class='ocr_par' dir='ltr' id='par_1_50' title="bbox 2210 1471 3833 1539">
     <span class='ocr_line' id='line_1_50' title="bbox 2210 1471 3833 1539; baseline 0.004 -12"><span class='ocrx_word' id='word_1_348' title='bbox 2210 1484 2375 1527; x_wconf 89' lang='lat' dir='ltr'><strong>sensu</strong></span> <span class='ocrx_word' id='word_1_349' title='bbox 2413 1471 2730 1528; x_wconf 85' lang='lat' dir='ltr'><strong>clericorum</strong></span> <span class='ocrx_word' id='word_1_350' title='bbox 2779 1481 2836 1529; x_wconf 92' lang='lat' dir='ltr'><strong>et</strong></span> <span class='ocrx_word' id='word_1_351' title='bbox 2869 1473 3131 1528; x_wconf 89' lang='lat' dir='ltr'><strong>laicorum</strong></span> <span class='ocrx_word' id='word_1_352' title='bbox 3177 1489 3241 1530; x_wconf 87' lang='lat' dir='ltr'><strong>ex</strong></span> <span class='ocrx_word' id='word_1_353' title='bbox 3274 1473 3298 1511; x_wconf 70' lang='grc' dir='ltr'><em>δ</em></span> <span class='ocrx_word' id='word_1_354' title='bbox 3328 1485 3594 1531; x_wconf 86' lang='lat' dir='ltr'><strong>conventu</strong></span> <span class='ocrx_word' id='word_1_355' title='bbox 3638 1478 3833 1539; x_wconf 77' lang='lat' dir='ltr'><strong>totius,</strong></span> 
     </span>
    </p>
   </div>
   <div class='ocr_carea' id='block_1_51' title="bbox 2214 1566 3821 1639">
    <p class='ocr_par' dir='ltr' id='par_1_51' title="bbox 2214 1566 3821 1639">
     <span class='ocr_line' id='line_1_51' title="bbox 2214 1566 3821 1639; baseline 0.002 -18"><span class='ocrx_word' id='word_1_356' title='bbox 2214 1566 2505 1635; x_wconf 66' lang='lat' dir='ltr'><strong>provinciae</strong></span> <span class='ocrx_word' id='word_1_357' title='bbox 2552 1568 2934 1638; x_wconf 85' lang='lat' dir='ltr'><strong>episcoporum</strong></span> <span class='ocrx_word' id='word_1_358' title='bbox 2963 1608 2978 1634; x_wconf 92' lang='lat'><strong>,</strong></span> <span class='ocrx_word' id='word_1_359' title='bbox 3022 1569 3361 1638; x_wconf 77' lang='lat' dir='ltr'><strong>maximeque</strong></span> <span class='ocrx_word' id='word_1_360' title='bbox 3407 1570 3821 1639; x_wconf 83' lang='lat' dir='ltr'><strong>metropolitani</strong></span> 
     </span>
    </p>
   </div>
   <div class='ocr_carea' id='block_1_52' title="bbox 2211 1648 3819 1733">
    <p class='ocr_par' dir='ltr' id='par_1_52' title="bbox 2211 1648 3819 1733">
     <span class='ocr_line' id='line_1_52' title="bbox 2211 1648 3819 1733; baseline 0.003 -20"><span class='ocrx_word' id='word_1_361' title='bbox 2211 1660 2299 1714; x_wconf 89' lang='lat' dir='ltr'><strong>vel</strong></span> <span class='ocrx_word' id='word_1_362' title='bbox 2329 1648 2649 1716; x_wconf 78' lang='lat' dir='ltr'><strong>auctoritate</strong></span> <span class='ocrx_word' id='word_1_363' title='bbox 2693 1660 2779 1716; x_wconf 85' lang='lat' dir='ltr'><strong>vel</strong></span> <span class='ocrx_word' id='word_1_364' title='bbox 2832 1661 3118 1730; x_wconf 67' lang='lat' dir='ltr'><strong>praesentia</strong></span> <span class='ocrx_word' id='word_1_365' title='bbox 3155 1660 3437 1715; x_wconf 89' lang='lat' dir='ltr'><strong>ordinetur</strong></span> <span class='ocrx_word' id='word_1_366' title='bbox 3476 1663 3774 1733; x_wconf 86' lang='lat' dir='ltr'><strong>episcopus</strong></span> <span class='ocrx_word' id='word_1_367' title='bbox 3799 1702 3819 1728; x_wconf 82' lang='lat'><strong>,</strong></span> 
     </span>
    </p>
   </div>
   <div class='ocr_carea' id='block_1_53' title="bbox 2213 1752 3820 1824">
    <p class='ocr_par' dir='ltr' id='par_1_53' title="bbox 2213 1752 3820 1824">
     <span class='ocr_line' id='line_1_53' title="bbox 2213 1752 3820 1824; baseline 0.001 -15"><span class='ocrx_word' id='word_1_368' title='bbox 2213 1764 2465 1824; x_wconf 83' lang='lat' dir='ltr'><strong>suscepto</strong></span> <span class='ocrx_word' id='word_1_369' title='bbox 2492 1753 2548 1809; x_wconf 86' lang='lat' dir='ltr'><strong>in</strong></span> <span class='ocrx_word' id='word_1_370' title='bbox 2581 1752 2798 1809; x_wconf 85' lang='lat' dir='ltr'><strong>nomine</strong></span> <span class='ocrx_word' id='word_1_371' title='bbox 2830 1752 3027 1809; x_wconf 82' lang='lat' dir='ltr'><strong>Christi</strong></span> <span class='ocrx_word' id='word_1_372' title='bbox 3058 1754 3367 1823; x_wconf 84' lang='lat' dir='ltr'><strong>episcopatu</strong></span> <span class='ocrx_word' id='word_1_373' title='bbox 3395 1797 3409 1821; x_wconf 89' lang='lat'><strong>,</strong></span> <span class='ocrx_word' id='word_1_374' title='bbox 3453 1771 3560 1809; x_wconf 91' lang='lat' dir='ltr'><strong>non</strong></span> <span class='ocrx_word' id='word_1_375' title='bbox 3586 1770 3701 1810; x_wconf 69' lang='lat' dir='ltr'><strong>sua:</strong></span> <span class='ocrx_word' id='word_1_376' title='bbox 3729 1757 3820 1811; x_wconf 78' lang='lat' dir='ltr'><strong>di-</strong></span> 
     </span>
    </p>
   </div>
   <div class='ocr_carea' id='block_1_54' title="bbox 2132 1817 3818 1916">
    <p class='ocr_par' dir='ltr' id='par_1_54' title="bbox 2132 1817 3818 1916">
     <span class='ocr_line' id='line_1_54' title="bbox 2132 1817 3818 1916; baseline -0.001 -10"><span class='ocrx_word' id='word_1_377' title='bbox 2132 1817 2179 1879; x_wconf 81' lang='lat' dir='ltr'><strong>B</strong></span> <span class='ocrx_word' id='word_1_378' title='bbox 2210 1817 2429 1906; x_wconf 76' lang='lat' dir='ltr'><strong>lectioni</strong></span> <span class='ocrx_word' id='word_1_379' title='bbox 2465 1860 2487 1885; x_wconf 73' lang='grc' dir='ltr'><strong>θ</strong></span> <span class='ocrx_word' id='word_1_380' title='bbox 2518 1864 2618 1905; x_wconf 83' lang='lat' dir='ltr'><strong>nec</strong></span> <span class='ocrx_word' id='word_1_381' title='bbox 2644 1849 2757 1905; x_wconf 83' lang='lat' dir='ltr'><strong>suis</strong></span> <span class='ocrx_word' id='word_1_382' title='bbox 2795 1850 3037 1905; x_wconf 86' lang='lat' dir='ltr'><strong>moribus</strong></span> <span class='ocrx_word' id='word_1_383' title='bbox 3073 1817 3119 1916; x_wconf 62' lang='grc' dir='ltr'><strong>ί,</strong></span> <span class='ocrx_word' id='word_1_384' title='bbox 3145 1817 3350 1905; x_wconf 38' lang='grc' dir='ltr'><strong>θεά-ωε</strong></span> <span class='ocrx_word' id='word_1_385' title='bbox 3376 1817 3590 1906; x_wconf 77' lang='lat' dir='ltr'><strong>Patrum</strong></span> <span class='ocrx_word' id='word_1_386' title='bbox 3620 1851 3818 1906; x_wconf 80' lang='lat' dir='ltr'><strong>deﬁni-</strong></span> 
     </span>
    </p>
   </div>
   <div class='ocr_carea' id='block_1_55' title="bbox 2208 1941 3813 2011">
    <p class='ocr_par' dir='ltr' id='par_1_55' title="bbox 2208 1941 3813 2011">
     <span class='ocr_line' id='line_1_55' title="bbox 2208 1941 3813 2011; baseline 0.001 -14"><span class='ocrx_word' id='word_1_387' title='bbox 2208 1942 2450 1999; x_wconf 85' lang='lat' dir='ltr'><strong>tionibus</strong></span> <span class='ocrx_word' id='word_1_388' title='bbox 2491 1943 2897 2011; x_wconf 87' lang='lat' dir='ltr'><strong>adquiescens;</strong></span> <span class='ocrx_word' id='word_1_389' title='bbox 2949 1942 3004 1997; x_wconf 90' lang='lat' dir='ltr'><strong>in</strong></span> <span class='ocrx_word' id='word_1_390' title='bbox 3048 1941 3203 2009; x_wconf 87' lang='lat' dir='ltr'><strong>cujus</strong></span> <span class='ocrx_word' id='word_1_391' title='bbox 3252 1943 3594 1999; x_wconf 87' lang='lat' dir='ltr'><strong>ordinatione</strong></span> <span class='ocrx_word' id='word_1_392' title='bbox 3640 1946 3813 1999; x_wconf 89' lang='lat' dir='ltr'><strong>etiam</strong></span> 
     </span>
    </p>
   </div>
   <div class='ocr_carea' id='block_1_56' title="bbox 2206 2034 3815 2106">
    <p class='ocr_par' dir='ltr' id='par_1_56' title="bbox 2206 2034 3815 2106">
     <span class='ocr_line' id='line_1_56' title="bbox 2206 2034 3815 2106; baseline 0 -16"><span class='ocrx_word' id='word_1_393' title='bbox 2206 2045 2338 2091; x_wconf 61' lang='lat' dir='ltr'><strong>artas</strong></span> <span class='ocrx_word' id='word_1_394' title='bbox 2366 2035 2667 2105; x_wconf 85' lang='lat' dir='ltr'><strong>requiratur</strong></span> <span class='ocrx_word' id='word_1_395' title='bbox 2689 2050 2850 2106; x_wconf 87' lang='lat' dir='ltr'><strong>quam</strong></span> <span class='ocrx_word' id='word_1_396' title='bbox 2875 2034 3045 2089; x_wconf 89' lang='lat' dir='ltr'><strong>sancti</strong></span> <span class='ocrx_word' id='word_1_397' title='bbox 3078 2036 3261 2091; x_wconf 87' lang='lat' dir='ltr'><strong>Patres</strong></span> <span class='ocrx_word' id='word_1_398' title='bbox 3290 2035 3540 2104; x_wconf 87' lang='lat' dir='ltr'><strong>exemplo</strong></span> <span class='ocrx_word' id='word_1_399' title='bbox 3569 2036 3815 2092; x_wconf 83' lang='lat' dir='ltr'><strong>Salvato-</strong></span> 
     </span>
    </p>
   </div>
   <div class='ocr_carea' id='block_1_57' title="bbox 2207 2128 3464 2200">
    <p class='ocr_par' dir='ltr' id='par_1_57' title="bbox 2207 2128 3464 2200">
     <span class='ocr_line' id='line_1_57' title="bbox 2207 2128 3464 2200; baseline -0.003 -13"><span class='ocrx_word' id='word_1_400' title='bbox 2207 2131 2281 2187; x_wconf 91' lang='lat' dir='ltr'><strong>ris</strong></span> <span class='ocrx_word' id='word_1_401' title='bbox 2308 2131 2360 2184; x_wconf 91' lang='lat' dir='ltr'><strong>in</strong></span> <span class='ocrx_word' id='word_1_402' title='bbox 2387 2128 2736 2200; x_wconf 68' lang='lat' dir='ltr'><strong>praelegendis</strong></span> <span class='ocrx_word' id='word_1_403' title='bbox 2756 2129 3025 2198; x_wconf 90' lang='lat' dir='ltr'><strong>episcopis</strong></span> <span class='ocrx_word' id='word_1_404' title='bbox 3046 2130 3464 2183; x_wconf 87' lang='lat' dir='ltr'><strong>constituerunt.</strong></span> 
     </span>
    </p>
   </div>
   <div class='ocr_carea' id='block_1_58' title="bbox 2280 2223 3811 2295">
    <p class='ocr_par' dir='ltr' id='par_1_58' title="bbox 2280 2223 3811 2295">
     <span class='ocr_line' id='line_1_58' title="bbox 2280 2223 3811 2295; baseline 0.003 -17"><span class='ocrx_word' id='word_1_405' title='bbox 2280 2224 2491 2281; x_wconf 90' lang='lat' dir='ltr'><strong>Dehinc</strong></span> <span class='ocrx_word' id='word_1_406' title='bbox 2520 2224 2826 2295; x_wconf 87' lang='lat' dir='ltr'><strong>disponitur</strong></span> <span class='ocrx_word' id='word_1_407' title='bbox 2854 2226 3084 2295; x_wconf 87' lang='lat' dir='ltr'><strong>qualiter</strong></span> <span class='ocrx_word' id='word_1_408' title='bbox 3111 2226 3473 2281; x_wconf 85' lang='lat' dir='ltr'><strong>ecclesiastica</strong></span> <span class='ocrx_word' id='word_1_409' title='bbox 3502 2223 3682 2283; x_wconf 79' lang='lat' dir='ltr'><strong>ofﬁcia</strong></span> <span class='ocrx_word' id='word_1_410' title='bbox 3714 2224 3811 2282; x_wconf 81' lang='lat' dir='ltr'><strong>ur-</strong></span> 
     </span>
    </p>
   </div>
   <div class='ocr_carea' id='block_1_59' title="bbox 2208 2318 2489 2373">
    <p class='ocr_par' dir='ltr' id='par_1_59' title="bbox 2208 2318 2489 2373">
     <span class='ocr_line' id='line_1_59' title="bbox 2208 2318 2489 2373; baseline 0.004 -1"><span class='ocrx_word' id='word_1_411' title='bbox 2208 2318 2489 2373; x_wconf 90' lang='lat' dir='ltr'><strong>dinentur.</strong></span> 
     </span>
    </p>
   </div>
   <div class='ocr_carea' id='block_1_60' title="bbox 2501 2410 3505 2481">
    <p class='ocr_par' dir='ltr' id='par_1_60' title="bbox 2501 2410 3505 2481">
     <span class='ocr_line' id='line_1_60' title="bbox 2501 2410 3505 2481; baseline -0.003 -14"><span class='ocrx_word' id='word_1_412' title='bbox 2501 2410 2569 2468; x_wconf 85' lang='grc'><strong>11.</strong></span> <span class='ocrx_word' id='word_1_413' title='bbox 2613 2411 2853 2480; x_wconf 76' lang='lat' dir='ltr'><strong>Qualiter</strong></span> <span class='ocrx_word' id='word_1_414' title='bbox 2880 2420 3236 2466; x_wconf 69' lang='lat' dir='ltr'><strong>consecuntur</strong></span> <span class='ocrx_word' id='word_1_415' title='bbox 3264 2412 3505 2481; x_wconf 81' lang='lat' dir='ltr'><strong>episc0pi.</strong></span> 
     </span>
    </p>
   </div>
   <div class='ocr_carea' id='block_1_61' title="bbox 2294 2508 3809 2581">
    <p class='ocr_par' dir='ltr' id='par_1_61' title="bbox 2294 2508 3809 2581">
     <span class='ocr_line' id='line_1_61' title="bbox 2294 2508 3809 2581; baseline 0.001 -18"><span class='ocrx_word' id='word_1_416' title='bbox 2294 2508 2594 2579; x_wconf 84' lang='lat' dir='ltr'><strong>Episcopus</strong></span> <span class='ocrx_word' id='word_1_417' title='bbox 2619 2523 2741 2565; x_wconf 92' lang='lat' dir='ltr'><strong>cum</strong></span> <span class='ocrx_word' id='word_1_418' title='bbox 2772 2509 3053 2567; x_wconf 82' lang='lat' dir='ltr'><strong>ordinatur</strong></span> <span class='ocrx_word' id='word_1_419' title='bbox 3073 2550 3088 2577; x_wconf 91' lang='lat'><strong>,</strong></span> <span class='ocrx_word' id='word_1_420' title='bbox 3119 2510 3225 2566; x_wconf 89' lang='lat' dir='ltr'><strong>duo</strong></span> <span class='ocrx_word' id='word_1_421' title='bbox 3255 2508 3488 2581; x_wconf 83' lang='lat' dir='ltr'><strong>episcopi</strong></span> <span class='ocrx_word' id='word_1_422' title='bbox 3523 2517 3726 2581; x_wconf 88' lang='lat' dir='ltr'><strong>ponant</strong></span> <span class='ocrx_word' id='word_1_423' title='bbox 3750 2519 3809 2567; x_wconf 85' lang='lat' dir='ltr'><strong>et</strong></span> 
     </span>
    </p>
   </div>
   <div class='ocr_carea' id='block_1_62' title="bbox 2210 2600 3809 2675">
    <p class='ocr_par' dir='ltr' id='par_1_62' title="bbox 2210 2600 3809 2675">
     <span class='ocr_line' id='line_1_62' title="bbox 2210 2600 3809 2675; baseline -0.001 -19"><span class='ocrx_word' id='word_1_424' title='bbox 2210 2606 2427 2656; x_wconf 86' lang='lat' dir='ltr'><strong>teneant</strong></span> <span class='ocrx_word' id='word_1_425' title='bbox 2461 2600 2880 2675; x_wconf 74' lang='lat' dir='ltr'><strong>Evangeliormn</strong></span> <span class='ocrx_word' id='word_1_426' title='bbox 2919 2603 3173 2658; x_wconf 85' lang='lat' dir='ltr'><strong>Codicem</strong></span> <span class='ocrx_word' id='word_1_427' title='bbox 3216 2615 3378 2671; x_wconf 90' lang='lat' dir='ltr'><strong>super</strong></span> <span class='ocrx_word' id='word_1_428' title='bbox 3404 2610 3567 2667; x_wconf 87' lang='lat' dir='ltr'><strong>caput</strong></span> <span class='ocrx_word' id='word_1_429' title='bbox 3593 2611 3648 2656; x_wconf 89' lang='lat' dir='ltr'><strong>et</strong></span> <span class='ocrx_word' id='word_1_430' title='bbox 3680 2615 3809 2655; x_wconf 58' lang='lat' dir='ltr'><strong>tuer—</strong></span> 
     </span>
    </p>
   </div>
   <div class='ocr_carea' id='block_1_63' title="bbox 2208 2692 3809 2766">
    <p class='ocr_par' dir='ltr' id='par_1_63' title="bbox 2208 2692 3809 2766">
     <span class='ocr_line' id='line_1_63' title="bbox 2208 2692 3809 2766; baseline 0.002 -20"><span class='ocrx_word' id='word_1_431' title='bbox 2208 2692 2380 2750; x_wconf 86' lang='lat' dir='ltr'><strong>vicem</strong></span> <span class='ocrx_word' id='word_1_432' title='bbox 2408 2693 2527 2766; x_wconf 85' lang='lat' dir='ltr'><strong>ejus</strong></span> <span class='ocrx_word' id='word_1_433' title='bbox 2547 2736 2563 2763; x_wconf 92' lang='lat'><strong>,</strong></span> <span class='ocrx_word' id='word_1_434' title='bbox 2616 2704 2671 2754; x_wconf 87' lang='lat' dir='ltr'><strong>et</strong></span> <span class='ocrx_word' id='word_1_435' title='bbox 2703 2710 2808 2751; x_wconf 92' lang='lat' dir='ltr'><strong>uno</strong></span> <span class='ocrx_word' id='word_1_436' title='bbox 2837 2710 3006 2765; x_wconf 82' lang='lat' dir='ltr'><strong>super</strong></span> <span class='ocrx_word' id='word_1_437' title='bbox 3031 2711 3154 2750; x_wconf 92' lang='lat' dir='ltr'><strong>eum</strong></span> <span class='ocrx_word' id='word_1_438' title='bbox 3189 2694 3445 2749; x_wconf 78' lang='lat' dir='ltr'><strong>fundente</strong></span> <span class='ocrx_word' id='word_1_439' title='bbox 3476 2694 3809 2750; x_wconf 85' lang='lat' dir='ltr'><strong>benedictio-</strong></span> 
     </span>
    </p>
   </div>
   <div class='ocr_carea' id='block_1_64' title="bbox 2208 2786 3807 2858">
    <p class='ocr_par' dir='ltr' id='par_1_64' title="bbox 2208 2786 3807 2858">
     <span class='ocr_line' id='line_1_64' title="bbox 2208 2786 3807 2858; baseline 0 -17"><span class='ocrx_word' id='word_1_440' title='bbox 2208 2798 2370 2853; x_wconf 83' lang='lat' dir='ltr'><strong>nem,</strong></span> <span class='ocrx_word' id='word_1_441' title='bbox 2424 2788 2621 2858; x_wconf 87' lang='lat' dir='ltr'><strong>reliqui</strong></span> <span class='ocrx_word' id='word_1_442' title='bbox 2666 2788 2905 2857; x_wconf 88' lang='lat' dir='ltr'><strong>episcopi</strong></span> <span class='ocrx_word' id='word_1_443' title='bbox 2953 2800 3142 2843; x_wconf 90' lang='lat' dir='ltr'><strong>omnes</strong></span> <span class='ocrx_word' id='word_1_444' title='bbox 3194 2788 3285 2858; x_wconf 89' lang='lat' dir='ltr'><strong>qui</strong></span> <span class='ocrx_word' id='word_1_445' title='bbox 3325 2787 3518 2842; x_wconf 87' lang='lat' dir='ltr'><strong>adsunt</strong></span> <span class='ocrx_word' id='word_1_446' title='bbox 3561 2786 3807 2842; x_wconf 88' lang='lat' dir='ltr'><strong>manibus</strong></span> 
     </span>
    </p>
   </div>
   <div class='ocr_carea' id='block_1_65' title="bbox 2208 2880 2936 2953">
    <p class='ocr_par' dir='ltr' id='par_1_65' title="bbox 2208 2880 2936 2953">
     <span class='ocr_line' id='line_1_65' title="bbox 2208 2880 2936 2953; baseline 0 -16"><span class='ocrx_word' id='word_1_447' title='bbox 2208 2880 2323 2937; x_wconf 88' lang='lat' dir='ltr'><strong>suis</strong></span> <span class='ocrx_word' id='word_1_448' title='bbox 2354 2890 2516 2953; x_wconf 88' lang='lat' dir='ltr'><strong>caput</strong></span> <span class='ocrx_word' id='word_1_449' title='bbox 2546 2883 2665 2952; x_wconf 88' lang='lat' dir='ltr'><strong>ejus</strong></span> <span class='ocrx_word' id='word_1_450' title='bbox 2697 2891 2936 2953; x_wconf 77' lang='lat' dir='ltr'><strong>tangant.</strong></span> 
     </span>
    </p>
   </div>
   <div class='ocr_carea' id='block_1_66' title="bbox 2498 2978 3542 3068">
    <p class='ocr_par' dir='ltr' id='par_1_66' title="bbox 2498 2978 3542 3068">
     <span class='ocr_line' id='line_1_66' title="bbox 2498 2978 3542 3068; baseline -0.002 -16"><span class='ocrx_word' id='word_1_451' title='bbox 2498 2997 2585 3052; x_wconf 91' lang='grc' dir='ltr'><strong>ΙΙΙ.</strong></span> <span class='ocrx_word' id='word_1_452' title='bbox 2634 2998 2873 3065; x_wconf 81' lang='lat' dir='ltr'><strong>Qualiter</strong></span> <span class='ocrx_word' id='word_1_453' title='bbox 2901 2996 3181 3068; x_wconf 81' lang='lat' dir='ltr'><strong>presbyteri</strong></span> <span class='ocrx_word' id='word_1_454' title='bbox 3210 2978 3542 3051; x_wconf 50' lang='lat' dir='ltr'><strong>ordinentur:</strong></span> 
     </span>
    </p>
   </div>
   <div class='ocr_carea' id='block_1_67' title="bbox 2282 3087 3801 3161">
    <p class='ocr_par' dir='ltr' id='par_1_67' title="bbox 2282 3087 3801 3161">
     <span class='ocr_line' id='line_1_67' title="bbox 2282 3087 3801 3161; baseline -0.003 -16"><span class='ocrx_word' id='word_1_455' title='bbox 2282 3089 2575 3161; x_wconf 85' lang='lat' dir='ltr'><strong>Presbyter</strong></span> <span class='ocrx_word' id='word_1_456' title='bbox 2623 3103 2743 3144; x_wconf 92' lang='lat' dir='ltr'><strong>cum</strong></span> <span class='ocrx_word' id='word_1_457' title='bbox 2785 3089 3062 3144; x_wconf 88' lang='lat' dir='ltr'><strong>ordinatur</strong></span> <span class='ocrx_word' id='word_1_458' title='bbox 3086 3128 3103 3157; x_wconf 89' lang='lat'><strong>,</strong></span> <span class='ocrx_word' id='word_1_459' title='bbox 3146 3090 3403 3158; x_wconf 90' lang='lat' dir='ltr'><strong>episcopo</strong></span> <span class='ocrx_word' id='word_1_460' title='bbox 3430 3104 3551 3143; x_wconf 91' lang='lat' dir='ltr'><strong>eum</strong></span> <span class='ocrx_word' id='word_1_461' title='bbox 3583 3087 3801 3143; x_wconf 51' lang='lat' dir='ltr'><strong>benedi‘</strong></span> 
     </span>
    </p>
   </div>
   <div class='ocr_carea' id='block_1_68' title="bbox 2129 3183 3806 3254">
    <p class='ocr_par' dir='ltr' id='par_1_68' title="bbox 2129 3183 3806 3254">
     <span class='ocr_line' id='line_1_68' title="bbox 2129 3183 3806 3254; baseline -0.002 -14"><span class='ocrx_word' id='word_1_462' title='bbox 2129 3188 2177 3252; x_wconf 75' lang='grc' dir='ltr'><strong>ο</strong></span> <span class='ocrx_word' id='word_1_463' title='bbox 2207 3193 2365 3240; x_wconf 91' lang='lat' dir='ltr'><strong>cente</strong></span> <span class='ocrx_word' id='word_1_464' title='bbox 2409 3192 2464 3238; x_wconf 88' lang='lat' dir='ltr'><strong>et</strong></span> <span class='ocrx_word' id='word_1_465' title='bbox 2487 3196 2706 3237; x_wconf 88' lang='lat' dir='ltr'><strong>manum</strong></span> <span class='ocrx_word' id='word_1_466' title='bbox 2756 3197 2921 3254; x_wconf 90' lang='lat' dir='ltr'><strong>super</strong></span> <span class='ocrx_word' id='word_1_467' title='bbox 2970 3183 3086 3253; x_wconf 90' lang='lat' dir='ltr'><strong>ejus</strong></span> <span class='ocrx_word' id='word_1_468' title='bbox 3132 3194 3291 3253; x_wconf 85' lang='lat' dir='ltr'><strong>caput</strong></span> <span class='ocrx_word' id='word_1_469' title='bbox 3342 3194 3590 3250; x_wconf 91' lang='lat' dir='ltr'><strong>tenente,</strong></span> <span class='ocrx_word' id='word_1_470' title='bbox 3644 3184 3806 3238; x_wconf 84' lang='lat' dir='ltr'><strong>etiam</strong></span> 
     </span>
    </p>
   </div>
   <div class='ocr_carea' id='block_1_69' title="bbox 2209 3276 3805 3348">
    <p class='ocr_par' dir='ltr' id='par_1_69' title="bbox 2209 3276 3805 3348">
     <span class='ocr_line' id='line_1_69' title="bbox 2209 3276 3805 3348; baseline -0.002 -14"><span class='ocrx_word' id='word_1_471' title='bbox 2209 3292 2396 3334; x_wconf 76' lang='lat' dir='ltr'><strong>omnes</strong></span> <span class='ocrx_word' id='word_1_472' title='bbox 2447 3276 2744 3348; x_wconf 87' lang='lat' dir='ltr'><strong>presbyteri</strong></span> <span class='ocrx_word' id='word_1_473' title='bbox 2789 3277 2877 3347; x_wconf 90' lang='lat' dir='ltr'><strong>qui</strong></span> <span class='ocrx_word' id='word_1_474' title='bbox 2924 3285 3221 3346; x_wconf 87' lang='lat' dir='ltr'><strong>praesentes</strong></span> <span class='ocrx_word' id='word_1_475' title='bbox 3263 3288 3388 3333; x_wconf 90' lang='lat' dir='ltr'><strong>sunt</strong></span> <span class='ocrx_word' id='word_1_476' title='bbox 3437 3292 3627 3333; x_wconf 88' lang='lat' dir='ltr'><strong>manus</strong></span> <span class='ocrx_word' id='word_1_477' title='bbox 3679 3290 3805 3331; x_wconf 84' lang='lat' dir='ltr'><strong>suas</strong></span> 
     </span>
    </p>
   </div>
   <div class='ocr_carea' id='block_1_70' title="bbox 2206 3368 3707 3441">
    <p class='ocr_par' dir='ltr' id='par_1_70' title="bbox 2206 3368 3707 3441">
     <span class='ocr_line' id='line_1_70' title="bbox 2206 3368 3707 3441; baseline -0.003 -16"><span class='ocrx_word' id='word_1_478' title='bbox 2206 3369 2358 3441; x_wconf 88' lang='lat' dir='ltr'><strong>juxta</strong></span> <span class='ocrx_word' id='word_1_479' title='bbox 2390 3384 2609 3425; x_wconf 90' lang='lat' dir='ltr'><strong>manum</strong></span> <span class='ocrx_word' id='word_1_480' title='bbox 2640 3368 2878 3439; x_wconf 89' lang='lat' dir='ltr'><strong>episcopi</strong></span> <span class='ocrx_word' id='word_1_481' title='bbox 2909 3383 3070 3439; x_wconf 88' lang='lat' dir='ltr'><strong>super</strong></span> <span class='ocrx_word' id='word_1_482' title='bbox 3101 3378 3263 3440; x_wconf 90' lang='lat' dir='ltr'><strong>caput</strong></span> <span class='ocrx_word' id='word_1_483' title='bbox 3296 3368 3440 3425; x_wconf 89' lang='lat' dir='ltr'><strong>illius</strong></span> <span class='ocrx_word' id='word_1_484' title='bbox 3471 3378 3707 3424; x_wconf 87' lang='lat' dir='ltr'><strong>teneant.</strong></span> 
     </span>
    </p>
   </div>
   <div class='ocr_carea' id='block_1_71' title="bbox 2388 3461 3691 3527">
    <p class='ocr_par' dir='ltr' id='par_1_71' title="bbox 2388 3461 3691 3527">
     <span class='ocr_line' id='line_1_71' title="bbox 2388 3461 3691 3527; baseline -0.001 -9"><span class='ocrx_word' id='word_1_485' title='bbox 2388 3461 2476 3518; x_wconf 84' lang='lat' dir='ltr'><strong>IV.</strong></span> <span class='ocrx_word' id='word_1_486' title='bbox 2521 3461 2973 3527; x_wconf 83' lang='lat' dir='ltr'><strong>Quemadmodum</strong></span> <span class='ocrx_word' id='word_1_487' title='bbox 3002 3461 3205 3515; x_wconf 80' lang='lat' dir='ltr'><strong>diaconi</strong></span> <span class='ocrx_word' id='word_1_488' title='bbox 3237 3462 3631 3517; x_wconf 76' lang='lat' dir='ltr'><strong>constituantur.</strong></span> <span class='ocrx_word' id='word_1_489' title='bbox 3687 3519 3691 3523; x_wconf 71' lang='grc'><em>,</em></span> 
     </span>
    </p>
   </div>
   <div class='ocr_carea' id='block_1_72' title="bbox 2281 3551 3806 3624">
    <p class='ocr_par' dir='ltr' id='par_1_72' title="bbox 2281 3551 3806 3624">
     <span class='ocr_line' id='line_1_72' title="bbox 2281 3551 3806 3624; baseline 0 -17"><span class='ocrx_word' id='word_1_490' title='bbox 2281 3551 2553 3609; x_wconf 88' lang='lat' dir='ltr'><strong>Diaconos</strong></span> <span class='ocrx_word' id='word_1_491' title='bbox 2581 3568 2704 3609; x_wconf 90' lang='lat' dir='ltr'><strong>cum</strong></span> <span class='ocrx_word' id='word_1_492' title='bbox 2732 3552 3040 3619; x_wconf 90' lang='lat' dir='ltr'><strong>ordinatur,</strong></span> <span class='ocrx_word' id='word_1_493' title='bbox 3073 3552 3223 3609; x_wconf 90' lang='lat' dir='ltr'><strong>solus</strong></span> <span class='ocrx_word' id='word_1_494' title='bbox 3254 3555 3537 3622; x_wconf 87' lang='lat' dir='ltr'><strong>episcopos</strong></span> <span class='ocrx_word' id='word_1_495' title='bbox 3566 3552 3657 3624; x_wconf 89' lang='lat' dir='ltr'><strong>qui</strong></span> <span class='ocrx_word' id='word_1_496' title='bbox 3679 3568 3806 3607; x_wconf 90' lang='lat' dir='ltr'><strong>eum</strong></span> 
     </span>
    </p>
   </div>
   <div class='ocr_carea' id='block_1_73' title="bbox 2206 3644 3806 3715">
    <p class='ocr_par' dir='ltr' id='par_1_73' title="bbox 2206 3644 3806 3715">
     <span class='ocr_line' id='line_1_73' title="bbox 2206 3644 3806 3715; baseline -0.001 -15"><span class='ocrx_word' id='word_1_497' title='bbox 2206 3644 2480 3701; x_wconf 87' lang='lat' dir='ltr'><strong>benedicit</strong></span> <span class='ocrx_word' id='word_1_498' title='bbox 2511 3660 2729 3700; x_wconf 87' lang='lat' dir='ltr'><strong>manum</strong></span> <span class='ocrx_word' id='word_1_499' title='bbox 2761 3659 2925 3714; x_wconf 88' lang='lat' dir='ltr'><strong>super</strong></span> <span class='ocrx_word' id='word_1_500' title='bbox 2953 3652 3115 3713; x_wconf 87' lang='lat' dir='ltr'><strong>caput</strong></span> <span class='ocrx_word' id='word_1_501' title='bbox 3145 3644 3287 3698; x_wconf 93' lang='lat' dir='ltr'><strong>illius</strong></span> <span class='ocrx_word' id='word_1_502' title='bbox 3317 3654 3501 3715; x_wconf 87' lang='lat' dir='ltr'><strong>ponat,</strong></span> <span class='ocrx_word' id='word_1_503' title='bbox 3535 3646 3659 3715; x_wconf 89' lang='lat' dir='ltr'><strong>quia</strong></span> <span class='ocrx_word' id='word_1_504' title='bbox 3692 3661 3806 3699; x_wconf 90' lang='lat' dir='ltr'><strong>non</strong></span> 
     </span>
    </p>
   </div>
   <div class='ocr_carea' id='block_1_74' title="bbox 2207 3736 3720 3804">
    <p class='ocr_par' dir='ltr' id='par_1_74' title="bbox 2207 3736 3720 3804">
     <span class='ocr_line' id='line_1_74' title="bbox 2207 3736 3720 3804; baseline -0.002 -11"><span class='ocrx_word' id='word_1_505' title='bbox 2207 3737 2275 3793; x_wconf 89' lang='lat' dir='ltr'><strong>ad</strong></span> <span class='ocrx_word' id='word_1_506' title='bbox 2305 3736 2689 3804; x_wconf 84' lang='lat' dir='ltr'><strong>sacerdotium,</strong></span> <span class='ocrx_word' id='word_1_507' title='bbox 2742 3737 2835 3792; x_wconf 90' lang='lat' dir='ltr'><strong>sed</strong></span> <span class='ocrx_word' id='word_1_508' title='bbox 2865 3739 2931 3792; x_wconf 90' lang='lat' dir='ltr'><strong>ad</strong></span> <span class='ocrx_word' id='word_1_509' title='bbox 2960 3736 3316 3792; x_wconf 90' lang='lat' dir='ltr'><strong>ministerium</strong></span> <span class='ocrx_word' id='word_1_510' title='bbox 3354 3747 3720 3793; x_wconf 90' lang='lat' dir='ltr'><strong>consecratur.</strong></span> 
     </span>
    </p>
   </div>
   <div class='ocr_carea' id='block_1_75' title="bbox 2341 3850 3653 3920">
    <p class='ocr_par' dir='ltr' id='par_1_75' title="bbox 2341 3850 3653 3920">
     <span class='ocr_line' id='line_1_75' title="bbox 2341 3850 3653 3920; baseline -0.003 -14"><span class='ocrx_word' id='word_1_511' title='bbox 2341 3851 2411 3907; x_wconf 64' lang='grc' dir='ltr'>Υ.</span> <span class='ocrx_word' id='word_1_512' title='bbox 2457 3851 2903 3920; x_wconf 84' lang='lat' dir='ltr'><strong>Quemadmodum</strong></span> <span class='ocrx_word' id='word_1_513' title='bbox 2928 3850 3231 3906; x_wconf 84' lang='lat' dir='ltr'><strong>subdiacoui</strong></span> <span class='ocrx_word' id='word_1_514' title='bbox 3256 3851 3653 3906; x_wconf 81' lang='lat' dir='ltr'><strong>constituantur.</strong></span> 
     </span>
    </p>
   </div>
   <div class='ocr_carea' id='block_1_76' title="bbox 2278 3936 3807 4013">
    <p class='ocr_par' dir='ltr' id='par_1_76' title="bbox 2278 3936 3807 4013">
     <span class='ocr_line' id='line_1_76' title="bbox 2278 3936 3807 4013; baseline -0.005 -13"><span class='ocrx_word' id='word_1_515' title='bbox 2278 3942 2656 4000; x_wconf 90' lang='lat' dir='ltr'><strong>Subdiaconus</strong></span> <span class='ocrx_word' id='word_1_516' title='bbox 2694 3958 2817 3999; x_wconf 93' lang='lat' dir='ltr'><strong>cum</strong></span> <span class='ocrx_word' id='word_1_517' title='bbox 2840 3941 3121 3999; x_wconf 91' lang='lat' dir='ltr'><strong>ordinatur</strong></span> <span class='ocrx_word' id='word_1_518' title='bbox 3146 3983 3163 4011; x_wconf 88' lang='lat'><strong>,</strong></span> <span class='ocrx_word' id='word_1_519' title='bbox 3212 3942 3335 4013; x_wconf 86' lang='lat' dir='ltr'><strong>quia</strong></span> <span class='ocrx_word' id='word_1_520' title='bbox 3367 3956 3556 3996; x_wconf 89' lang='lat' dir='ltr'><strong>manus</strong></span> <span class='ocrx_word' id='word_1_521' title='bbox 3584 3936 3807 4009; x_wconf 85' lang='lat' dir='ltr'><strong>imposi-</strong></span> 
     </span>
    </p>
   </div>
   <div class='ocr_carea' id='block_1_77' title="bbox 2209 4034 3803 4108">
    <p class='ocr_par' dir='ltr' id='par_1_77' title="bbox 2209 4034 3803 4108">
     <span class='ocr_line' id='line_1_77' title="bbox 2209 4034 3803 4108; baseline -0.003 -15"><span class='ocrx_word' id='word_1_522' title='bbox 2209 4038 2408 4095; x_wconf 90' lang='lat' dir='ltr'><strong>tionem</strong></span> <span class='ocrx_word' id='word_1_523' title='bbox 2441 4055 2546 4094; x_wconf 89' lang='lat' dir='ltr'><strong>non</strong></span> <span class='ocrx_word' id='word_1_524' title='bbox 2578 4037 2795 4107; x_wconf 88' lang='lat' dir='ltr'><strong>accipit,</strong></span> <span class='ocrx_word' id='word_1_525' title='bbox 2821 4046 3068 4107; x_wconf 90' lang='lat' dir='ltr'><strong>patenam</strong></span> <span class='ocrx_word' id='word_1_526' title='bbox 3091 4037 3160 4092; x_wconf 84' lang='lat' dir='ltr'><strong>de</strong></span> <span class='ocrx_word' id='word_1_527' title='bbox 3185 4053 3346 4093; x_wconf 90' lang='lat' dir='ltr'><strong>manu</strong></span> <span class='ocrx_word' id='word_1_528' title='bbox 3378 4035 3533 4108; x_wconf 59' lang='lat'><strong>142</strong></span> <span class='ocrx_word' id='word_1_529' title='bbox 3558 4034 3803 4103; x_wconf 88' lang='lat' dir='ltr'><strong>episcopi</strong></span> 
     </span>
    </p>
   </div>
   <div class='ocr_carea' id='block_1_78' title="bbox 2206 4130 3806 4202">
    <p class='ocr_par' dir='ltr' id='par_1_78' title="bbox 2206 4130 3806 4202">
     <span class='ocr_line' id='line_1_78' title="bbox 2206 4130 3806 4202; baseline -0.003 -13"><span class='ocrx_word' id='word_1_530' title='bbox 2206 4133 2438 4202; x_wconf 82' lang='lat' dir='ltr'><strong>accipiat</strong></span> <span class='ocrx_word' id='word_1_531' title='bbox 2487 4147 2711 4188; x_wconf 89' lang='lat' dir='ltr'><strong>vacuam</strong></span> <span class='ocrx_word' id='word_1_532' title='bbox 2754 4141 2806 4187; x_wconf 91' lang='lat' dir='ltr'><strong>et</strong></span> <span class='ocrx_word' id='word_1_533' title='bbox 2846 4132 3069 4187; x_wconf 89' lang='lat' dir='ltr'><strong>calicem</strong></span> <span class='ocrx_word' id='word_1_534' title='bbox 3101 4147 3348 4198; x_wconf 86' lang='lat' dir='ltr'><strong>vacuum,</strong></span> <span class='ocrx_word' id='word_1_535' title='bbox 3381 4130 3448 4185; x_wconf 90' lang='lat' dir='ltr'><strong>de</strong></span> <span class='ocrx_word' id='word_1_536' title='bbox 3483 4143 3643 4183; x_wconf 91' lang='lat' dir='ltr'><strong>manu</strong></span> <span class='ocrx_word' id='word_1_537' title='bbox 3671 4139 3806 4184; x_wconf 85' lang='lat' dir='ltr'><strong>vero</strong></span> 
     </span>
    </p>
   </div>
   <div class='ocr_carea' id='block_1_79' title="bbox 2206 4218 3801 4297">
    <p class='ocr_par' dir='ltr' id='par_1_79' title="bbox 2206 4218 3801 4297">
     <span class='ocr_line' id='line_1_79' title="bbox 2206 4218 3801 4297; baseline -0.002 -20"><span class='ocrx_word' id='word_1_538' title='bbox 2206 4223 2571 4278; x_wconf 90' lang='lat' dir='ltr'><strong>archidiaconi</strong></span> <span class='ocrx_word' id='word_1_539' title='bbox 2602 4222 2829 4293; x_wconf 89' lang='lat' dir='ltr'><strong>accipiat</strong></span> <span class='ocrx_word' id='word_1_540' title='bbox 2849 4223 3117 4278; x_wconf 91' lang='lat' dir='ltr'><strong>orciolum</strong></span> <span class='ocrx_word' id='word_1_541' title='bbox 3148 4222 3247 4297; x_wconf 82' lang='grc' dir='ltr'><strong>[Π.</strong></span> <span class='ocrx_word' id='word_1_542' title='bbox 3272 4263 3288 4289; x_wconf 90' lang='grc'><em>,</em></span> <span class='ocrx_word' id='word_1_543' title='bbox 3339 4218 3637 4292; x_wconf 77' lang='lat' dir='ltr'><strong>urceolum]</strong></span> <span class='ocrx_word' id='word_1_544' title='bbox 3676 4234 3801 4275; x_wconf 88' lang='lat' dir='ltr'><strong>cum</strong></span> 
     </span>
    </p>
   </div>
   <div class='ocr_carea' id='block_1_80' title="bbox 2206 4316 3320 4388">
    <p class='ocr_par' dir='ltr' id='par_1_80' title="bbox 2206 4316 3320 4388">
     <span class='ocr_line' id='line_1_80' title="bbox 2206 4316 3320 4388; baseline 0 -17"><span class='ocrx_word' id='word_1_545' title='bbox 2206 4331 2343 4388; x_wconf 88' lang='lat' dir='ltr'><strong>aqua</strong></span> <span class='ocrx_word' id='word_1_546' title='bbox 2368 4325 2423 4372; x_wconf 92' lang='lat' dir='ltr'><strong>et</strong></span> <span class='ocrx_word' id='word_1_547' title='bbox 2450 4316 2794 4387; x_wconf 89' lang='lat' dir='ltr'><strong>aquatnanile</strong></span> <span class='ocrx_word' id='word_1_548' title='bbox 2823 4325 2877 4371; x_wconf 92' lang='lat' dir='ltr'><strong>et</strong></span> <span class='ocrx_word' id='word_1_549' title='bbox 2906 4318 3320 4386; x_wconf 77' lang='lat' dir='ltr'><strong>manutergium.</strong></span> 
     </span>
    </p>
   </div>
   <div class='ocr_carea' id='block_1_81' title="bbox 2487 4428 3507 4500">
    <p class='ocr_par' dir='ltr' id='par_1_81' title="bbox 2487 4428 3507 4500">
     <span class='ocr_line' id='line_1_81' title="bbox 2487 4428 3507 4500; baseline -0.002 -17"><span class='ocrx_word' id='word_1_550' title='bbox 2487 4428 2577 4483; x_wconf 73' lang='lat' dir='ltr'><strong>Vl.</strong></span> <span class='ocrx_word' id='word_1_551' title='bbox 2622 4429 3068 4495; x_wconf 84' lang='lat' dir='ltr'><strong>Quemadmodum</strong></span> <span class='ocrx_word' id='word_1_552' title='bbox 3095 4428 3327 4500; x_wconf 75' lang='lat' dir='ltr'><strong>acolythi</strong></span> <span class='ocrx_word' id='word_1_553' title='bbox 3352 4428 3507 4497; x_wconf 75' lang='lat' dir='ltr'><strong>ﬁant.</strong></span> 
     </span>
    </p>
   </div>
   <div class='ocr_carea' id='block_1_82' title="bbox 502 4519 3804 4617">
    <p class='ocr_par' dir='ltr' id='par_1_82' title="bbox 502 4519 3804 4617">
     <span class='ocr_line' id='line_1_82' title="bbox 502 4519 3804 4617; baseline -0.003 -31"><span class='ocrx_word' id='word_1_554' title='bbox 502 4538 558 4586; x_wconf 87' lang='lat' dir='ltr'><strong>et</strong></span> <span class='ocrx_word' id='word_1_555' title='bbox 602 4532 981 4600; x_wconf 85' lang='lat' dir='ltr'><strong>prophetarum</strong></span> <span class='ocrx_word' id='word_1_556' title='bbox 1024 4539 1077 4585; x_wconf 91' lang='lat' dir='ltr'><strong>et</strong></span> <span class='ocrx_word' id='word_1_557' title='bbox 1114 4529 1483 4599; x_wconf 87' lang='lat' dir='ltr'><strong>apostolorum</strong></span> <span class='ocrx_word' id='word_1_558' title='bbox 1535 4545 1697 4584; x_wconf 88' lang='lat' dir='ltr'><strong>unum</strong></span> <span class='ocrx_word' id='word_1_559' title='bbox 1737 4530 2096 4600; x_wconf 79' lang='lat' dir='ltr'><strong>eamdemque</strong></span> <span class='ocrx_word' id='word_1_560' title='bbox 2122 4556 2175 4617; x_wconf 75' lang='grc' dir='ltr'>υ</span> <span class='ocrx_word' id='word_1_561' title='bbox 2276 4523 2583 4597; x_wconf 80' lang='lat' dir='ltr'><strong>Acolythus</strong></span> <span class='ocrx_word' id='word_1_562' title='bbox 2612 4538 2736 4580; x_wconf 88' lang='lat' dir='ltr'><strong>cunt</strong></span> <span class='ocrx_word' id='word_1_563' title='bbox 2762 4524 3060 4591; x_wconf 90' lang='lat' dir='ltr'><strong>ordinatur,</strong></span> <span class='ocrx_word' id='word_1_564' title='bbox 3094 4523 3162 4579; x_wconf 89' lang='lat' dir='ltr'><strong>ab</strong></span> <span class='ocrx_word' id='word_1_565' title='bbox 3183 4519 3804 4617; x_wconf 71' lang='lat' dir='ltr'><strong>episcopoquidemdo-</strong></span> 
     </span>
    </p>
   </div>
   <div class='ocr_carea' id='block_1_83' title="bbox 502 4621 2099 4693">
    <p class='ocr_par' dir='ltr' id='par_1_83' title="bbox 502 4621 2099 4693">
     <span class='ocr_line' id='line_1_83' title="bbox 502 4621 2099 4693; baseline 0 -15"><span class='ocrx_word' id='word_1_566' title='bbox 502 4621 689 4678; x_wconf 77' lang='lat' dir='ltr'><strong>credat</strong></span> <span class='ocrx_word' id='word_1_567' title='bbox 718 4631 991 4679; x_wconf 88' lang='lat' dir='ltr'><strong>auctorem</strong></span> <span class='ocrx_word' id='word_1_568' title='bbox 1024 4634 1078 4678; x_wconf 92' lang='lat' dir='ltr'><strong>et</strong></span> <span class='ocrx_word' id='word_1_569' title='bbox 1108 4622 1273 4677; x_wconf 91' lang='lat' dir='ltr'><strong>Deum</strong></span> <span class='ocrx_word' id='word_1_570' title='bbox 1301 4662 1317 4689; x_wconf 90' lang='lat'><strong>,</strong></span> <span class='ocrx_word' id='word_1_571' title='bbox 1367 4622 1413 4677; x_wconf 88' lang='lat' dir='ltr'><strong>si</strong></span> <span class='ocrx_word' id='word_1_572' title='bbox 1441 4621 1685 4677; x_wconf 86' lang='lat' dir='ltr'><strong>diabolus</strong></span> <span class='ocrx_word' id='word_1_573' title='bbox 1713 4638 1818 4677; x_wconf 89' lang='lat' dir='ltr'><strong>non</strong></span> <span class='ocrx_word' id='word_1_574' title='bbox 1846 4636 1941 4693; x_wconf 92' lang='lat' dir='ltr'><strong>per</strong></span> <span class='ocrx_word' id='word_1_575' title='bbox 1968 4637 2099 4678; x_wconf 91' lang='lat' dir='ltr'><strong>con-</strong></span> 
     </span>
    </p>
   </div>
   <div class='ocr_carea' id='block_1_84' title="bbox 504 4715 2103 4786">
    <p class='ocr_par' dir='ltr' id='par_1_84' title="bbox 504 4715 2103 4786">
     <span class='ocr_line' id='line_1_84' title="bbox 504 4715 2103 4786; baseline 0.003 -17"><span class='ocrx_word' id='word_1_576' title='bbox 504 4715 765 4772; x_wconf 80' lang='lat' dir='ltr'><strong>ditionem</strong></span> <span class='ocrx_word' id='word_1_577' title='bbox 788 4718 885 4773; x_wconf 88' lang='lat' dir='ltr'><strong>sed</strong></span> <span class='ocrx_word' id='word_1_578' title='bbox 921 4733 1014 4786; x_wconf 83' lang='lat' dir='ltr'><strong>per</strong></span> <span class='ocrx_word' id='word_1_579' title='bbox 1035 4716 1316 4772; x_wconf 88' lang='lat' dir='ltr'><strong>arbitrium</strong></span> <span class='ocrx_word' id='word_1_580' title='bbox 1339 4715 1512 4771; x_wconf 84' lang='lat' dir='ltr'><strong>lactus</strong></span> <span class='ocrx_word' id='word_1_581' title='bbox 1532 4717 1600 4772; x_wconf 88' lang='lat' dir='ltr'><strong>sit</strong></span> <span class='ocrx_word' id='word_1_582' title='bbox 1626 4717 1817 4771; x_wconf 89' lang='lat' dir='ltr'><strong>malus.</strong></span> <span class='ocrx_word' id='word_1_583' title='bbox 1846 4718 2103 4785; x_wconf 70' lang='lat' dir='ltr'><strong>Quart-en-</strong></span> 
     </span>
    </p>
   </div>
   <div class='ocr_carea' id='block_1_85' title="bbox 505 4805 2103 4879">
    <p class='ocr_par' dir='ltr' id='par_1_85' title="bbox 505 4805 2103 4879">
     <span class='ocr_line' id='line_1_85' title="bbox 505 4805 2103 4879; baseline 0.003 -19"><span class='ocrx_word' id='word_1_584' title='bbox 505 4805 632 4861; x_wconf 91' lang='lat' dir='ltr'><strong>dum</strong></span> <span class='ocrx_word' id='word_1_585' title='bbox 665 4808 825 4862; x_wconf 87' lang='lat' dir='ltr'><strong>etiam</strong></span> <span class='ocrx_word' id='word_1_586' title='bbox 856 4808 923 4862; x_wconf 92' lang='lat' dir='ltr'><strong>ab</strong></span> <span class='ocrx_word' id='word_1_587' title='bbox 952 4823 1039 4874; x_wconf 92' lang='lat' dir='ltr'><strong>eo,</strong></span> <span class='ocrx_word' id='word_1_588' title='bbox 1070 4809 1115 4863; x_wconf 89' lang='lat' dir='ltr'><strong>si</strong></span> <span class='ocrx_word' id='word_1_589' title='bbox 1146 4808 1331 4863; x_wconf 88' lang='lat' dir='ltr'><strong>credat</strong></span> <span class='ocrx_word' id='word_1_590' title='bbox 1370 4806 1527 4878; x_wconf 86' lang='lat' dir='ltr'><strong>hujus</strong></span> <span class='ocrx_word' id='word_1_591' title='bbox 1555 4824 1713 4878; x_wconf 85' lang='lat' dir='ltr'><strong>quam</strong></span> <span class='ocrx_word' id='word_1_592' title='bbox 1742 4818 2018 4879; x_wconf 78' lang='lat' dir='ltr'><strong>gestamus</strong></span> <span class='ocrx_word' id='word_1_593' title='bbox 2046 4817 2103 4865; x_wconf 90' lang='lat' dir='ltr'><strong>et</strong></span> 
     </span>
    </p>
   </div>
   <div class='ocr_carea' id='block_1_86' title="bbox 504 4900 2099 4971">
    <p class='ocr_par' dir='ltr' id='par_1_86' title="bbox 504 4900 2099 4971">
     <span class='ocr_line' id='line_1_86' title="bbox 504 4900 2099 4971; baseline 0 -16"><span class='ocrx_word' id='word_1_594' title='bbox 504 4914 612 4955; x_wconf 90' lang='lat' dir='ltr'><strong>non</strong></span> <span class='ocrx_word' id='word_1_595' title='bbox 641 4901 864 4957; x_wconf 90' lang='lat' dir='ltr'><strong>alterius</strong></span> <span class='ocrx_word' id='word_1_596' title='bbox 887 4901 1065 4956; x_wconf 91' lang='lat' dir='ltr'><strong>carnis</strong></span> <span class='ocrx_word' id='word_1_597' title='bbox 1086 4903 1552 4966; x_wconf 89' lang='lat' dir='ltr'><strong>resurrectionem,</strong></span> <span class='ocrx_word' id='word_1_598' title='bbox 1577 4902 1621 4956; x_wconf 90' lang='lat' dir='ltr'><strong>si</strong></span> <span class='ocrx_word' id='word_1_599' title='bbox 1643 4901 1825 4957; x_wconf 90' lang='lat' dir='ltr'><strong>credat</strong></span> <span class='ocrx_word' id='word_1_600' title='bbox 1840 4900 2099 4971; x_wconf 90' lang='lat' dir='ltr'><strong>judicium</strong></span> 
     </span>
    </p>
   </div>
   <div class='ocr_carea' id='block_1_87' title="bbox 501 4990 2101 5064">
    <p class='ocr_par' dir='ltr' id='par_1_87' title="bbox 501 4990 2101 5064">
     <span class='ocr_line' id='line_1_87' title="bbox 501 4990 2101 5064; baseline 0.004 -19"><span class='ocrx_word' id='word_1_601' title='bbox 501 4990 743 5048; x_wconf 82' lang='lat' dir='ltr'><strong>futurum</strong></span> <span class='ocrx_word' id='word_1_602' title='bbox 765 5001 1137 5063; x_wconf 89' lang='lat' dir='ltr'><strong>ctrecepturos</strong></span> <span class='ocrx_word' id='word_1_603' title='bbox 1156 4994 1396 5064; x_wconf 77' lang='lat' dir='ltr'><strong>singulos</strong></span> <span class='ocrx_word' id='word_1_604' title='bbox 1414 5008 1510 5064; x_wconf 87' lang='lat' dir='ltr'><strong>pro</strong></span> <span class='ocrx_word' id='word_1_605' title='bbox 1527 4993 1607 5049; x_wconf 89' lang='lat' dir='ltr'><strong>his</strong></span> <span class='ocrx_word' id='word_1_606' title='bbox 1623 5009 1741 5064; x_wconf 66' lang='lat' dir='ltr'><strong>quae</strong></span> <span class='ocrx_word' id='word_1_607' title='bbox 1756 4995 1809 5049; x_wconf 92' lang='lat' dir='ltr'><strong>in</strong></span> <span class='ocrx_word' id='word_1_608' title='bbox 1828 4994 1925 5048; x_wconf 90' lang='lat' dir='ltr'><strong>hac</strong></span> <span class='ocrx_word' id='word_1_609' title='bbox 1938 5008 2101 5051; x_wconf 89' lang='lat' dir='ltr'><strong>carne</strong></span> 
     </span>
    </p>
   </div>
   <div class='ocr_carea' id='block_1_88' title="bbox 505 5084 2100 5155">
    <p class='ocr_par' dir='ltr' id='par_1_88' title="bbox 505 5084 2100 5155">
     <span class='ocr_line' id='line_1_88' title="bbox 505 5084 2100 5155; baseline 0.001 -16"><span class='ocrx_word' id='word_1_610' title='bbox 505 5085 886 5155; x_wconf 79' lang='lat' dir='ltr'><strong>gesseruntvel</strong></span> <span class='ocrx_word' id='word_1_611' title='bbox 910 5098 1094 5155; x_wconf 68' lang='lat' dir='ltr'><strong>pinnas</strong></span> <span class='ocrx_word' id='word_1_612' title='bbox 1117 5084 1198 5139; x_wconf 90' lang='lat' dir='ltr'><strong>vel</strong></span> <span class='ocrx_word' id='word_1_613' title='bbox 1222 5085 1461 5153; x_wconf 71' lang='lat' dir='ltr'><strong>praemia,</strong></span> <span class='ocrx_word' id='word_1_614' title='bbox 1482 5084 1526 5138; x_wconf 89' lang='lat' dir='ltr'><strong>si</strong></span> <span class='ocrx_word' id='word_1_615' title='bbox 1549 5086 1759 5154; x_wconf 88' lang='lat' dir='ltr'><strong>nuptias</strong></span> <span class='ocrx_word' id='word_1_616' title='bbox 1777 5100 1882 5140; x_wconf 93' lang='lat' dir='ltr'><strong>non</strong></span> <span class='ocrx_word' id='word_1_617' title='bbox 1898 5084 1968 5139; x_wconf 91' lang='lat' dir='ltr'><strong>im</strong></span> <span class='ocrx_word' id='word_1_618' title='bbox 1978 5099 2100 5153; x_wconf 87' lang='lat' dir='ltr'><strong>pro-</strong></span> 
     </span>
    </p>
   </div>
   <div class='ocr_carea' id='block_1_89' title="bbox 503 5174 2099 5249">
    <p class='ocr_par' dir='ltr' id='par_1_89' title="bbox 503 5174 2099 5249">
     <span class='ocr_line' id='line_1_89' title="bbox 503 5174 2099 5249; baseline 0.003 -18"><span class='ocrx_word' id='word_1_619' title='bbox 503 5174 631 5247; x_wconf 83' lang='lat' dir='ltr'><strong>bet,</strong></span> <span class='ocrx_word' id='word_1_620' title='bbox 654 5178 699 5232; x_wconf 90' lang='lat' dir='ltr'><strong>si</strong></span> <span class='ocrx_word' id='word_1_621' title='bbox 726 5177 958 5233; x_wconf 85' lang='lat' dir='ltr'><strong>secunda</strong></span> <span class='ocrx_word' id='word_1_622' title='bbox 990 5177 1328 5233; x_wconf 90' lang='lat' dir='ltr'><strong>matrimonia</strong></span> <span class='ocrx_word' id='word_1_623' title='bbox 1359 5192 1463 5233; x_wconf 89' lang='lat' dir='ltr'><strong>non</strong></span> <span class='ocrx_word' id='word_1_624' title='bbox 1494 5179 1741 5249; x_wconf 84' lang='lat' dir='ltr'><strong>damnet,</strong></span> <span class='ocrx_word' id='word_1_625' title='bbox 1783 5180 1825 5233; x_wconf 88' lang='lat' dir='ltr'><strong>si</strong></span> <span class='ocrx_word' id='word_1_626' title='bbox 1857 5181 2099 5235; x_wconf 91' lang='lat' dir='ltr'><strong>carnium</strong></span> 
     </span>
    </p>
   </div>
   <div class='ocr_carea' id='block_1_90' title="bbox 508 5270 2100 5342">
    <p class='ocr_par' dir='ltr' id='par_1_90' title="bbox 508 5270 2100 5342">
     <span class='ocr_line' id='line_1_90' title="bbox 508 5270 2100 5342; baseline 0.001 -16"><span class='ocrx_word' id='word_1_627' title='bbox 508 5273 907 5341; x_wconf 87' lang='lat' dir='ltr'><strong>perceptionem</strong></span> <span class='ocrx_word' id='word_1_628' title='bbox 929 5288 1034 5327; x_wconf 91' lang='lat' dir='ltr'><strong>non</strong></span> <span class='ocrx_word' id='word_1_629' title='bbox 1053 5270 1253 5342; x_wconf 84' lang='lat' dir='ltr'><strong>culpet,</strong></span> <span class='ocrx_word' id='word_1_630' title='bbox 1277 5272 1320 5326; x_wconf 86' lang='lat' dir='ltr'><strong>si</strong></span> <span class='ocrx_word' id='word_1_631' title='bbox 1342 5272 1719 5341; x_wconf 81' lang='lat' dir='ltr'><strong>ptenitentibus</strong></span> <span class='ocrx_word' id='word_1_632' title='bbox 1742 5271 2100 5328; x_wconf 85' lang='lat' dir='ltr'><strong>reconciliatis</strong></span> 
     </span>
    </p>
   </div>
   <div class='ocr_carea' id='block_1_91' title="bbox 505 5365 2100 5435">
    <p class='ocr_par' dir='ltr' id='par_1_91' title="bbox 505 5365 2100 5435">
     <span class='ocr_line' id='line_1_91' title="bbox 505 5365 2100 5435; baseline 0.001 -17"><span class='ocrx_word' id='word_1_633' title='bbox 505 5370 897 5431; x_wconf 88' lang='lat' dir='ltr'><strong>communicet,</strong></span> <span class='ocrx_word' id='word_1_634' title='bbox 927 5368 972 5422; x_wconf 90' lang='lat' dir='ltr'><strong>si</strong></span> <span class='ocrx_word' id='word_1_635' title='bbox 1021 5365 1073 5419; x_wconf 92' lang='lat' dir='ltr'><strong>in</strong></span> <span class='ocrx_word' id='word_1_636' title='bbox 1118 5365 1381 5435; x_wconf 87' lang='lat' dir='ltr'><strong>baptismo</strong></span> <span class='ocrx_word' id='word_1_637' title='bbox 1411 5367 1590 5421; x_wconf 90' lang='lat' dir='ltr'><strong>omnia</strong></span> <span class='ocrx_word' id='word_1_638' title='bbox 1626 5375 1876 5435; x_wconf 87' lang='lat' dir='ltr'><strong>peccata,</strong></span> <span class='ocrx_word' id='word_1_639' title='bbox 1922 5365 1973 5419; x_wconf 91' lang='lat' dir='ltr'><strong>id</strong></span> <span class='ocrx_word' id='word_1_640' title='bbox 2015 5372 2100 5420; x_wconf 90' lang='lat' dir='ltr'><strong>est</strong></span> 
     </span>
    </p>
   </div>
   <div class='ocr_carea' id='block_1_92' title="bbox 509 5459 2099 5532">
    <p class='ocr_par' dir='ltr' id='par_1_92' title="bbox 509 5459 2099 5532">
     <span class='ocr_line' id='line_1_92' title="bbox 509 5459 2099 5532; baseline 0 -21"><span class='ocrx_word' id='word_1_641' title='bbox 509 5464 616 5511; x_wconf 88' lang='lat' dir='ltr'><strong>tam</strong></span> <span class='ocrx_word' id='word_1_642' title='bbox 644 5459 773 5514; x_wconf 92' lang='lat' dir='ltr'><strong>illud</strong></span> <span class='ocrx_word' id='word_1_643' title='bbox 801 5460 1059 5530; x_wconf 79' lang='lat' dir='ltr'><strong>originale</strong></span> <span class='ocrx_word' id='word_1_644' title='bbox 1087 5470 1420 5516; x_wconf 86' lang='lat' dir='ltr'><strong>contractum</strong></span> <span class='ocrx_word' id='word_1_645' title='bbox 1456 5476 1614 5532; x_wconf 85' lang='lat' dir='ltr'><strong>quam</strong></span> <span class='ocrx_word' id='word_1_646' title='bbox 1644 5459 1736 5514; x_wconf 87' lang='lat' dir='ltr'><strong>illa</strong></span> <span class='ocrx_word' id='word_1_647' title='bbox 1763 5476 1882 5530; x_wconf 73' lang='lat' dir='ltr'><strong>qua:</strong></span> <span class='ocrx_word' id='word_1_648' title='bbox 1908 5459 2099 5513; x_wconf 81' lang='lat' dir='ltr'><strong>volun-</strong></span> 
     </span>
    </p>
   </div>
   <div class='ocr_carea' id='block_1_93' title="bbox 508 5549 2093 5621">
    <p class='ocr_par' dir='ltr' id='par_1_93' title="bbox 508 5549 2093 5621">
     <span class='ocr_line' id='line_1_93' title="bbox 508 5549 2093 5621; baseline 0 -17"><span class='ocrx_word' id='word_1_649' title='bbox 508 5549 642 5605; x_wconf 87' lang='lat' dir='ltr'><strong>tarie</strong></span> <span class='ocrx_word' id='word_1_650' title='bbox 672 5552 906 5607; x_wconf 89' lang='lat' dir='ltr'><strong>admissa</strong></span> <span class='ocrx_word' id='word_1_651' title='bbox 936 5562 1094 5621; x_wconf 89' lang='lat' dir='ltr'><strong>sunt,</strong></span> <span class='ocrx_word' id='word_1_652' title='bbox 1133 5554 1492 5621; x_wconf 89' lang='lat' dir='ltr'><strong>dimittantur,</strong></span> <span class='ocrx_word' id='word_1_653' title='bbox 1537 5556 1579 5608; x_wconf 91' lang='lat' dir='ltr'><strong>si</strong></span> <span class='ocrx_word' id='word_1_654' title='bbox 1612 5563 1761 5607; x_wconf 81' lang='lat' dir='ltr'><strong>extra</strong></span> <span class='ocrx_word' id='word_1_655' title='bbox 1802 5551 2093 5606; x_wconf 77' lang='lat' dir='ltr'><strong>Ecclesium</strong></span> 
     </span>
    </p>
   </div>
   <div class='ocr_carea' id='block_1_94' title="bbox 578 5665 1810 5737">
    <p class='ocr_par' dir='ltr' id='par_1_94' title="bbox 578 5665 1810 5737">
     <span class='ocr_line' id='line_1_94' title="bbox 578 5665 1810 5737; baseline -0.004 -13"><span class='ocrx_word' id='word_1_656' title='bbox 578 5674 605 5737; x_wconf 55' lang='grc' dir='ltr'><strong>ἐι</strong></span> <span class='ocrx_word' id='word_1_657' title='bbox 638 5666 706 5724; x_wconf 89' lang='lat' dir='ltr'><strong>U.</strong></span> <span class='ocrx_word' id='word_1_658' title='bbox 725 5708 742 5735; x_wconf 91' lang='lat'><strong>,</strong></span> <span class='ocrx_word' id='word_1_659' title='bbox 770 5679 889 5724; x_wconf 80' lang='lat' dir='ltr'><strong>ante</strong></span> <span class='ocrx_word' id='word_1_660' title='bbox 911 5672 1254 5735; x_wconf 66' lang='lat' dir='ltr'><strong>examinetur,</strong></span> <span class='ocrx_word' id='word_1_661' title='bbox 1285 5672 1329 5722; x_wconf 88' lang='lat' dir='ltr'><strong>si</strong></span> <span class='ocrx_word' id='word_1_662' title='bbox 1361 5677 1544 5721; x_wconf 83' lang='lat' dir='ltr'><strong>natura</strong></span> <span class='ocrx_word' id='word_1_663' title='bbox 1565 5665 1810 5737; x_wconf 82' lang='lat' dir='ltr'><strong>prudens.</strong></span> 
     </span>
    </p>
   </div>
   <div class='ocr_carea' id='block_1_95' title="bbox 577 5736 1515 5807">
    <p class='ocr_par' dir='ltr' id='par_1_95' title="bbox 577 5736 1515 5807">
     <span class='ocr_line' id='line_1_95' title="bbox 577 5736 1515 5807; baseline -0.001 -12"><span class='ocrx_word' id='word_1_664' title='bbox 577 5736 604 5777; x_wconf 71' lang='grc'><strong><em>⁵</em></strong></span> <span class='ocrx_word' id='word_1_665' title='bbox 632 5740 747 5807; x_wconf 68' lang='lat'><strong>.45.,</strong></span> <span class='ocrx_word' id='word_1_666' title='bbox 778 5744 829 5795; x_wconf 77' lang='lat' dir='ltr'><strong>in</strong></span> <span class='ocrx_word' id='word_1_667' title='bbox 856 5742 1075 5796; x_wconf 65' lang='lat' dir='ltr'><strong>hominis</strong></span> <span class='ocrx_word' id='word_1_668' title='bbox 1103 5752 1287 5796; x_wconf 84' lang='lat' dir='ltr'><strong>natura</strong></span> <span class='ocrx_word' id='word_1_669' title='bbox 1317 5739 1515 5794; x_wconf 83' lang='lat' dir='ltr'><strong>matris.</strong></span> 
     </span>
    </p>
   </div>
   <div class='ocr_carea' id='block_1_96' title="bbox 579 5809 1280 5880">
    <p class='ocr_par' dir='ltr' id='par_1_96' title="bbox 579 5809 1280 5880">
     <span class='ocr_line' id='line_1_96' title="bbox 579 5809 1280 5880; baseline -0.001 -13"><span class='ocrx_word' id='word_1_670' title='bbox 579 5818 604 5880; x_wconf 54' lang='grc' dir='ltr'>ξ</span> <span class='ocrx_word' id='word_1_671' title='bbox 631 5809 725 5880; x_wconf 83' lang='lat' dir='ltr'><strong>U.,</strong></span> <span class='ocrx_word' id='word_1_672' title='bbox 754 5828 871 5867; x_wconf 77' lang='lat' dir='ltr'><strong>vera</strong></span> <span class='ocrx_word' id='word_1_673' title='bbox 898 5817 1070 5868; x_wconf 78' lang='lat' dir='ltr'><strong>carnis</strong></span> <span class='ocrx_word' id='word_1_674' title='bbox 1100 5821 1280 5866; x_wconf 76' lang='lat' dir='ltr'><strong>morte.</strong></span> 
     </span>
    </p>
   </div>
   <div class='ocr_carea' id='block_1_97' title="bbox 574 5878 1164 5952">
    <p class='ocr_par' dir='ltr' id='par_1_97' title="bbox 574 5878 1164 5952">
     <span class='ocr_line' id='line_1_97' title="bbox 574 5878 1164 5952; baseline -0.002 -15"><span class='ocrx_word' id='word_1_675' title='bbox 574 5878 603 5920; x_wconf 71' lang='grc' dir='ltr'><em>δ</em></span> <span class='ocrx_word' id='word_1_676' title='bbox 634 5878 743 5951; x_wconf 65' lang='grc' dir='ltr'>ΑΒ..</span> <span class='ocrx_word' id='word_1_677' title='bbox 776 5885 834 5939; x_wconf 88' lang='grc' dir='ltr'><strong>Β.</strong></span> <span class='ocrx_word' id='word_1_678' title='bbox 866 5883 957 5952; x_wconf 60' lang='lat' dir='ltr'><strong>IL,</strong></span> <span class='ocrx_word' id='word_1_679' title='bbox 980 5885 1070 5950; x_wconf 74' lang='grc' dir='ltr'><strong>υ..</strong></span> <span class='ocrx_word' id='word_1_680' title='bbox 1097 5893 1164 5937; x_wconf 84' lang='lat' dir='ltr'><strong>et.</strong></span> 
     </span>
    </p>
   </div>
   <div class='ocr_carea' id='block_1_98' title="bbox 2210 4613 3804 4690">
    <p class='ocr_par' dir='ltr' id='par_1_98' title="bbox 2210 4613 3804 4690">
     <span class='ocr_line' id='line_1_98' title="bbox 2210 4613 3804 4690; baseline -0.004 -16"><span class='ocrx_word' id='word_1_681' title='bbox 2210 4627 2400 4674; x_wconf 90' lang='lat' dir='ltr'><strong>ceatur</strong></span> <span class='ocrx_word' id='word_1_682' title='bbox 2424 4618 2665 4690; x_wconf 88' lang='lat' dir='ltr'><strong>qualiter</strong></span> <span class='ocrx_word' id='word_1_683' title='bbox 2690 4632 2751 4675; x_wconf 87' lang='lat' dir='ltr'><strong>se</strong></span> <span class='ocrx_word' id='word_1_684' title='bbox 2778 4619 2829 4674; x_wconf 94' lang='lat' dir='ltr'><strong>in</strong></span> <span class='ocrx_word' id='word_1_685' title='bbox 2856 4619 3037 4674; x_wconf 84' lang='lat' dir='ltr'><strong>olticio</strong></span> <span class='ocrx_word' id='word_1_686' title='bbox 3066 4631 3166 4673; x_wconf 87' lang='lat' dir='ltr'><strong>suo</strong></span> <span class='ocrx_word' id='word_1_687' title='bbox 3188 4632 3348 4688; x_wconf 77' lang='lat' dir='ltr'><strong>agere</strong></span> <span class='ocrx_word' id='word_1_688' title='bbox 3372 4615 3582 4681; x_wconf 84' lang='lat' dir='ltr'><strong>debeat,</strong></span> <span class='ocrx_word' id='word_1_689' title='bbox 3617 4614 3710 4669; x_wconf 87' lang='lat' dir='ltr'><strong>sed</strong></span> <span class='ocrx_word' id='word_1_690' title='bbox 3731 4613 3804 4669; x_wconf 81' lang='lat' dir='ltr'><strong>ab</strong></span> 
     </span>
    </p>
   </div>
   <div class='ocr_carea' id='block_1_99' title="bbox 2207 4714 3804 4784">
    <p class='ocr_par' dir='ltr' id='par_1_99' title="bbox 2207 4714 3804 4784">
     <span class='ocr_line' id='line_1_99' title="bbox 2207 4714 3804 4784; baseline -0.003 -14"><span class='ocrx_word' id='word_1_691' title='bbox 2207 4716 2599 4772; x_wconf 88' lang='lat' dir='ltr'><strong>archidiacono</strong></span> <span class='ocrx_word' id='word_1_692' title='bbox 2643 4716 2872 4784; x_wconf 90' lang='lat' dir='ltr'><strong>accipiat</strong></span> <span class='ocrx_word' id='word_1_693' title='bbox 2910 4714 3326 4771; x_wconf 85' lang='lat' dir='ltr'><strong>cereol‘erarium</strong></span> <span class='ocrx_word' id='word_1_694' title='bbox 3354 4729 3474 4769; x_wconf 91' lang='lat' dir='ltr'><strong>cum</strong></span> <span class='ocrx_word' id='word_1_695' title='bbox 3503 4714 3709 4780; x_wconf 88' lang='lat' dir='ltr'><strong>cereis,</strong></span> <span class='ocrx_word' id='word_1_696' title='bbox 3741 4721 3804 4767; x_wconf 92' lang='lat' dir='ltr'><strong>ut</strong></span> 
     </span>
    </p>
   </div>
   <div class='ocr_carea' id='block_1_100' title="bbox 2205 4804 3801 4868">
    <p class='ocr_par' dir='ltr' id='par_1_100' title="bbox 2205 4804 3801 4868">
     <span class='ocr_line' id='line_1_100' title="bbox 2205 4804 3801 4868; baseline -0.004 -3"><span class='ocrx_word' id='word_1_697' title='bbox 2205 4811 2340 4866; x_wconf 89' lang='lat' dir='ltr'><strong>sciat</strong></span> <span class='ocrx_word' id='word_1_698' title='bbox 2382 4824 2446 4868; x_wconf 88' lang='lat' dir='ltr'><strong>se</strong></span> <span class='ocrx_word' id='word_1_699' title='bbox 2474 4810 2543 4866; x_wconf 88' lang='lat' dir='ltr'><strong>ad</strong></span> <span class='ocrx_word' id='word_1_700' title='bbox 2578 4808 2921 4866; x_wconf 85' lang='lat' dir='ltr'><strong>accendenda</strong></span> <span class='ocrx_word' id='word_1_701' title='bbox 2968 4808 3225 4864; x_wconf 72' lang='lat' dir='ltr'><strong>Ecclesiae</strong></span> <span class='ocrx_word' id='word_1_702' title='bbox 3266 4806 3551 4863; x_wconf 86' lang='lat' dir='ltr'><strong>luminaria</strong></span> <span class='ocrx_word' id='word_1_703' title='bbox 3596 4804 3801 4861; x_wconf 85' lang='lat' dir='ltr'><strong>manci-</strong></span> 
     </span>
    </p>
   </div>
   <div class='ocr_carea' id='block_1_101' title="bbox 2205 4897 3798 4975">
    <p class='ocr_par' dir='ltr' id='par_1_101' title="bbox 2205 4897 3798 4975">
     <span class='ocr_line' id='line_1_101' title="bbox 2205 4897 3798 4975; baseline -0.004 -16"><span class='ocrx_word' id='word_1_704' title='bbox 2205 4905 2345 4975; x_wconf 87' lang='lat' dir='ltr'><strong>pari;</strong></span> <span class='ocrx_word' id='word_1_705' title='bbox 2372 4903 2600 4974; x_wconf 90' lang='lat' dir='ltr'><strong>accipiat</strong></span> <span class='ocrx_word' id='word_1_706' title='bbox 2634 4911 2689 4959; x_wconf 89' lang='lat' dir='ltr'><strong>et</strong></span> <span class='ocrx_word' id='word_1_707' title='bbox 2729 4901 2990 4958; x_wconf 92' lang='lat' dir='ltr'><strong>orciolum</strong></span> <span class='ocrx_word' id='word_1_708' title='bbox 3033 4916 3261 4957; x_wconf 88' lang='lat' dir='ltr'><strong>vacuum</strong></span> <span class='ocrx_word' id='word_1_709' title='bbox 3293 4900 3359 4956; x_wconf 87' lang='lat' dir='ltr'><strong>ad</strong></span> <span class='ocrx_word' id='word_1_710' title='bbox 3401 4897 3798 4971; x_wconf 76' lang='lat' dir='ltr'><strong>suggerendum</strong></span> 
     </span>
    </p>
   </div>
   <div class='ocr_carea' id='block_1_102' title="bbox 2205 4993 3437 5065">
    <p class='ocr_par' dir='ltr' id='par_1_102' title="bbox 2205 4993 3437 5065">
     <span class='ocr_line' id='line_1_102' title="bbox 2205 4993 3437 5065; baseline -0.003 -14"><span class='ocrx_word' id='word_1_711' title='bbox 2205 4997 2389 5052; x_wconf 84' lang='lat' dir='ltr'><strong>vinum</strong></span> <span class='ocrx_word' id='word_1_712' title='bbox 2415 4994 2470 5051; x_wconf 88' lang='lat' dir='ltr'><strong>in</strong></span> <span class='ocrx_word' id='word_1_713' title='bbox 2500 4994 2883 5053; x_wconf 88' lang='lat' dir='ltr'><strong>eucharistiam</strong></span> <span class='ocrx_word' id='word_1_714' title='bbox 2909 4994 3187 5065; x_wconf 74' lang='lat' dir='ltr'><strong>sanguinis</strong></span> <span class='ocrx_word' id='word_1_715' title='bbox 3216 4993 3437 5048; x_wconf 86' lang='lat' dir='ltr'><strong>Christi.</strong></span> 
     </span>
    </p>
   </div>
   <div class='ocr_carea' id='block_1_103' title="bbox 2565 5086 3439 5157">
    <p class='ocr_par' dir='ltr' id='par_1_103' title="bbox 2565 5086 3439 5157">
     <span class='ocr_line' id='line_1_103' title="bbox 2565 5086 3439 5157; baseline -0.002 -15"><span class='ocrx_word' id='word_1_716' title='bbox 2565 5088 2677 5144; x_wconf 82' lang='lat' dir='ltr'><strong>VII.</strong></span> <span class='ocrx_word' id='word_1_717' title='bbox 2721 5086 2958 5155; x_wconf 87' lang='lat' dir='ltr'><strong>Qualiter</strong></span> <span class='ocrx_word' id='word_1_718' title='bbox 2995 5088 3262 5143; x_wconf 67' lang='lat' dir='ltr'><strong>exorcista:</strong></span> <span class='ocrx_word' id='word_1_719' title='bbox 3289 5088 3439 5157; x_wconf 78' lang='lat' dir='ltr'><strong>ﬁant.</strong></span> 
     </span>
    </p>
   </div>
   <div class='ocr_carea' id='block_1_104' title="bbox 2274 5174 3805 5249">
    <p class='ocr_par' dir='ltr' id='par_1_104' title="bbox 2274 5174 3805 5249">
     <span class='ocr_line' id='line_1_104' title="bbox 2274 5174 3805 5249; baseline -0.004 -12"><span class='ocrx_word' id='word_1_720' title='bbox 2274 5180 2555 5237; x_wconf 83' lang='lat' dir='ltr'><strong>Exoreista</strong></span> <span class='ocrx_word' id='word_1_721' title='bbox 2582 5194 2706 5235; x_wconf 89' lang='lat' dir='ltr'><strong>cum</strong></span> <span class='ocrx_word' id='word_1_722' title='bbox 2736 5178 3054 5246; x_wconf 87' lang='lat' dir='ltr'><strong>ordinatur,</strong></span> <span class='ocrx_word' id='word_1_723' title='bbox 3114 5178 3343 5249; x_wconf 89' lang='lat' dir='ltr'><strong>accipiat</strong></span> <span class='ocrx_word' id='word_1_724' title='bbox 3384 5177 3452 5235; x_wconf 87' lang='lat' dir='ltr'><strong>de</strong></span> <span class='ocrx_word' id='word_1_725' title='bbox 3491 5190 3653 5232; x_wconf 88' lang='lat' dir='ltr'><strong>manu</strong></span> <span class='ocrx_word' id='word_1_726' title='bbox 3686 5174 3805 5247; x_wconf 89' lang='lat' dir='ltr'><strong>epi-</strong></span> 
     </span>
    </p>
   </div>
   <div class='ocr_carea' id='block_1_105' title="bbox 2204 5268 3801 5345">
    <p class='ocr_par' dir='ltr' id='par_1_105' title="bbox 2204 5268 3801 5345">
     <span class='ocr_line' id='line_1_105' title="bbox 2204 5268 3801 5345; baseline -0.006 -15"><span class='ocrx_word' id='word_1_727' title='bbox 2204 5274 2354 5345; x_wconf 85' lang='lat' dir='ltr'><strong>sc0pi</strong></span> <span class='ocrx_word' id='word_1_728' title='bbox 2386 5271 2625 5328; x_wconf 91' lang='lat' dir='ltr'><strong>libellum</strong></span> <span class='ocrx_word' id='word_1_729' title='bbox 2652 5272 2705 5328; x_wconf 91' lang='lat' dir='ltr'><strong>in</strong></span> <span class='ocrx_word' id='word_1_730' title='bbox 2737 5286 2845 5343; x_wconf 88' lang='lat' dir='ltr'><strong>quo</strong></span> <span class='ocrx_word' id='word_1_731' title='bbox 2869 5272 3056 5343; x_wconf 89' lang='lat' dir='ltr'><strong>scripti</strong></span> <span class='ocrx_word' id='word_1_732' title='bbox 3085 5280 3213 5327; x_wconf 90' lang='lat' dir='ltr'><strong>sunt</strong></span> <span class='ocrx_word' id='word_1_733' title='bbox 3241 5268 3554 5339; x_wconf 87' lang='lat' dir='ltr'><strong>esorcismi,</strong></span> <span class='ocrx_word' id='word_1_734' title='bbox 3582 5269 3801 5324; x_wconf 87' lang='lat' dir='ltr'><strong>dicente</strong></span> 
     </span>
    </p>
   </div>
   <div class='ocr_carea' id='block_1_106' title="bbox 2202 5362 3801 5439">
    <p class='ocr_par' dir='ltr' id='par_1_106' title="bbox 2202 5362 3801 5439">
     <span class='ocr_line' id='line_1_106' title="bbox 2202 5362 3801 5439; baseline -0.008 -14"><span class='ocrx_word' id='word_1_735' title='bbox 2202 5369 2306 5426; x_wconf 82' lang='lat' dir='ltr'><strong>sibi</strong></span> <span class='ocrx_word' id='word_1_736' title='bbox 2332 5367 2589 5439; x_wconf 87' lang='lat' dir='ltr'><strong>episcopo</strong></span> <span class='ocrx_word' id='word_1_737' title='bbox 2634 5382 2650 5421; x_wconf 90' lang='lat'><strong>:</strong></span> <span class='ocrx_word' id='word_1_738' title='bbox 2681 5366 2882 5436; x_wconf 79' lang='lat' dir='ltr'><strong>Accipe</strong></span> <span class='ocrx_word' id='word_1_739' title='bbox 2908 5377 2966 5423; x_wconf 87' lang='lat' dir='ltr'><strong>et</strong></span> <span class='ocrx_word' id='word_1_740' title='bbox 2992 5364 3334 5431; x_wconf 86' lang='lat' dir='ltr'><strong>commenda,</strong></span> <span class='ocrx_word' id='word_1_741' title='bbox 3386 5372 3443 5420; x_wconf 87' lang='lat' dir='ltr'><strong>et</strong></span> <span class='ocrx_word' id='word_1_742' title='bbox 3474 5362 3673 5418; x_wconf 85' lang='lat' dir='ltr'><strong>habeto</strong></span> <span class='ocrx_word' id='word_1_743' title='bbox 3705 5376 3801 5429; x_wconf 79' lang='lat' dir='ltr'><strong>po-</strong></span> 
     </span>
    </p>
   </div>
   <div class='ocr_carea' id='block_1_107' title="bbox 2203 5453 3798 5531">
    <p class='ocr_par' dir='ltr' id='par_1_107' title="bbox 2203 5453 3798 5531">
     <span class='ocr_line' id='line_1_107' title="bbox 2203 5453 3798 5531; baseline -0.006 -13"><span class='ocrx_word' id='word_1_744' title='bbox 2203 5470 2454 5518; x_wconf 79' lang='lat' dir='ltr'><strong>testatem</strong></span> <span class='ocrx_word' id='word_1_745' title='bbox 2478 5472 2503 5510; x_wconf 73' lang='grc' dir='ltr'><strong><em>κ</em></strong></span> <span class='ocrx_word' id='word_1_746' title='bbox 2529 5459 2837 5531; x_wconf 89' lang='lat' dir='ltr'><strong>imponendi</strong></span> <span class='ocrx_word' id='word_1_747' title='bbox 2856 5474 3048 5516; x_wconf 89' lang='lat' dir='ltr'><strong>manus</strong></span> <span class='ocrx_word' id='word_1_748' title='bbox 3069 5473 3232 5530; x_wconf 87' lang='lat' dir='ltr'><strong>super</strong></span> <span class='ocrx_word' id='word_1_749' title='bbox 3252 5470 3668 5529; x_wconf 77' lang='lat' dir='ltr'><strong>energumenos,</strong></span> <span class='ocrx_word' id='word_1_750' title='bbox 3682 5453 3798 5509; x_wconf 84' lang='lat' dir='ltr'><strong>sive</strong></span> 
     </span>
    </p>
   </div>
   <div class='ocr_carea' id='block_1_108' title="bbox 2202 5553 3205 5629">
    <p class='ocr_par' dir='ltr' id='par_1_108' title="bbox 2202 5553 3205 5629">
     <span class='ocr_line' id='line_1_108' title="bbox 2202 5553 3205 5629; baseline -0.006 -16"><span class='ocrx_word' id='word_1_751' title='bbox 2202 5555 2559 5629; x_wconf 86' lang='lat' dir='ltr'><strong>baptizatum,</strong></span> <span class='ocrx_word' id='word_1_752' title='bbox 2593 5553 2708 5619; x_wconf 84' lang='lat' dir='ltr'><strong>sive</strong></span> <span class='ocrx_word' id='word_1_753' title='bbox 2734 5554 3205 5610; x_wconf 86' lang='lat' dir='ltr'><strong>catechumenum.</strong></span> 
     </span>
    </p>
   </div>
   <div class='ocr_carea' id='block_1_109' title="bbox 2278 5663 3586 5739">
    <p class='ocr_par' dir='ltr' id='par_1_109' title="bbox 2278 5663 3586 5739">
     <span class='ocr_line' id='line_1_109' title="bbox 2278 5663 3586 5739; baseline -0.011 -10"><span class='ocrx_word' id='word_1_754' title='bbox 2278 5682 2302 5710; x_wconf 77' lang='grc' dir='ltr'><strong><em>ο</em></strong></span> <span class='ocrx_word' id='word_1_755' title='bbox 2342 5670 2435 5728; x_wconf 70' lang='grc' dir='ltr'><strong>ΑΞ.</strong></span> <span class='ocrx_word' id='word_1_756' title='bbox 2466 5673 2524 5727; x_wconf 80' lang='lat' dir='ltr'><strong>li.</strong></span> <span class='ocrx_word' id='word_1_757' title='bbox 2554 5672 2645 5739; x_wconf 82' lang='lat' dir='ltr'><strong>R.,</strong></span> <span class='ocrx_word' id='word_1_758' title='bbox 2680 5670 2744 5727; x_wconf 82' lang='grc' dir='ltr'>Τ.</span> <span class='ocrx_word' id='word_1_759' title='bbox 2779 5671 2831 5737; x_wconf 80' lang='lat' dir='ltr'><strong>l,</strong></span> <span class='ocrx_word' id='word_1_760' title='bbox 2862 5668 2920 5733; x_wconf 70' lang='grc'><strong>9,</strong></span> <span class='ocrx_word' id='word_1_761' title='bbox 2952 5666 3046 5735; x_wconf 79' lang='grc' dir='ltr'><strong>υ.,</strong></span> <span class='ocrx_word' id='word_1_762' title='bbox 3071 5664 3165 5736; x_wconf 75' lang='grc'><strong>0.,</strong></span> <span class='ocrx_word' id='word_1_763' title='bbox 3195 5663 3539 5722; x_wconf 84' lang='lat' dir='ltr'><strong>delectationi.</strong></span> <span class='ocrx_word' id='word_1_764' title='bbox 3583 5729 3586 5733; x_wconf 19' lang='lat'><strong><em>.</em></strong></span> 
     </span>
    </p>
   </div>
   <div class='ocr_carea' id='block_1_110' title="bbox 2278 5740 3032 5813">
    <p class='ocr_par' dir='ltr' id='par_1_110' title="bbox 2278 5740 3032 5813">
     <span class='ocr_line' id='line_1_110' title="bbox 2278 5740 3032 5813; baseline -0.005 -14"><span class='ocrx_word' id='word_1_765' title='bbox 2278 5742 2301 5783; x_wconf 70' lang='grc' dir='ltr'>ί</span> <span class='ocrx_word' id='word_1_766' title='bbox 2337 5743 2451 5813; x_wconf 63' lang='lat'><strong>112.,</strong></span> <span class='ocrx_word' id='word_1_767' title='bbox 2484 5744 2548 5799; x_wconf 87' lang='lat' dir='ltr'><strong>E.</strong></span> <span class='ocrx_word' id='word_1_768' title='bbox 2574 5744 2632 5809; x_wconf 74' lang='lat'><strong>5,</strong></span> <span class='ocrx_word' id='word_1_769' title='bbox 2668 5742 2761 5810; x_wconf 86' lang='lat' dir='ltr'><strong>U.,</strong></span> <span class='ocrx_word' id='word_1_770' title='bbox 2791 5740 3032 5813; x_wconf 77' lang='lat' dir='ltr'><strong>motibus.</strong></span> 
     </span>
    </p>
   </div>
   <div class='ocr_carea' id='block_1_111' title="bbox 2277 5810 3519 5887">
    <p class='ocr_par' dir='ltr' id='par_1_111' title="bbox 2277 5810 3519 5887">
     <span class='ocr_line' id='line_1_111' title="bbox 2277 5810 3519 5887; baseline -0.007 -16"><span class='ocrx_word' id='word_1_771' title='bbox 2277 5825 2303 5863; x_wconf 74' lang='grc' dir='ltr'><strong>ις</strong></span> <span class='ocrx_word' id='word_1_772' title='bbox 2335 5810 2448 5870; x_wconf 70' lang='grc' dir='ltr'>ΑΕ..</span> <span class='ocrx_word' id='word_1_773' title='bbox 2478 5826 2525 5871; x_wconf 91' lang='lat' dir='ltr'><strong>et</strong></span> <span class='ocrx_word' id='word_1_774' title='bbox 2554 5810 3175 5887; x_wconf 79' lang='lat' dir='ltr'><strong>commendatamhabeto</strong></span> <span class='ocrx_word' id='word_1_775' title='bbox 3200 5817 3519 5885; x_wconf 85' lang='lat' dir='ltr'><strong>potestatem.</strong></span> 
     </span>
    </p>
   </div>
  </div>
