4024 6350
495 346 607 406 205
1191 340 1575 400 COLLEC'I'IO
1614 337 1950 396 CANONUII
1989 336 2052 395 ὃ.
2094 334 2371 395 ISIDORO
2408 333 2676 393 HISPAL.
2720 333 3081 393 ASCRIPTA.
3662 324 3811 397 eo".

494 481 659 526 causa
697 462 987 520 ventilatur
1030 461 1350 517 sententiam
1406 458 1708 528 proferant,
1752 459 1878 529 quia
1922 457 2072 513 irrita
2100 459 2157 519 Α

496 562 620 625 erit,
644 558 753 613 imo
773 565 829 613 et
853 569 1068 611 ausam
1097 556 1149 608 in
1176 551 1383 623 synodo
1411 567 1508 621 pro
1544 555 1685 605 facto
1710 550 1938 605 dabam.

497 652 694 707 XXXI.
740 652 975 719 Qualiter
1004 648 1067 701 ab
1096 648 1332 717 episcopo
1363 663 1443 699 res
1489 644 1737 699 Ecclesia:
1779 643 2082 699 habeantur.

571 746 643 801 Ut
660 744 945 813 episcopus
974 741 1134 795 rebus
1156 739 1417 793 Ecclesia:
1447 749 1700 807 tanquam
1728 738 2080 793 commenda-

498 841 563 894 tis
597 855 699 892 non
736 849 984 902 tanquam
1017 832 1247 902 propriis
1277 839 1481 886 utatur.

604 925 814 982 XqXXll.
858 924 935 977 De
961 924 1121 977 irritis
1152 920 1570 975 distractionibus
1598 921 1974 989 episc0porum.

566 1019 720 1073 Irrita
768 1015 874 1072 erit
918 1016 1296 1084 episcopon
1324 1014 1542 1069 donatio
1586 1014 1669 1067 vel
1713 1010 1955 1066 venditio
1997 1007 2084 1063 vel

495 1108 843 1164 commutatio
874 1108 953 1161 rei
995 1105 1380 1161 ecclesiastica
1408 1105 1616 1175 absque
1656 1102 1999 1159 conniventia
2028 1109 2082 1156 et

494 1200 897 1269 subscriptione
926 1196 1269 1253 clericorum.

494 1292 734 1349 XXXIII.
779 1291 856 1345 De
887 1290 1143 1361 episcopis
1178 1299 1343 1370 atque.
1371 1288 1699 1370 presbyteris,
1736 1296 1794 1340 ut
1824 1286 1879 1339 in
1908 1284 2087 1339 ordine

1055 1376 1151 1413 suo
1187 1368 1521 1425 recipiantur.

570 1454 825 1525 Episcopi
853 1454 941 1509 vel
979 1450 1299 1522 presbyteri,
1334 1452 1380 1505 si
1404 1465 1567 1506 causa
1594 1448 1875 1504 visitanda:
1910 1446 2087 1502 eeele-

495 1549 592 1603 sim
622 1548 845 1602 alterius
874 1544 1110 1615 episcopi
1149 1543 1217 1598 ad
1245 1542 1532 1598 ecclesiam
1561 1543 1802 1607 veniant,
1838 1540 1891 1593 in
1921 1538 2087 1609 gradu

496 1654 596 1693 suo
624 1638 1003 1707 suscipiantur,
1033 1644 1089 1690 et
1112 1646 1218 1689 tam
1250 1634 1315 1688 ad
1345 1634 1569 1688 verbum
1599 1632 1905 1688 iaciendum
1926 1646 2087 1699 quam

498 1731 567 1784 ad
597 1730 925 1786 oblationem
957 1725 1382 1783 consecrandam
1413 1725 1726 1780 invitentur.

496 1820 741 1876 XXXIV.
784 1820 861 1874 De
887 1823 1086 1891 privato
1113 1834 1353 1872 consessu
1374 1817 1653 1889 presbyteri
1683 1833 1797 1870 cum
1827 1816 2085 1887 episcOpo.
2116 1826 2171 1885 Β

575 1914 639 1968 Ut
666 1913 949 1982 episcopus
980 1910 1220 1981 quolibet
1250 1911 1371 1966 loco
1407 1909 1601 1967 sedens
1640 1920 1783 1969 stare
1811 1910 2093 1979 presbyte-

498 2021 616 2062 rum
659 2020 766 2061 non
797 2004 1047 2075 patiatur.

568 2098 784 2154 XXXV.
828 2098 907 2152 De
934 2114 1173 2152 consessu
1212 2094 1495 2221 iugulem
1539 2112 1656 2151 eum
1696 2097 1939 2166 episcOpo
1968 2096 2023 2150 in

1179 2184 1262 2221 ecc
1340 2183 1411 2221 ta.

1179 2183 1411 2222 eccsesta.

575 2260 643 2316 Ut
682 2261 969 2329 episcopis
1002 2259 1055 2313 in
1090 2258 1335 2314 ecclesiae
1361 2272 1619 2313 consessu
1652 2256 2093 2327 presbyterorum

498 2352 781 2408 sublimior
830 2354 1049 2416 sedeat;
1097 2352 1234 2405 intra
1282 2350 1500 2406 domum
1554 2366 1684 2404 vero
1728 2350 1985 2421 collegam
2032 2364 2092 2405 se

500 2444 939 2516 presbyterorum
973 2443 1091 2515 [U.,
1121 2444 1211 2514 (3.,
1248 2444 1572 2517 presbyteri]
1615 2460 1735 2499 esse
1779 2452 2091 2514 cognoscat.

500 2534 747 2590 XXXVI.
792 2534 858 2589 Ut
882 2536 1159 2604 presbyteri
1204 2536 1527 2603 parochitani
1554 2546 1642 2607 aut
1679 2553 1768 2605 per
1794 2552 1847 2589 se
1887 2545 1975 2589 aut
2004 2550 2093 2607 per

824 2608 1064 2659 sacristas
1104 2622 1221 2659 suos
1250 2607 1504 2676 accipiant
1534 2606 1777 2661 chrisma.

572 2698 882 2770 Presbyteri
913 2698 1001 2767 qui
1033 2713 1126 2767 per
1156 2698 1418 2753 diteceses
1441 2698 1701 2753 ecclesias
1731 2708 1945 2768 regunt,
1984 2711 2093 2751 non

497 2810 529 2849 a
559 2792 888 2865 quibuslibet
917 2792 1205 2863 episcopis,
1236 2793 1329 2847 sed
1359 2808 1389 2847 a
1419 2792 1550 2859 suis,
1580 2808 1676 2849 nec
1706 2807 1800 2862 per
1821 2792 2093 2863 iuniorem

502 2887 782 2954 clericum,
812 2886 907 2942 sed
956 2895 1048 2941 aut
1079 2901 1173 2956 per
1212 2901 1271 2941 se
1309 2884 1466 2958 146
1504 2886 1650 2953 ipsos
1681 2897 1773 2940 aut
1820 2900 1915 2956 per
1945 2885 2091 2939 illum

501 2980 592 3050 qui
642 2976 937 3034 sacrarium
993 2987 1179 3043 tenet,
1239 2988 1362 3033 ante
1414 2979 1629 3047 pascha:
1691 2978 2091 3035 solemnitatem

503 3073 736 3127 chrisma
768 3082 974 3145 petant.

500 3164 765 3279 XXnXVH.
811 3163 887 3266 De
916 3163 2085 3279 obedientiakdiaconorurn.ergapresbqteros.
2118 3188 2166 3253 ο
2268 3212 2470 3269 0mm
2508 3163 2905 3279 deﬁgam};

574 3256 839 3310 Diaconus
874 3257 946 3310 ita
989 3271 1049 3312 se
1077 3256 1379 3327 presbyteri
1411 3266 1469 3311 ut
1512 3256 1750 3325 episcopi
1781 3256 2087 3309 ministrum

503 3363 623 3403 esse
656 3357 965 3418 cognoscat.

501 3438 792 3494 XXXVIII.
841 3437 911 3493 Ut
950 3438 1592 3562 diaconuseutiha'ristiam
1632 3437 1914 3510 presbyteri
1935 3439 2092 3509 jussu

1144 3526 1297 3562 asinis
1323 3526 1378 3562 re
1403 3548 1416 3562 .

1144 3526 1416 3564 ιιιηιεινα.

575 3601 648 3656 Ut
702 3601 961 3656 diaconus
1013 3611 1279 3670 praesente
1341 3600 1657 3669 presbytero
1712 3600 2093 3655 eucharistiam

503 3694 745 3764 corporis
774 3692 973 3749 Christi
1006 3693 1224 3762 populo,
1273 3692 1317 3745 si
1371 3692 1668 3746 neceSsitas
1713 3691 1882 3762 cogit,
1910 3689 2095 3761 jussus

500 3795 707 3841 CTOSZBI.

572 3800 596 3839 υ
632 3800 707 3839 et.

572 3800 818 3933 IEXXIX.
866 3876 934 3933 Ut
965 3876 1216 3931 diaconus
1232 3877 1444 3948 jubente
1488 3878 1780 3947 presbytero
1826 3877 2021 3931 sedeat.

576 3972 647 4027 Ut
700 3970 960 4026 diaconus
1015 3969 1254 4038 quolibet
1314 3968 1434 4023 loco
1486 3967 1709 4039 iubente
1779 3967 2096 4039 presbytero

504 4064 708 4120 sedeat.

611 4154 720 4207 XL.
766 4152 835 4208 Ut
863 4155 1109 4209 diaconus
1129 4167 1300 4205 coram
1325 4152 1617 4223 presbytero
1640 4152 1987 4222 interrogatus

1134 4226 1459 4289 respondeat.

576 4317 646 4372 Ut
669 4316 929 4373 diaconus
954 4318 1008 4373 in
1032 4327 1302 4373 conventu
1334 4320 1770 4387 presbyterorum
1796 4317 2095 4385 interroga-

502 4416 593 4463 tus
626 4408 896 4478 loquatur.

574 4499 712 4555 XLI.
755 4498 825 4554 Ut
864 4503 1108 4556 diaconus
1144 4514 1381 4625 templare,
1416 4508 1616 4553 tantum
1664 4498 1828 4568 ofﬁcii
1854 4499 2024 4554 albam

1202 4589 1255 4625 in
1295 4588 1360 4625 ua
1388 4610 1402 4625 .

1202 4588 1381 4625 ηιαιιαι
1388 4610 1402 4625 ο

586 4663 653 4718 Ut
683 4664 943 4718 diaconus
972 4676 1216 4737 tempore
1259 4674 1465 4721 tantum
1496 4664 1787 4723 oblationis
1828 4673 1882 4727 et
1907 4664 2095 4723 lectio-

507 4754 592 4809 nis
622 4756 741 4809 alba
775 4767 969 4809 utatur.
1734 4814 1744 4825 ,

672 4848 829 4903 XLII.
875 4848 949 4903 De
979 4850 1175 4904 clericis
1204 4852 1291 4921 qui
1323 4866 1415 4921 pro
1446 4850 1546 4917 ﬁde
1575 4849 1754 4903 tentati
1781 4857 1919 4901 sunt.

576 4942 842 4997 Clericum
895 4941 1031 4997 inter
1078 4945 1401 4998 tentationes
1449 4940 1630 4997 ofﬁcio
1683 4954 1782 4997 suo
1827 4938 2090 4995 incuban-

503 5042 607 5086 tem
631 5041 653 5066 ίι
677 5032 931 5103 gradibus
961 5033 1378 5088 sublimaudutn.

505 5123 685 5181 XLIII.
728 5125 805 5182 De
833 5126 910 5180 his
931 5129 1016 5199 qui
1045 5144 1136 5199 pro
1161 5127 1266 5207 [ide
1292 5128 1662 5249 persecutiones
1693 5123 1756 5180 ab
1793 5124 2093 5195 inﬁdelibus

1129 5214 1267 5249 uasat
1312 5215 1408 5249 sun
1438 5238 1450 5249 .

1129 5214 1267 5268 passi
1312 5214 1450 5251 sunt.

450 5332 455 5337 .
571 5288 931 5342 Christianum
960 5289 1282 5342 catholicum
1323 5288 1410 5356 qui
1440 5302 1538 5357 pro
1568 5289 1831 5343 catholica
1863 5287 1969 5342 ﬁde
2000 5286 2096 5341 tri-

507 5378 798 5437 bzzlatioues
833 5383 1031 5452 patitur
1048 5384 1195 5438 omni
1228 5383 1430 5437 honore
1458 5398 1489 5437 a
1529 5385 1900 5441 sacerdotibus
1922 5382 2092 5437 hono-

505 5472 732 5527 randum
757 5491 769 5525 :
794 5475 951 5530 etiam
982 5484 1038 5531 et
1062 5476 1403 5546 quotidianus
1436 5475 1608 5531 victus
1658 5477 1707 5531 ei
1740 5475 2089 5529 ministretur.

576 5639 602 5664 τι
632 5629 795 5710 .U.
824 5630 877 5684 In
995 5640 1047 5710 et
1067 5632 1287 5702 reliquis
1312 5646 1328 5685 :
1355 5629 1599 5685 clericum
1625 5632 1760 5684 inter
1790 5632 2093 5684 tentationes

503 5697 883 5783 ab‘ollicio‘su‘o
904 5697 1248 5783 inerma-nteit.

580 5766 605 5802 δ
634 5766 708 5821 Ex
742 5772 798 5823 ll.
833 5772 918 5831 IL.
970 5773 1031 5825 E.
1070 5773 1122 5833 5,
1159 5773 1225 5827 Τ.
1252 5772 1303 5840 l,
1334 5772 1390 5834 2,
1420 5771 1512 5837 U.,
1559 5770 1624 5824 G.
1653 5769 1711 5823 In
1745 5774 1808 5825 Α.
1839 5789 1853 5824 :
1886 5770 2095 5840 barbaris

504 5854 723 5910 namque
750 5840 996 5897 radicitus
1024 5844 1193 5896 radat.
1228 5838 1423 5907 ιηΑξη
1459 5842 1672 5896 barbam
1712 5859 1874 5914 neque
1902 5838 2093 5898 radici-

2502 453 2685 511 XLIV.
2738 456 2819 510 Do
2861 463 3075 509 tonsura
3119 449 3449 507 civicorum.

2252 544 2492 603 Clericus
2520 563 2622 604 nec
2649 562 2860 603 comam
2892 548 3110 611 nutriat,
3158 558 3259 599 nee
3283 542 3314 582 ι
3344 538 3564 598 barbam
3599 545 3773 601 radat.

2568 638 2728 694 XLV.
2768 638 2850 693 De
2874 637 3050 693 habitu
3070 637 3397 695 clericorurn.

2253 732 2497 789 Clericus
2536 734 2928 803 professionem
2974 747 3128 787 suam
3166 732 3327 788 etiam
3380 730 3565 787 habitu
3600 741 3653 786 et
3698 732 3782 787 in-

2183 839 2341 881 cessu
2364 825 2579 895 probet,
2616 832 2672 880 et
2696 824 2819 880 ideo
2863 838 2965 879 nec
2994 823 3236 881 vestibus
3258 836 3360 878 nee
3401 823 3781 879 calceamentis

2185 918 2437 975 decorem
2466 928 2694 989 quierat.

2468 1011 2653 1066 XLVI.
2698 1008 2779 1064 De
2807 1010 3124 1064 continentia
3159 1010 3491 1064 clericorurn.

2256 1100 2496 1159 Clericus
2523 1119 2644 1158 cum
2676 1103 2946 1157 extraneis
2978 1102 3292 1156 mulieribus
3317 1115 3427 1156 non
3455 1099 3680 1156 habitet.

2426 1196 2579 1268 147
2612 1194 2823 1250 XLVII.
2867 1194 2945 1249 De
2972 1195 3177 1248 incessu
3213 1193 3536 1249 clericorum.

2258 1290 2498 1345 Clericus
2550 1303 2648 1357 per
2700 1287 2908 1356 plateas
2961 1294 3017 1341 et
3067 1284 3337 1341 andronas
3388 1286 3493 1340 nisi
3539 1294 3687 1341 certa
3728 1290 3784 1341 et

2188 1383 2422 1437 maxima
2450 1379 2614 1436 ofﬁcii
2643 1381 2727 1435 sui
2757 1378 3083 1435 necessitate
3110 1391 3219 1432 non
3249 1378 3506 1435 ambulet.

2189 1473 2426 1531 XLVIII.
2465 1473 2545 1528 De
2571 1472 2777 1528 clericis
2799 1472 2890 1542 qui
2919 1470 3450 1598 necessitatem
3473 1469 3545 1523 ad
3586 1468 3784 1523 nundi-

2822 1560 2918 1598 nas
3134 1581 3154 1597 .

2261 1637 2527 1705 Clericus,
2556 1639 2650 1708 qui
2694 1652 2803 1693 non
2837 1653 2932 1706 pro
2961 1635 3192 1695 emendo
3214 1634 3416 1705 aliquid
3451 1634 3506 1689 ia
3536 1632 3785 1689 nundinis

2190 1733 2276 1788 vel
2300 1734 2353 1787 in
2376 1732 2492 1787 foro
2518 1732 2847 1799 deambulat,
2881 1731 2946 1784 ab
2974 1728 3153 1789 ofﬁcio
3179 1743 3281 1785 suo
3305 1727 3656 1798 degradetur.

2591 1822 2782 1878 XLIX.
2825 1822 2901 1876 Ds
2928 1821 3117 1893 uigiliis
3146 1819 3465 1879 clericorum.

2267 1916 2530 1983 Clericus,
2570 1917 2663 1986 qui
2702 1915 2906 1984 absque
2954 1913 3258 1983 corpusculi
3298 1913 3383 1968 sui
3427 1911 3783 1981 inaqualitate

2194 2008 2387 2080 vigiliis
2416 2007 2590 2073 deest,
2613 2005 2883 2076 stipendio
2910 2006 3145 2075 privatus
3174 2004 3698 2059 escommunicetur.

2431 2102 2494 2158 L.
2538 2100 2617 2155 De
2643 2098 2844 2155 clericis
2871 2099 2932 2153 ab
2955 2098 3130 2168 ofﬁcio
3164 2097 3561 2152 declinantibus.

2267 2192 2538 2249 Clericum
2574 2192 2715 2251 inter
2746 2190 3073 2249 tentatioues
3111 2190 3179 2245 ab
3219 2188 3399 2245 ofﬁcio
3427 2187 3781 2243 declinantem

2197 2288 2282 2341 vel
2351 2286 2713 2357 negligentius
2767 2294 3017 2354 agentem
3069 2283 3138 2343 ab
3194 2282 3311 2353 ipso
3375 2281 3556 2338 officio
3612 2297 3783 2339 remo-

2195 2380 2450 2436 vendunt.

2645 2469 2735 2527 LI.
2774 2469 2856 2526 Ds
2895 2468 3067 2525 clerici
3103 2470 3343 2537 artiﬁcio.

2266 2566 2530 2632 Clericus,
2571 2564 2870 2636 quamlibet
2891 2574 2914 2603 ο
2942 2564 3107 2621 verbo
3146 2561 3243 2625 Dei
3272 2561 3539 2631 eruditus,
3565 2562 3782 2621 artiﬁcio

2198 2661 2393 2715 victum
2425 2666 2649 2729 quierat.

2481 2748 2590 2805 LII.
2632 2747 2711 2807 De
2740 2747 2911 2803 clerici
2940 2747 3234 2805 uestimento
3259 2755 3308 2802 et
3343 2746 3505 2803 victu.

2265 2841 2506 2897 Clericus
2546 2840 2746 2894 victum
2795 2846 2855 2894 et
2895 2839 3274 2894 vestimentum
3303 2839 3409 2893 sibi
3450 2840 3515 2891 ab
3568 2836 3781 2891 artiﬁcio

2195 2938 2280 2993 vel
2328 2935 2656 3005 agricultura
2708 2932 2913 3002 absque
2953 2930 3118 2987 officii
3164 2930 3249 2986 sui
3301 2930 3561 2985 duntaxat
3627 2925 3781 2984 detri-

2196 3038 2376 3085 mento
2403 3035 2685 3099 praeparet.

2592 3117 2727 3175 LIII.
2771 3115 2854 3173 Do
2888 3117 3090 3173 clericis
3130 3117 3398 3173 invalidis.

2950 3209 3288 3279 operandam
3333 3208 3551 3265 invalidi
3579 3216 3705 3265 sunt
3732 3210 3784 3262 et

2196 3305 2477 3363 artiﬁciale
2502 3314 2559 3362 et
2586 3305 2794 3361 litteras
2822 3302 3060 3359 discant.

2628 3395 2762 3453 LIV.
2802 3394 2883 3452 De
2920 3396 3120 3452 clericis
3148 3395 3360 3451 incidis.

2268 3488 2507 3545 Clericus
2538 3488 2786 3546 invidens
2816 3488 3043 3546 fratrum
3074 3488 3406 3561 prolectibus
3433 3486 3605 3543 donec
3630 3486 3687 3543 in
3714 3485 3785 3542 vi-

2198 3581 2275 3636 tio
2303 3592 2386 3638 est
2413 3598 2521 3639 non
2548 3594 2945 3653 promoveatur.

2545 3674 2653 3730 LV.
2696 3673 2774 3730 De
2806 3674 3004 3728 clericis
3038 3671 3446 3727 accusatoribus.

2269 3766 2341 3822 Ut
2369 3767 2609 3835 episcopi
2637 3776 2982 3822 accusatores
3012 3763 3240 3820 fratrum
3282 3762 3785 3826 excommunicent;

2196 3866 2254 3913 et.
2277 3858 2325 3913 si
2352 3858 2761 3915 emendaverint
2790 3856 3001 3921 vitium,
3024 3854 3293 3925 recipiant
3329 3868 3427 3911 eos
3455 3853 3524 3910 ad
3551 3869 3789 3911 eor-mu-

2196 3951 2438 4015 nionem,
2466 3966 2568 4005 non
2593 3951 2656 4005 ad
2684 3951 2906 4004 clerum.

2305 4040 2442 4095 LVI.
2486 4042 2563 4095 De
2603 4041 2800 4095 clericis
2828 4039 3185 4095 adulatoribus
3228 4050 3274 4094 et
3314 4039 3689 4109 proditoribus.

2266 4131 2510 4186 Clericus
2536 4130 2624 4199 qui
2652 4130 3051 4185 adulationibus
3090 4144 3145 4186 et
3183 4131 3576 4198 proditionibus
3602 4142 3788 4188 vacem

2197 4223 2620 4293 deprehenditur
2642 4222 2962 4292 degradetur
2994 4223 3061 4277 ab
3087 4222 3289 4277 ol’ticio.

2582 4338 2743 4394 LVII.
2784 4337 2862 4394 De
2882 4338 3083 4392 clericis
3120 4336 3406 4390 maledicis.

2268 4454 2508 4511 Clericus
2555 4450 2847 4509 maledicus
2895 4451 3242 4520 maximeque
3301 4450 3353 4503 in
3401 4446 3787 4510 sacerdotibus,

2123 4553 2179 4617 1)
2203 4559 2428 4618 cogatur
2457 4546 2525 4601 ad
2571 4545 2939 4614 postulandam
2970 4544 3218 4609 veniam;
3260 4540 3313 4595 ei
3348 4539 3508 4614 148
3544 4540 3787 4601 uoluerit,

2197 4639 2519 4710 degradetur
2558 4654 2657 4693 nec
2696 4652 2929 4707 unquam
2960 4635 3027 4691 ad
3066 4633 3313 4691 ofﬁcium
3353 4632 3555 4702 absque
3583 4626 3789 4687 satisil-

2196 4732 2380 4787 ctione
2416 4739 2719 4786 revocetur.

2380 4822 2562 4878 LVIII.
2604 4823 2684 4877 De
2723 4820 2925 4875 clericis
2957 4822 3243 4890 frequenter
3272 4814 3617 4888 litigantibus.

2269 4914 2398 4985 Ejus
2422 4915 2513 4985 qui
2546 4916 2850 4983 frequenter
2875 4911 3046 4983 litigat
3074 4919 3129 4969 et
3156 4909 3223 4967 ad
3268 4902 3638 4971 accusandum
3668 4897 3786 4957 faci-

2196 5005 2262 5061 lis
2292 5015 2375 5060 est
2403 5004 2769 5061 testimonium
2810 5016 2969 5058 nemo
3011 5002 3216 5073 absque
3241 5001 3389 5071 gravi
3419 4995 3677 5055 examine
3707 5004 3785 5048 re-

2194 5096 2379 5167 cipiat.

2516 5188 2651 5244 LIX.
2694 5186 2773 5243 De
2792 5185 3205 5244 discordantibus
3241 5184 3463 5243 clericis.

2266 5280 2649 5338 Discordantss
2697 5281 2923 5337 clericos
2972 5280 3259 5349 episcopus
3310 5276 3396 5334 vel
3446 5275 3658 5333 ratione
3710 5270 3783 5325 vel

2195 5387 2463 5451 putestate
2493 5376 2560 5431 ad
2599 5376 2943 5432 omneordiam
2974 5376 3155 5430 trahat
3182 5387 3198 5426 :
3223 5369 3597 5431 inobedlentos
3622 5381 3785 5439 83':th

2194 5473 2295 5527 dus
2317 5486 2412 5542 per
2454 5470 2779 5526 audientiam
2810 5468 3029 5523 damnet

2196 5640 2278 5683 tus
2306 5628 2543 5682 abradat.

2193 5701 2399 5825 “Lux
2422 5698 2537 5769 .43.,
2569 5700 2624 5754 Β.
2653 5698 2741 5765 n.,
2776 5695 2839 5751 τ.
2875 5694 2927 5763 1,
2955 5695 3015 5765 s,
3046 5693 3138 5763 υ..
3162 5694 3233 5752 c.
3264 5692 3329 5753 ιιι
3360 5690 3547 5760 tt..E.
3582 5690 3634 5761 δ,
3662 5703 3779 5761 quo-

2215 5789 2232 5826 ι
2320 5808 2335 5823 ο
