4024 6350
460 341 568 400 207

1156 332 1529 398 COLLECTIO
1565 334 1902 395 canonum
1949 334 2008 394 s.
2054 331 2330 393 lSlDORO
2370 308 3052 389 HISPAL.ASCRIPTA.

3637 318 3749 380 208

463 453 795 520 LXXXVIII.
820 454 899 510 De
927 453 1005 510 his
1031 456 1119 525 qui
1145 454 1358 510 ecclesia
1388 455 1728 524 prietermissa
1752 456 1821 511 ad
1846 462 2045 525 specta-
2081 454 2135 516 Α
2154 451 2289 509 CIV.
2332 451 2410 508 De
2440 451 2605 506 viduis
2632 465 2746 520 qua:
2782 448 3061 519 professum
3100 444 3467 501 continentiam
3498 448 3747 516 prevari-

1063 528 1176 581 cula
1214 537 1449 597 pergunt.

537 625 637 695 Qui
660 624 750 679 die
779 619 1002 676 solemni
1025 622 1386 690 pratermissti
1416 619 1661 675 ecclesia:
1688 628 1963 675 conventu
1992 616 2058 673 ad

465 720 769 785 Spectacula
800 715 966 775 vadit,
1001 715 1527 768 excotmnunicetur.

633 805 919 861 LXXXIX.
965 803 1038 859 De
1075 806 1309 875 auguriis
1348 814 1399 858 et
1436 803 1888 858 incantationibus.

541 900 786 970 Auguriis
805 900 884 950 vel
913 898 1365 952 incantationibus
1393 898 1713 952 servientem
1738 912 1767 949 a
1791 903 2061 951 conventu

468 990 710 1046 ecclesiae
740 989 1120 1056 separandum,
1146 990 1395 1044 similiter
1425 1000 1477 1043 et
1520 988 1757 1045 Judaicis
1802 990 2064 1061 supersti-

469 1083 701 1138 tionibus
723 1086 803 1138 vel
831 1082 980 1138 feriis
1009 1084 1387 1137 intuerentem.

949 1174 1060 1228 XC.
1094 1171 1172 1228 De
1218 1174 1597 1246 energumenis.

540 1265 698 1321 omni
741 1265 828 1322 die
865 1267 1148 1322 exorcistae
1201 1264 1581 1337 energumenis
1638 1279 1833 1321 manus
1894 1264 2066 1334 impo-

468 1367 619 1412 nant.

871 1448 1005 1504 XCI.
1039 1447 1170 1502 Item
1212 1449 1277 1504 de
1314 1450 1687 1523 energumenis.

541 1537 849 1594 Pavimenta
872 1534 1162 1593 domorum
1198 1538 1287 1595 Dei
1315 1539 1669 1608 energumeni
1698 1548 1935 1595 verram.

782 1633 935 1687 XCII.
969 1632 1045 1687 De
1083 1634 1217 1686 victu
1267 1648 1740 1703 energumenorum.

510 1767 520 1776 .
563 1726 953 1795 Energumenis
1010 1726 1061 1780 in
1115 1724 1277 1779 domo
1332 1725 1427 1779 Dei
1472 1724 1835 1780 assidentibus
1894 1725 2069 1777 vietus

2812 530 3073 574 caverunt.

2229 608 2380 672 Sicut
2411 615 2605 671 bonum
2636 624 2719 669 est
2747 611 3009 669 casdtatis
3036 612 3337 682 praemium,
3358 611 3430 666 ita
3458 620 3517 668 et
3543 612 3752 683 majore

2163 707 2501 763 observantia
2548 715 2602 761 et
2628 705 2985 776 praeceptione
3033 703 3469 760 constituendum
3501 711 3531 741 ι
3559 714 3663 770 est,
3694 712 3759 758 ut

2164 799 2209 854 si
2236 814 2354 869 quae
2393 798 2589 864 vidum,
2642 798 2937 868 quamlibet
2967 796 3142 851 adhuc
3171 796 3224 851 in
3269 796 3569 851 minoribus
3599 796 3758 852 annis

2166 891 2359 960 positae
2388 901 2441 945 et
2476 890 2760 944 immatura
2784 898 2942 945 aetate
2983 904 3013 943 ι
3040 888 3160 945 viro
3184 889 3403 957 relictae,
3435 904 3495 944 se
3525 890 3763 945 devove-

2168 982 2278 1038 rint
2307 984 2415 1037 Deo
2444 990 2499 1037 et
2518 990 2669 1037 veste
2701 981 2877 1036 laicali
2927 982 3134 1049 abiecta
3164 982 3266 1038 sub
3289 981 3598 1037 testimonio
3646 983 3759 1050 epi-

2168 1079 2320 1149 sc0pi
2347 1088 2401 1134 et
2428 1078 2682 1134 Ecclesiae
2708 1078 2960 1150 religioso
2977 1078 3161 1134 habitu
3186 1076 3555 1147 apparuerint,
3575 1087 3758 1145 postea

2170 1186 2302 1227 vero
2331 1172 2397 1225 ad
2455 1172 2671 1239 nuptias
2725 1172 3014 1225 saeculares
3058 1168 3407 1233 transierint,
3461 1170 3758 1223 secundum

2170 1264 2473 1334 apostolum
2506 1262 2729 1318 Paulum
2757 1262 3158 1319 damnationem
3185 1262 3478 1331 habebunt,
3506 1261 3757 1332 quoniam

2172 1358 2333 1414 ﬁdem
2380 1355 2640 1413 castitatis
2699 1356 2854 1429 153
2892 1372 3052 1427 quam
3114 1356 3224 1411 Deo
3261 1362 3526 1411 voverunt
3556 1355 3761 1409 irritam

2171 1449 2350 1507 facere
2379 1466 2525 1506 ausas
2563 1458 2708 1506 sunt.
2739 1449 2895 1505 Tales
2924 1464 3052 1518 ergo
3096 1462 3337 1518 personae
3383 1447 3494 1504 sint
3533 1462 3562 1501 a
3606 1444 3766 1502 Chri-

2173 1544 2467 1598 stianorum
2517 1540 2895 1597 communione
2941 1540 3157 1609 alienae,
3189 1556 3309 1611 quae
3361 1539 3528 1596 etiam
3559 1533 3678 1595 'nec
3708 1539 3764 1593 in

2174 1635 2422 1691 convivio
2470 1650 2591 1690 cum
2651 1632 2969 1688 Christianis
3023 1632 3421 1688 communicent
3474 1648 3489 1686 :
3546 1646 3669 1686 nam
3719 1631 3764 1684 si

2173 1728 2433 1783 adulterte
2470 1726 2726 1797 conjuges
2782 1734 2933 1781 reatu
2984 1733 3111 1780 sunt
3149 1725 3261 1779 suis
3316 1724 3445 1779 viris
3486 1724 3763 1790 obnoxiae,

471 1820 812 1889 quotidianus
864 1834 959 1889 per
1009 1819 1307 1875 exorcistas
1354 1827 1658 1888 opportuno
1698 1828 1941 1887 tempore
1968 1816 2072 1870 mi-
2100 1824 2150 1886 Β
2176 1832 2376 1894 quanto
2420 1822 2591 1891 magis
2637 1818 2811 1874 vidua:
2841 1833 2960 1888 qua:
3009 1817 3118 1872 Deo
3156 1815 3556 1887 religiositatem
3606 1831 3765 1870 vove-

472 1910 751 1966 uistretur.

702 2000 882 2057 XCllI.
920 2001 994 2056 De
1024 2001 1432 2056 discordantium
1478 2000 1836 2055 oblationibus.

541 2094 854 2150 Oblationes
886 2095 1260 2150 dissidentium
1285 2095 1509 2149 fratrum
1543 2110 1716 2165 neque
1745 2095 1800 2149 in
1824 2094 2065 2149 sacrario

468 2202 642 2259 neque
684 2191 737 2244 in
776 2189 1160 2260 gazophylacio
1192 2190 1540 2258 recipiantur.

748 2278 931 2335 XCIV.
958 2279 1035 2333 De
1075 2296 1355 2350 pauperum
1397 2278 1802 2349 oppressoribus.

543 2372 745 2427 Eorum
776 2374 862 2442 qui
889 2388 1150 2444 pauperes
1180 2375 1492 2443 opprimunt
1518 2374 1659 2428 dona
1690 2390 1720 2428 a
1762 2371 2068 2429 sacerdoti-

470 2468 571 2524 bus
603 2469 904 2523 refutanda.

505 2577 666 2636 XCV.
707 2578 783 2633 De
814 2580 896 2634 his
932 2581 1020 2653 qui
1068 2580 1351 2635 oblationes
1401 2582 1763 2652 defunctorum
1803 2580 2033 2637 ecclesiis

1127 2657 1394 2722 fraudant.

539 2744 643 2811 Qui
668 2744 972 2800 oblationes
1023 2745 1395 2800 defunctorum
1432 2753 1525 2800 aut
1571 2754 1764 2815 negant
1792 2743 2061 2810 ecclesiis,

464 2843 558 2890 aut
583 2850 703 2889 cum
744 2835 1059 2892 difﬁcultate
1104 2837 1357 2902 reddunt,
1383 2846 1638 2907 tanquam
1668 2837 1935 2908 egentium
1968 2851 2065 2893 ne-

465 2936 677 2983 calores
720 2928 1281 2984 exconttnunicentur.

658 3046 815 3117 152
846 3044 1030 3101 XCVI.
1067 3045 1146 3099 De
1174 3028 1473 3100 accusatore
1506 3045 1587 3100 vel
1622 3055 1881 3102 accusata.

538 3137 895 3206 Quaerendum
926 3138 979 3193 in
1026 3138 1230 3207 judicio
1260 3143 1409 3208 cujus
1438 3138 1509 3192 sit
1536 3137 1960 3194 conversationis
2009 3145 2065 3193 et

472 3230 597 3288 ﬁdei
624 3231 670 3285 is
694 3232 783 3301 qui
811 3241 1028 3286 accusat
1052 3242 1105 3286 et
1134 3233 1178 3286 is
1207 3233 1299 3298 qui
1326 3241 1631 3285 accusatur.

830 3322 1041 3378 XCVII.
1074 3324 1150 3377 De
1190 3325 1447 3394 religiosis
1481 3324 1710 3394 feminis.

549 3416 647 3472 Vir
685 3416 776 3486 qui
827 3416 1094 3485 religiosis
1144 3415 1360 3473 feminis
1412 3415 1807 3487 prazpoueudus
1864 3424 1947 3474 est
2000 3415 2071 3473 ab

466 3509 725 3580 episcopo
762 3506 862 3565 loci
896 3510 1172 3580 probetur.

836 3601 1067 3657 XCVIII.
1100 3601 1179 3657 De
1220 3602 1368 3659 laicis
1400 3603 1716 3660 doctoribus.

541 3695 731 3750 Laicus
770 3694 1126 3765 prtesenlibus
1173 3696 1407 3763 clericis,
1441 3696 1548 3752 nisi
1597 3696 1729 3767 ipsis
1788 3694 2067 3767 probanti-

469 3788 589 3855 bus,
618 3786 816 3844 ducere
850 3804 955 3842 non
981 3789 1194 3843 audeat.

832 3880 1017 3937 XCIX.
1051 3881 1128 3936 De
1168 3881 1468 3937 mulieribus
1510 3882 1695 3938 doctis.

545 3971 745 4030 Mulier
784 3975 1029 4044 quamvis
1058 3975 1216 4031 docta
1246 3983 1300 4030 et
1326 3984 1511 4030 sancta
1544 3976 1686 4030 viros
1714 3973 1769 4030 in
1799 3980 2067 4030 conventu

471 4066 668 4123 docere
699 4084 803 4122 non
832 4068 1049 4123 audeat.

634 4158 693 4213 C.
734 4156 801 4211 Ut
829 4158 1065 4211 mulieres
1113 4157 1374 4225 baptizare
1414 4175 1517 4213 non
1564 4167 1900 4227 prtesumant.

542 4249 729 4304 Mulier
759 4250 1034 4319 baptizare
1074 4266 1177 4302 non
1216 4259 1523 4318 praesumat.
1872 4239 1884 4249 ’

854 4344 940 4399 Cl.
977 4343 1052 4396 De
1080 4344 1246 4396 viduis
1284 4343 1703 4397 adolescentulis.

549 4440 732 4495 Viduas
765 4439 1167 4501 adolescentes,
1205 4452 1324 4506 qua!
1374 4452 1604 4505 corpore
1655 4435 1860 4491 debiles
1917 4443 2066 4503 sunt,

475 4546 685 4605 sumptu
727 4534 984 4589 Ecclesia:
1011 4532 1169 4601 cujus
1208 4533 1381 4586 vidua:
1415 4540 1539 4585 sunt
1577 4540 1969 4586 sustententur.

869 4647 975 4702 Cll.
1019 4646 1096 4702 De
1134 4644 1334 4700 clericis
1372 4654 1419 4699 et
1462 4645 1650 4701 viduis.

549 4758 625 4813 Ad
658 4768 859 4813 reatum
908 4759 1146 4828 episcopi
1206 4758 1441 4827 pertinet
1486 4758 1573 4813 vel
1627 4756 1928 4828 presbyteri
1980 4754 2071 4824 qui

478 4854 746 4923 parocliim
799 4862 991 4922 praeest
1022 4897 1035 4918 ,
1079 4854 1121 4907 si
1178 4852 1545 4907 sustentandae
1605 4851 1729 4907 vitae
1784 4848 2071 4921 praesentis

476 4961 636 5000 causa
667 4944 1122 5000 adolest-entiores
1157 4943 1330 4998 viduae
1361 4945 1441 4998 vel
1487 4942 1931 4999 sanctimoniales
1955 4940 2067 4997 clo-

478 5037 716 5093 ri'corum
745 5036 1193 5092 familiaritatibus
1222 5036 1599 5105 subjiciantur.

1023 5149 1155 5206 CIII.
1193 5150 1269 5204 De
1304 5150 1495 5206 viduis.

544 5261 732 5319 Vidua:
761 5279 879 5334 quae
911 5262 1180 5333 stipendio
1211 5263 1475 5319 Ecclesiae
1527 5271 1909 5320 sustentantur
1966 5271 2075 5317 tam

474 5353 703 5409 assiduae
746 5355 799 5409 in
830 5355 924 5410 Dei
956 5370 1120 5425 opere
1169 5370 1291 5411 esse
1317 5356 1537 5422 debent,
1583 5367 1642 5413 ut
1672 5367 1728 5415 et
1783 5356 1994 5414 meritis
2021 5364 2077 5412 et

474 5444 805 5502 orationibus
829 5447 940 5504 suis
970 5448 1271 5504 Ecclesiam
1299 5446 1581 5517 adjuvant.

544 5599 807 5674 igne.
831 5603 1015 5674 ΜΕ.
1055 5604 1113 5674 3,
1157 5603 1245 5673 u.,
1276 5604 1689 5660 custodiendum.
1761 5570 1777 5663 ἶ

475 5741 487 5754 υ
544 5667 571 5708 δ
612 5667 786 5754 list).
810 5683 872 5754 let
981 5667 1310 5754 _t_lesumptus
1336 5687 1419 5735 est
1444 5677 1529 5733 hic
1549 5689 1721 5734 canon
1739 5717 1763 5747 π
1797 5676 1890 5747 qui
1921 5675 2076 5735 deest

472 5743 524 5798 in
555 5743 775 5814 reliquis
806 5744 1129 5821 Codicibus._

2094 3187 2143 3252 C

2094 4557 2147 4615 D

2178 1923 2300 1971 rant
2336 1911 2562 1969 crimine
2616 1910 2867 1966 adulterii
2917 1908 3267 1977 notabuntur,
3320 1910 3364 1965 si
3415 1910 3761 1966 devotionem

2176 2023 2339 2077 quam
2364 2016 2658 2076 spontanee
2682 2003 2791 2059 Deo
2829 1994 3140 2059 obtulerunt
3171 2002 3459 2059 libidinosa
3492 2004 3764 2074 voluptate

2176 2098 2516 2169 corruperint
2543 2109 2705 2167 atque
2735 2096 2801 2151 ad
2830 2095 3098 2151 secundas
3129 2098 3345 2167 nuptias
3376 2098 3658 2152 transitum
3691 2097 3764 2152 le-

2176 2194 2383 2250 cerint?
2422 2208 2543 2264 qua:
2574 2194 2678 2249 etsi
2726 2192 2983 2249 violentia
3031 2192 3271 2247 irruente
3298 2192 3364 2246 ab
3409 2192 3587 2261 aliquo
3626 2206 3763 2260 pras-

2178 2299 2345 2357 reptae
2400 2288 2619 2352 iuerint,
2649 2302 2712 2341 ac
2738 2294 2926 2357 postea
2975 2285 3331 2341 delectatione
3379 2284 3616 2340 libidinis
3643 2299 3761 2354 per-

2176 2395 2394 2435 manere
2424 2381 2475 2435 in
2506 2379 2813 2450 coniugium
2860 2379 3061 2449 raptori
3088 2379 3170 2433 vel
3224 2378 3463 2433 violento
3494 2376 3604 2432 viro
3629 2391 3757 2432 con-

2176 2472 2467 2537 senserint,
2490 2471 2820 2527 damnationi
2845 2470 3093 2539 superius
3114 2470 3521 2541 comprehensa:
3546 2482 3759 2524 tenean-

2177 2573 2265 2619 tur
2316 2565 2564 2621 obnoxire
2598 2582 2611 2617 :
2642 2564 2712 2619 de
2763 2563 2956 2619 talibus
2998 2563 3139 2619 enim
3190 2564 3269 2639 sic
3322 2564 3391 2617 ait
3428 2563 3759 2633 Apostolus:

2178 2655 2307 2710 Cum
2334 2657 2465 2709 enim
2494 2654 2772 2709 luxuriata
2819 2657 3007 2724 fuerint
3052 2653 3237 2708 nubere
3283 2653 3479 2721 volunt,
3530 2654 3759 2709 habentes

2175 2748 2554 2803 damnationem
2579 2747 2701 2818 quia
2728 2746 2946 2811 primam
2970 2746 3125 2816 ﬁdem
3144 2746 3343 2800 irritam
3371 2750 3618 2815 fecerunt.

2448 2840 2559 2897 CV.
2594 2838 2621 2877 δ
2661 2838 2737 2893 De
2766 2839 3197 2907 contemptoribus
3230 2838 3489 2893 Ecclesiar.

2160 2912 2227 3005 δ’
2245 2914 2451 2986 Revera
2474 2931 2771 3001 invenitur
2808 2945 2874 2985 ex
2901 2928 3221 2985 Christianis
3248 2928 3365 2987 ﬁeri
3391 2930 3758 2987 schismaticos

2176 3027 2494 3097 plerumque
2521 3024 2919 3081 irrationabiles
2940 3063 2956 3089 ,
2985 3024 3181 3095 quibus
3223 3038 3290 3080 ex
3322 3023 3405 3079 liis
3434 3023 3559 3081 dum
3589 3034 3645 3081 ut
3672 3040 3758 3081 ca-

2175 3117 2357 3173 tholici
2388 3117 2657 3173 aediﬁcant
2684 3118 2758 3172 illi
2791 3126 2851 3172 ut
2888 3115 3125 3172 haeretici
3167 3117 3443 3172 destruere
3483 3117 3758 3188 insistunt,

2174 3222 2228 3268 et
2253 3209 2339 3266 alii
2368 3212 2622 3267 ecclesias
2657 3210 2870 3265 Domini
2902 3209 3049 3266 ﬁdeli
3078 3208 3364 3266 devotione
3392 3224 3455 3265 ac
3501 3225 3761 3280 compun-

2173 3303 2354 3359 ctione
2386 3302 2787 3373 promptissima
2822 3301 2980 3374 154
3007 3302 3322 3371 subornare,
3347 3302 3437 3358 alii
3466 3302 3535 3359 de
3567 3302 3648 3357 his
3677 3318 3765 3358 se-

2173 3393 2437 3448 ditionum
2471 3391 2805 3447 institutione
2831 3391 3093 3447 decresci.
3139 3393 3212 3447 De
3253 3392 3332 3448 his
3360 3402 3505 3449 recte
3529 3393 3763 3463 loquitur

2171 3502 2268 3559 per
2297 3488 2557 3557 Spiritum
2588 3498 2831 3543 sanctum
2858 3488 3115 3557 propheta
3140 3505 3153 3542 :
3184 3486 3449 3542 Benedicti
3481 3488 3568 3559 qui
3593 3488 3760 3558 cedi/ia

2170 3590 2289 3635 cant
2332 3592 2379 3634 te
2403 3582 2456 3635 in
2496 3591 2742 3636 cternum
2769 3624 2784 3649 ,
2835 3589 2882 3634 et
2927 3581 3182 3635 maledicti
3233 3590 3351 3635 sunt
3387 3583 3472 3649 qui
3498 3584 3763 3635 destruunt

2169 3690 2347 3729 muros
2374 3684 2490 3728 tuos
2512 3674 2589 3728 vel
2614 3683 2747 3728 certe
2768 3673 2855 3743 qui
2876 3672 3165 3728 subvertunt
3189 3673 3520 3729 habitationes
3550 3687 3664 3728 tuas
3686 3674 3762 3727 vel

2168 3783 2309 3822 nunc
2357 3772 2529 3825 conati
2575 3782 2694 3825 sunt
2736 3771 2900 3825 minui
2939 3782 3117 3826 sancta
3148 3788 3274 3827 tua:
3308 3782 3362 3826 tu
3388 3782 3555 3827 autem
3581 3772 3763 3827 domus

2171 3859 2272 3915 Dei
2301 3862 2475 3917 (atare
2502 3879 2617 3916 cum
2648 3862 2772 3931 ﬁliis
2788 3868 3070 3935 jttstortmt.
3117 3866 3184 3920 Et
3210 3866 3279 3920 ab
3305 3864 3406 3921 hac
3434 3865 3763 3921 institutione

2176 3952 2389 4006 Domini
2438 3953 2639 4023 placuit
2694 3955 2944 4011 omnibus
2993 3955 3241 4012 Patribus
3296 3971 3390 4026 per
3436 3958 3762 4028 provinciam

2171 4042 2512 4114 Carthaginis
2554 4044 2973 4100 consiStentibus
3001 4086 3015 4113 ,
3069 4056 3125 4100 ut
3172 4045 3220 4101 si
3266 4047 3386 4117 quis
3425 4047 3654 4103 clericus
3682 4047 3765 4105 vel

2172 4135 2344 4191 laicus
2368 4152 2432 4191 se
2460 4135 2754 4192 elevaverit
2782 4144 2970 4193 contra
3001 4137 3297 4194 Ecclesiam
3321 4137 3417 4194 Dei
3442 4140 3763 4195 seditionum

2173 4231 2447 4285 seminans
2475 4230 2770 4287 schismata
2798 4240 2853 4286 et
2881 4246 2989 4287 non
3020 4231 3087 4287 ad
3112 4232 3325 4287 culmen
3340 4232 3620 4289 charitatis
3649 4232 3768 4303 ejus

2173 4322 2452 4378 conaverit
2494 4324 2741 4387 attendi,
2786 4323 2879 4379 sed
2922 4323 3265 4380 fundamenta
3304 4323 3422 4392 ejus
3456 4324 3645 4379 volens
3673 4338 3765 4379 su-

2172 4415 2325 4482 brui,
2370 4432 2489 4486 quae
2540 4426 2625 4472 est
2660 4415 2928 4472 Stabilitas
2967 4416 3205 4472 omnium
3234 4416 3685 4485 Christianorum,
3719 4416 3765 4472 si

2174 4508 2400 4562 clericus
2450 4508 2609 4564 fuerit
2634 4548 2649 4575 ,
2696 4509 2853 4564 cadat
2902 4509 2969 4565 de
3002 4512 3218 4580 proprio
3259 4509 3470 4581 gradu;
3503 4509 3551 4564 si
3577 4510 3766 4577 laicus,

2177 4615 2491 4676 segregatus
2530 4606 2598 4659 ab
2653 4605 2889 4661 Ecclesia
2939 4605 3036 4660 Dei
3077 4621 3237 4676 quam
3286 4604 3489 4675 spernit
3517 4612 3623 4660 eta
3650 4619 3773 4661 con-

2177 4709 2339 4754 ventu
2370 4699 2535 4754 totius
2564 4697 2887 4762 Christiana:
2912 4698 3213 4770 religioais,
3256 4713 3284 4754 a
3311 4707 3497 4757 sancta
3526 4713 3771 4756 comnm-

2178 4794 2344 4849 nione
2373 4805 2585 4851 maneat
2610 4794 2885 4852 exclusus.

2249 4887 2501 4943 Aurelius
2545 4887 2835 4959 episcopus
2883 4886 3141 4945 Ecclesiae
3177 4885 3617 4959 Carthagiuensis
3645 4885 3776 4946 sub-

2179 4978 2391 5047 scripsi.

2254 5077 2585 5133 Donatianus
2636 5074 2971 5147 Teleptensis
3032 5077 3220 5150 primae
3286 5073 3433 5134 sedis
3481 5072 3772 5145 episcopus

2180 5167 2499 5236 subscripsi.

2254 5261 2583 5331 Augustinus
2640 5262 2900 5336 Hippone
2949 5264 3183 5337 regionis
3229 5275 3254 5305 ε
3306 5264 3590 5338 episcopus
3644 5259 3779 5319 sub-

2183 5353 2396 5424 scripsi.

2253 5447 2516 5507 Similiter
2544 5466 2738 5511 omnes
2764 5454 3005 5527 episcopi
3032 5453 3469 5527 subscripserunt
3495 5452 3546 5510 ά.

2263 5621 2285 5688 (ξ
2324 5610 2391 5688 Ῑ.
2418 5611 2500 5679 2.,
2521 5611 2800 5688 Hippone
2827 5615 3091 5688 regiensis.
3126 5614 3192 5672 υ.
3219 5613 3488 5688 ﬂippant:
3510 5612 3691 5684 regite.

2260 5680 2289 5720 ά
2329 5683 2421 5753 υ.,
2448 5680 2855 5759 subscripserunt
2880 5680 3035 5743 Simul
3066 5702 3183 5743 cum
3206 5680 3559 5744 Itis'ticccstv.
