4024 6350
295 492 1706 529 W

1585 505 1960 516 W

1709 488 2058 498 __.___......———.—-——

2061 486 3576 525 xm

1831 603 2023 675 XVI

745 753 1407 843 CONCILIUM
1460 751 1602 836 CA
1622 745 2459 834 RTHAGINENSE
2509 745 3092 856 QUINTUM

324 915 618 966 HABITUM
661 915 741 958 ΑΒ
788 909 1104 955 EPISCOPIS
1150 907 1419 950 NUMEBO
1460 906 1870 949 SEPTUAGINT.

1992 903 2199 958 BIBUS,
2243 905 2383 946 ,ΕΒΔ
2430 904 2869 948 CCCCXXIVIII.
2919 904 3072 947 POST
3115 902 3534 954 οοΝευιΑτωί

807 992 1019 1036 FLAVI!
1066 986 1414 1032 STILICONIS
1460 987 1590 1029 νιιιι
1637 986 2028 1043 ριΔιιιεειΜι,

2086 984 2197 1025 DIE
2247 984 2384 1027 XVII
2436 984 2771 1027 KALENDAS
2827 984 3067 1028 JULIAS.

351 1145 672 1214 Carthagine
723 1142 775 1197 in
821 1140 1114 1196 secretario
1158 1137 1389 1194 basilicae
1435 1139 1695 1194 restituta:
1739 1153 1861 1192 cum
1894 1139 1948 1200 Α
1974 1135 2061 1191 VI.
2104 1135 2184 1190 De
2211 1134 2290 1189 his
2311 1135 2401 1205 qui
2429 1136 2575 1190 nullo
2605 1136 2896 1214 testimonio
2923 1152 2975 1190 se
3008 1136 3290 1208 baptizatos
3328 1153 3577 1199 noverunt

279 1239 536 1295 Aurelius
564 1237 848 1306 episcopus
885 1248 988 1287 una
1018 1248 1138 1287 cum
1178 1231 1510 1301 coepiscopis
1537 1230 1647 1285 suis
1677 1245 1872 1286 conse-

278 1334 453 1389 disset
479 1377 492 1400 ,
537 1330 834 1386 astantibus
866 1332 1025 1382 etiam
1051 1325 1400 1391 diaconibus,
1434 1325 1725 1380 constituta
1750 1334 1873 1380 sunt

282 1428 402 1481 hanc
429 1440 545 1493 quas
577 1424 626 1478 in
655 1422 1000 1492 subsequenti
1029 1421 1254 1475 concilio
1277 1419 1492 1474 deﬁnita
1522 1427 1646 1474 sunt
1679 1429 1727 1471 ε.

343 1538 496 1610 155
530 1537 567 1590 I.
605 1536 679 1590 De
704 1536 905 1589 clericis
932 1534 1001 1588 ad
1032 1533 1374 1590 testimonium
1396 1549 1498 1586 non
1525 1534 1816 1602 pulsandis.

356 1652 410 1704 In
441 1649 698 1718 principio
724 1647 1065 1703 statuendum
1089 1688 1103 1712 ,
1139 1656 1198 1702 ut
1225 1649 1271 1701 si
1311 1647 1426 1715 quis
1452 1645 1586 1700 forte
1614 1645 1664 1698 in
1694 1646 1873 1701 eccle-

275 1743 359 1798 sia
383 1743 677 1813 quamlibet
726 1757 942 1797 causam
990 1741 1110 1810 jure
1157 1740 1449 1808 apostolico
1495 1739 1739 1795 ecclesiis
1773 1739 1874 1792 im-

278 1836 461 1904 posito
490 1850 648 1905 agere
678 1835 946 1900 voluerit,
981 1843 1036 1888 et
1067 1834 1295 1887 fortasse
1322 1832 1522 1887 decisio
1552 1834 1871 1888 clericorum

279 1926 372 1978 uni
405 1925 543 1993 parti
595 1923 967 1994 displicuerit,
1017 1938 1122 1977 non
1171 1923 1324 1976 liceat
1372 1921 1625 1976 clericum
1655 1924 1706 1976 in
1734 1924 1876 1990 judi-

277 2018 425 2073 cium
467 2020 531 2071 ad
564 2018 928 2072 testimonium
955 2015 1202 2070 devocari
1234 2031 1379 2079 eum,
1415 2016 1503 2084 qui
1526 2017 1770 2085 cognitor
1791 2017 1876 2071 vel

280 2122 523 2176 przesens
563 2108 658 2161 fuit
701 2107 821 2180 [1].,
854 2107 1072 2177 fuerit],
1125 2116 1181 2159 ut
1223 2107 1370 2160 nulla
1416 2108 1482 2159 ad
1514 2107 1875 2162 testimonium

283 2198 569 2254 dicendum
605 2198 957 2252 ecclesiastici
991 2198 1276 2267 cujuslibet
1306 2213 1532 2266 persona
1568 2200 1828 2268 pulsetur.

489 2289 552 2344 Il.
592 2288 671 2343 De
697 2289 898 2343 clericis
925 2306 1016 2360 pro
1043 2290 1255 2344 crimine
1283 2306 1376 2344 suo
1401 2291 1676 2346 damnatis.

358 2379 426 2434 Et
458 2380 582 2435 illud
614 2382 955 2436 statuendum
983 2422 999 2446 ,
1042 2390 1098 2434 ut
1125 2382 1171 2435 si
1201 2383 1320 2451 quis
1349 2382 1635 2452 cujuslibet
1659 2384 1876 2440 honoris

2560 1217 2616 1259 ut
2639 1207 2979 1277 baptizentur.

2047 1299 2176 1354 Item
2207 1299 2410 1368 placuit
2445 1298 2513 1353 de
2555 1297 2885 1365 infantibus,
2917 1301 3130 1369 quoties
3157 1319 3262 1358 non
3288 1303 3575 1361 inveniun-

1979 1403 2065 1447 tur
2087 1393 2374 1449 certissimi
2420 1401 2584 1448 testes
2612 1393 2703 1462 qui
2735 1408 2829 1447 eos
2857 1393 3154 1460 baptizatos
3181 1411 3302 1452 esse
3331 1400 3446 1452 sine
3476 1399 3576 1453 du-

1975 1486 2235 1541 bitatione
2285 1495 2568 1551 testentur,
2613 1501 2786 1554 neque
2833 1485 2938 1556 ipsi
2975 1498 3098 1541 sunt
3150 1498 3172 1524 °
3229 1503 3322 1558 per
3363 1499 3576 1546 aetatem

1976 1577 2156 1632 idonei
2180 1579 2248 1632 de
2272 1578 2482 1632 traditis
2505 1577 2606 1632 sibi
2630 1580 2981 1634 sacramentis
3004 1580 3351 1648 respondere,
3374 1583 3579 1652 absque

1978 1669 2088 1724 ullo
2116 1671 2353 1739 scripulo
2385 1686 2479 1724 eos
2512 1687 2634 1726 esse
2663 1673 3033 1739 baptizandos,
3065 1689 3131 1728 ne
3160 1675 3256 1727 ista
3289 1677 3574 1742 trepidatio

1978 1779 2073 1818 eos
2105 1764 2267 1818 iaciat
2315 1773 2775 1820 sacramentorum
2823 1766 3138 1835 purgatione
3185 1766 3420 1834 privari:
3456 1767 3580 1823 hinc

1978 1855 2123 1910 enim
2169 1855 2332 1924 legati
2381 1856 2686 1909 Maurorum
2737 1853 2927 1910 fratres
2974 1855 3144 1910 nostri
3172 1855 3575 1920 consuluerunt,

1981 1951 2109 2019 quia
2138 1950 2336 2004 multos
2366 1949 2500 2004 tales
2530 1964 2559 2002 a
2592 1948 2833 2002 barbaris
2865 1949 3158 2003 redimunt.

2226 2040 2338 2094 VII.
2384 2039 2460 2091 De
2484 2050 2710 2108 tempore
2733 2039 2960 2109 paschali
2989 2057 3078 2094 seu
3103 2040 3327 2095 concilii.

2055 2132 2184 2187 Item
2214 2132 2412 2201 placuit
2445 2142 2497 2184 ut
2543 2132 2658 2185 dies
2703 2132 3026 2185 venerabilis
3058 2133 3271 2200 paschae
3322 2133 3578 2189 formata-

1981 2237 2100 2277 rum
2124 2222 2518 2288 subscriptione
2543 2221 2789 2274 omnibus
2825 2221 3121 2287 intimetur,
3154 2222 3269 2276 dies
3297 2240 3427 2278 vero
3456 2241 3577 2281 cou-

1981 2317 2091 2371 cilii
2140 2332 2173 2370 ι
2221 2315 2476 2369 calendas
2502 2313 2819 2368 Novembris
2842 2322 3113 2378 servetur,
3151 2324 3205 2367 et
3227 2315 3575 2372 scribendum

1980 2405 2048 2460 ad
2092 2405 2423 2476 singularum
2483 2419 2819 2474 quarumque
2868 2403 3266 2473 provinciarum
3298 2408 3576 2475 primates,

281 2473 525 2570 fierlcuﬁ
574 2473 782 2541 IUdi°i0
853 2475 1224 2570 θιιίεερροτυω
1281 2490 1599 2570 (ἰυοςυηίίυθ
1649 2477 1874 2534 crimine
1904 2499 1952 2558 Β
1983 2508 2038 2554 ut
2077 2473 2292 2569 quando
2320 2499 2459 2568 apud
2491 2514 2550 2555 se
2576 2473 2862 2554 concilium
2895 2508 3202 2570 congregat,
3243 2473 3402 2556 istum
3426 2473 3571 2559 diem

278 2563 444 2620 fuerit
494 2565 814 2632 damnatus,
851 2581 955 2621 non
999 2566 1154 2622 liceat
1193 2581 1314 2621 eum
1364 2569 1477 2624 sive
1529 2570 1596 2624 ab
1630 2571 1871 2627 ecclesiis

279 2659 474 2728 quibus
508 2660 740 2728 praefuit,
774 2660 886 2714 sive
913 2675 941 2714 a
969 2660 1206 2728 quolibet
1236 2660 1452 2716 homine
1481 2662 1768 2730 defensari,
1790 2665 1872 2720 in-

282 2752 542 2821 terposita
574 2767 734 2822 pmna
763 2752 965 2820 damni,
999 2753 1239 2822 pecuniae
1261 2764 1419 2823 atque
1439 2755 1676 2825 honoris,
1708 2772 1739 2810 a
1767 2773 1871 2827 quo

279 2864 384 2904 nec
415 2859 626 2906 aetatem
661 2867 757 2906 nec
789 2867 975 2906 sexum
1006 2852 1368 2908 excusandum
1393 2867 1512 2907 esse
1536 2852 1867 2920 praecipiant.

356 2965 442 3019 III.
486 2963 562 3018 De
587 2965 933 3019 sacerdotibus
978 2974 1022 3018 et
1063 2964 1224 3017 lcvitis
1268 2972 1322 3016 ut
1367 2963 1432 3017 ab
1477 2964 1720 3017 uxoribus
1747 2979 1803 3016 se

928 3037 1238 3088 contineant.

357 3127 629 3181 Praeterea
662 3141 782 3181 cum
813 3126 880 3181 de
909 3126 1259 3195 quorumdam
1287 3125 1606 3180 clericorum
1630 3123 1874 3194 quamvis

277 3233 408 3288 erga
448 3233 644 3274 uxores
672 3219 914 3288 proprias
955 3217 1339 3272 incontinentis
1381 3216 1708 3281 referretur,
1760 3219 1873 3284 pla-

276 3309 394 3365 cuit
438 3309 756 3379 episcopos,
811 3309 1153 3380 presbyteros
1203 3320 1257 3362 et
1295 3306 1549 3361 diaconos
1577 3306 1870 3361 secundum

278 3405 522 3474 priorum
577 3411 771 3456 statuta
813 3403 974 3456 etiam
1014 3402 1080 3456 ab
1109 3400 1365 3456 uxoribus
1392 3402 1697 3464 continere;
1731 3398 1872 3467 quod

278 3495 388 3550 nisi
437 3495 694 3561 iecerint,
739 3499 806 3550 ab
849 3493 1220 3550 ecclesiastico
1249 3500 1627 3548 removeantur
1654 3491 1869 3545 ofﬁcio:

279 3595 515 3642 creteros
543 3596 722 3641 autem
751 3587 972 3641 clericos
1003 3586 1068 3640 ad
1099 3585 1200 3638 hoc
1230 3600 1335 3639 non
1369 3583 1520 3652 cogi,
1556 3583 1648 3637 sed
1680 3598 1873 3638 secun-

281 3677 413 3733 dum
465 3678 886 3748 uniuscujusque
936 3675 1379 3733 consuetudinem
1449 3674 1721 3729 observari
1775 3675 1866 3729 de~

277 3768 430 3824 bere.

1978 2606 2084 2645 non
2107 2591 2419 2658 impediant.

2016 2682 2148 2737 VIII.
2194 2682 2270 2736 De
2290 2681 2713 2757 intercessoribus
2737 2698 2801 2736 ne
2821 2684 3120 2757 cathedram
3147 2685 3410 2740 morientis
3431 2688 3539 2757 epi-

2491 2756 2631 2822 scopi
2662 2754 2751 2807 diu
2776 2756 3046 2810 retineant.

2052 2844 2185 2900 Item
2216 2846 2566 2900 constitutum
2618 2855 2702 2899 est
2749 2855 2804 2898 ut
2832 2847 2960 2899 nulli
2991 2845 3337 2903 intercessori
3367 2847 3573 2904 licitum

1977 2938 2047 2993 sit
2075 2937 2424 3006 cathedram,
2468 2939 2552 2991 cui
2575 2938 2902 2992 intercessor
2927 2937 3085 2993 datus
3116 2948 3218 3002 est,
3247 2940 3578 3007 quibuslibet

1980 3029 2302 3098 populorum
2335 3028 2528 3082 studiis
2561 3029 2643 3082 vel
2683 3029 3035 3084 seditionibus
3065 3031 3319 3096 retinere,
3353 3033 3447 3087 sed
3477 3034 3572 3087 da-

1977 3136 2040 3175 re
2071 3135 2296 3189 operam
2329 3127 2386 3174 ut
2416 3120 2556 3174 intra
2596 3135 2793 3174 annum
2827 3120 3031 3175 eisdem
3062 3121 3370 3193 episcOpum
3395 3125 3575 3193 provi-

1978 3211 2130 3278 deat;
2159 3210 2301 3281 quod
2331 3211 2376 3266 si
2427 3210 2762 3282 neglexerit,
2790 3226 2931 3267 anno
2968 3223 3221 3286 exempto
3244 3217 3573 3273 interventor

1978 3305 2117 3358 alius
2139 3304 2422 3359 tribuatur.

1978 3397 2069 3454 IX.
2113 3397 2192 3450 De
2233 3398 2500 3467 defensore
2540 3396 2874 3451 ecclesiarum
2920 3413 2952 3449 a
2978 3398 3208 3469 principe
3237 3401 3570 3471 postulando.

2046 3489 2131 3545 Ab
2181 3489 2511 3560 imperatore
2557 3500 2736 3544 autem
2781 3490 3044 3546 universis
3075 3491 3247 3546 visum
3281 3501 3365 3548 est
3391 3505 3574 3563 postu-

1979 3583 2195 3637 landum
2221 3592 2441 3652 prapter
2489 3582 2833 3637 alllictionem
2863 3599 3156 3653 pauperum
3199 3599 3427 3654 quorum
3458 3601 3573 3640 mo-

1981 3677 2150 3732 lestiis
2176 3676 2294 3730 sine
2321 3676 2721 3730 intermissione
2747 3676 2979 3745 agitatur
3006 3676 3268 3742 Ecclesia,
3301 3687 3357 3732 ut
3379 3678 3570 3733 delen-

1979 3783 2134 3824 sores
2187 3769 2263 3823 eis
2303 3769 2562 3823 adversus
2602 3770 2865 3836 potentias
2892 3769 3115 3824 divitum
3139 3784 3262 3827 cum
3289 3771 3572 3842 episcopo-

281 3878 376 3936 IV.
418 3880 496 3935 De
525 3880 672 3934 rebus
720 3880 968 3934 Ecclesite
1005 3878 1297 3932 inconsulto
1345 3877 1734 3946 metropolitano
1769 3879 1875 3948 epi-
1905 3861 1949 3923 C
1983 3875 2101 3916 rum
2133 3861 2444 3930 Ρΐονίείοηθ
2473 3859 2797 3929 deligam"?-

772 3967 925 4021 scopo
955 3966 1054 4002 non
1076 3949 1387 4001 alienandis.

363 4062 567 4116 Placuit
595 4063 754 4116 etiam
784 4074 841 4118 ut
867 4079 981 4118 rem
1009 4057 1260 4117 Ecclesiae
1286 4077 1444 4118 nemo
1472 4063 1666 4117 vendat
1690 4079 1703 4116 :
1732 4061 1876 4132 quod

281 4157 331 4212 si
383 4158 560 4227 aliqua
604 4156 894 4212 necessitas
941 4156 1120 4225 cogit,
1179 4156 1315 4210 hanc
1354 4155 1723 4210 insinuandam
1756 4170 1875 4211 esse

282 4249 504 4320 primati
535 4251 857 4320 provinciae,
894 4257 950 4303 ut
975 4264 1096 4303 cum
1126 4257 1324 4304 statuto
1355 4263 1579 4304 numero
1599 4250 1875 4320 episcopo-

275 4357 402 4395 rum
443 4351 620 4396 utrutn
669 4340 971 4395 faciendum
1017 4341 1091 4394 sit
1134 4341 1454 4407 arbitretur;
1484 4343 1621 4409 quod
1656 4345 1698 4398 si
1727 4353 1871 4398 tanta

281 4445 440 4501 urget
468 4433 764 4489 necessitas
811 4433 1064 4488 Ecclesia:
1096 4441 1151 4486 ut
1198 4449 1302 4489 non
1341 4435 1509 4504 possit
1533 4444 1657 4491 ante
1688 4451 1876 4491 consu-

277 4529 419 4596 lere,
451 4528 638 4582 saltem
675 4538 792 4596 post
843 4528 1036 4581 factum
1077 4537 1229 4581 curet
1269 4529 1369 4582 hoc
1396 4529 1575 4582 statim
1606 4544 1765 4600 agerc
1786 4531 1872 4585 vel

277 4621 474 4675 vicinis
516 4620 782 4689 episcopis
809 4620 910 4675 hoc
951 4630 1106 4674 antea
1138 4620 1374 4674 indicare
1406 4630 1460 4675 et
1486 4622 1550 4674 ad
1581 4624 1869 4677 concilium

277 4710 492 4767 referre
533 4710 748 4766 easdem
799 4710 1054 4765 Ecclesia:
1103 4711 1485 4774 necessitates;
1518 4713 1657 4777 quod
1686 4716 1728 4767 si
1766 4730 1870 4770 non

277 4803 510 4869 fecerit,
563 4816 686 4858 reus
726 4801 937 4856 concilii
982 4801 1224 4855 venditor
1269 4809 1514 4857 teneatur
1566 4801 1767 4858 honore
1813 4819 1876 4859 a-

271 4893 448 4949 misso
475 4892 528 4947 ι’.

350 4984 422 5041 γ.
469 4983 538 5040 Ut
561 4983 736 5039 nullus
762 4985 1024 5055 episcOpus
1043 4985 1227 5106 {felicta
1257 4984 1500 5040 cathedra
1520 4986 1570 5040 in
1599 4986 1802 5042 dioecesi

952 5072 1050 5106 rest
1092 5065 1190 5106 eat.

952 5065 1190 5110 resideat.

349 5144 586 5199 Rursum
619 5147 816 5214 placuit
837 5157 893 5202 ut
921 5148 1119 5202 nemini
1144 5149 1478 5214 sitfacultas,
1503 5149 1684 5204 relicta
1720 5149 1871 5219 prin-

272 5238 447 5308 cipali
494 5239 747 5295 cathedra
776 5283 790 5307 ,
839 5241 905 5293 ad
953 5241 1183 5309 aliquam
1227 5244 1509 5297 ecclesiam
1552 5243 1604 5297 in
1651 5218 1870 5298 dioecesi
1898 5218 1951 5279 D

275 5327 628 5384 constitutam
678 5343 738 5384 se
795 5330 1076 5396 conferre,
1110 5331 1190 5384 vel
1242 5334 1291 5385 in
1333 5347 1392 5386 re
1434 5333 1643 5401 propria
1672 5333 1870 5388 diutius

274 5435 445 5491 quam
473 5428 688 5490 oportet
715 5421 1067 5476 constitutum
1104 5422 1260 5492 156
1285 5438 1466 5477 curam
1508 5424 1590 5478 vel
1621 5424 1868 5494 frequen-

277 5512 543 5584 tationem
575 5513 803 5580 proprire
833 5511 1100 5567 cathedra:
1128 5513 1415 5583 negligere.

351 5652 382 5714 ξι
425 5642 514 5714 _U.,
526 5644 603 5714 in
623 5643 1033 5714 subsequentibus
1056 5643 1266 5710 deﬁnita
1287 5656 1423 5701 sunt.

313 5712 476 5838 "3‘1:
502 5712 618 5780 )E.,
649 5712 817 5783 B.R.,
840 5714 903 5770 T.
938 5717 989 5782 1,
1015 5714 1072 5781 2,
1106 5715 1198 5783 υ..
1229 5717 1420 5773 desunt
1446 5717 1644 5774 verba:
1678 5718 1869 5777 honore

273 5803 488 5838 αηιηδο.

355 5863 380 5893 ε
423 5854 501 5909 Ex
532 5856 743 5911 caeteris
771 5854 1058 5912 Codieibus
1091 5857 1371 5929 desumpta
1413 5865 1538 5915 sunt
1564 5862 1724 5918 verba
1751 5881 1763 5916 :
1796 5871 1866 5919 te-

2150 3974 2218 4028 X.
2264 3973 2331 4029 Ut
2361 3975 2585 4045 episc0pi
2620 3975 2689 4026 ad
2717 3975 2852 4027 diem
2881 3975 3084 4028 concilii
3109 3982 3395 4029 recurrant.

2059 4063 2191 4118 Item
2221 4063 2424 4132 placuit
2472 4073 2532 4116 ut
2575 4064 3001 4131 quotiescunque
3029 4063 3313 4117 concilium
3343 4077 3570 4135 congre-

1981 4153 2213 4224 gandum
2257 4162 2378 4220 est,
2428 4153 2667 4222 episcopi
2715 4153 2803 4222 qui
2849 4169 3022 4222 neque
3054 4155 3368 4223 aegritudine
3400 4173 3573 4227 neque

1979 4244 2080 4298 alia
2125 4245 2374 4315 graviore
2425 4246 2746 4300 necessitate
2793 4245 3156 4314 impediuntur
3196 4259 3568 4318 competenter

1981 4347 2265 4390 occurrant
2305 4333 2331 4372 ά
2361 4379 2376 4405 ,
2430 4337 2854 4408 primatibusque
2898 4354 3114 4394 suarum
3167 4343 3561 4411 provinciarum

1978 4436 2283 4499 intimetur,
2315 4444 2376 4490 ut
2405 4435 2473 4491 de
2507 4439 2768 4492 universis
2798 4438 3062 4507 episcopis
3086 4440 3169 4494 vel
3199 4441 3316 4495 dure
3346 4444 3428 4496 vel
3462 4454 3569 4500 tres

1978 4536 2170 4581 turmae
2199 4529 2350 4593 ﬁant,
2383 4541 2445 4580 ac
2477 4527 2544 4581 de
2569 4526 2790 4594 singulis
2823 4529 3011 4580 turmis
3041 4527 3275 4582 νίεἰεμίηι
3308 4542 3568 4602 quotquot

1977 4618 2135 4672 eleCti
2183 4617 2382 4672 fuerint
2422 4617 2492 4674 ad
2542 4619 2680 4672 diem
2712 4619 2923 4674 concilii
2949 4621 3332 4674 instantissime
3378 4638 3569 4678 occur-

1978 4719 2129 4776 rant;
2164 4709 2307 4778 quod
2352 4711 2398 4763 si
2441 4725 2544 4763 non
2578 4711 2851 4779 potuerint
2886 4710 3037 4780 157
3063 4727 3362 4778 occurrere,
3395 4730 3563 4768 excu-

1977 4805 2214 4857 sationes
2243 4817 2369 4856 suas
2397 4803 2449 4855 in
2479 4803 2785 4855 tractatoria
2813 4811 2835 4838 ο
2867 4805 3231 4868 conscribant,
3266 4803 3348 4857 vel
3377 4807 3420 4858 si
3447 4816 3565 4872 post

1978 4896 2266 4949 adventum
2330 4894 2652 4947 tractatorire
2696 4894 2891 4960 aliqua:
2953 4898 3301 4951 necessitates
3344 4911 3562 4964 repente

1977 4985 2201 5041 forsitan
2235 4996 2367 5038 ortae
2390 4983 2589 5038 fuerint
2613 5025 2629 5051 ,
2663 4985 2764 5038 nisi
2792 4986 3050 5040 rationem
3080 4987 3446 5057 impedimenti
3475 4989 3559 5041 sui

1978 5082 2117 5151 apud
2169 5096 2325 5135 suum
2370 5078 2647 5147 primatem
2698 5080 3081 5146 reddiderint,
3156 5081 3399 5136 ecclesiae
3451 5093 3562 5132 sua:

1977 5170 2354 5246 communione
2384 5169 2581 5224 debere
2608 5184 2728 5224 esse
2756 5180 3055 5225 contentos.

1976 5264 2069 5321 XI.
2112 5263 2181 5320 Ut
2207 5265 2364 5334 lapsis
2394 5263 2739 5320 sacerdotibus
2766 5282 2946 5319 manus
2986 5264 3056 5317 eis
3101 5262 3231 5316 sicut
3271 5259 3419 5314 laicis
3456 5279 3558 5318 non

2621 5350 2899 5407 ponantur.

2045 5424 2119 5479 Ita
2168 5424 2540 5480 conﬁrmatum
2583 5435 2666 5481 est
2719 5436 2776 5480 ut
2824 5427 2866 5480 si
2895 5423 3108 5493 quando
3136 5421 3433 5490 presbyteri
3467 5424 3556 5480 vel

1973 5515 2187 5571 diaconi
2212 5517 2264 5571 iu
2297 5516 2474 5586 aliqua
2495 5518 2728 5589 graviori
2760 5517 2912 5584 culpa
2935 5514 3164 5568 convicti
3189 5512 3415 5584 fuerint,
3447 5530 3552 5586 qua

1973 5660 2187 5717 slentur,
2218 5669 2375 5724 neque
2399 5655 2496 5721 ipsi
2522 5663 2661 5719 sunt,
2693 5664 2809 5719 qute
2838 5649 3030 5724 desunt
3057 5647 3108 5702 in
3142 5649 3206 5705 A.

2048 5724 2070 5762 ά
2130 5724 2208 5777 Ex
2261 5717 2468 5778 caeteris
2511 5717 2796 5778 Codicibus
2843 5717 3122 5785 desumpta
3172 5727 3296 5775 sunt
3343 5721 3544 5778 verba:

1890 5801 1898 5808 '
1974 5803 2312 5864 competenter
2340 5802 2626 5864 occurrant,
2661 5789 2999 5864 qugdesunt
3025 5792 3076 5864 in
3106 5792 3172 5848 Α,

2052 5854 2233 5935 θἘη
2265 5863 2324 5919 Β.
2357 5867 2442 5932 IL,
2479 5863 2539 5918 T.
2574 5863 2627 5929 1,
2659 5854 2716 5927 Ξ,
2749 5854 2837 5923 U.,
2868 5863 3252 5924 tractoria......
3281 5862 3554 5922 tractaris.
