4024 6350
441 374 541 428 211

1121 354 1506 427 COLLECTIO
1545 371 1876 428 CANONUM
1919 376 1975 428 δ.
2019 371 2293 430 ISIDOItO
2336 376 2600 434 HISPAL.
2646 380 3010 439 ASCRIPTA.

3607 393 3725 450 212

443 503 539 543 eos
569 502 596 540 a
622 485 924 539 ministerio
957 500 1180 540 necesse
1208 489 1278 540 sit
1317 501 1596 543 removere
1615 529 1632 554 ,
1676 503 1780 542 non
1813 490 1892 544 eis
1916 505 2029 545 mas
2059 489 2113 552 Α
2135 505 2256 546 men
2285 492 2402 562 ejus
2432 495 2574 550 inter
2596 495 2694 552 Dei
2738 501 3048 556 sacerdotes
3089 503 3399 560 nullomodo
3439 507 3722 578 recitetur,

444 593 546 634 nus
574 579 658 633 vel
693 587 940 646 tanquam
980 577 1359 644 pmnitenlibus
1406 580 1484 630 vel
1547 589 1801 647 tanquam
1854 580 2029 635 fideli-

443 669 545 725 bus
574 669 724 724 laicis
748 669 1077 737 imponatur;
1109 682 1283 736 neque
1316 684 1556 737 unquam
1589 671 2026 740 permittendum,

445 772 504 816 ut
530 762 843 832 rebaptizati
888 753 954 814 ad
984 760 1272 814 clericatus
1299 761 1523 831 gradum
1557 769 1993 830 promoveantur.

445 855 563 910 XII.
605 852 690 912 De
713 853 911 909 clericis
938 853 1390 976 ωεοηιπὶριηὶῖαιίο
1415 855 1653 919 quandiu
1685 856 1757 909 eis
1806 872 2030 912 asserere

1172 940 1278 976 tcea
1305 965 1318 976 .

1172 940 1318 978 tceat.

518 1017 745 1071 Rursum
788 1013 1138 1070 constitutum
1185 1024 1269 1070 est
1292 1056 1308 1079 ,
1341 1025 1396 1070 ut
1422 1017 1636 1087 quoties
1658 1010 1872 1072 elericis
1899 1033 2031 1074 con-

440 1107 600 1164 victis
625 1115 680 1164 et
707 1106 970 1163 confessis
1007 1107 1060 1162 in
1089 1107 1272 1176 aliquo
1299 1105 1524 1162 crimine
1555 1107 1638 1163 vel
1681 1116 1900 1177 propter
1932 1123 2029 1165 eo-

443 1217 559 1255 rum
591 1199 974 1255 verecundiam
1008 1200 1241 1268 parcitur
1273 1199 1360 1253 vel
1393 1203 1610 1267 propter
1650 1199 1905 1254 Ecclesia:
1930 1216 2026 1270 op-

442 1291 714 1359 probrium
744 1300 836 1346 aut
863 1292 1184 1347 insolentem
1220 1292 1616 1348 insultationem
1649 1291 2024 1349 haereticorum

435 1393 598 1454 atque
639 1385 917 1455 gentilium
942 1429 957 1451 ,
1009 1386 1054 1439 si
1103 1385 1239 1440 forte
1267 1399 1443 1439 causae
1479 1389 1590 1439 suae
1621 1383 1813 1440 adesse
1842 1385 2026 1442 voluea

437 1478 549 1532 riut
577 1487 634 1533 et
666 1479 1028 1533 innocentiam
1057 1483 1206 1532 suam
1236 1487 1506 1542 asserere,
1533 1479 1672 1533 intra
1699 1491 1895 1535 annum
1929 1486 2024 1535 exs

431 1569 941 1625 communicationis
986 1570 1090 1624 hoc
1136 1569 1372 1624 faciant:
1416 1571 1461 1623 si
1506 1581 1637 1624 vero
1660 1569 1799 1625 Intra
1820 1581 2021 1628 annum

433 1673 652 1714 causam
692 1671 844 1714 suam
895 1668 1122 1728 purgate
1169 1661 1630 1728 contempserint,
1661 1661 1804 1715 nulla
1832 1675 2018 1716 eorum

431 1763 537 1805 vos
567 1757 753 1819 postea
782 1753 990 1820 penitus
1020 1751 1283 1804 audiatur.

507 1843 642 1898 Χιι-η..
677 1844 764 1898 'De
803 1845 1000 1898 clericis
1033 1844 1112 1898 vel
1144 1843 1407 1918 monachis
1452 1844 1515 1897 ab
1555 1845 1661 1899 alio
1707 1846 1948 1918 episwpo
2050 1850 2097 1908 B

1083 1915 1358 1968 ordinatis.

507 2006 634 2060 Item
663 2007 894 2074 placuit,
920 2014 976 2059 ttt
1004 2006 1050 2058 si
1090 2006 1212 2074 quis
1237 2005 1305 2060 de
1333 2005 1551 2061 alterius
1581 2009 1910 2062 monasterio
1938 2025 2018 2064 rc-

429 2105 639 2165 pertum
671 2098 749 2150 vel
779 2097 846 2150 ad
901 2091 1215 2150 clericatum
1248 2111 1563 2165 promovere
1603 2099 1828 2154 voluerit
1854 2103 1937 2155 vel
1965 2103 2017 2156 in

429 2201 526 2244 suo
585 2188 910 2243 monasterio
981 2187 1242 2257 majorem
1295 2191 1609 2244 monasterii
1663 2193 2015 2258 constituere,-

428 2282 712 2350 episcopus
738 2283 828 2352 qui
857 2282 962 2335 boe
991 2280 1201 2346 fecerit,
1233 2297 1260 2335 a
1291 2293 1609 2338 cantet-orum
1638 2286 2016 2341 communione

431 2374 732 2444 sej'nnctus,
767 2389 877 2428 sum
901 2383 1104 2428 tantum
1135 2375 1306 2443 plebis
1331 2377 1714 2434 communione
1733 2390 2015 2434 contentus

427 2470 518 2534 sit,
555 2478 610 2526 et
649 2467 739 2524 ille
777 2482 951 2536 neque
989 2471 1219 2524 clericus
1267 2477 1444 2540 neque
1477 2474 1800 2540 praepositus
1831 2487 2013 2541 perse-

422 2574 596 2618 veret.

468 2655 627 2726 158
654 2653 796 2710 XIV;
841 2655 922 2710 De
965 2654 1216 2726 episcopis
1265 2656 1353 2725 qui
1393 2656 1693 2725 inﬁdelibus
1731 2672 1811 2710 res
1858 2672 1977 2710 suas

1059 2726 1256 2799 relinqa
1263 2736 1372 2782 aut.

497 2821 624 2873 Item
652 2823 1007 2876 constitutum
1035 2831 1118 2877 est
1145 2834 1200 2877 ut
1230 2826 1273 2878 si
1304 2827 1424 2893 quis
1454 2822 1740 2892 episcopus
1770 2821 2010 2878 lueredes

425 2925 708 2970 estraneos
735 2929 764 2967 a
785 2915 1248 2987 consanguinitate
1273 2931 1370 2970 sua
1403 2917 1484 2971 vel
1525 2916 1808 2970 Iimreticos
1846 2917 2008 2971 etiam

425 3004 853 3074 consanguineos
915 3018 1006 3060 aut
1063 3021 1300 3079 paganos
1366 3005 1618 3062 Ecclesia
1673 3009 2006 3076 praetulerit,

427 3101 618 3155 saltem
647 3111 768 3171 post
792 3113 1020 3160 mortem
1049 3106 1330 3158 anathema
1359 3106 1410 3159 ei
1441 3103 1673 3166 dicatur,
1717 3114 1877 3172 atque
1911 3121 2010 3159 no-

936 3270 1278 3280 -———_—

2133 589 2238 640 nec
2263 588 2511 641 excusari
2542 590 2711 657 possit
2750 593 2793 644 si
2826 592 3112 649 intestatus
3141 595 3424 663 defecerit,
3454 600 3581 669 quia
3607 601 3724 658 uti-

2133 690 2237 744 que
2283 676 2470 732 debuit
2512 677 2687 736 factus
2735 683 3019 754 episcopus
3067 686 3143 741 rei
3187 703 3303 748 sua:
3328 689 3723 750 ordinationem

2132 782 2426 840 congruam
2457 786 2569 827 sua:
2601 773 2919 842 professioni
2947 793 3278 850 nequaquam
3309 782 3546 840 diIIerre.

2131 880 2248 940 XV.
2291 883 2368 940 De
2387 883 2606 943 basilicis
2633 904 2748 961 qua:
2771 892 2881 944 sine
2909 901 3190 964 martyrum
3224 895 3452 966 reliquiis
3471 899 3725 955 dedicata:

2850 973 2992 1015 sunt.

2199 1066 2330 1124 Item
2367 1069 2584 1138 placuit.
2614 1082 2672 1127 ut
2696 1072 2766 1128 de
2785 1073 3043 1129 altaribus
3066 1091 3184 1144 qua:
3214 1080 3408 1147 passim
3443 1095 3538 1150 per
3561 1097 3723 1152 agros

2128 1168 2224 1213 aut
2249 1160 2360 1214 vias
2389 1170 2640 1232 tanquam
2665 1164 2940 1222 memoria:
2970 1177 3270 1240 martyrum
3298 1172 3720 1245 constituuntur,

2130 1248 2182 1304 in
2233 1252 2424 1322 quibus
2482 1256 2683 1312 nullum
2734 1273 2930 1336 corpus
2984 1269 3078 1315 aut
3130 1262 3372 1332 reliquiae
3419 1277 3721 1338 martyrum

2129 1344 2356 1398 conditae
2411 1347 2737 1416 probantur,
2792 1351 2861 1405 ab
2899 1353 3167 1424 episcopis
3215 1355 3307 1424 qui
3353 1356 3538 1413 iisdem
3583 1359 3722 1416 locis

2127 1446 2369 1504 przesnnt
2397 1437 2442 1491 si
2469 1438 2583 1492 ﬁeri
2616 1449 2792 1510 potest
2820 1453 3165 1500 evertantur:
3214 1448 3256 1516 si
3285 1457 3461 1504 autem
3491 1450 3594 1508 hoc
3621 1468 3721 1528 per

2128 1521 2391 1581 tumultus
2421 1529 2709 1599 populares
2734 1548 2841 1588 non
2873 1536 3084 1603 sinitur,
3116 1535 3300 1608 plebes
3332 1549 3508 1597 tamen
3541 1521 3720 1602 stimo-

2126 1628 2357 1673 neantur
2404 1633 2472 1676 ne
2523 1622 2612 1676 illa
2662 1625 2774 1680 loca
2828 1615 3205 1698 frequentem,
3247 1641 3308 1686 ut
3331 1633 3421 1704 qui
3453 1645 3599 1692 recte
3631 1652 3718 1694 sa-

2125 1710 2277 1780 piunt
2302 1713 2448 1768 nulla
2479 1714 2550 1770 ibi
2585 1717 2970 1784 superstitione
3007 1720 3240 1777 devincti
3287 1732 3591 1784 teneantur.
3651 1731 3718 1786 Et

2123 1805 2344 1859 omnino
2379 1807 2524 1860 nulla
2559 1811 2814 1864 memoria
2857 1821 3151 1884 martyrum
3186 1815 3536 1884 probabiliter
3559 1831 3717 1877 acce-

2127 1904 2324 1965 ptetnr,
2353 1898 2454 1952 nisi
2485 1897 2574 1952 ubi
2604 1914 2801 1970 corpus
2829 1911 2923 1957 aut
2949 1905 3141 1974 aliquae
3172 1907 3412 1978 reliquias
3442 1920 3588 1979 sunt,
3621 1925 3713 1970 aut

2123 1987 2274 2056 origo
2314 1987 2536 2058 alicujus
2587 1991 2931 2048 habitationis
2958 1997 3041 2050 vel
3090 1999 3352 2066 passionis
3400 2001 3712 2060 fidelissima

2122 2082 2328 2153 origine
2359 2084 2617 2152 traditur;
2649 2099 2770 2140 nam
2795 2103 2914 2156 quae
2937 2105 3032 2158 per
3055 2093 3259 2146 somnia
3291 2104 3346 2149 et
3375 2095 3560 2152 inanes
3581 2113 3713 2168 qua-

2121 2174 2168 2228 si
2231 2176 2596 2231 revelationes
2645 2181 3008 2247 quorumlibet
3061 2183 3338 2242 hominum
3390 2190 3713 2263 ubicumque

2121 2270 2522 2323 constituuntur
2548 2271 2734 2326 altaria
2767 2275 3078 2331 omnimodo
3105 2277 3498 2348 improbentur.

2443 2383 2582 2441 XVI.
2631 2387 2715 2452 De'
2761 2389 3014 2445 idolatriis
3047 2394 3388 2451 destruendis.

2190 2497 2319 2554 Item
2354 2502 2551 2570 placuit
2577 2504 2644 2560 ab
2685 2505 3097 2574 imperatoribus
3126 2509 3532 2579 gloriosissimis
3571 2515 3705 2584 peti,

2117 2599 2176 2646 ut
2227 2591 2466 2663 reliquiae
2515 2596 2775 2652 idolatriae
2823 2615 2928 2654 non
2965 2601 3143 2656 solum
3192 2601 3247 2658 in
3286 2604 3712 2663 simulacrissed

2116 2683 2171 2737 in
2201 2683 2626 2756 quibuscumque
2667 2689 2799 2745 locis
2831 2690 2918 2746 vel
2950 2692 3083 2748 lucis
3117 2694 3203 2750 vel
3228 2695 3512 2753 arboribus
3533 2698 3712 2756 omni~

2116 2777 2278 2833 modo
2301 2779 2600 2835 deleantur.

2186 2892 2436 2947 Aurelius
2461 2895 2749 2966 episcopus
2781 2898 3025 2954 ecclesiae
3057 2901 3390 2974 Carthaginis
3431 2905 3512 2960 his
3540 2921 3706 2978 supra

2112 2985 2518 3054 comprehensis
2562 2990 2612 3040 in
2641 3000 2828 3043 nostro
2856 2991 3083 3047 concilio
3111 2995 3323 3048 statutis
3352 2997 3665 3068 subscripsi.

2181 3099 2446 3157 Bimiliter
2475 3105 2815 3175 septuaginta
2841 3113 2949 3161 tres
2979 3108 3220 3178 episcopi
3247 3109 3704 3182 subscripserunt.

1951 3366 2184 3438 XVII

922 3495 1583 3584 CONCILIUM
1633 3491 2638 3595 CABTHAGINENSE
2697 3508 3196 3596 SEXTUM

420 3652 712 3698 HABITUM
768 3658 839 3700 ΑΒ
889 3656 1208 3698 ΕΡΙΒΩΟΡΗΙ
1261 3657 1567 3702 υυοεατιδ
1626 3661 1840 3704 DECEM
1889 3661 2010 3704 BI".

2125 3666 2277 3722 rest,
2325 3666 2465 3710 ωειλ
2517 3665 2826 3715 ccccu't.
2884 3667 2990 3709 ων
3035 3669 3243 3715 scruu
3297 3671 3413 3714 κεί·
3475 3674 3555 3716 υτ
3594 3645 3702 3718 ἰῆτ-

501 3735 734 3780 ΟΕΝΠῙΪῙ
786 3736 1128 3780 COTJCTIJUM
1180 3737 1257 3777 AB
1309 3738 1622 3781 EPISCOPIS
1669 3741 2130 3786 ORIENTALIBUS
2169 3745 2544 3788 PETEBETUR
2583 3747 2733 3790 2CD]
2779 3747 3024 3792 SYNODO
3054 3751 3398 3795 INTERFUIT
3432 3753 3704 3799 LEGATIO

503 3813 810 3858 εροιεειλε
868 3814 1170 3867 ROMANJE,
1222 3817 1571 3862 FAUSTINUS
1617 3821 1901 3868 SCILICET
1952 3824 2010 3866 Ε]

2125 3825 2284 3868 .OPUS
2317 3853 2331 3878 ,
2385 3826 2712 3870 PHILIPPUS
2773 3827 2852 3870 ΕΤ
2902 3830 3168 3874 ASELLUS
3197 3832 3634 3882 ΡιιεεΒΥΤΕιιεε
3680 3861 3698 3893 ,

501 3895 652 3937 POST
704 3894 1119 3936 CONSUIATUM
1181 3896 1802 3946 GLORIOSISSIMORUM
1863 3903 2325 3949 IMPERATORUM
2376 3905 2644 3950 HONORII
2685 3906 2780 3952 XII
2844 3908 2925 3952 ΕΤ
2988 3911 3334 3957 THEODOSII
3388 3914 3504 3957 VIII
3574 3915 3702 3958 AU-

498 3973 862 4022 GUSTORUII,
910 3972 1028 4014 VIII
1074 3971 1405 4020 KALENDAS
1455 3973 1699 4022 JUN'AS.

494 4121 698 4192 159-
727 4120 888 4190 160
925 4121 1249 4193 Carthagine
1310 4125 1363 4180 in
1413 4128 1713 4186 secretario
1766 4128 2002 4186 basilice
2029 4131 2077 4195 C
2107 4148 2210 4201 qua
2259 4134 2328 4189 de
2373 4149 2433 4191 re
2477 4137 2704 4194 Domino
2749 4147 2936 4194 nostro
2962 4137 3032 4196 de
3070 4148 3232 4196 tantae
3261 4142 3694 4213 congregationis

421 4213 602 4268 Fausti
627 4225 749 4266 cum
781 4211 1028 4268 Aurelius
1062 4232 1194 4284 papa
1222 4233 1329 4274 una
1360 4232 1482 4274 cum
1506 4219 1788 4275 Valentino
1815 4223 2004 4291 prima:

414 4303 560 4358 sedis
591 4303 878 4370 provinciae
927 4303 1190 4364 Numidiae
1235 4307 1598 4377 Faustinqu
1624 4312 1870 4368 ecclesia
1899 4312 2006 4369 Po-

413 4393 633 4448 tentius:
701 4395 1000 4462 provinciae
1063 4398 1228 4454 Italiae
1275 4398 1454 4454 Piceni
1518 4403 1692 4471 legato
1748 4405 2002 4464 Ecdesie

411 4483 704 4550 Romanae,
751 4484 846 4539 sed
905 4496 961 4542 et
1009 4486 1195 4556 legatis
1240 4489 1576 4546 diversarum
1609 4496 1999 4561 provinciarum

410 4574 783 4630 Africanarum
817 4577 866 4630 id
896 4585 980 4632 est
1011 4577 1378 4636 Numidiaer
1399 4583 1654 4650 duarum,
1683 4587 1994 4657 Byzaceute,

410 4662 749 4720 Mauritania;
791 4666 1113 4736 Sitiphensis
1164 4679 1218 4724 et
1268 4670 1595 4730 Mauritania:
1624 4677 1994 4746 Caesariensis,

407 4754 506 4810 sed
536 4764 589 4810 et
619 4755 879 4825 Tripolis,
899 4769 953 4813 et
983 4759 1265 4815 Vincentio
1287 4763 1601 4826 Citiusitano
1621 4809 1635 4831 ,
1659 4769 1998 4827 Fortunatia-

407 4859 482 4902 no
510 4854 566 4901 et
603 4853 814 4904 caeteris
856 4851 1122 4922 episcopis
1151 4856 1440 4922 provincia
1463 4864 1868 4928 proconsularis
1898 4865 1998 4920 du-

409 4937 584 4992 centis
620 4938 806 4994 decem
838 4948 895 4998 et
938 4949 1144 5010 septem
1171 4981 1186 5008 .
1215 4959 1423 5000 necnon
1462 4947 1709 5018 Philippo
1735 4961 1790 5007 et
1815 4953 1996 5008 Asello

403 5028 744 5103 presbyteris
785 5041 946 5102 atque
989 5032 1177 5103 legatis
1226 5035 1480 5096 Romanae
1521 5041 1777 5099 Ecclesiae
1799 5057 1995 5098 conse-

408 5120 622 5190 disset,
664 5126 963 5180 astantibus
1009 5127 1321 5186 diaconibus
1346 5174 1361 5198 ,
1414 5133 1668 5192 Aurelius
1707 5139 1994 5206 episcopus

408 5212 565 5269 dixit.

586 5310 627 5365 I.
671 5311 927 5364 Allocutio
954 5320 978 5346 α
1002 5315 1194 5370 Aurelii
1221 5318 1446 5389 episcopi
1467 5317 1534 5369 ad
1557 5319 1830 5388 synodum.
1931 5333 1938 5340 ‘

479 5404 607 5456 Post
655 5403 797 5458 diem
846 5408 1188 5464 constitutum
1221 5411 1473 5472 concilii.
1517 5419 1576 5464 ut
1611 5413 1986 5481 recordamini,

2107 4236 2252 4280 ctetu
2282 4229 2482 4296 gratias
2512 4228 2818 4288 referimus.
2859 4232 3119 4303 Superest
3148 4245 3204 4288 ut
3231 4243 3336 4289 tam
3365 4237 3698 4306 exemplaria

2108 4316 2308 4372 Νειτωηὶ
2334 4320 2551 4375 concilii
2578 4337 2697 4391 qua:
2729 4337 2871 4378 nunc
2899 4324 3158 4380 habemus
3181 4334 3235 4381 et
3261 4341 3289 4381 a
3315 4328 3548 4396 patribus
3565 4343 3697 4384 con-

2103 4408 2284 4464 stituta
2311 4420 2437 4465 suat
2461 4454 2476 4479 ,
2526 4428 2687 4484 quam
2715 4417 2877 4471 etiam
2917 4415 3004 4472 hic
3042 4431 3071 4472 a
3093 4417 3466 4474 decessoribus
3495 4422 3694 4476 nostris

2103 4504 2349 4558 eamdem
2377 4507 2646 4576 synodum
2687 4508 2962 4565 ﬁrmantes
2993 4511 3071 4565 vel
3095 4526 3211 4579 qua
3247 4513 3540 4567 secundum
3568 4527 3688 4568 eam

2100 4592 2325 4650 formam
2347 4611 2442 4665 per
2462 4612 2650 4654 omnes
2670 4601 2988 4656 clericorum
3005 4603 3202 4673 gradus
3228 4619 3258 4657 a
3281 4617 3492 4660 summo
3520 4618 3692 4674 usque

2102 4686 2153 4740 in
2179 4688 2424 4743 ultimum
2453 4691 2742 4747 salubriter
2770 4695 3012 4749 ordinata
3041 4704 3186 4762 sunt,
3211 4697 3264 4751 in
3292 4697 3526 4752 medium
3559 4707 3686 4767 pro-

2100 4776 2362 4832 ferantur.
2422 4780 2504 4834 Ab
2553 4783 2804 4838 universo
2851 4786 3078 4840 concilio
3125 4780 3324 4841 dictum
3354 4797 3473 4843 eat:
3505 4787 3687 4844 Profe-

2097 4881 2303 4926 rantur.
2368 4874 2552 4930 Daniel
2601 4877 2839 4932 notarius
2878 4879 3168 4935 recitavit:
3217 4880 3422 4934 Nicmni
3472 4881 3681 4936 concilii

2097 4964 2222 5020 fidei
2245 4968 2514 5035 professio
2537 4968 2620 5025 vel
2649 4969 2847 5026 statuta
2870 4971 2942 5025 ita
2969 4985 3028 5027 se
3057 4970 3276 5027 habent.

2095 5078 2160 5137 II.
2198 5079 2486 5157 Responsio
2513 5083 3008 5157 Faustiniﬂiiscopi,
3028 5085 3185 5157 legati
3218 5083 3463 5143 Romana:
3490 5083 3681 5157 Eccle-

2163 5151 2256 5206 sia:
2284 5151 2346 5205 de
2385 5153 2468 5228 his
2492 5170 2603 5222 qua!
2641 5156 2694 5208 in
2725 5151 2980 5228 Eaclesia
3000 5151 3206 5228 'pa'rtim
3235 5171 3455 5225 canone,
3491 5151 3677 5225 partitis

2165 5224 2532 5276 consuetudine
2549 5235 2670 5278 sunt
2701 5226 2924 5294 ﬁrmata.

2166 5313 2342 5370 Illam!b
2380 5329 2503 5370 cum
2552 5317 2792 5374 audisset
2837 5319 3124 5376 Faustinus
3168 5320 3454 5390 episcopus
3506 5319 3677 5390 plebis

2094 5403 2390 5464 Potentiam
2439 5411 2730 5478 provinciae
2776 5412 2940 5469 Italia:
2982 5412 3164 5469 Piceni
3194 5413 3399 5484 legatus
3422 5413 3674 5469 Romana

399 5495 594 5549 fratres
645 5493 958 5562 beatissimi,
989 5501 1154 5553 multa
1181 5501 1416 5568 ﬂagitat:
1445 5508 1589 5569 sunt,
1617 5513 1989 5572 exspectantes
2013 5489 2066 5548 Β
2094 5497 2347 5554 Ecclesia:
2374 5500 2545 5556 dixit:
2581 5501 2818 5573 Injuncta
2847 5505 3002 5561 nobis
3034 5513 3160 5562 sunt
3197 5519 3225 5560 a
3264 5505 3395 5561 sede
3421 5504 3677 5575 apostoli-

401 5585 596 5640 fratrcs
647 5595 858 5644 nostros
908 5591 996 5660 qui
1048 5604 1186 5644 nunc
1246 5589 1310 5643 ad
1359 5603 1678 5659 praesentem
1725 5596 1987 5666 synodum

399 5675 557 5746 legati
588 5677 945 5747 advenerunt,
971 5695 1090 5749 qua:
1119 5679 1284 5746 gestis
1321 5697 1540 5740 necesse
1583 5693 1666 5740 est
1692 5687 1984 5755 sociemur,

458 5817 496 5886 ,ο
543 5809 637 5863 llic
664 5823 716 5865 et
747 5820 1032 5880 sequentes
1070 5813 1204 5866 tituli
1235 5813 1299 5872 ad
1336 5817 1631 5885 marginem
1654 5818 1709 5872 in
1737 5819 1802 5876 Δ.
1828 5819 1982 5890 depi-

396 5885 468 5935 cti
500 5891 647 5946 sunt;
704 5895 1082 5948 nonnunquam
1133 5898 1260 5939 vero
1308 5902 1430 5942 cum
1480 5889 1533 5942 in
1564 5898 1764 5945 textum
1792 5885 1978 5951 insonti

2093 5605 2155 5646 ca
2181 5593 2355 5662 aliqua
2384 5609 2481 5664 per
2507 5597 2829 5666 scripturam
2855 5639 2874 5668 ,
2918 5599 3094 5669 aliqua
3123 5602 3282 5658 etiam
3314 5603 3366 5656 in
3409 5599 3674 5660 mandatis

2091 5698 2210 5739 cum
2258 5695 2438 5750 vestra
2488 5687 2817 5745 beatitudine
2861 5691 3137 5745 tractanda
3165 5734 3179 5758 ,
3233 5689 3396 5746 sicuti
3428 5690 3672 5759 etgostis

2086 5820 2194 5892 sint
2221 5822 2499 5892 periodum
2533 5833 2782 5882 truncare
2805 5825 3073 5882 videntur.

2107 5971 2129 5976 ω
2155 5890 2183 5930 ¹³
2219 5890 2332 5961 HL,
2366 5894 2426 5950 Β.
2449 5895 2538 5962 li.,
2567 5896 2654 5964 U.,
2683 5897 2772 5962 6.,
2805 5895 2874 5951 Et
2896 5913 3009 5951 cum
3034 5899 3264 5969 dixisset,
3294 5897 3598 5954 Faustinus.
