4024 6350
252 405 383 464 πὶίὸ

1139 393 1419 455 ΠΜΟΕ
1456 392 1803 449 οοΝοιιιΑ.
1841 419 1914 435 -
1951 390 2545 451 CABTHAGINENSE
2576 393 2668 449 Vl.

3451 396 3562 457 ιη

669 514 1032 579 meminimus,
1061 512 1173 568 hoc
1185 520 1271 569 est
1298 512 1366 568 de
1390 510 1623 584 Nicpnis
1643 508 1865 565 canoni-
1887 510 1944 571 Α
1967 509 2172 578 gneris,
2197 516 2253 563 et
2274 524 2382 564 non
2402 511 2578 566 solum
2612 509 2679 563 ad
2704 507 2878 577 ipsum
2927 506 3428 565 sanctum'fratrem
3458 525 3558 568 ua-

212 654 216 660 .
275 620 417 682 bus,
457 622 519 671 ut
559 616 947 667 conserveer
983 604 1396 682 «constitutio
1442 617 1631 659 eorum
1661 611 1717 656 et
1741 614 1873 655 con-

218 690 219 693 i
275 707 546 772 suetudo,
580 703 701 774 quia
751 711 807 757 et
851 700 1027 770 aliqua
1060 698 1254 753 ordine
1290 704 1350 753 et
1379 697 1531 768 161
1561 709 1769 751 canone
1793 703 1872 749 te-

276 812 514 867 nentur.
563 797 743 867 aliqua
778 793 1177 851 consuetudine
1216 791 1430 846 [irritata
1479 797 1628 844 sunt.
1684 788 1761 843 De
1788 786 1873 841 his

274 910 412 967 ergo
430 893 477 948 si
499 890 673 961 placet
697 885 1011 943 beatitudini
1039 892 1231 939 vestras
1259 891 1552 938 tractemus
1577 920 1594 947 ,
1639 889 1697 935 ut
1714 887 1777 936 et
1805 879 1873 934 ad

285 990 473 1046 sedem
505 980 863 1040 venerandam
896 978 1170 1046 rescriptis
1194 976 1390 1032 vestris
1420 975 1670 1029 intimare
1692 973 1874 1042 poesi-

286 1082 357 1137 tis
391 1089 550 1149 atque
595 1089 695 1132 nos
740 1071 1088 1128 admonuisse
1132 1068 1272 1139 apud
1296 1066 1655 1123 venerabilem
1682 1078 1871 1134 papam

277 1174 558 1230 evidenter
587 1170 790 1227 eluceat
814 1202 833 1235 ,
861 1168 990 1222 licet
1016 1173 1071 1220 et
1098 1164 1331 1233 capitula
1362 1162 1631 1216 actionum
1652 1160 1762 1229 jam
1795 1159 1877 1212 in-

275 1276 425 1321 serta
464 1264 573 1319 sint
612 1260 819 1330 gestis:
866 1258 936 1313 de
982 1260 1117 1324 ipsis
1163 1270 1332 1325 ergo.
1361 1262 1422 1308 ut
1463 1252 1712 1323 superius
1739 1251 1872 1317 dixi,

276 1354 412 1425 quid
444 1362 637 1410 vestrae
665 1349 981 1407 beatitudini
1015 1348 1221 1417 placeat
1246 1360 1406 1416 agere
1431 1346 1714 1402 debemus.
1772 1343 1877 1399 Ve-

274 1448 399 1504 niat
425 1458 557 1516 ergo
580 1440 1051 1498 commonitorium
1070 1439 1128 1495 in
1154 1439 1390 1495 medium
1406 1479 1426 1505 ,
1462 1446 1525 1492 ut
1550 1436 1689 1492 scire
1706 1434 1880 1505 possit

277 1550 459 1597 vestra
503 1536 778 1595 beatitudo
822 1534 958 1605 quid
992 1535 1050 1589 in
1099 1548 1169 1591 eo
1195 1532 1554 1599 contineatur,
1581 1539 1641 1587 ut
1665 1529 1736 1586 ad
1762 1531 1879 1586 siu-

272 1631 403 1703 gula
429 1628 839 1698 respondeatur.

422 1722 510 1779 lli.
548 1720 623 1776 De
640 1719 1027 1777 summitas-io
1051 1717 1273 1773 Romani
1312 1733 1464 1789 papa
1485 1718 1721 1772 recitata.

350 1815 605 1873 Aurelius
620 1815 918 1883 episcopus
943 1811 1119 1867 dixit:
1144 1811 1455 1867 Proferatur
1504 1810 1880 1867 commonito-

1974 612 2145 658 strum
2196 600 2847 672 Constantitmpolitanum
2899 602 3210 671 episcopum
3232 642 3249 667 ,
3276 604 3373 658 sed
3400 606 3562 661 etiam

1975 697 2043 753 ad
2077 698 2493 753 Alexandrinum
2525 706 2582 754 et
2602 688 2996 755 Antiochenam
3028 696 3360 759 venerabiles
3386 712 3566 753 sacer-

1975 789 2154 855 dotes,
2183 790 2273 858 qui
2305 789 2409 843 lion
2453 788 2611 844 nobis
2657 791 2946 845 concilium
2994 788 3095 844 sub
3147 787 3565 856 adstipulatione

1974 883 2279 939 litterarum
2335 896 2554 937 suarum
2604 882 2863 951 dirigant,
2907 892 2965 937 ut
3006 883 3182 938 omnis
3224 883 3565 951 postmodum

1977 975 2301 1044 ambiguitas
2329 972 2623 1038 auferatur,
2651 973 2776 1042 quia
2788 988 2887 1028 nos
2913 975 2986 1029 ita
3014 984 3071 1029 ut
3096 973 3255 1027 frater
3276 972 3566 1028 Faustinus

1978 1068 2155 1122 attulit
2180 1066 2404 1122 minime
2434 1065 2738 1121 invenimus
2768 1081 2784 1118 :
2814 1066 2915 1120 ista
2946 1081 3048 1120 nos
3095 1076 3272 1119 tamen
3298 1065 3568 1134 paulisper

1974 1173 2309 1229 servaturos,
2334 1170 2393 1218 ut
2428 1172 2584 1217 antea
2628 1160 2765 1227 dixi,
2785 1161 2961 1217 donec
3008 1161 3225 1229 integra
3240 1159 3568 1229 exemplaria

1980 1259 2197 1315 veniant
2224 1257 2557 1326 profitemur.
2586 1253 2857 1310 Petendus‘
2883 1262 2966 1307 est
3014 1260 3192 1307 autem
3246 1253 3440 1307 litteris
3469 1265 3568 1305 uo-

1981 1356 2109 1411 stris
2137 1353 2296 1410 etiam
2341 1351 2669 1407 venerabilis
2714 1348 2972 1405 Ecclesiae
3004 1348 3259 1403 Romanae
3287 1349 3571 1419 episcopus

1983 1448 2306 1513 Bonifacius,
2340 1455 2397 1502 ut
2445 1447 2561 1518 ipse
2607 1452 2820 1516 Quoque
2860 1443 3108 1514 dignetur
3132 1442 3201 1497 ad
3250 1450 3572 1498 memoratas

1982 1541 2240 1597 ecclesias
2261 1539 2471 1610 aliquos
2495 1539 2732 1601 mittere,
2757 1537 2847 1607 qui
2873 1535 3405 1604 eademex‘emplaria
3435 1548 3573 1603 prae-

1983 1633 2109 1689 dicti
2132 1626 2336 1689 Nicaeni
2364 1632 2575 1690 concilii
2628 1630 2925 1688 secundum
2978 1629 3095 1698 ejus
3141 1628 3349 1698 possint
3373 1627 3574 1695 scripta

1980 1726 2220 1801 perferre
2239 1726 2326 1802 [Τ.
2361 1727 2418 1782 2.
2446 1723 2751 1796 praeferre].
2783 1722 2933 1779 Nunc
2956 1724 3138 1778 autem
3161 1718 3443 1775 memorati
3469 1718 3571 1772 Ni-

1982 1822 2352 1880 cainicohcilii
2379 1822 2558 1893 qualia
2604 1819 2929 1890 exemplaria
2985 1816 3247 1873 habemus
3275 1814 3361 1869 his
3410 1813 3575 1883 gestis

276 1913 421 1968 rium
440 1908 587 1980 quod
819 1881 885 1961 vet
908 1905 1328 1962 consacerdotes
1355 1902 1527 1959 nostri
1549 1903 1687 1959 actis
1702 1916 1874 1972 nuper
1902 1881 1954 1942 Β
1986 1920 2278 1973 εοείθῐηυε,

277 2005 665 2075 allegaveruut,
694 2011 751 2058 et
774 2010 975 2058 caetera
998 2015 1117 2071 qua!
1139 2009 1260 2055 acta
1286 2008 1416 2054 sunt
1444 1998 1531 2053 vel
1556 2012 1679 2067 quze
1706 2012 1880 2065 agen-

270 2098 346 2153 da
385 2106 532 2152 sunt.
577 2095 981 2164 Subsequeutar
1038 2091 1227 2147 Daniel
1261 2099 1291 2127 ι
1333 2089 1577 2144 notarius
1628 2088 1881 2144 recitavit

276 2189 777 2246 commonitorium.
809 2186 985 2243 Fratri
1016 2183 1273 2239 Faustino
1303 2191 1361 2238 et
1390 2183 1519 2237 ﬁliis
1548 2181 1797 2250 Philippo
1822 2190 1883 2236 et

284 2280 472 2337 Asello
508 2278 843 2349 presbyteris
893 2277 1144 2332 Zosimus
1188 2276 1503 2345 episcopus.
1530 2275 1699 2330 Vobis
1729 2289 1879 2330 com-

282 2372 453 2426 missa
482 2370 694 2441 nugalia
742 2385 849 2427 non
906 2370 1095 2432 latent,
1125 2383 1221 2423 vos
1252 2369 1345 2434 ita,
1375 2383 1436 2421 ac
1464 2369 1507 2421 si
1562 2376 1749 2421 nostra
1806 2366 1879 2422 ibi

278 2457 395 2513 imo
420 2459 550 2527 quia
594 2465 780 2513 nostra
820 2457 892 2510 ibi
935 2458 991 2511 in
1032 2456 1185 2509 vobis
1206 2454 1498 2523 praesentia
1555 2463 1660 2522 est,
1687 2462 1878 2508 cuncta

275 2552 545 2621 peragite.
564 2551 798 2608 maxime
817 2563 940 2605 cum
958 2557 1017 2604 et
1042 2549 1143 2602 hoc
1164 2556 1406 2602 nostrum
1434 2546 1651 2615 possitis
1680 2546 1880 2600 habere

276 2645 617 2710 mandatum,
650 2652 704 2698 et
725 2642 890 2698 verba
916 2655 1181 2696 canonum
1212 2653 1333 2709 quae
1361 2639 1417 2693 in
1449 2638 1749 2708 pleniorem
1785 2639 1881 2693 lir-

286 2738 534 2793 mitatem
582 2736 710 2793 huic
762 2733 1180 2791 commonitorio
1229 2731 1559 2785 iuseruimus
1591 2748 1603 2783 :
1634 2731 1713 2783 ita
1731 2728 1878 2784 enim

282 2828 538 2883 dixerunt
564 2824 903 2887 dilectissimi
925 2825 1120 2881 fratres
1150 2823 1204 2881 in
1232 2823 1465 2879 concilio
1486 2824 1727 2889 Nicmno,
1754 2837 1879 2878 eum

281 2922 353 2979 de
398 2921 776 2991 episcoporum
824 2918 1195 2990 appellatione
1239 2916 1615 2971 decernerent.
1674 2914 1883 2971 Placuit

278 3022 468 3071 autem
497 3023 555 3069 ut
582 3014 627 3067 si
649 3012 936 3082 episcopus
978 3018 1266 3066 accusatus
1317 3007 1502 3069 fuerit.
1530 3017 1583 3062 et
1607 3003 1884 3077 judicave-

281 3108 397 3162 rint
423 3106 736 3177 congregati
764 3104 1009 3175 episeopi
1053 3103 1293 3172 regionis
1333 3101 1507 3170 ipsius
1534 3110 1589 3155 et
1617 3099 1686 3155 de
1712 3099 1881 3170 gradu

281 3216 387 3256 suo
413 3200 708 3272 dejccerint
736 3215 883 3267 eum,
917 3206 971 3253 et
1029 3192 1333 3266 appellasse
1375 3194 1589 3249 videtnr
1618 3200 1673 3248 ct
1698 3193 1884 3247 confu-

281 3296 428 3368 gerit
454 3294 520 3350 ad
553 3295 930 3351 beatissimum
958 3292 1215 3347 Ecclesite
1246 3291 1509 3345 Romana:
1540 3289 1877 3359 episcopum,

283 3401 343 3446 et
375 3390 606 3445 voluerit
629 3387 802 3442 audiri
832 3393 887 3440 et
938 3386 1143 3454 justum
1188 3385 1455 3454 putaverit
1484 3389 1545 3436 ut
1594 3393 1884 3437 renovetur

286 3488 539 3548 examen,
576 3481 812 3537 scribere
864 3480 947 3534 liis
977 3478 1249 3549 episc0pis
1278 3476 1525 3547 dignetur
1555 3476 1643 3545 qui
1674 3475 1725 3529 in
1760 3474 1881 3529 lini-

287 3576 420 3629 tima
450 3584 504 3628 et
547 3577 843 3644 propinqua
874 3572 1149 3643 provincia
1198 3577 1344 3636 sunt,
1376 3577 1436 3624 ut
1464 3570 1564 3637 ipsi
1593 3569 1884 3638 diligenter

291 3666 475 3721 omnia
501 3666 779 3735 requirant
801 3671 855 3718 et
891 3665 1040 3733 juxta
1068 3662 1227 3716 fidem
1286 3661 1534 3716 veritatis
1565 3660 1827 3714 definiant
1863 3676 1877 3711 :

288 3757 433 3827 quod
457 3756 501 3812 si
532 3758 653 3827 quis
707 3762 861 3825 rogat
891 3766 1105 3811 oausam
1172 3739 1325 3809 suam
1383 3753 1575 3807 iterum
1604 3751 1802 3817 audiri,
1830 3760 1884 3807 et

290 3850 675 3921 deprecatione
697 3863 792 3902 sua
824 3847 1054 3901 moverit
1073 3848 1388 3915 episcopum
1434 3840 1734 3898 Romanum
1766 3851 1825 3897 ut
1852 3858 1884 3898 e

289 3942 467 3998 latere
495 3956 592 3997 suo
640 3941 1013 4011 presbyterem
1045 3940 1237 4005 mittat,
1263 3939 1369 3993 erit
1394 3937 1447 3991 in
1481 3944 1746 4006 potestate
1772 3937 1885 4003 epi-

295 4032 447 4100 sc0pi
472 4031 596 4099 quid
630 4030 760 4082 velit
813 4040 867 4083 et
896 4028 1023 4097 quid
1074 4028 1379 4090 existimet;
1409 4034 1463 4081 et
1512 4028 1555 4079 si
1587 4027 1886 4079 decreverit

296 4120 587 4177 mittendos
618 4128 737 4174 esse
760 4120 852 4188 qui
878 4120 1173 4186 prtesentes
1199 4131 1321 4170 cum
1346 4116 1615 4185 episcopis
1641 4114 1887 4183 judicent

297 4215 561 4271 habentes
587 4212 963 4267 auctoritatem
993 4210 1106 4279 ejus
1136 4225 1165 4263 a
1194 4223 1302 4278 quo
1329 4206 1584 4263 destinati
1613 4212 1759 4273 sunt,
1785 4207 1887 4262 erit

295 4310 354 4366 in
386 4309 504 4380 ejus
532 4307 787 4371 arbitrio;
842 4306 886 4359 si
934 4318 1060 4360 vero
1088 4302 1377 4359 crediderit
1405 4299 1650 4355 sufficere
1678 4300 1887 4369 episco-

294 4417 397 4474 pos
419 4410 476 4455 ut
504 4400 723 4471 negotio
764 4397 1051 4452 terminum
1101 4395 1403 4466 imponant,
1435 4391 1600 4448 faciet
1625 4391 1769 4462 quod
1802 4402 1886 4445 sa-

293 4495 632 4566 pientissimo
654 4492 880 4548 consilio
908 4496 1006 4545 suo
1028 4488 1372 4559 iudicaverit.

294 4586 389 4644 IV.
418 4587 578 4657 Alipii
599 4583 1118 4668 emacem-responsio
1146 4598 1239 4668 pro
1266 4577 1752 4668 peringexemmariis
1772 4574 1887 4632 Ni-
1906 4602 1964 4665 Β

716 4651 844 4710 caeni
873 4651 1073 4709 concilii
1100 4651 1472 4724 perquirendis.

372 4753 442 4807 Et
461 4764 585 4807 cum
610 4751 886 4813 recitaret.
916 4748 1101 4815 Alpius
1116 4747 1403 4815 episcopus
1423 4743 1667 4799 ecclesiae
1686 4742 1885 4812 Tagas-

296 4844 471 4902 tensis
499 4844 705 4914 legatus
728 4841 1017 4910 provineiae
1041 4838 1303 4893 Numidia:
1332 4836 1469 4890 dixit
1494 4853 1509 4889 :
1544 4835 1619 4891 De
1647 4836 1751 4888 hoc
1771 4834 1883 4903 jam

294 4934 671 5006 Superioribus
696 4933 857 4987 etiam
900 4929 1093 4984 litteris
1134 4926 1350 4982 concilii
1382 4927 1553 4980 nostri
1597 4925 1885 4992 rescripsi-

300 5038 443 5091 mus,
473 5035 528 5081 et
556 5027 609 5081 id
633 5037 732 5079 nos
748 5029 1056 5077 servaturos
1078 5019 1395 5087 profitemur
1416 5016 1558 5081 quod
1585 5014 1641 5069 in
1668 5015 1886 5070 Nicamo

297 5118 533 5176 concilio
567 5118 724 5188 162
754 5114 1099 5170 constitutum
1133 5120 1216 5167 est
1248 5127 1261 5163 :
1294 5109 1470 5164 adhuc
1497 5117 1676 5162 tamen
1704 5113 1888 5161 movet

296 5210 326 5251 δ
348 5214 604 5281 quoniam
633 5224 753 5264 cum
778 5208 1168 5276 iuspicerernus
1215 5204 1404 5260 Grcos
1432 5201 1764 5272 exeniplaria
1787 5200 1886 5255 bu-

295 5304 387 5374 jus
416 5302 608 5374 synodi
635 5300 883 5363 Nicaeum,
919 5299 1017 5351 ista
1039 5297 1113 5352 ibi
1135 5298 1317 5351 nescio
1343 5309 1445 5365 qua
1490 5296 1698 5349 ratione
1729 5292 1887 5346 mini-

301 5409 388 5451 me
416 5393 737 5449 invenimus.
780 5389 935 5445 Unde
990 5391 1220 5457 petimus
1270 5388 1671 5443 venerationem
1711 5396 1878 5452 tuam,

302 5496 487 5547 sancte
520 5500 649 5557 papa
676 5484 882 5549 Aureli,
912 5491 973 5537 ut
998 5483 1121 5551 quia
1161 5481 1264 5536 hoc
1304 5478 1667 5535 authenticum
1705 5481 1885 5535 conci-

300 5581 431 5638 lium
455 5580 727 5635 Nictenum
771 5576 823 5630 in
856 5574 989 5630 urbe
1015 5573 1210 5629 dicitur
1256 5585 1380 5628 esse
1402 5571 1887 5643 Constantinopoli-

304 5681 449 5741 tana,
476 5670 685 5741 aliquos
702 5683 825 5740 cum
851 5666 1065 5738 scriptis
1094 5674 1203 5722 tua:
1231 5662 1535 5722 sanctitatis
1563 5673 1781 5721 mittere
1801 5664 1886 5721 di-

378 5839 405 5869 ιι
426 5828 542 5895 Ᾱζη
574 5830 635 5883 Β.
668 5825 1522 5899 3.,iagendasuntsubsequantur.
1552 5823 1756 5881 Daniel.
1782 5825 1882 5893 U.,

311 5903 508 5973 agenda
532 5909 671 5966 sunt,
702 5896 1079 5968 subsequentur.
1107 5896 1315 5951 Daniel;

1979 2007 2046 2063 ν.
2085 2008 2181 2065 Ubi
2228 2004 2507 2063 Faustinus
2550 2007 2828 2078 episwpus
2864 2004 3010 2069 dicit,
3037 2008 3096 2058 tu
3139 2000 3372 2078 Romano
3428 2012 3576 2066 papae

2052 2082 2279 2206 gigas
2305 2097 2397 2150 pro
2426 2073 2733 2145 inquii-mide
2756 2075 2988 2129 Nicena:
3016 2073 3203 2143 synodi
3238 2073 3453 2125 caritate
3480 2084 3575 2120 no-

2056 2245 2345 2299 Faustinus
2395 2244 2680 2312 episcopus
2733 2242 2936 2310 legatus
3006 2237 3263 2295 Ecclesia
3317 2235 3574 2293 Romanae

1982 2336 2118 2392 dixit
2143 2353 2156 2390 :
2190 2334 2299 2390 Nec
2334 2341 2515 2389 vestra
2542 2333 2802 2387 sanctitas
2842 2329 3159 2401 praeiudicat
3186 2327 3439 2383 Ecclesia:
3467 2325 3576 2379 Ro-

1983 2442 2157 2484 manas
2186 2428 2301 2482 sive
2322 2426 2391 2481 de
2420 2426 2523 2479 hoc
2561 2426 2793 2494 capitulo
2820 2425 2934 2477 sive
2980 2421 3050 2476 de
3086 2420 3233 2486 aliis,
3255 2422 3377 2489 quia
3398 2417 3578 2473 dicere

1979 2522 2232 2589 dignatus
2253 2530 2337 2575 est
2365 2520 2530 2575 frater
2560 2528 2745 2574 noster
2764 2526 2821 2572 et
2862 2517 3216 2585 ooepiscopus
3245 2513 3453 2583 Alipius
3477 2513 3579 2565 du-

1981 2613 2100 2669 bios
2127 2627 2249 2669 esse
2279 2625 2538 2680 canones,
2571 2611 2665 2665 sed
2698 2613 2814 2664 lucc
2841 2609 2953 2678 ipsa
2977 2608 3044 2661 ad
3076 2614 3320 2662 sanetum
3372 2620 3436 2660 ac
3458 2604 3578 2658 bea-

1982 2709 2246 2765 tissimum
2297 2720 2487 2775 papam
2532 2715 2780 2759 nostrum
2819 2702 3058 2756 scribere
3085 2697 3400 2769 dignemini,
3425 2706 3486 2751 ut
3524 2704 3581 2751 et

1982 2801 2100 2870 ipse
2122 2800 2362 2869 integros
2388 2811 2625 2852 canones
2642 2795 2918 2866 inquirens
2938 2808 3060 2849 cum
3082 2804 3259 2847 vestra
3290 2790 3576 2845 sanctitate

1983 2895 2054 2950 de
2076 2893 2324 2948 omnibus
2350 2889 2651 2945 constitutis
2682 2892 2910 2941 tractare
2932 2884 3122 2956 possit.
3138 2884 3383 2940 Sufﬁciat
3395 2891 3573 2936 autem

1984 2996 2121 3043 utet
2150 2989 2264 3057 ipse
2286 2984 2629 3040 beatissimus
2676 2982 2959 3049 episcopus
2998 2978 3148 3031 urbis
3196 2977 3408 3039 Romm,
3441 2976 3584 3028 sicut

1984 3087 2041 3133 et
2063 3085 2241 3133 vestra
2274 3075 2529 3130 sanctitas
2551 3070 2688 3139 apud
2719 3084 2777 3123 se
2818 3064 3033 3133 tractat,
3074 3066 3147 3120 ita
3175 3076 3229 3120 et
3267 3065 3385 3134 ipse
3403 3061 3583 3133 inqui-

1985 3176 2091 3234 rat,
2128 3183 2198 3223 ue
2236 3165 2512 3220 contentio
2544 3163 2684 3215 inter
2726 3159 2981 3215 ecclesias
3008 3157 3160 3213 nasci
3187 3157 3454 3221 videatur,
3485 3155 3581 3210 sed

1908 3248 1958 3312 C
1988 3260 2162 3332 magis
2190 3257 2457 3313 charitate
2485 3254 2719 3308 fraterna
2741 3251 3044 3307 deliberare
3075 3249 3291 3319 possitis
3322 3248 3439 3317 ipso
3468 3262 3584 3303 res-

1983 3356 2230 3410 eribente
2277 3350 2405 3421 quid
2450 3348 2643 3403 melius
2690 3345 2973 3402 obsonari
3004 3356 3028 3385 ο
3058 3345 3271 3399 debeat.
3332 3340 3585 3396 Aurelius

1985 3448 2274 3516 episcopus
2303 3442 2476 3496 dixit:
2510 3440 2716 3495 Praeter
2759 3438 2860 3492 ista
2892 3453 3013 3507 quae
3042 3434 3472 3506 deprompaimus
3493 3446 3586 3486 ac-

1986 3540 2055 3593 tis
2079 3549 2303 3591 necesse
2328 3540 2413 3588 est
2440 3542 2495 3585 ut
2530 3532 2691 3587 etiam
2718 3541 2916 3584 nostrae
2942 3529 3216 3598 parvitatis
3238 3527 3436 3581 litteris
3458 3536 3585 3579 san-

1985 3637 2075 3685 cto
2102 3626 2252 3682 fratri
2269 3635 2325 3680 et
2349 3623 2721 3680 consacerdoti
2735 3633 2918 3678 nostro
2943 3620 3212 3676 Bonifacio
3233 3618 3444 3689 singula
3460 3631 3584 3686 quae

1988 3728 2281 3775 tractamus
2304 3718 2624 3787 plenissime
2673 3715 2983 3769 intimemus
3015 3731 3029 3768 :
3062 3726 3194 3783 ergo
3241 3712 3286 3765 si
3332 3707 3586 3764 omnibus

1989 3812 2164 3881 placet
2188 3809 2494 3880 prosecutio
2525 3817 2742 3871 nostra,
2773 3821 2870 3861 ore
2900 3804 3141 3859 omnium
3184 3802 3582 3859 condiscamus.

1987 3904 2315 3960 Universum
2339 3900 2630 3956 concilium
2661 3898 2799 3953 dixit
2828 3916 2842 3951 :
2872 3898 3079 3953 Placet.

1989 4017 2079 4072 Vl.
2112 4017 2189 4070 De
2215 4016 2461 4069 sententia
2489 4012 2814 4069 Sardiceusis
2828 4011 3035 4065 concilii
3055 4010 3266 4066 recitata
3295 4006 3588 4077 postulante

2539 4084 2591 4136 Ν
2598 4092 2746 4137 ovato
2771 4085 3033 4154 episcopo.

2061 4174 2298 4230 Novatus
2319 4175 2609 4243 episcopus
2638 4175 2845 4243 legatus
2876 4170 3212 4227 Mauritaniae
3258 4168 3585 4240 Sitiphensis

1988 4268 2126 4323 dixit
2154 4285 2168 4322 :
2202 4267 2355 4321 Nunc
2382 4266 2728 4321 meminimus
2759 4265 2814 4319 in
2834 4263 2938 4320 hoc
2972 4265 3125 4336 163
3156 4264 3408 4333 praesenti
3430 4277 3580 4317 com-

1988 4361 2280 4415 monitorio
2303 4360 2504 4415 lectum
2534 4359 2695 4413 etiam
2725 4357 2795 4412 de
2848 4357 3183 4428 presbyteris
3230 4356 3315 4409 vel
3343 4355 3584 4412 diaconi-

1988 4455 2089 4510 bus
2109 4454 2394 4519 contineri,
2421 4452 2652 4522 qualiter
2672 4450 2845 4505 audiri
2892 4450 2961 4504 ab
3006 4448 3274 4518 episcopis
3303 4448 3414 4502 suis
3440 4447 3523 4503 vel
3551 4462 3583 4501 a

1990 4546 2229 4601 finitimis
2254 4545 2505 4611 debeant,
2546 4543 2691 4613 quod
2737 4544 2791 4597 in
2820 4541 3039 4597 Nicaeno
3102 4539 3329 4595 concilio
3358 4539 3583 4593 minime

1991 4640 2214 4710 legimus
2245 4656 2257 4691 :
2291 4637 2434 4693 unde
2466 4636 2567 4691 hoc
2592 4637 2765 4706 ipsum
2788 4634 2979 4704 jubeat
3008 4634 3266 4691 sanetitas
3285 4641 3464 4688 vestra
3493 4645 3587 4687 no-

1986 4733 2071 4789 bis
2095 4732 2339 4789 recitari.
2372 4730 2628 4786 Aurelius
2653 4730 2944 4800 episcopus
2994 4728 3132 4782 dixit
3162 4745 3175 4779 :
3206 4727 3488 4784 Recitatur
3515 4727 3583 4782 ad

1986 4826 2165 4881 locum
2192 4826 2353 4879 etiam
2381 4824 2486 4878 hoc
2532 4821 2678 4893 quod
2729 4821 3057 4890 deposcitur.
3104 4820 3287 4877 Daniel
3338 4822 3581 4877 notarius

1989 4915 2281 4969 recitavit:
2315 4913 2394 4968 De
2442 4911 2893 4981 appellationibus
2941 4920 3125 4966 autem
3149 4912 3492 4976 clericorum,
3522 4910 3580 4965 id

1986 5018 2074 5063 est
2097 5007 2322 5061 minoris
2349 5005 2475 5070 loci,
2506 5015 2561 5060 et
2590 5004 2757 5074 ipsius
2787 5004 2979 5077 synodi
3002 5017 3150 5061 certa
3178 5006 3480 5074 responsio,
3510 5003 3579 5057 de

1986 5113 2093 5169 qua
2119 5112 2181 5153 re
2207 5096 2336 5166 quid
2358 5095 2531 5150 acturi
2559 5095 2676 5150 sitis
2721 5096 2990 5152 credimus
3031 5094 3399 5157 inserendum,
3432 5092 3574 5161 quod

1989 5192 2166 5246 taliter
2190 5190 2399 5245 dictum
2419 5195 2504 5244 est
2524 5204 2589 5244 ex
2626 5188 2932 5244 Sardiceusi
2974 5186 3206 5243 concilio
3230 5182 3425 5255 (Titqu
3460 5182 3571 5254 t7).

1987 5289 2148 5345 Osius
2175 5290 2463 5360 episcopus
2494 5288 2627 5342 dixit
2658 5303 2674 5341 :
2705 5287 2843 5355 Quid
2872 5302 2959 5341 me
2988 5284 3163 5339 adhuc
3192 5286 3408 5336 moveat
3434 5280 3570 5336 reti-

1987 5394 2113 5439 cere
2142 5397 2249 5437 non
2280 5382 2450 5437 debeo
2484 5398 2497 5435 :
2531 5380 2590 5436 Si
2630 5380 2912 5448 episcopus
2937 5376 3055 5443 quis
3099 5374 3232 5427 forte
3260 5372 3567 5443 iracundus,

1987 5476 2133 5547 quod
2156 5489 2277 5531 esse
2306 5490 2416 5530 non
2441 5474 2625 5540 debet,
2658 5476 2768 5531 cito
2817 5478 2911 5524 aut
2952 5480 3142 5536 aspere
3170 5475 3570 5522 commoveatur

1988 5570 2251 5627 adversus
2278 5569 2655 5640 presbyterum
2686 5567 2799 5621 sive
2822 5562 3099 5616 diaconem
3125 5572 3282 5615 suum
3314 5570 3370 5616 et
3393 5568 3571 5616 exter-

1988 5668 2198 5722 minare
2226 5678 2350 5719 eum
2400 5662 2470 5718 de
2493 5659 2724 5717 ecclesia
2771 5652 3024 5720 voluerit,
3051 5653 3436 5722 providendum
3485 5661 3572 5713 est

2057 5821 2085 5858 b
2118 5822 2234 5885 33,,
2264 5820 2328 5875 Β,
2354 5818 2444 5883 IL,
2478 5815 2541 5868 Τ.
2573 5806 2898 5886 l,2,_adltuc
2924 5816 3091 5863 tamen
3116 5825 3195 5865 me
3215 5820 3398 5886 movet.

2064 5904 2086 5932 ο
2122 5895 2201 5947 Ex
2224 5882 2451 5957 reliquis
2482 5891 2673 5951 praeter
2695 5882 2786 5942 A.,
2812 5882 2864 5929 in
2893 5895 3018 5948 quo,
3047 5885 3297 5940 renovari.
