4024 6350
184 358 280 415 £17

1027 355 1305 415 AFRICE
1342 354 1686 415 CONCILIA.
1723 381 1800 401 -
1837 354 2422 421 CARTHAGINENSE
2460 361 2554 422 VI.

3348 369 3454 425 218

178 474 291 542 fuit,
325 470 575 544 quoniam
597 471 720 527 talia
749 473 910 529 multa
941 482 1335 544 praecesserunt
1356 482 1411 528 ut
1440 473 1527 528 vel
1557 471 1752 528 similia
1781 474 1832 536 Α
1857 485 2261 532 commoveatur
2296 480 2553 537 adversus
2581 481 2958 555 presbyterum
3001 483 3123 542 sive
3161 485 3454 548 diaconum

180 571 255 626 vel
299 570 458 624 etiam
512 567 760 640 graviora
809 569 1059 638 deinceps
1107 568 1398 638 praecaveri
1447 576 1758 637 oporteret:

177 662 373 734 placuit
400 661 555 714 nobis
583 669 642 713 ut
662 660 730 717 de
759 660 999 716 Siccensi
1032 659 1292 726 Ecclesia,
1323 666 1531 714 retento
1562 659 1766 714 scilicet

181 754 383 808 honore
412 751 610 823 gradus
632 753 745 820 sui,
779 755 1061 824 presbyter
1091 759 1461 808 removeretur
1489 751 1761 820 Apiarius,

173 857 220 902 et
245 855 469 914 accepto
490 845 741 914 epistolio
766 847 1068 916 ubicunque
1099 845 1226 901 alibi
1269 846 1434 901 vellet
1476 853 1532 900 et
1579 851 1766 914 posset

176 940 488 1010 presbyterii
518 953 742 994 munere
771 938 1114 1006 fungeretur;
1149 936 1294 1008 quod
1325 936 1500 992 eidem
1542 935 1642 1006 ipsi
1669 950 1764 1005 per

174 1035 373 1089 litteras
409 1032 649 1103 proprias
669 1031 959 1102 postulanti
995 1029 1117 1086 sine
1144 1029 1460 1084 difficultate
1487 1028 1763 1085 concessi-

175 1145 307 1183 mus.
349 1128 492 1183 Sane
523 1128 833 1196 priusquam
883 1124 997 1178 hazc
1037 1137 1195 1178 causa
1227 1123 1332 1178 isto
1355 1120 1586 1176 termino
1616 1122 1764 1176 clau-

172 1223 409 1286 deretur,
438 1218 578 1272 inter
599 1217 702 1270 alia
728 1231 846 1286 qua:
871 1214 1139 1270 diuturnis
1169 1212 1297 1286 [U.,
1325 1211 1568 1285 diutinis]
1591 1212 1766 1268 disce-

173 1313 495 1383 ptationibus
525 1312 684 1383 166
705 1309 1072 1374 versabamur,
1104 1309 1230 1379 quia
1261 1307 1402 1363 ratio
1433 1309 1546 1378 ipsa
1572 1321 1764 1377 posce-

171 1407 258 1460 bat
308 1414 369 1459 ut
397 1403 536 1471 apud
585 1411 703 1456 acta
753 1401 1113 1456 ecclesiastica
1165 1415 1196 1454 a
1255 1399 1515 1456 fratribus
1564 1400 1764 1454 nostris

175 1497 429 1554 Faustino
445 1496 766 1566 coepiscopo
781 1505 835 1550 et
857 1494 1100 1564 Philippo
1113 1501 1273 1564 atque
1295 1494 1476 1548 Asello
1489 1505 1765 1562 compres-

174 1593 379 1665 byteris
420 1602 805 1661 quaereremus,
835 1595 894 1642 ut
932 1597 1247 1658 promerent
1274 1584 1533 1656 quidquid
1564 1586 1642 1639 eis
1669 1597 1764 1637 no-

170 1685 377 1740 biscum
400 1682 668 1752 agendum
704 1681 895 1735 fuisset
917 1678 1238 1748 iniunctum,
1269 1677 1525 1732 nonnulla
1551 1675 1764 1747 quidem

169 1779 284 1834 sine
311 1777 422 1832 ullo
452 1776 655 1844 scripto
685 1773 974 1842 {prosecuti
1006 1781 1133 1827 sunt
1173 1772 1350 1828 verbis
1377 1789 1391 1825 :
1428 1771 1526 1827 sed
1557 1786 1677 1825 cum
1710 1769 1764 1824 id

1863 583 2017 624 suum
2045 579 2098 626 et
2126 575 2484 630 exterminare
2528 591 2648 632 eum
2680 577 2750 633 de
2778 576 3018 635 Ecclesia
3047 579 3300 648 voluerit,
3332 599 3457 654 pro-

1865 663 2150 718 videndum
2194 666 2350 736 167
2378 677 2461 722 est
2488 683 2557 722 ne
2587 670 2844 726 innocens
2873 671 3160 728 damnetur
3188 682 3279 728 aut
3330 691 3456 743 per-

1864 756 1955 811 dat
1975 759 2428 826 communionem,
2453 760 2644 817 habeat
2674 773 2992 831 potestatem
3019 765 3222 835 ejectus
3249 775 3308 822 ut
3335 767 3458 823 fini-

1866 847 2025 902 timos
2057 849 2361 918 interpellet
2387 851 2671 920 episc0pos
2708 862 2762 908 et
2790 869 2952 911 causa
2981 856 3102 926 ejus
3129 858 3378 913 audiatur
3405 865 3462 915 et

1865 939 2176 1011 diligentius
2209 951 2465 999 tractetur
2485 985 2499 1009 ,
2528 945 2650 1013 quia
2681 960 2786 1000 non
2815 959 3032 1018 oportet
3061 950 3109 1006 ei
3150 952 3333 1020 negari
3363 967 3459 1006 au-

1865 1033 2118 1089 dientiam
2149 1037 2359 1106 roganti
2385 1054 2398 1102 ;
2430 1046 2481 1093 et
2512 1038 2603 1094 ille
2634 1040 2923 1111 episcopus
2950 1044 3041 1112 qui
3073 1053 3162 1098 aut
3185 1043 3330 1114 juSIe
3368 1052 3462 1100 aut

1865 1124 2060 1194 injuste
2085 1127 2274 1197 rejecit
2316 1129 2581 1197 patienter
2615 1131 2846 1201 accipiat
2877 1142 2935 1186 ut
2964 1137 3236 1203 negotium
3265 1136 3460 1190 discu-

1868 1219 2046 1285 tiatur,
2076 1227 2132 1273 ut
2161 1229 2252 1275 aut
2281 1222 2534 1292 probetur
2562 1221 2676 1292 ejus
2708 1233 2796 1277 aut
2823 1227 3138 1280 emendetur
3167 1229 3453 1284 sententia.

1867 1310 1992 1367 Haec
2012 1313 2198 1381 utique
2228 1329 2398 1384 usque
2426 1314 2491 1369 ad
2522 1315 2808 1370 adventum
2839 1319 3243 1375 verissimorum
3275 1337 3458 1378 exem-

1868 1405 2155 1474 plariorum
2187 1405 2386 1462 Nicaeni
2416 1407 2627 1463 concilii
2661 1409 2860 1463 inserta
2893 1410 3061 1479 gestis
3089 1422 3235 1480 sunt,
3268 1430 3387 1483 qua:
3411 1416 3458 1472 si

1867 1497 1937 1552 ibi
1971 1498 2418 1568 quemadmodum
2450 1501 2737 1556 constituta
2759 1511 2884 1556 sunt
2913 1511 2966 1556 et
3003 1504 3458 1573 quemadmodum

1867 1591 2003 1662 ipso,
2031 1594 2173 1664 quod
2202 1595 2340 1664 apud
2370 1609 2468 1650 nos
2490 1596 2678 1652 fratres
2702 1613 2766 1652 ex
2790 1598 3087 1667 apostolica
3111 1600 3239 1656 sede
3269 1601 3461 1657 directi

1866 1685 2254 1755 allegaverunt,
2284 1691 2697 1744 commonitorio
2741 1693 3109 1755 continentur,
3157 1708 3222 1748 eo
3271 1695 3462 1751 ordine

1867 1781 1949 1834 vel
1983 1782 2122 1852 apud
2168 1798 2264 1838 vos
2296 1785 2347 1838 in
2381 1783 2527 1838 Italia
2568 1785 2989 1852 custodirentur,
3021 1787 3332 1842 nullomodo
3363 1803 3462 1845 nos

170 1873 345 1942 potius
375 1871 738 1940 ﬂagitaremus
766 1867 892 1938 quid
935 1867 989 1921 in
1019 1867 1209 1922 litteris
1249 1865 1489 1929 ferrent.
1520 1877 1763 1919 commo-
1792 1847 1843 1907 Β
1871 1872 1992 1926 talia
2020 1847 2196 1944 qualia
2227 1889 2656 1931 commemorare
2681 1876 2792 1947 jam
2827 1847 3079 1932 nolumus
3106 1877 3187 1933 vel
3231 1881 3464 1936 tolerare

167 1963 421 2021 nitorium
475 1962 840 2032 protulerunt,
881 1959 1022 2029 quod
1073 1959 1352 2015 recitatum
1397 1957 1552 2012 nobis
1601 1955 1764 2010 etiam

167 2056 334 2125 gestis
363 2068 484 2125 qua:
528 2067 711 2109 secum
744 2051 812 2104 ad
841 2065 938 2104 vos
965 2049 1216 2105 deferunt
1240 2056 1321 2102 est
1362 2046 1632 2118 alligatum
1668 2061 1680 2096 :
1712 2044 1764 2098 in

166 2163 275 2218 quo
305 2148 383 2202 eis
415 2153 645 2215 quatuor
667 2141 915 2213 quaedam
942 2141 1220 2196 nobiscum
1248 2138 1484 2209 gerenda
1517 2137 1766 2192 mandata

163 2247 294 2294 sunt
329 2255 341 2290 :
375 2252 538 2291 unum
582 2235 652 2290 de
680 2233 1129 2304 appellationibus
1156 2233 1531 2302 episcoporum
1571 2230 1635 2284 ad
1662 2229 1766 2284 Ro-

164 2346 347 2388 mana:
378 2328 636 2384 Ecclesiae
666 2327 1004 2382 sacerdotem
1036 2343 1051 2380 :
1085 2327 1312 2380 alterum
1347 2341 1412 2379 ne
1443 2325 1508 2378 ad
1538 2323 1764 2378 comita-

170 2433 284 2478 tum
319 2421 559 2493 episcopi
600 2421 906 2488 importune
936 2418 1189 2488 navigent
1220 2434 1233 2470 :
1263 2417 1476 2471 tertium
1500 2416 1566 2471 de
1595 2425 1764 2470 retra-

169 2517 382 2574 ctandis
426 2514 862 2584 presbyterorum
897 2521 952 2568 et
998 2511 1344 2566 diaconorum
1397 2509 1575 2564 causis
1623 2509 1763 2578 apud

170 2608 426 2667 ﬁnitimos
454 2607 756 2678 episcopos,
791 2605 835 2659 si
866 2619 894 2656 a
937 2605 1052 2659 suis
1082 2602 1537 2660 excommunicati
1576 2617 1765 2672 perpe-

165 2719 277 2759 ram
309 2701 432 2776 [U.,
465 2699 718 2772 propere]
756 2700 955 2754 fuerint
984 2718 996 2754 :
1037 2709 1284 2769 quartum
1317 2699 1384 2754 de
1412 2699 1629 2754 Urbano
1651 2699 1765 2768 epi-

165 2809 330 2863 scopo
355 2791 876 2848 excommuuicando
909 2792 990 2844 vel
1021 2792 1180 2846 etiam
1205 2791 1429 2846 Romam
1462 2791 1760 2860 evocanda,

169 2892 265 2947 nisi
297 2905 362 2946 ea
391 2905 511 2958 qua:
538 2887 858 2943 videbantur
887 2887 1205 2956 corrigenda
1248 2886 1566 2954 corrigeret.
1613 2885 1763 2951 Quo-

169 3000 284 3039 rum
314 2981 559 3039 omnium
592 2981 660 3034 de
690 2980 864 3049 primo
903 2988 960 3034 et
991 2981 1149 3034 tertio
1179 2979 1233 3033 id
1257 2989 1337 3033 est
1363 2987 1420 3032 ut
1448 2979 1672 3032 Romam
1699 2977 1762 3030 li-

163 3085 277 3128 ceat
319 3075 578 3142 episcopo
623 3085 952 3140 provocare,
1001 3078 1054 3124 et
1111 3077 1168 3122 ut
1221 3068 1540 3123 clericorum
1587 3080 1767 3122 causa:

165 3169 299 3239 apud
327 3165 730 3239 provinciarum
779 3178 998 3218 suarum
1029 3162 1309 3232 episcopos
1342 3161 1626 3226 finiantur,
1654 3160 1762 3228 jam

165 3261 327 3330 priori
363 3272 506 3312 anno
532 3255 692 3311 etiam
735 3254 930 3310 litteris
980 3255 1181 3310 nostris
1219 3253 1282 3309 ad
1316 3253 1562 3309 eumdem
1597 3267 1760 3308 vene-

167 3355 350 3410 rabilis
383 3352 659 3409 memoriae
687 3351 958 3406 Zosimum
984 3351 1298 3421 episcopum
1324 3351 1465 3405 datis
1487 3349 1766 3405 insinuare

164 3445 497 3511 curavimus,
531 3451 591 3498 ut
633 3457 697 3499 ea
727 3458 948 3498 servare
972 3443 1089 3498 sine
1120 3442 1225 3497 ulla
1264 3442 1383 3512 ejus
1415 3443 1608 3512 injuria
1637 3457 1765 3513 pau-

169 3539 331 3609 lisper
361 3539 664 3592 sineremus
691 3552 862 3607 usque
911 3538 977 3592 ad
1009 3537 1411 3607 inquisitionem
1443 3546 1763 3592 statutorum

167 3629 380 3684 concilii
410 3627 633 3684 Nicmni.
663 3630 727 3682 Et
756 3644 894 3683 nunc
922 3629 990 3683 de
1022 3638 1112 3683 tua
1143 3629 1415 3698 poscimus
1447 3629 1761 3695 sanctitate,

168 3733 224 3778 ut
251 3722 706 3793 quemadmodum
736 3737 798 3777 ea
832 3722 972 3792 apud
1015 3722 1247 3776 Nicaeam
1299 3736 1327 3774 a
1379 3721 1619 3790 patribus
1646 3729 1764 3776 acta

164 3817 247 3874 vel
279 3818 574 3873 constituta
623 3825 748 3872 sunt
777 3817 856 3872 sic
887 3830 946 3870 ea
998 3816 1152 3871 nobis
1196 3815 1362 3871 facias
1407 3815 1686 3883 custodiri,
1712 3825 1766 3870 et

158 3911 229 3966 ibi
263 3913 408 3980 apud
437 3926 533 3967 vos
562 3912 662 3966 ista
693 3925 811 3979 quae
839 3910 890 3964 in
915 3910 1332 3964 commonitorio
1360 3909 1658 3964 attulerunt
1681 3909 1765 3962 fa-

152 4004 267 4058 cias
319 4002 586 4058 exerceri.
639 4000 764 4054 Item
796 4000 931 4054 istud
960 4010 986 4037 ι
1013 4017 1026 4052 :
1073 4000 1130 4055 Si
1160 4001 1449 4068 episcopus
1481 4007 1768 4054 accusatus

155 4095 366 4161 fuerit,
399 4103 454 4151 ct
493 4093 856 4164 judicaverint
903 4093 1209 4161 congregati
1243 4092 1484 4160 episcopi
1529 4091 1767 4161 regionis

155 4191 328 4264 ipsius
363 4199 419 4245 et
446 4189 514 4246 de
543 4188 710 4259 gradu
753 4201 852 4243 suo
879 4185 1177 4256 dejecerint
1206 4200 1350 4251 eum,
1385 4195 1438 4238 et
1467 4184 1768 4253 appellasse

160 4287 385 4342 videtur
412 4295 466 4340 et
495 4282 798 4352 confugerit
843 4282 907 4335 ad
942 4280 1310 4335 beatissimum
1361 4278 1620 4332 Romana:
1663 4277 1764 4331 Ec-

163 4381 343 4437 clesiae
373 4378 704 4447 episcopum,
734 4383 789 4430 et
817 4373 1048 4428 voluerit
1075 4372 1248 4426 audiri
1295 4378 1348 4425 et
1371 4369 1576 4439 justum
1609 4378 1763 4437 puta-

167 4473 307 4528 verit
349 4479 408 4523 nt
456 4476 741 4524 renovetur
784 4480 1030 4530 examen,
1091 4464 1329 4519 scribere
1371 4462 1456 4516 his
1498 4463 1765 4532 episcopis

1868 1978 2182 2035 cogeremur
2204 1966 2284 2020 vel
2309 1967 2664 2023 intolerabilia
2689 1976 3014 2036 pateremur.
3044 1968 3150 2024 Sed
3169 1970 3463 2038 credimus,

1869 2056 2153 2124 adjuvaute
2200 2059 2570 2113 misericordia
2603 2059 2701 2114 Dei
2743 2059 2934 2125 nostri,
2968 2059 3110 2128 quod
3147 2068 3236 2114 tua
3268 2062 3467 2116 sancti-

1871 2155 1980 2201 tate
2011 2147 2266 2202 Romanae
2315 2148 2572 2204 Ecclesiae
2611 2149 2938 2220 praesidente
2981 2165 3088 2204 non
3133 2163 3320 2204 sumus
3355 2149 3467 2219 jam

1868 2241 2028 2297 istum
2063 2242 2286 2318 typhum
2315 2243 2557 2311 passuri,
2589 2251 2645 2299 et
2692 2244 3050 2298 servabuntur
3097 2257 3223 2312 erga
3267 2257 3363 2297 nos
3402 2256 3467 2298 ea

1867 2351 1986 2406 quae
2016 2336 2172 2390 nobis
2195 2336 2355 2392 etiam
2387 2351 2492 2391 non
2523 2336 2909 2393 dissidentibus
2940 2336 3196 2395 custodiri
3228 2335 3460 2391 debeant
3493 2320 3496 2322 ’

1867 2441 1988 2482 cum
2037 2427 2272 2483 fraterna
2317 2429 2580 2485 charitate
2609 2429 2904 2485 secundum
2951 2429 3269 2499 sapientiam
3302 2438 3464 2498 atque

1861 2519 2158 2592 justitiam,
2187 2539 2345 2593 quam
2381 2524 2475 2578 tibi
2518 2525 2738 2579 donavit
2785 2524 3116 2589 Altissimus,
3151 2524 3311 2579 etiam
3344 2523 3462 2593 ipse

1868 2620 2127 2691 perSpicis
2151 2619 2268 2694 [U.,
2301 2619 2398 2688 6.,
2424 2620 2709 2692 prospicis]
2734 2635 2853 2676 esse
2880 2620 3143 2675 servanda
3162 2662 3177 2687 ,
3206 2619 3306 2674 nisi
3329 2619 3465 2676 forte

1866 2709 2022 2764 aliter
2043 2725 2101 2764 se
2133 2710 2364 2765 habeant
2409 2726 2646 2766 canones
2694 2710 2909 2767 concilii
2949 2711 3174 2766 Nicteni.
3204 2710 3462 2777 Quamvis

1866 2801 2006 2856 enim
2047 2801 2306 2870 plurimos
2356 2802 2580 2858 Codices
2623 2803 2948 2873 legerimus,
2983 2803 3079 2858 sed
3117 2817 3380 2872 nusquam
3409 2801 3465 2857 in
3530 2857 3532 2860 .

1866 2892 2081 2947 Nicaeno
2109 2895 2338 2949 concilio
2373 2894 2427 2949 in
2460 2894 2663 2950 Latinis
2690 2896 2978 2951 Codicibus
3019 2896 3244 2967 legimus
3271 2910 3465 2966 quem-

1868 2984 2156 3039 admodum
2200 2987 2252 3040 in
2301 2988 2611 3054 supradicto
2653 2989 3063 3042 commonitorio
3105 2987 3231 3042 inde
3261 2988 3463 3042 directa

1867 3084 1992 3130 sunt
2025 3094 2036 3128 :
2063 3077 2182 3146 quia
2207 3076 2293 3131 hic
2315 3077 2367 3132 in
2401 3079 2551 3133 nullo
2581 3077 2779 3133 Codice
2809 3094 2872 3134 ea
2906 3079 3174 3147 potuimus
3198 3078 3462 3144 invenire,

1868 3185 1933 3224 ex
1958 3169 2318 3225 Orientalibus
2349 3171 2619 3235 Ecelesiis,
2651 3171 2737 3226 ubi
2770 3172 3122 3242 perhibentur
3151 3170 3339 3225 eadem
3363 3172 3462 3226 de-

1867 3277 2011 3321 creta
2046 3281 2201 3335 posse
2245 3267 2408 3322 etiam
2453 3266 2756 3322 authentica
2799 3267 3054 3336 reperiri,
3097 3267 3267 3337 magis
3311 3265 3469 3322 nobis

1870 3360 2240 3415 desideramus
2267 3360 2482 3427 afferri.
2520 3360 2622 3415 Pro
2648 3375 2747 3430 qua
2791 3375 2852 3415 re
2878 3369 3021 3413 tuam
3060 3373 3272 3428 quoque
3299 3373 3464 3414 vene-

1867 3454 2129 3508 rationem
2161 3453 2507 3508 obsecramus
2530 3493 2544 3518 ,
2591 3461 2647 3507 ut
2676 3452 2918 3508 scribere
2943 3453 3107 3508 etiam
3137 3453 3252 3522 ipse
3280 3452 3467 3522 digne-

1868 3547 1943 3601 ris
1973 3545 2039 3600 ad
2070 3546 2278 3601 illarum
2313 3546 2538 3615 partium
2567 3545 2899 3612 sacerdotes,
2935 3544 3038 3600 hoc
3082 3553 3164 3600 est
3208 3543 3463 3600 Ecclesia:

1867 3638 2217 3695 Antiochense
2246 3636 2619 3693 Alexandrina:
2659 3647 2712 3691 et
2751 3635 3378 3706 ConstantinOpolitanm,
3410 3639 3467 3690 et

1868 3733 1914 3787 si
1943 3732 2062 3786 aliis
2101 3733 2259 3786 etiam
2290 3741 2395 3786 tute
2451 3729 2710 3800 placuerit
2749 3727 3096 3784 sanctitudini
3143 3725 3287 3799 [/E.,
3321 3725 3464 3792 BR.,

1872 3826 1966 3892 U.,
1995 3823 2310 3897 sanctitati],
2355 3831 2412 3878 ut
2440 3824 2565 3878 inde
2606 3823 2671 3876 ad
2705 3837 2804 3878 nos
2853 3822 2995 3876 idem
3044 3835 3278 3875 canones
3320 3817 3462 3888 apud

1869 3919 2104 3974 Nicaeam
2150 3920 2419 3974 civitatem
2469 3932 2497 3969 a
2539 3915 2778 3986 patribus
2816 3913 3092 3970 constituti
3132 3913 3383 3978 veniant,
3415 3920 3469 3967 te

1873 4009 2210 4080 potissimum
2267 4009 2371 4063 hoc
2423 4007 2740 4062 beneficium
2788 4007 2998 4060 cunctis
3045 4003 3467 4059 occidentalibus

1871 4102 2118 4158 ecclesiis
2142 4102 2196 4156 in
2229 4099 2442 4154 Domini
2466 4100 2735 4168 adjutorio
2764 4100 3094 4154 conferente.
3147 4097 3276 4164 Quis
3318 4097 3464 4154 enim

1870 4196 2080 4252 dubitet
2105 4195 2432 4264 exemplaria
2464 4209 2586 4248 esse
2629 4192 2911 4248 verissima
2937 4190 3148 4246 concilii
3178 4190 3230 4245 in
3261 4190 3467 4248 Graecia

1870 4289 2070 4344 Nicaeni
2099 4287 2434 4357 congregati,
2465 4300 2583 4356 quae
2613 4293 2720 4340 tam
2760 4284 2989 4339 diversis
3026 4284 3159 4340 locis
3188 4292 3242 4340 et
3269 4283 3336 4340 de
3370 4298 3468 4340 no-

1870 4383 2068 4438 bilibus
2117 4380 2322 4436 Graecis
2382 4379 2622 4436 ecclesiis
2668 4378 2829 4434 allata
2882 4387 3008 4433 sunt
3055 4387 3110 4433 et
3157 4386 3466 4447 comparata

1867 4475 2235 4534 concordant?
2263 4475 2438 4544 Quod,
2469 4475 2641 4530 donec
2680 4473 2810 4528 ﬁant
2846 4474 2962 4529 hate
2987 4489 3105 4543 qua:
3135 4473 3186 4528 in
3219 4488 3463 4530 commo-

165 4565 412 4632 dignetur
437 4561 524 4630 qui
557 4559 610 4613 in
641 4559 866 4612 ﬁnitima
896 4566 952 4612 et
982 4556 1278 4626 propinqua
1309 4552 1581 4624 provincia
1611 4563 1756 4620 sunt,

1869 4571 2066 4626 nitorio
2095 4568 2406 4638 supradicto
2445 4581 2476 4620 a
2506 4566 2658 4621 nobis
2695 4566 2925 4637 allegata
2970 4573 3095 4620 sunt
3124 4566 3192 4620 de
3231 4565 3468 4634 appella-

166 4667 225 4711 ut
250 4656 348 4726 ipsi
382 4653 663 4722 diligenter
690 4650 966 4719 requirant
997 4647 1176 4704 omnia
1201 4656 1256 4700 et
1279 4645 1432 4714 juxta
1465 4645 1624 4698 fidem
1657 4659 1762 4699 ve-

169 4747 337 4802 ritatis
369 4745 630 4799 definiant
661 4759 676 4796 :
717 4742 859 4812 quod
887 4741 932 4794 si
965 4741 1030 4804 is,
1062 4739 1150 4808 qui
1183 4732 1334 4807 rogat
1364 4751 1579 4791 causam
1607 4750 1759 4790 suam

167 4841 356 4895 iterum
401 4837 596 4904 audiri,
630 4835 1009 4904 deprecatione
1038 4847 1134 4887 sua
1180 4830 1410 4884 moverit
1445 4829 1759 4898 episcopum

173 4933 469 4988 Romanum
497 4939 556 4984 ut
583 4945 614 4986 e
661 4930 828 4984 latere
853 4942 952 4983 suo
993 4925 1334 4998 presbyteres
1362 4921 1391 4960 δ
1432 4923 1626 4990 mittat,
1657 4924 1763 4978 erit

169 5024 218 5078 in
243 5032 511 5093 potestate
538 5019 773 5090 episcopi
797 5020 922 5089 quid
953 5019 1081 5073 velit
1109 5027 1161 5073 et
1191 5017 1317 5088 quid
1347 5016 1577 5070 aestimet
1601 5032 1614 5080 ;
1643 5023 1697 5069 et
1715 5015 1760 5067 si

174 5113 472 5169 decreverit
502 5111 791 5167 mittendos
822 5125 942 5165 esse
967 5110 1055 5180 qui
1086 5116 1380 5180 praesentes
1407 5122 1527 5162 cum
1552 5106 1762 5174 episco-

174 5205 248 5274 pis
269 5208 513 5276 judicent
544 5205 801 5259 habentes
829 5205 1195 5257 auctoritatem
1227 5199 1347 5270 ejus
1377 5214 1405 5253 a
1447 5213 1555 5268 quo
1586 5198 1758 5252 desti-

174 5299 275 5351 nati
304 5306 451 5362 sunt,
481 5296 582 5350 erit
605 5295 657 5349 in
684 5309 782 5348 suo
806 5293 1025 5347 arbitrio
1049 5309 1063 5344 :
1099 5292 1143 5345 si
1172 5305 1300 5346 vero
1330 5289 1620 5344 crediderit
1647 5286 1760 5342 suf-

175 5387 332 5444 ficere
363 5387 652 5458 episcopos
685 5394 742 5439 ut
773 5384 986 5454 negotio
1015 5383 1300 5437 terminum
1340 5382 1635 5448 imponant,
1677 5379 1757 5434 fa-

174 5479 271 5536 ciet
291 5482 432 5552 quod
465 5478 865 5550 sapientissimo
895 5491 993 5530 suo
1023 5473 1594 5544 consiliojudicaverit.
1627 5473 1757 5529 Item

175 5571 237 5627 de
279 5572 608 5643 presbyteris
653 5581 705 5626 et
748 5569 1099 5625 diaconibus:
1144 5567 1200 5623 Si
1233 5577 1255 5604 °
1307 5566 1590 5636 episcopus
1638 5565 1758 5635 quis

173 5660 483 5732 iracundus,
512 5663 655 5733 quod
704 5678 824 5719 esse
864 5678 971 5718 non
1020 5661 1218 5730 debet,
1268 5660 1380 5716 cito
1429 5668 1521 5717 aut
1566 5673 1758 5730 aspere

244 5809 268 5835 ⁸
298 5801 373 5855 Ex
415 5798 644 5856 concilio
674 5799 1003 5864 Sardicensi,
1035 5798 1192 5855 titulo
1214 5799 1267 5854 7.

233 5868 268 5956 ,³³
297 5870 408 5940 Ε..
430 5873 489 5926 Β.
516 5870 606 5936 R.,
637 5872 1012 5942 presbyterum]

1864 4661 2097 4718 tionibus
2123 4659 2497 4728 episcoporum
2527 4657 2593 4711 ad
2621 4655 2877 4711 Romanae
2910 4655 3169 4711 Ecclesiae
3210 4655 3465 4711 sacerdo-

1863 4767 1971 4810 tem
2003 4754 2146 4809 etde
2168 4753 2489 4808 clericorum
2529 4751 2707 4804 causis
2735 4748 2877 4818 apud
2901 4729 3306 4817 provinciarum
3338 4763 3462 4802 sua-

1862 4863 1980 4902 rum
2000 4847 2281 4916 episcopos
2305 4842 2678 4908 terminandis,
2694 4857 2795 4897 nos
2819 4855 2986 4910 usque
2999 4842 3064 4896 ad
3085 4843 3458 4911 probationem

1862 4948 2177 4995 servaturos
2198 4951 2319 4990 esse
2346 4934 2684 5005 profitemur,
2711 4945 2766 4989 et
2798 4934 3180 4990 beatitudinem
3215 4945 3358 4990 tuam
3390 4931 3458 4987 ad

1863 5029 1965 5083 hoc
2020 5042 2120 5081 nos
2174 5025 2475 5095 adjuturam
2525 5025 2577 5078 in
2632 5023 2725 5078 Dei
2781 5024 3057 5080 voluntate
3110 5025 3457 5080 confidimus.

1861 5118 2069 5173 Caetera
2094 5131 2224 5172 vero
2252 5131 2372 5186 qua:
2414 5115 2469 5168 in
2502 5123 2684 5168 nostra
2721 5115 2930 5185 synodo
2956 5124 3104 5185 gesta
3135 5114 3216 5168 vel
3250 5114 3461 5165 firmata

1861 5220 2006 5277 sunt,
2036 5210 2285 5280 quoniam
2313 5207 2600 5278 supradicti
2627 5208 2818 5262 fratres
2844 5210 3012 5262 nostri
3040 5205 3324 5260 Faustinus
3346 5201 3460 5270 epi-

1866 5322 2081 5377 scopus,
2118 5303 2398 5375 Philippus
2431 5304 2590 5374 168
2617 5313 2672 5359 et
2703 5303 2916 5359 Asellus
2945 5295 3244 5371 presbyteri
3276 5311 3456 5351 secum

1861 5399 2190 5462 detulerunt,
2227 5396 2274 5451 si
2305 5396 2554 5467 dignatus
2585 5395 2782 5460 fueris,
2815 5406 2919 5451 tua:
2949 5399 3073 5446 nota
3107 5390 3305 5444 facient
3333 5405 3458 5445 san-

1861 5491 2051 5547 ctitati.
2088 5490 2152 5544 Et
2199 5490 2500 5559 subscripta
2530 5490 2637 5544 alia
2668 5505 2828 5545 manu
2856 5508 2866 5543 :
2903 5485 3161 5542 Dominus
3191 5494 3372 5539 noster
3402 5492 3458 5539 te

1860 5586 2014 5642 nobis
2060 5586 2216 5640 annis
2244 5585 2492 5656 plurimis
2532 5583 2820 5645 custodiat,
2853 5577 3161 5636 beatissime
3207 5578 3375 5632 frater
3404 5576 3452 5631 ά.

1860 5681 2106 5737 Aurelius
2163 5678 2505 5750 Carthaginis
2553 5676 2863 5743 episcopus,
2912 5671 3157 5742 Alipius,
3203 5667 3459 5738 Augusti-

1934 5807 1957 5836 ε
1989 5796 2070 5851 Ex
2089 5794 2314 5852 concilio
2336 5789 2673 5853 Sardicensi,
2701 5786 2855 5843 titulo
2883 5789 2967 5845 l7.

1932 5866 1958 5906 τι
1997 5866 2112 5934 AL,
2139 5867 2204 5921 E.
2238 5868 2296 5933 5,
2326 5864 2416 5932 U.,
2443 5864 2630 5936 frater.
2659 5859 2834 5916 Amen.
