  <div class='ocr_page' id='page_1' title='image "/cluster/home/n/w/nwhite01/storage/ocr_20150623/84/hvd.32044015547136/115.png"; bbox 0 0 4024 6350; ppageno 0'>
   <div class='ocr_carea' id='block_1_1' title="bbox 576 288 685 346">
    <p class='ocr_par' dir='ltr' id='par_1_1' title="bbox 576 288 685 346">
     <span class='ocr_line' id='line_1_1' title="bbox 576 288 685 346; baseline -0.028 0"><span class='ocrx_word' id='word_1_1' title='bbox 576 288 685 346; x_wconf 68' lang='grc'><strong>219</strong></span> 
     </span>
    </p>
   </div>
   <div class='ocr_carea' id='block_1_2' title="bbox 1285 259 3164 343">
    <p class='ocr_par' dir='ltr' id='par_1_2' title="bbox 1285 259 3164 343">
     <span class='ocr_line' id='line_1_2' title="bbox 1285 259 3164 343; baseline 0.002 -6"><span class='ocrx_word' id='word_1_2' title='bbox 1285 259 1670 339; x_wconf 60' lang='lat' dir='ltr'><strong>concutio</strong></span> <span class='ocrx_word' id='word_1_3' title='bbox 1700 278 2039 339; x_wconf 69' lang='lat' dir='ltr'><strong>monuit</strong></span> <span class='ocrx_word' id='word_1_4' title='bbox 2077 280 2136 338; x_wconf 85' lang='lat' dir='ltr'><strong>s.</strong></span> <span class='ocrx_word' id='word_1_5' title='bbox 2177 278 2454 339; x_wconf 83' lang='lat' dir='ltr'><strong>ismono</strong></span> <span class='ocrx_word' id='word_1_6' title='bbox 2488 279 2761 341; x_wconf 70' lang='lat' dir='ltr'><strong>man.</strong></span> <span class='ocrx_word' id='word_1_7' title='bbox 2799 281 3164 343; x_wconf 71' lang='lat' dir='ltr'><strong>ascalp&#39;rs.</strong></span> 
     </span>
    </p>
   </div>
   <div class='ocr_carea' id='block_1_3' title="bbox 3762 288 3875 346">
    <p class='ocr_par' dir='ltr' id='par_1_3' title="bbox 3762 288 3875 346">
     <span class='ocr_line' id='line_1_3' title="bbox 3762 288 3875 346; baseline 0 -3"><span class='ocrx_word' id='word_1_8' title='bbox 3762 288 3875 346; x_wconf 68' lang='lat'><strong>220</strong></span> 
     </span>
    </p>
   </div>
   <div class='ocr_carea' id='block_1_4' title="bbox 574 374 3870 450">
    <p class='ocr_par' dir='ltr' id='par_1_4' title="bbox 574 374 3870 450">
     <span class='ocr_line' id='line_1_4' title="bbox 574 374 3870 450; baseline 0 -11"><span class='ocrx_word' id='word_1_9' title='bbox 574 395 698 447; x_wconf 87' lang='lat' dir='ltr'><strong>nus,</strong></span> <span class='ocrx_word' id='word_1_10' title='bbox 725 377 1024 442; x_wconf 75' lang='lat' dir='ltr'><strong>Possidius,</strong></span> <span class='ocrx_word' id='word_1_11' title='bbox 1054 375 1309 445; x_wconf 78' lang='lat' dir='ltr'><strong>Marinus.</strong></span> <span class='ocrx_word' id='word_1_12' title='bbox 1352 384 1407 437; x_wconf 86' lang='lat' dir='ltr'><strong>et</strong></span> <span class='ocrx_word' id='word_1_13' title='bbox 1436 374 1620 435; x_wconf 65' lang='lat' dir='ltr'><strong>caeteri</strong></span> <span class='ocrx_word' id='word_1_14' title='bbox 1651 375 1867 433; x_wconf 90' lang='lat' dir='ltr'><strong>ducenti</strong></span> <span class='ocrx_word' id='word_1_15' title='bbox 1894 375 2079 434; x_wconf 86' lang='lat' dir='ltr'><strong>decem</strong></span> <span class='ocrx_word' id='word_1_16' title='bbox 2111 384 2167 432; x_wconf 89' lang='lat' dir='ltr'><strong>et</strong></span> <span class='ocrx_word' id='word_1_17' title='bbox 2192 390 2246 450; x_wconf 78' lang='grc' dir='ltr'>Α</span> <span class='ocrx_word' id='word_1_18' title='bbox 2272 377 2513 433; x_wconf 89' lang='lat' dir='ltr'><strong>omnium</strong></span> <span class='ocrx_word' id='word_1_19' title='bbox 2538 377 2831 434; x_wconf 79' lang='lat' dir='ltr'><strong>visibilium</strong></span> <span class='ocrx_word' id='word_1_20' title='bbox 2848 394 3061 436; x_wconf 81' lang='lat' dir='ltr'><strong>necnon</strong></span> <span class='ocrx_word' id='word_1_21' title='bbox 3080 389 3137 438; x_wconf 92' lang='lat' dir='ltr'><strong>et</strong></span> <span class='ocrx_word' id='word_1_22' title='bbox 3152 381 3501 440; x_wconf 87' lang='lat' dir='ltr'><strong>invisibilium</strong></span> <span class='ocrx_word' id='word_1_23' title='bbox 3513 392 3831 441; x_wconf 70' lang='lat' dir='ltr'><strong>creatorem</strong></span> <span class='ocrx_word' id='word_1_24' title='bbox 3856 407 3870 439; x_wconf 83' lang='lat'><strong>:</strong></span> 
     </span>
    </p>
   </div>
   <div class='ocr_carea' id='block_1_5' title="bbox 574 470 1267 542">
    <p class='ocr_par' dir='ltr' id='par_1_5' title="bbox 574 470 1267 542">
     <span class='ocr_line' id='line_1_5' title="bbox 574 470 1267 542; baseline -0.004 -15"><span class='ocrx_word' id='word_1_25' title='bbox 574 481 780 542; x_wconf 78' lang='lat' dir='ltr'><strong>septem</strong></span> <span class='ocrx_word' id='word_1_26' title='bbox 814 470 1267 539; x_wconf 51' lang='lat' dir='ltr'><strong>subscripserunt.</strong></span> 
     </span>
    </p>
   </div>
   <div class='ocr_carea' id='block_1_6' title="bbox 572 557 2165 647">
    <p class='ocr_par' dir='ltr' id='par_1_6' title="bbox 572 557 2165 647">
     <span class='ocr_line' id='line_1_6' title="bbox 572 557 2165 647; baseline -0.005 -26"><span class='ocrx_word' id='word_1_27' title='bbox 572 563 687 621; x_wconf 77' lang='lat' dir='ltr'><strong>X&#39;I-I.</strong></span> <span class='ocrx_word' id='word_1_28' title='bbox 723 560 1200 647; x_wconf 58' lang='lat' dir='ltr'><strong>Rescriptttﬁ,</strong></span> <span class='ocrx_word' id='word_1_29' title='bbox 1238 557 1566 647; x_wconf 69' lang='lat' dir='ltr'><strong>rescriptum]</strong></span> <span class='ocrx_word' id='word_1_30' title='bbox 1598 561 1668 644; x_wconf 65' lang='lat' dir='ltr'><strong>ad</strong></span> <span class='ocrx_word' id='word_1_31' title='bbox 1691 559 1980 647; x_wconf 61' lang='lat' dir='ltr'><strong>concilium</strong></span> <span class='ocrx_word' id='word_1_32' title='bbox 2019 560 2165 647; x_wconf 61' lang='lat' dir='ltr'><strong>Afri-</strong></span> 
     </span>
    </p>
   </div>
   <div class='ocr_carea' id='block_1_7' title="bbox 646 630 2166 703">
    <p class='ocr_par' dir='ltr' id='par_1_7' title="bbox 646 630 2166 703">
     <span class='ocr_line' id='line_1_7' title="bbox 646 630 2166 703; baseline -0.003 -14"><span class='ocrx_word' id='word_1_33' title='bbox 646 646 829 689; x_wconf 81' lang='lat' dir='ltr'><strong>canum</strong></span> <span class='ocrx_word' id='word_1_34' title='bbox 859 630 1039 703; x_wconf 52' lang='grc' dir='ltr'><strong>ϐφπίηῖ</strong></span> <span class='ocrx_word' id='word_1_35' title='bbox 1060 630 1397 685; x_wconf 71' lang='lat' dir='ltr'><strong>Alexandrini</strong></span> <span class='ocrx_word' id='word_1_36' title='bbox 1414 630 1639 700; x_wconf 72' lang='lat' dir='ltr'><strong>episcopi</strong></span> <span class='ocrx_word' id='word_1_37' title='bbox 1656 643 1703 685; x_wconf 87' lang='lat' dir='ltr'><strong>et</strong></span> <span class='ocrx_word' id='word_1_38' title='bbox 1728 631 1882 703; x_wconf 80' lang='lat' dir='ltr'><strong>Attici</strong></span> <span class='ocrx_word' id='word_1_39' title='bbox 1907 630 2166 686; x_wconf 72' lang='lat' dir='ltr'><strong>Constan-</strong></span> 
     </span>
    </p>
   </div>
   <div class='ocr_carea' id='block_1_8' title="bbox 647 702 2167 774">
    <p class='ocr_par' dir='ltr' id='par_1_8' title="bbox 647 702 2167 774">
     <span class='ocr_line' id='line_1_8' title="bbox 647 702 2167 774; baseline -0.001 -17"><span class='ocrx_word' id='word_1_40' title='bbox 647 702 974 773; x_wconf 76' lang='lat' dir='ltr'><strong>tinopolitnni</strong></span> <span class='ocrx_word' id='word_1_41' title='bbox 1000 704 1223 774; x_wconf 73' lang='lat' dir='ltr'><strong>episcopi</strong></span> <span class='ocrx_word' id='word_1_42' title='bbox 1246 717 1266 757; x_wconf 91' lang='lat'><strong><em>:</em></strong></span> <span class='ocrx_word' id='word_1_43' title='bbox 1294 704 1381 757; x_wconf 78' lang='lat' dir='ltr'><strong>ubi</strong></span> <span class='ocrx_word' id='word_1_44' title='bbox 1406 705 1703 758; x_wconf 69' lang='lat' dir='ltr'><strong>authentico</strong></span> <span class='ocrx_word' id='word_1_45' title='bbox 1734 702 1785 756; x_wconf 83' lang='grc' dir='ltr'><em>Ν</em></span> <span class='ocrx_word' id='word_1_46' title='bbox 1793 704 1940 757; x_wconf 71' lang='lat' dir='ltr'><strong>icteni</strong></span> <span class='ocrx_word' id='word_1_47' title='bbox 1961 704 2167 756; x_wconf 75' lang='lat' dir='ltr'><strong>concilii</strong></span> 
     </span>
    </p>
   </div>
   <div class='ocr_carea' id='block_1_9' title="bbox 646 773 2167 845">
    <p class='ocr_par' dir='ltr' id='par_1_9' title="bbox 646 773 2167 845">
     <span class='ocr_line' id='line_1_9' title="bbox 646 773 2167 845; baseline -0.003 -14"><span class='ocrx_word' id='word_1_48' title='bbox 646 779 894 831; x_wconf 75' lang='lat' dir='ltr'><strong>translata</strong></span> <span class='ocrx_word' id='word_1_49' title='bbox 943 776 1006 828; x_wconf 81' lang='lat' dir='ltr'><strong>de</strong></span> <span class='ocrx_word' id='word_1_50' title='bbox 1031 773 1241 829; x_wconf 37' lang='lat' dir='ltr'><strong>&#39;Graeco</strong></span> <span class='ocrx_word' id='word_1_51' title='bbox 1286 790 1376 842; x_wconf 83' lang='lat' dir='ltr'><strong>per</strong></span> <span class='ocrx_word' id='word_1_52' title='bbox 1411 774 1778 829; x_wconf 74' lang='lat' dir='ltr'><strong>Innocentium</strong></span> <span class='ocrx_word' id='word_1_53' title='bbox 1818 776 2167 845; x_wconf 70' lang='lat' dir='ltr'><strong>presbyterum</strong></span> 
     </span>
    </p>
   </div>
   <div class='ocr_carea' id='block_1_10' title="bbox 644 846 2168 915">
    <p class='ocr_par' dir='ltr' id='par_1_10' title="bbox 644 846 2168 915">
     <span class='ocr_line' id='line_1_10' title="bbox 644 846 2168 915; baseline 0 -16"><span class='ocrx_word' id='word_1_54' title='bbox 644 848 939 901; x_wconf 82' lang='lat' dir='ltr'><strong>transmissa</strong></span> <span class='ocrx_word' id='word_1_55' title='bbox 968 856 1103 910; x_wconf 85' lang='lat' dir='ltr'><strong>sunt,</strong></span> <span class='ocrx_word' id='word_1_56' title='bbox 1135 861 1248 915; x_wconf 70' lang='lat' dir='ltr'><strong>qua:</strong></span> <span class='ocrx_word' id='word_1_57' title='bbox 1277 846 1430 898; x_wconf 87' lang='lat' dir='ltr'><strong>etiam</strong></span> <span class='ocrx_word' id='word_1_58' title='bbox 1459 848 1690 915; x_wconf 65' lang='lat' dir='ltr'><strong>cpistola!</strong></span> <span class='ocrx_word' id='word_1_59' title='bbox 1716 862 1833 900; x_wconf 83' lang='lat' dir='ltr'><strong>cum</strong></span> <span class='ocrx_word' id='word_1_60' title='bbox 1854 849 2031 915; x_wconf 71' lang='lat' dir='ltr'><strong>eodem</strong></span> <span class='ocrx_word' id='word_1_61' title='bbox 2052 862 2168 899; x_wconf 85' lang='lat' dir='ltr'><strong>con-</strong></span> 
     </span>
    </p>
   </div>
   <div class='ocr_carea' id='block_1_11' title="bbox 640 914 2163 987">
    <p class='ocr_par' dir='ltr' id='par_1_11' title="bbox 640 914 2163 987">
     <span class='ocr_line' id='line_1_11' title="bbox 640 914 2163 987; baseline 0 -18"><span class='ocrx_word' id='word_1_62' title='bbox 640 919 757 971; x_wconf 83' lang='lat' dir='ltr'><strong>cilio</strong></span> <span class='ocrx_word' id='word_1_63' title='bbox 788 916 839 973; x_wconf 83' lang='grc' dir='ltr'><strong><em>Ν</em></strong></span> <span class='ocrx_word' id='word_1_64' title='bbox 844 920 1003 987; x_wconf 76' lang='lat' dir='ltr'><strong>icteno</strong></span> <span class='ocrx_word' id='word_1_65' title='bbox 1029 934 1116 985; x_wconf 88' lang='lat' dir='ltr'><strong>per</strong></span> <span class='ocrx_word' id='word_1_66' title='bbox 1149 914 1493 969; x_wconf 76' lang='lat' dir='ltr'><strong>memoratum</strong></span> <span class='ocrx_word' id='word_1_67' title='bbox 1521 917 1871 987; x_wconf 77' lang='lat' dir='ltr'><strong>presbyterum</strong></span> <span class='ocrx_word' id='word_1_68' title='bbox 1899 914 2163 987; x_wconf 65' lang='lat' dir='ltr'><strong>innocen-</strong></span> 
     </span>
    </p>
   </div>
   <div class='ocr_carea' id='block_1_12' title="bbox 642 986 2165 1057">
    <p class='ocr_par' dir='ltr' id='par_1_12' title="bbox 642 986 2165 1057">
     <span class='ocr_line' id='line_1_12' title="bbox 642 986 2165 1057; baseline 0 -17"><span class='ocrx_word' id='word_1_69' title='bbox 642 990 768 1042; x_wconf 87' lang='lat' dir='ltr'><strong>tium</strong></span> <span class='ocrx_word' id='word_1_70' title='bbox 788 997 835 1041; x_wconf 81' lang='lat' dir='ltr'><strong>et</strong></span> <span class='ocrx_word' id='word_1_71' title='bbox 868 986 1180 1041; x_wconf 77' lang='lat' dir='ltr'><strong>Marcellum</strong></span> <span class='ocrx_word' id='word_1_72' title='bbox 1208 986 1581 1041; x_wconf 83' lang='lat' dir='ltr'><strong>subdiaconum</strong></span> <span class='ocrx_word' id='word_1_73' title='bbox 1618 986 1860 1042; x_wconf 70' lang='lat' dir='ltr'><strong>Ecclesia:</strong></span> <span class='ocrx_word' id='word_1_74' title='bbox 1886 986 2165 1057; x_wconf 63' lang='lat' dir='ltr'><strong>Carthagi-</strong></span> 
     </span>
    </p>
   </div>
   <div class='ocr_carea' id='block_1_13' title="bbox 637 1057 2167 1129">
    <p class='ocr_par' dir='ltr' id='par_1_13' title="bbox 637 1057 2167 1129">
     <span class='ocr_line' id='line_1_13' title="bbox 637 1057 2167 1129; baseline 0 -16"><span class='ocrx_word' id='word_1_75' title='bbox 637 1062 717 1114; x_wconf 84' lang='lat' dir='ltr'><strong>nis</strong></span> <span class='ocrx_word' id='word_1_76' title='bbox 746 1069 920 1129; x_wconf 81' lang='lat' dir='ltr'><strong>sancto</strong></span> <span class='ocrx_word' id='word_1_77' title='bbox 952 1058 1225 1129; x_wconf 71' lang='lat' dir='ltr'><strong>Bonifacio</strong></span> <span class='ocrx_word' id='word_1_78' title='bbox 1264 1059 1502 1129; x_wconf 74' lang='lat' dir='ltr'><strong>episcopo</strong></span> <span class='ocrx_word' id='word_1_79' title='bbox 1524 1057 1776 1113; x_wconf 67' lang='lat' dir='ltr'><strong>Ecclesia</strong></span> <span class='ocrx_word' id='word_1_80' title='bbox 1800 1059 2048 1114; x_wconf 74' lang='lat' dir='ltr'><strong>Romana</strong></span> <span class='ocrx_word' id='word_1_81' title='bbox 2072 1058 2167 1113; x_wconf 73' lang='lat' dir='ltr'><strong>sub</strong></span> 
     </span>
    </p>
   </div>
   <div class='ocr_carea' id='block_1_14' title="bbox 637 1128 1840 1186">
    <p class='ocr_par' dir='ltr' id='par_1_14' title="bbox 637 1128 1840 1186">
     <span class='ocr_line' id='line_1_14' title="bbox 637 1128 1840 1186; baseline -0.002 -1"><span class='ocrx_word' id='word_1_82' title='bbox 637 1132 721 1185; x_wconf 80' lang='lat' dir='ltr'><strong>die</strong></span> <span class='ocrx_word' id='word_1_83' title='bbox 756 1146 809 1184; x_wconf 80' lang='lat' dir='ltr'><strong>vi</strong></span> <span class='ocrx_word' id='word_1_84' title='bbox 840 1128 1112 1184; x_wconf 82' lang='lat' dir='ltr'><strong>Kalendas</strong></span> <span class='ocrx_word' id='word_1_85' title='bbox 1139 1128 1436 1184; x_wconf 76' lang='lat' dir='ltr'><strong>Decembris</strong></span> <span class='ocrx_word' id='word_1_86' title='bbox 1461 1131 1840 1186; x_wconf 74' lang='lat' dir='ltr'><strong>sunt’directw.</strong></span> 
     </span>
    </p>
   </div>
   <div class='ocr_carea' id='block_1_15' title="bbox 640 1223 2168 1295">
    <p class='ocr_par' dir='ltr' id='par_1_15' title="bbox 640 1223 2168 1295">
     <span class='ocr_line' id='line_1_15' title="bbox 640 1223 2168 1295; baseline -0.001 -14"><span class='ocrx_word' id='word_1_87' title='bbox 640 1224 884 1281; x_wconf 82' lang='lat' dir='ltr'><strong>Dominis</strong></span> <span class='ocrx_word' id='word_1_88' title='bbox 931 1223 1337 1281; x_wconf 78' lang='lat' dir='ltr'><strong>honorabilibus</strong></span> <span class='ocrx_word' id='word_1_89' title='bbox 1368 1225 1567 1281; x_wconf 91' lang='lat' dir='ltr'><strong>sanctis</strong></span> <span class='ocrx_word' id='word_1_90' title='bbox 1608 1224 1863 1280; x_wconf 74' lang='lat' dir='ltr'><strong>fratribus</strong></span> <span class='ocrx_word' id='word_1_91' title='bbox 1893 1234 1948 1281; x_wconf 89' lang='lat' dir='ltr'><strong>et</strong></span> <span class='ocrx_word' id='word_1_92' title='bbox 1987 1224 2168 1295; x_wconf 87' lang='lat' dir='ltr'><strong>coepi-</strong></span> 
     </span>
    </p>
   </div>
   <div class='ocr_carea' id='block_1_16' title="bbox 567 1317 2167 1391">
    <p class='ocr_par' dir='ltr' id='par_1_16' title="bbox 567 1317 2167 1391">
     <span class='ocr_line' id='line_1_16' title="bbox 567 1317 2167 1391; baseline -0.003 -14"><span class='ocrx_word' id='word_1_93' title='bbox 567 1320 749 1391; x_wconf 87' lang='lat' dir='ltr'><strong>scopis</strong></span> <span class='ocrx_word' id='word_1_94' title='bbox 776 1318 1018 1387; x_wconf 81' lang='lat' dir='ltr'><strong>Aurelio,</strong></span> <span class='ocrx_word' id='word_1_95' title='bbox 1048 1317 1352 1385; x_wconf 76' lang='lat' dir='ltr'><strong>Valentino,</strong></span> <span class='ocrx_word' id='word_1_96' title='bbox 1399 1317 1496 1375; x_wconf 86' lang='lat' dir='ltr'><strong>sed</strong></span> <span class='ocrx_word' id='word_1_97' title='bbox 1524 1329 1580 1374; x_wconf 88' lang='lat' dir='ltr'><strong>et</strong></span> <span class='ocrx_word' id='word_1_98' title='bbox 1621 1320 1767 1377; x_wconf 89' lang='lat' dir='ltr'><strong>omni</strong></span> <span class='ocrx_word' id='word_1_99' title='bbox 1795 1326 1999 1375; x_wconf 73' lang='lat' dir='ltr'><strong>sanctae</strong></span> <span class='ocrx_word' id='word_1_100' title='bbox 2036 1334 2167 1375; x_wconf 84' lang='lat' dir='ltr'><strong>con-</strong></span> 
     </span>
    </p>
   </div>
   <div class='ocr_carea' id='block_1_17' title="bbox 568 1410 2164 1483">
    <p class='ocr_par' dir='ltr' id='par_1_17' title="bbox 568 1410 2164 1483">
     <span class='ocr_line' id='line_1_17' title="bbox 568 1410 2164 1483; baseline -0.002 -14"><span class='ocrx_word' id='word_1_101' title='bbox 568 1412 869 1483; x_wconf 72' lang='lat' dir='ltr'><strong>gregationi</strong></span> <span class='ocrx_word' id='word_1_102' title='bbox 899 1411 953 1467; x_wconf 91' lang='lat' dir='ltr'><strong>in</strong></span> <span class='ocrx_word' id='word_1_103' title='bbox 980 1410 1393 1481; x_wconf 72' lang='lat' dir='ltr'><strong>Earthaginensi</strong></span> <span class='ocrx_word' id='word_1_104' title='bbox 1418 1411 1627 1482; x_wconf 81' lang='lat' dir='ltr'><strong>synodo</strong></span> <span class='ocrx_word' id='word_1_105' title='bbox 1654 1424 2016 1483; x_wconf 60' lang='lat' dir='ltr'><strong>congregata,</strong></span> <span class='ocrx_word' id='word_1_106' title='bbox 2056 1412 2164 1483; x_wconf 76' lang='lat' dir='ltr'><strong>Cy-</strong></span> 
     </span>
    </p>
   </div>
   <div class='ocr_carea' id='block_1_18' title="bbox 564 1500 1841 1561">
    <p class='ocr_par' dir='ltr' id='par_1_18' title="bbox 564 1500 1841 1561">
     <span class='ocr_line' id='line_1_18' title="bbox 564 1500 1841 1561; baseline -0.002 0"><span class='ocrx_word' id='word_1_107' title='bbox 564 1504 720 1561; x_wconf 84' lang='lat' dir='ltr'><strong>rillus</strong></span> <span class='ocrx_word' id='word_1_108' title='bbox 740 1502 983 1559; x_wconf 86' lang='lat' dir='ltr'><strong>salutans</strong></span> <span class='ocrx_word' id='word_1_109' title='bbox 1022 1502 1074 1556; x_wconf 86' lang='lat' dir='ltr'><strong>in</strong></span> <span class='ocrx_word' id='word_1_110' title='bbox 1102 1501 1217 1558; x_wconf 84' lang='lat' dir='ltr'><strong>Deo</strong></span> <span class='ocrx_word' id='word_1_111' title='bbox 1243 1500 1560 1558; x_wconf 88' lang='lat' dir='ltr'><strong>charitatem</strong></span> <span class='ocrx_word' id='word_1_112' title='bbox 1586 1509 1841 1559; x_wconf 81' lang='lat' dir='ltr'><strong>vestram.</strong></span> 
     </span>
    </p>
   </div>
   <div class='ocr_carea' id='block_1_19' title="bbox 640 1595 2168 1668">
    <p class='ocr_par' dir='ltr' id='par_1_19' title="bbox 640 1595 2168 1668">
     <span class='ocr_line' id='line_1_19' title="bbox 640 1595 2168 1668; baseline 0.001 -16"><span class='ocrx_word' id='word_1_113' title='bbox 640 1595 852 1665; x_wconf 88' lang='lat' dir='ltr'><strong>Scripta</strong></span> <span class='ocrx_word' id='word_1_114' title='bbox 884 1595 1250 1651; x_wconf 79' lang='lat' dir='ltr'><strong>venerationis</strong></span> <span class='ocrx_word' id='word_1_115' title='bbox 1278 1604 1469 1651; x_wconf 70' lang='lat' dir='ltr'><strong>vestra:</strong></span> <span class='ocrx_word' id='word_1_116' title='bbox 1500 1596 1719 1653; x_wconf 82' lang='lat' dir='ltr'><strong>multam</strong></span> <span class='ocrx_word' id='word_1_117' title='bbox 1755 1597 2005 1655; x_wconf 81' lang='lat' dir='ltr'><strong>habentia</strong></span> <span class='ocrx_word' id='word_1_118' title='bbox 2036 1613 2168 1668; x_wconf 84' lang='lat' dir='ltr'><strong>que-</strong></span> 
     </span>
    </p>
   </div>
   <div class='ocr_carea' id='block_1_20' title="bbox 567 1687 2168 1760">
    <p class='ocr_par' dir='ltr' id='par_1_20' title="bbox 567 1687 2168 1760">
     <span class='ocr_line' id='line_1_20' title="bbox 567 1687 2168 1760; baseline 0.002 -16"><span class='ocrx_word' id='word_1_119' title='bbox 567 1690 855 1745; x_wconf 88' lang='lat' dir='ltr'><strong>rimoniam</strong></span> <span class='ocrx_word' id='word_1_120' title='bbox 884 1705 1006 1745; x_wconf 87' lang='lat' dir='ltr'><strong>cum</strong></span> <span class='ocrx_word' id='word_1_121' title='bbox 1054 1688 1201 1743; x_wconf 91' lang='lat' dir='ltr'><strong>omni</strong></span> <span class='ocrx_word' id='word_1_122' title='bbox 1248 1687 1429 1745; x_wconf 64' lang='lat' dir='ltr'><strong>laetitia</strong></span> <span class='ocrx_word' id='word_1_123' title='bbox 1464 1704 1558 1760; x_wconf 89' lang='lat' dir='ltr'><strong>per</strong></span> <span class='ocrx_word' id='word_1_124' title='bbox 1590 1690 1757 1746; x_wconf 87' lang='lat' dir='ltr'><strong>lilium</strong></span> <span class='ocrx_word' id='word_1_125' title='bbox 1790 1698 2033 1747; x_wconf 89' lang='lat' dir='ltr'><strong>nostrum</strong></span> <span class='ocrx_word' id='word_1_126' title='bbox 2082 1690 2168 1747; x_wconf 87' lang='lat' dir='ltr'><strong>ln-</strong></span> 
     </span>
    </p>
   </div>
   <div class='ocr_carea' id='block_1_21' title="bbox 2269 469 3875 537">
    <p class='ocr_par' dir='ltr' id='par_1_21' title="bbox 2269 469 3875 537">
     <span class='ocr_line' id='line_1_21' title="bbox 2269 469 3875 537; baseline 0.007 -11"><span class='ocrx_word' id='word_1_127' title='bbox 2269 477 2324 526; x_wconf 89' lang='lat' dir='ltr'><strong>et</strong></span> <span class='ocrx_word' id='word_1_128' title='bbox 2354 469 2406 525; x_wconf 93' lang='lat' dir='ltr'><strong>in</strong></span> <span class='ocrx_word' id='word_1_129' title='bbox 2437 486 2601 526; x_wconf 91' lang='lat' dir='ltr'><strong>unum</strong></span> <span class='ocrx_word' id='word_1_130' title='bbox 2626 472 2913 530; x_wconf 88' lang='lat' dir='ltr'><strong>Dominum</strong></span> <span class='ocrx_word' id='word_1_131' title='bbox 2938 484 3181 533; x_wconf 83' lang='lat' dir='ltr'><strong>nostrum</strong></span> <span class='ocrx_word' id='word_1_132' title='bbox 3222 476 3404 534; x_wconf 74' lang='lat' dir='ltr'><strong>Iesum</strong></span> <span class='ocrx_word' id='word_1_133' title='bbox 3452 478 3726 535; x_wconf 88' lang='lat' dir='ltr'><strong>Christum</strong></span> <span class='ocrx_word' id='word_1_134' title='bbox 3780 480 3875 537; x_wconf 81' lang='lat' dir='ltr'><strong>Fi-</strong></span> 
     </span>
    </p>
   </div>
   <div class='ocr_carea' id='block_1_22' title="bbox 2267 560 3875 640">
    <p class='ocr_par' dir='ltr' id='par_1_22' title="bbox 2267 560 3875 640">
     <span class='ocr_line' id='line_1_22' title="bbox 2267 560 3875 640; baseline 0.007 -22"><span class='ocrx_word' id='word_1_135' title='bbox 2267 560 2397 618; x_wconf 92' lang='lat' dir='ltr'><strong>lium</strong></span> <span class='ocrx_word' id='word_1_136' title='bbox 2426 562 2544 632; x_wconf 86' lang='lat' dir='ltr'><strong>Dei,</strong></span> <span class='ocrx_word' id='word_1_137' title='bbox 2574 575 2761 622; x_wconf 89' lang='lat' dir='ltr'><strong>natum</strong></span> <span class='ocrx_word' id='word_1_138' title='bbox 2792 582 2859 623; x_wconf 81' lang='lat' dir='ltr'><strong>ex</strong></span> <span class='ocrx_word' id='word_1_139' title='bbox 2910 566 3068 625; x_wconf 82' lang='lat' dir='ltr'><strong>Patre</strong></span> <span class='ocrx_word' id='word_1_140' title='bbox 3122 568 3478 640; x_wconf 71' lang='lat' dir='ltr'><strong>unigenitum,</strong></span> <span class='ocrx_word' id='word_1_141' title='bbox 3510 570 3616 627; x_wconf 79' lang='lat' dir='ltr'><strong>hoc</strong></span> <span class='ocrx_word' id='word_1_142' title='bbox 3661 582 3752 630; x_wconf 86' lang='lat' dir='ltr'><strong>est</strong></span> <span class='ocrx_word' id='word_1_143' title='bbox 3808 590 3875 630; x_wconf 87' lang='lat' dir='ltr'><strong>ex</strong></span> 
     </span>
    </p>
   </div>
   <div class='ocr_carea' id='block_1_23' title="bbox 2266 656 3872 735">
    <p class='ocr_par' dir='ltr' id='par_1_23' title="bbox 2266 656 3872 735">
     <span class='ocr_line' id='line_1_23' title="bbox 2266 656 3872 735; baseline 0.011 -25"><span class='ocrx_word' id='word_1_144' title='bbox 2266 656 2567 712; x_wconf 83' lang='lat' dir='ltr'><strong>substantia</strong></span> <span class='ocrx_word' id='word_1_145' title='bbox 2599 657 2793 728; x_wconf 85' lang='lat' dir='ltr'><strong>Patris,</strong></span> <span class='ocrx_word' id='word_1_146' title='bbox 2822 659 2989 717; x_wconf 89' lang='lat' dir='ltr'><strong>Deum</strong></span> <span class='ocrx_word' id='word_1_147' title='bbox 3017 676 3084 716; x_wconf 83' lang='lat' dir='ltr'><strong>ex</strong></span> <span class='ocrx_word' id='word_1_148' title='bbox 3114 661 3247 729; x_wconf 89' lang='lat' dir='ltr'><strong>Deo,</strong></span> <span class='ocrx_word' id='word_1_149' title='bbox 3307 663 3486 718; x_wconf 88' lang='lat' dir='ltr'><strong>lumen</strong></span> <span class='ocrx_word' id='word_1_150' title='bbox 3517 678 3584 720; x_wconf 84' lang='lat' dir='ltr'><strong>ex</strong></span> <span class='ocrx_word' id='word_1_151' title='bbox 3634 667 3872 735; x_wconf 85' lang='lat' dir='ltr'><strong>lumine,</strong></span> 
     </span>
    </p>
   </div>
   <div class='ocr_carea' id='block_1_24' title="bbox 2267 746 3872 834">
    <p class='ocr_par' dir='ltr' id='par_1_24' title="bbox 2267 746 3872 834">
     <span class='ocr_line' id='line_1_24' title="bbox 2267 746 3872 834; baseline 0.012 -33"><span class='ocrx_word' id='word_1_152' title='bbox 2267 746 2437 803; x_wconf 87' lang='lat' dir='ltr'><strong>Deum</strong></span> <span class='ocrx_word' id='word_1_153' title='bbox 2466 764 2653 807; x_wconf 89' lang='lat' dir='ltr'><strong>verum</strong></span> <span class='ocrx_word' id='word_1_154' title='bbox 2682 768 2746 807; x_wconf 91' lang='lat' dir='ltr'><strong>ex</strong></span> <span class='ocrx_word' id='word_1_155' title='bbox 2775 752 2885 809; x_wconf 87' lang='lat' dir='ltr'><strong>Deo</strong></span> <span class='ocrx_word' id='word_1_156' title='bbox 2906 768 3057 819; x_wconf 89' lang='lat' dir='ltr'><strong>vero,</strong></span> <span class='ocrx_word' id='word_1_157' title='bbox 3075 765 3280 824; x_wconf 90' lang='lat' dir='ltr'><strong>natum,</strong></span> <span class='ocrx_word' id='word_1_158' title='bbox 3299 772 3403 813; x_wconf 90' lang='lat' dir='ltr'><strong>non</strong></span> <span class='ocrx_word' id='word_1_159' title='bbox 3424 772 3689 827; x_wconf 88' lang='lat' dir='ltr'><strong>creatum,</strong></span> <span class='ocrx_word' id='word_1_160' title='bbox 3714 765 3872 834; x_wconf 59' lang='lat' dir='ltr'><strong>ejus.</strong></span> 
     </span>
    </p>
   </div>
   <div class='ocr_carea' id='block_1_25' title="bbox 2267 840 3872 919">
    <p class='ocr_par' dir='ltr' id='par_1_25' title="bbox 2267 840 3872 919">
     <span class='ocr_line' id='line_1_25' title="bbox 2267 840 3872 919; baseline 0.007 -24"><span class='ocrx_word' id='word_1_161' title='bbox 2267 840 2389 897; x_wconf 87' lang='lat' dir='ltr'><strong>dem</strong></span> <span class='ocrx_word' id='word_1_162' title='bbox 2424 849 2447 875; x_wconf 79' lang='grc' dir='ltr'>θ</span> <span class='ocrx_word' id='word_1_163' title='bbox 2476 857 2599 899; x_wconf 87' lang='lat' dir='ltr'><strong>cum</strong></span> <span class='ocrx_word' id='word_1_164' title='bbox 2627 843 2786 901; x_wconf 87' lang='lat' dir='ltr'><strong>Patre</strong></span> <span class='ocrx_word' id='word_1_165' title='bbox 2814 846 3153 913; x_wconf 68' lang='lat' dir='ltr'><strong>substantiae,</strong></span> <span class='ocrx_word' id='word_1_166' title='bbox 3190 864 3281 915; x_wconf 83' lang='lat' dir='ltr'><strong>per</strong></span> <span class='ocrx_word' id='word_1_167' title='bbox 3338 865 3496 919; x_wconf 87' lang='lat' dir='ltr'><strong>quem</strong></span> <span class='ocrx_word' id='word_1_168' title='bbox 3518 854 3699 908; x_wconf 80' lang='lat' dir='ltr'><strong>omnia</strong></span> <span class='ocrx_word' id='word_1_169' title='bbox 3730 856 3872 909; x_wconf 75' lang='lat' dir='ltr'><strong>facta</strong></span> 
     </span>
    </p>
   </div>
   <div class='ocr_carea' id='block_1_26' title="bbox 2268 933 3868 1018">
    <p class='ocr_par' dir='ltr' id='par_1_26' title="bbox 2268 933 3868 1018">
     <span class='ocr_line' id='line_1_26' title="bbox 2268 933 3868 1018; baseline 0.008 -29"><span class='ocrx_word' id='word_1_170' title='bbox 2268 944 2393 989; x_wconf 90' lang='lat' dir='ltr'><strong>sunt</strong></span> <span class='ocrx_word' id='word_1_171' title='bbox 2427 933 2446 972; x_wconf 74' lang='grc' dir='ltr'><em>τ</em></span> <span class='ocrx_word' id='word_1_172' title='bbox 2473 937 2713 992; x_wconf 78' lang='lat' dir='ltr'><strong>ctelestia</strong></span> <span class='ocrx_word' id='word_1_173' title='bbox 2746 944 2801 993; x_wconf 84' lang='lat' dir='ltr'><strong>et</strong></span> <span class='ocrx_word' id='word_1_174' title='bbox 2849 946 3064 995; x_wconf 90' lang='lat' dir='ltr'><strong>terrena</strong></span> <span class='ocrx_word' id='word_1_175' title='bbox 3104 938 3227 1015; x_wconf 86' lang='lat' dir='ltr'><strong>[U.,</strong></span> <span class='ocrx_word' id='word_1_176' title='bbox 3254 940 3343 1005; x_wconf 73' lang='lat'><strong>6.,</strong></span> <span class='ocrx_word' id='word_1_177' title='bbox 3378 942 3714 1018; x_wconf 78' lang='lat' dir='ltr'><strong>terrestria],</strong></span> <span class='ocrx_word' id='word_1_178' title='bbox 3782 950 3868 1017; x_wconf 72' lang='lat' dir='ltr'><strong>qu‘</strong></span> 
     </span>
    </p>
   </div>
   <div class='ocr_carea' id='block_1_27' title="bbox 2265 1027 3869 1103">
    <p class='ocr_par' dir='ltr' id='par_1_27' title="bbox 2265 1027 3869 1103">
     <span class='ocr_line' id='line_1_27' title="bbox 2265 1027 3869 1103; baseline 0.007 -22"><span class='ocrx_word' id='word_1_179' title='bbox 2265 1034 2489 1099; x_wconf 86' lang='lat' dir='ltr'><strong>propter</strong></span> <span class='ocrx_word' id='word_1_180' title='bbox 2517 1043 2619 1083; x_wconf 90' lang='lat' dir='ltr'><strong>nos</strong></span> <span class='ocrx_word' id='word_1_181' title='bbox 2661 1027 2907 1085; x_wconf 91' lang='lat' dir='ltr'><strong>homines</strong></span> <span class='ocrx_word' id='word_1_182' title='bbox 2962 1043 3017 1088; x_wconf 93' lang='lat' dir='ltr'><strong>et</strong></span> <span class='ocrx_word' id='word_1_183' title='bbox 3068 1043 3287 1103; x_wconf 84' lang='lat' dir='ltr'><strong>propter</strong></span> <span class='ocrx_word' id='word_1_184' title='bbox 3344 1046 3583 1090; x_wconf 91' lang='lat' dir='ltr'><strong>nostram</strong></span> <span class='ocrx_word' id='word_1_185' title='bbox 3629 1040 3869 1095; x_wconf 83' lang='lat' dir='ltr'><strong>salutem</strong></span> 
     </span>
    </p>
   </div>
   <div class='ocr_carea' id='block_1_28' title="bbox 2268 1120 3870 1201">
    <p class='ocr_par' dir='ltr' id='par_1_28' title="bbox 2268 1120 3870 1201">
     <span class='ocr_line' id='line_1_28' title="bbox 2268 1120 3870 1201; baseline 0.007 -25"><span class='ocrx_word' id='word_1_186' title='bbox 2268 1120 2547 1178; x_wconf 83' lang='lat' dir='ltr'><strong>descendit</strong></span> <span class='ocrx_word' id='word_1_187' title='bbox 2578 1132 2604 1171; x_wconf 74' lang='grc' dir='ltr'>ι</span> <span class='ocrx_word' id='word_1_188' title='bbox 2636 1132 2692 1179; x_wconf 91' lang='lat' dir='ltr'><strong>et</strong></span> <span class='ocrx_word' id='word_1_189' title='bbox 2722 1125 3032 1183; x_wconf 77' lang='lat' dir='ltr'><strong>incarnatus</strong></span> <span class='ocrx_word' id='word_1_190' title='bbox 3057 1136 3161 1195; x_wconf 86' lang='lat' dir='ltr'><strong>est,</strong></span> <span class='ocrx_word' id='word_1_191' title='bbox 3189 1137 3242 1183; x_wconf 90' lang='lat' dir='ltr'><strong>et</strong></span> <span class='ocrx_word' id='word_1_192' title='bbox 3273 1127 3433 1182; x_wconf 89' lang='lat' dir='ltr'><strong>homo</strong></span> <span class='ocrx_word' id='word_1_193' title='bbox 3462 1128 3636 1188; x_wconf 85' lang='lat' dir='ltr'><strong>factus</strong></span> <span class='ocrx_word' id='word_1_194' title='bbox 3675 1148 3870 1201; x_wconf 79' lang='lat' dir='ltr'><strong>Passus</strong></span> 
     </span>
    </p>
   </div>
   <div class='ocr_carea' id='block_1_29' title="bbox 2267 1222 3866 1295">
    <p class='ocr_par' dir='ltr' id='par_1_29' title="bbox 2267 1222 3866 1295">
     <span class='ocr_line' id='line_1_29' title="bbox 2267 1222 3866 1295; baseline 0.005 -21"><span class='ocrx_word' id='word_1_195' title='bbox 2267 1226 2369 1282; x_wconf 83' lang='lat' dir='ltr'><strong>est,</strong></span> <span class='ocrx_word' id='word_1_196' title='bbox 2397 1227 2452 1275; x_wconf 88' lang='lat' dir='ltr'><strong>et</strong></span> <span class='ocrx_word' id='word_1_197' title='bbox 2480 1222 2781 1277; x_wconf 79' lang='lat' dir='ltr'><strong>resurrexit</strong></span> <span class='ocrx_word' id='word_1_198' title='bbox 2808 1222 2965 1277; x_wconf 85' lang='lat' dir='ltr'><strong>tertia</strong></span> <span class='ocrx_word' id='word_1_199' title='bbox 2989 1222 3100 1291; x_wconf 89' lang='lat' dir='ltr'><strong>die,</strong></span> <span class='ocrx_word' id='word_1_200' title='bbox 3128 1223 3376 1283; x_wconf 83' lang='lat' dir='ltr'><strong>ascendit</strong></span> <span class='ocrx_word' id='word_1_201' title='bbox 3394 1224 3451 1281; x_wconf 82' lang='lat' dir='ltr'><strong>in</strong></span> <span class='ocrx_word' id='word_1_202' title='bbox 3476 1227 3698 1295; x_wconf 72' lang='lat' dir='ltr'><strong>omium,</strong></span> <span class='ocrx_word' id='word_1_203' title='bbox 3733 1245 3866 1284; x_wconf 81' lang='lat' dir='ltr'><strong>ven-</strong></span> 
     </span>
    </p>
   </div>
   <div class='ocr_carea' id='block_1_30' title="bbox 2269 1310 3863 1390">
    <p class='ocr_par' dir='ltr' id='par_1_30' title="bbox 2269 1310 3863 1390">
     <span class='ocr_line' id='line_1_30' title="bbox 2269 1310 3863 1390; baseline 0.004 -21"><span class='ocrx_word' id='word_1_204' title='bbox 2269 1322 2420 1369; x_wconf 90' lang='lat' dir='ltr'><strong>turus</strong></span> <span class='ocrx_word' id='word_1_205' title='bbox 2451 1310 2578 1369; x_wconf 87' lang='lat' dir='ltr'><strong>inde</strong></span> <span class='ocrx_word' id='word_1_206' title='bbox 2601 1313 2847 1383; x_wconf 82' lang='lat' dir='ltr'><strong>judicare</strong></span> <span class='ocrx_word' id='word_1_207' title='bbox 2868 1316 3018 1371; x_wconf 86' lang='lat' dir='ltr'><strong>vivos</strong></span> <span class='ocrx_word' id='word_1_208' title='bbox 3046 1326 3102 1371; x_wconf 91' lang='lat' dir='ltr'><strong>et</strong></span> <span class='ocrx_word' id='word_1_209' title='bbox 3127 1326 3367 1372; x_wconf 88' lang='lat' dir='ltr'><strong>mortuos</strong></span> <span class='ocrx_word' id='word_1_210' title='bbox 3402 1336 3414 1371; x_wconf 89' lang='lat'><strong>:</strong></span> <span class='ocrx_word' id='word_1_211' title='bbox 3442 1327 3493 1372; x_wconf 89' lang='lat' dir='ltr'><strong>et</strong></span> <span class='ocrx_word' id='word_1_212' title='bbox 3519 1319 3572 1375; x_wconf 91' lang='lat' dir='ltr'><strong>in</strong></span> <span class='ocrx_word' id='word_1_213' title='bbox 3601 1320 3863 1390; x_wconf 87' lang='lat' dir='ltr'><strong>Spiritum</strong></span> 
     </span>
    </p>
   </div>
   <div class='ocr_carea' id='block_1_31' title="bbox 2264 1406 3866 1483">
    <p class='ocr_par' dir='ltr' id='par_1_31' title="bbox 2264 1406 3866 1483">
     <span class='ocr_line' id='line_1_31' title="bbox 2264 1406 3866 1483; baseline 0.004 -20"><span class='ocrx_word' id='word_1_214' title='bbox 2264 1414 2540 1463; x_wconf 79' lang='lat' dir='ltr'><strong>sanctum.</strong></span> <span class='ocrx_word' id='word_1_215' title='bbox 2572 1406 2680 1462; x_wconf 81' lang='lat' dir='ltr'><strong>Eos</strong></span> <span class='ocrx_word' id='word_1_216' title='bbox 2711 1421 2840 1465; x_wconf 85' lang='lat' dir='ltr'><strong>vero</strong></span> <span class='ocrx_word' id='word_1_217' title='bbox 2860 1408 2952 1479; x_wconf 85' lang='lat' dir='ltr'><strong>qui</strong></span> <span class='ocrx_word' id='word_1_218' title='bbox 2982 1407 3171 1465; x_wconf 88' lang='lat' dir='ltr'><strong>dicunt</strong></span> <span class='ocrx_word' id='word_1_219' title='bbox 3202 1426 3217 1463; x_wconf 91' lang='lat'><strong>:</strong></span> <span class='ocrx_word' id='word_1_220' title='bbox 3248 1419 3364 1466; x_wconf 88' lang='lat' dir='ltr'><strong>erat</strong></span> <span class='ocrx_word' id='word_1_221' title='bbox 3391 1420 3601 1481; x_wconf 86' lang='lat' dir='ltr'><strong>tempus</strong></span> <span class='ocrx_word' id='word_1_222' title='bbox 3644 1415 3866 1483; x_wconf 87' lang='lat' dir='ltr'><strong>quando</strong></span> 
     </span>
    </p>
   </div>
   <div class='ocr_carea' id='block_1_32' title="bbox 2264 1497 3866 1573">
    <p class='ocr_par' dir='ltr' id='par_1_32' title="bbox 2264 1497 3866 1573">
     <span class='ocr_line' id='line_1_32' title="bbox 2264 1497 3866 1573; baseline 0.005 -22"><span class='ocrx_word' id='word_1_223' title='bbox 2264 1511 2372 1551; x_wconf 85' lang='lat' dir='ltr'><strong>non</strong></span> <span class='ocrx_word' id='word_1_224' title='bbox 2401 1498 2759 1573; x_wconf 87' lang='lat' dir='ltr'><strong>erat,etqnia</strong></span> <span class='ocrx_word' id='word_1_225' title='bbox 2787 1512 2855 1554; x_wconf 86' lang='lat' dir='ltr'><strong>ex</strong></span> <span class='ocrx_word' id='word_1_226' title='bbox 2883 1497 3053 1555; x_wconf 86' lang='lat' dir='ltr'><strong>nihilo</strong></span> <span class='ocrx_word' id='word_1_227' title='bbox 3100 1498 3293 1565; x_wconf 88' lang='lat' dir='ltr'><strong>factus,</strong></span> <span class='ocrx_word' id='word_1_228' title='bbox 3342 1500 3426 1557; x_wconf 89' lang='lat' dir='ltr'><strong>vel</strong></span> <span class='ocrx_word' id='word_1_229' title='bbox 3473 1517 3539 1559; x_wconf 87' lang='lat' dir='ltr'><strong>ex</strong></span> <span class='ocrx_word' id='word_1_230' title='bbox 3583 1504 3687 1559; x_wconf 87' lang='lat' dir='ltr'><strong>alia</strong></span> <span class='ocrx_word' id='word_1_231' title='bbox 3739 1505 3866 1559; x_wconf 80' lang='lat' dir='ltr'><strong>sub-</strong></span> 
     </span>
    </p>
   </div>
   <div class='ocr_carea' id='block_1_33' title="bbox 2266 1589 3864 1653">
    <p class='ocr_par' dir='ltr' id='par_1_33' title="bbox 2266 1589 3864 1653">
     <span class='ocr_line' id='line_1_33' title="bbox 2266 1589 3864 1653; baseline 0.007 -10"><span class='ocrx_word' id='word_1_232' title='bbox 2266 1589 2459 1645; x_wconf 82' lang='lat' dir='ltr'><strong>stantia</strong></span> <span class='ocrx_word' id='word_1_233' title='bbox 2494 1589 2577 1645; x_wconf 91' lang='lat' dir='ltr'><strong>vel</strong></span> <span class='ocrx_word' id='word_1_234' title='bbox 2599 1591 2832 1647; x_wconf 83' lang='lat' dir='ltr'><strong>essentia</strong></span> <span class='ocrx_word' id='word_1_235' title='bbox 2857 1605 2979 1647; x_wconf 86' lang='lat' dir='ltr'><strong>esse</strong></span> <span class='ocrx_word' id='word_1_236' title='bbox 3007 1600 3100 1649; x_wconf 79' lang='lat' dir='ltr'><strong>aut</strong></span> <span class='ocrx_word' id='word_1_237' title='bbox 3128 1592 3441 1651; x_wconf 84' lang='lat' dir='ltr'><strong>mutabilem</strong></span> <span class='ocrx_word' id='word_1_238' title='bbox 3476 1605 3567 1650; x_wconf 86' lang='lat' dir='ltr'><strong>aut</strong></span> <span class='ocrx_word' id='word_1_239' title='bbox 3590 1599 3864 1653; x_wconf 84' lang='lat' dir='ltr'><strong>converti-</strong></span> 
     </span>
    </p>
   </div>
   <div class='ocr_carea' id='block_1_34' title="bbox 2267 1680 3864 1751">
    <p class='ocr_par' dir='ltr' id='par_1_34' title="bbox 2267 1680 3864 1751">
     <span class='ocr_line' id='line_1_34' title="bbox 2267 1680 3864 1751; baseline 0.005 -14"><span class='ocrx_word' id='word_1_240' title='bbox 2267 1680 2427 1737; x_wconf 90' lang='lat' dir='ltr'><strong>bilem</strong></span> <span class='ocrx_word' id='word_1_241' title='bbox 2450 1681 2643 1739; x_wconf 87' lang='lat' dir='ltr'><strong>Filium</strong></span> <span class='ocrx_word' id='word_1_242' title='bbox 2673 1683 2768 1739; x_wconf 86' lang='lat' dir='ltr'><strong>Dei</strong></span> <span class='ocrx_word' id='word_1_243' title='bbox 2791 1683 2995 1751; x_wconf 83' lang='lat' dir='ltr'><strong>dicunt,</strong></span> <span class='ocrx_word' id='word_1_244' title='bbox 3022 1688 3445 1745; x_wconf 81' lang='lat' dir='ltr'><strong>anathematizat</strong></span> <span class='ocrx_word' id='word_1_245' title='bbox 3494 1687 3763 1747; x_wconf 85' lang='lat' dir='ltr'><strong>catholica</strong></span> <span class='ocrx_word' id='word_1_246' title='bbox 3810 1701 3864 1747; x_wconf 84' lang='lat' dir='ltr'><strong>et</strong></span> 
     </span>
    </p>
   </div>
   <div class='ocr_carea' id='block_1_35' title="bbox 565 1778 2864 1854">
    <p class='ocr_par' dir='ltr' id='par_1_35' title="bbox 565 1778 2864 1854">
     <span class='ocr_line' id='line_1_35' title="bbox 565 1778 2864 1854; baseline 0.003 -17"><span class='ocrx_word' id='word_1_247' title='bbox 565 1783 875 1837; x_wconf 83' lang='lat' dir='ltr'><strong>nocentium</strong></span> <span class='ocrx_word' id='word_1_248' title='bbox 909 1782 1284 1853; x_wconf 73' lang='lat' dir='ltr'><strong>presbyterum</strong></span> <span class='ocrx_word' id='word_1_249' title='bbox 1324 1782 1680 1851; x_wconf 86' lang='lat' dir='ltr'><strong>suscepimus,</strong></span> <span class='ocrx_word' id='word_1_250' title='bbox 1723 1783 1917 1853; x_wconf 87' lang='lat' dir='ltr'><strong>quibus</strong></span> <span class='ocrx_word' id='word_1_251' title='bbox 1943 1800 1974 1838; x_wconf 91' lang='lat' dir='ltr'><strong>a</strong></span> <span class='ocrx_word' id='word_1_252' title='bbox 2004 1784 2160 1840; x_wconf 89' lang='lat' dir='ltr'><strong>nobis</strong></span> <span class='ocrx_word' id='word_1_253' title='bbox 2188 1778 2239 1840; x_wconf 90' lang='lat' dir='ltr'><strong>B</strong></span> <span class='ocrx_word' id='word_1_254' title='bbox 2268 1784 2563 1854; x_wconf 78' lang='lat' dir='ltr'><strong>apostolica</strong></span> <span class='ocrx_word' id='word_1_255' title='bbox 2595 1784 2864 1845; x_wconf 77' lang='lat' dir='ltr'><strong>Ecclesia.</strong></span> 
     </span>
    </p>
   </div>
   <div class='ocr_carea' id='block_1_36' title="bbox 561 1876 2162 1946">
    <p class='ocr_par' dir='ltr' id='par_1_36' title="bbox 561 1876 2162 1946">
     <span class='ocr_line' id='line_1_36' title="bbox 561 1876 2162 1946; baseline 0.001 -14"><span class='ocrx_word' id='word_1_256' title='bbox 561 1876 821 1946; x_wconf 81' lang='lat' dir='ltr'><strong>speratis,</strong></span> <span class='ocrx_word' id='word_1_257' title='bbox 861 1886 921 1932; x_wconf 91' lang='lat' dir='ltr'><strong>ut</strong></span> <span class='ocrx_word' id='word_1_258' title='bbox 965 1876 1034 1931; x_wconf 91' lang='lat' dir='ltr'><strong>de</strong></span> <span class='ocrx_word' id='word_1_259' title='bbox 1080 1876 1279 1933; x_wconf 90' lang='lat' dir='ltr'><strong>scrinio</strong></span> <span class='ocrx_word' id='word_1_260' title='bbox 1326 1886 1529 1933; x_wconf 68' lang='lat' dir='ltr'><strong>nostra:</strong></span> <span class='ocrx_word' id='word_1_261' title='bbox 1579 1878 1836 1933; x_wconf 75' lang='lat' dir='ltr'><strong>Ecclesiae</strong></span> <span class='ocrx_word' id='word_1_262' title='bbox 1880 1880 2162 1935; x_wconf 88' lang='lat' dir='ltr'><strong>verissima</strong></span> 
     </span>
    </p>
   </div>
   <div class='ocr_carea' id='block_1_37' title="bbox 563 1969 2161 2041">
    <p class='ocr_par' dir='ltr' id='par_1_37' title="bbox 563 1969 2161 2041">
     <span class='ocr_line' id='line_1_37' title="bbox 563 1969 2161 2041; baseline 0.001 -17"><span class='ocrx_word' id='word_1_263' title='bbox 563 1969 893 2039; x_wconf 79' lang='lat' dir='ltr'><strong>exemplaria</strong></span> <span class='ocrx_word' id='word_1_264' title='bbox 923 1986 986 2024; x_wconf 87' lang='lat' dir='ltr'><strong>ex</strong></span> <span class='ocrx_word' id='word_1_265' title='bbox 1017 1970 1330 2024; x_wconf 89' lang='lat' dir='ltr'><strong>autltentica</strong></span> <span class='ocrx_word' id='word_1_266' title='bbox 1363 1971 1573 2041; x_wconf 86' lang='lat' dir='ltr'><strong>synodo</strong></span> <span class='ocrx_word' id='word_1_267' title='bbox 1596 1971 1737 2041; x_wconf 84' lang='lat' dir='ltr'><strong>apud</strong></span> <span class='ocrx_word' id='word_1_268' title='bbox 1766 1970 1999 2026; x_wconf 69' lang='lat' dir='ltr'><strong>Nicaeam</strong></span> <span class='ocrx_word' id='word_1_269' title='bbox 2031 1973 2161 2026; x_wconf 86' lang='lat' dir='ltr'><strong>civi-</strong></span> 
     </span>
    </p>
   </div>
   <div class='ocr_carea' id='block_1_38' title="bbox 562 2062 2161 2133">
    <p class='ocr_par' dir='ltr' id='par_1_38' title="bbox 562 2062 2161 2133">
     <span class='ocr_line' id='line_1_38' title="bbox 562 2062 2161 2133; baseline 0.003 -18"><span class='ocrx_word' id='word_1_270' title='bbox 562 2068 725 2115; x_wconf 86' lang='lat' dir='ltr'><strong>tatem</strong></span> <span class='ocrx_word' id='word_1_271' title='bbox 757 2062 1100 2130; x_wconf 83' lang='lat' dir='ltr'><strong>metrOpoIim</strong></span> <span class='ocrx_word' id='word_1_272' title='bbox 1151 2062 1419 2133; x_wconf 68' lang='lat' dir='ltr'><strong>Bithynia:</strong></span> <span class='ocrx_word' id='word_1_273' title='bbox 1446 2078 1479 2117; x_wconf 91' lang='lat' dir='ltr'><strong>a</strong></span> <span class='ocrx_word' id='word_1_274' title='bbox 1513 2064 1716 2121; x_wconf 87' lang='lat' dir='ltr'><strong>sanctis</strong></span> <span class='ocrx_word' id='word_1_275' title='bbox 1754 2064 2002 2121; x_wconf 88' lang='lat' dir='ltr'><strong>Patribus</strong></span> <span class='ocrx_word' id='word_1_276' title='bbox 2033 2080 2161 2119; x_wconf 91' lang='lat' dir='ltr'><strong>con-</strong></span> 
     </span>
    </p>
   </div>
   <div class='ocr_carea' id='block_1_39' title="bbox 559 2150 2161 2224">
    <p class='ocr_par' dir='ltr' id='par_1_39' title="bbox 559 2150 2161 2224">
     <span class='ocr_line' id='line_1_39' title="bbox 559 2150 2161 2224; baseline 0.003 -19"><span class='ocrx_word' id='word_1_277' title='bbox 559 2150 744 2206; x_wconf 78' lang='lat' dir='ltr'><strong>stitiita</strong></span> <span class='ocrx_word' id='word_1_278' title='bbox 784 2161 949 2222; x_wconf 85' lang='lat' dir='ltr'><strong>atque</strong></span> <span class='ocrx_word' id='word_1_279' title='bbox 998 2152 1212 2209; x_wconf 81' lang='lat' dir='ltr'><strong>firmata</strong></span> <span class='ocrx_word' id='word_1_280' title='bbox 1258 2154 1360 2209; x_wconf 90' lang='lat' dir='ltr'><strong>sub</strong></span> <span class='ocrx_word' id='word_1_281' title='bbox 1400 2163 1600 2209; x_wconf 85' lang='lat' dir='ltr'><strong>nostrae</strong></span> <span class='ocrx_word' id='word_1_282' title='bbox 1651 2154 1775 2211; x_wconf 91' lang='lat' dir='ltr'><strong>lidei</strong></span> <span class='ocrx_word' id='word_1_283' title='bbox 1822 2154 2161 2224; x_wconf 90' lang='lat' dir='ltr'><strong>professione</strong></span> 
     </span>
    </p>
   </div>
   <div class='ocr_carea' id='block_1_40' title="bbox 562 2246 2160 2318">
    <p class='ocr_par' dir='ltr' id='par_1_40' title="bbox 562 2246 2160 2318">
     <span class='ocr_line' id='line_1_40' title="bbox 562 2246 2160 2318; baseline 0.004 -19"><span class='ocrx_word' id='word_1_284' title='bbox 562 2255 757 2301; x_wconf 76' lang='lat' dir='ltr'><strong>vestrae</strong></span> <span class='ocrx_word' id='word_1_285' title='bbox 786 2246 1063 2303; x_wconf 87' lang='lat' dir='ltr'><strong>dilectioni</strong></span> <span class='ocrx_word' id='word_1_286' title='bbox 1096 2249 1455 2318; x_wconf 78' lang='lat' dir='ltr'><strong>porrigamus.</strong></span> <span class='ocrx_word' id='word_1_287' title='bbox 1504 2248 1658 2307; x_wconf 86' lang='lat' dir='ltr'><strong>Unde</strong></span> <span class='ocrx_word' id='word_1_288' title='bbox 1695 2248 1901 2305; x_wconf 90' lang='lat' dir='ltr'><strong>domini</strong></span> <span class='ocrx_word' id='word_1_289' title='bbox 1931 2250 2160 2305; x_wconf 86' lang='lat' dir='ltr'><strong>honora-</strong></span> 
     </span>
    </p>
   </div>
   <div class='ocr_carea' id='block_1_41' title="bbox 559 2334 2161 2411">
    <p class='ocr_par' dir='ltr' id='par_1_41' title="bbox 559 2334 2161 2411">
     <span class='ocr_line' id='line_1_41' title="bbox 559 2334 2161 2411; baseline 0.003 -19"><span class='ocrx_word' id='word_1_290' title='bbox 559 2337 695 2392; x_wconf 89' lang='lat' dir='ltr'><strong>biles</strong></span> <span class='ocrx_word' id='word_1_291' title='bbox 723 2334 865 2410; x_wconf 65' lang='grc' dir='ltr'><strong>[Αέη</strong></span> <span class='ocrx_word' id='word_1_292' title='bbox 900 2337 1262 2411; x_wconf 85' lang='lat' dir='ltr'><strong>venerabiles]</strong></span> <span class='ocrx_word' id='word_1_293' title='bbox 1292 2340 1500 2401; x_wconf 86' lang='lat' dir='ltr'><strong>fratres,</strong></span> <span class='ocrx_word' id='word_1_294' title='bbox 1527 2340 1704 2396; x_wconf 86' lang='lat' dir='ltr'><strong>salute</strong></span> <span class='ocrx_word' id='word_1_295' title='bbox 1745 2351 2037 2410; x_wconf 63' lang='lat' dir='ltr'><strong>prateunte,</strong></span> <span class='ocrx_word' id='word_1_296' title='bbox 2063 2356 2161 2397; x_wconf 89' lang='lat' dir='ltr'><strong>ne-</strong></span> 
     </span>
    </p>
   </div>
   <div class='ocr_carea' id='block_1_42' title="bbox 559 2431 2159 2502">
    <p class='ocr_par' dir='ltr' id='par_1_42' title="bbox 559 2431 2159 2502">
     <span class='ocr_line' id='line_1_42' title="bbox 559 2431 2159 2502; baseline 0.004 -17"><span class='ocrx_word' id='word_1_297' title='bbox 559 2444 717 2487; x_wconf 90' lang='lat' dir='ltr'><strong>cesse</strong></span> <span class='ocrx_word' id='word_1_298' title='bbox 744 2431 901 2485; x_wconf 87' lang='lat' dir='ltr'><strong>habui</strong></span> <span class='ocrx_word' id='word_1_299' title='bbox 924 2447 1025 2502; x_wconf 87' lang='lat' dir='ltr'><strong>per</strong></span> <span class='ocrx_word' id='word_1_300' title='bbox 1049 2432 1194 2488; x_wconf 87' lang='lat' dir='ltr'><strong>hunc</strong></span> <span class='ocrx_word' id='word_1_301' title='bbox 1218 2441 1244 2469; x_wconf 71' lang='grc' dir='ltr'>ι</span> <span class='ocrx_word' id='word_1_302' title='bbox 1279 2433 1503 2488; x_wconf 87' lang='lat' dir='ltr'><strong>latorem</strong></span> <span class='ocrx_word' id='word_1_303' title='bbox 1532 2433 1701 2489; x_wconf 87' lang='lat' dir='ltr'><strong>lilium</strong></span> <span class='ocrx_word' id='word_1_304' title='bbox 1728 2442 1971 2488; x_wconf 90' lang='lat' dir='ltr'><strong>nostrum</strong></span> <span class='ocrx_word' id='word_1_305' title='bbox 1997 2434 2159 2491; x_wconf 89' lang='lat' dir='ltr'><strong>Inno-</strong></span> 
     </span>
    </p>
   </div>
   <div class='ocr_carea' id='block_1_43' title="bbox 559 2522 2158 2598">
    <p class='ocr_par' dir='ltr' id='par_1_43' title="bbox 559 2522 2158 2598">
     <span class='ocr_line' id='line_1_43' title="bbox 559 2522 2158 2598; baseline 0 -19"><span class='ocrx_word' id='word_1_306' title='bbox 559 2523 795 2579; x_wconf 89' lang='lat' dir='ltr'><strong>centium</strong></span> <span class='ocrx_word' id='word_1_307' title='bbox 827 2523 1133 2581; x_wconf 83' lang='lat' dir='ltr'><strong>fidelissima</strong></span> <span class='ocrx_word' id='word_1_308' title='bbox 1156 2524 1485 2594; x_wconf 85' lang='lat' dir='ltr'><strong>exemplaria</strong></span> <span class='ocrx_word' id='word_1_309' title='bbox 1510 2539 1575 2583; x_wconf 87' lang='lat' dir='ltr'><strong>ex</strong></span> <span class='ocrx_word' id='word_1_310' title='bbox 1607 2525 1918 2580; x_wconf 82' lang='lat' dir='ltr'><strong>autlientica</strong></span> <span class='ocrx_word' id='word_1_311' title='bbox 1947 2522 2158 2598; x_wconf 86' lang='lat' dir='ltr'><strong>synodo</strong></span> 
     </span>
    </p>
   </div>
   <div class='ocr_carea' id='block_1_44' title="bbox 560 2614 2157 2687">
    <p class='ocr_par' dir='ltr' id='par_1_44' title="bbox 560 2614 2157 2687">
     <span class='ocr_line' id='line_1_44' title="bbox 560 2614 2157 2687; baseline 0.001 -16"><span class='ocrx_word' id='word_1_312' title='bbox 560 2614 618 2671; x_wconf 89' lang='lat' dir='ltr'><strong>in</strong></span> <span class='ocrx_word' id='word_1_313' title='bbox 656 2615 833 2672; x_wconf 72' lang='lat' dir='ltr'><strong>Nicaea</strong></span> <span class='ocrx_word' id='word_1_314' title='bbox 872 2615 1093 2675; x_wconf 83' lang='lat' dir='ltr'><strong>civitate</strong></span> <span class='ocrx_word' id='word_1_315' title='bbox 1139 2616 1404 2687; x_wconf 73' lang='lat' dir='ltr'><strong>Bithynia:</strong></span> <span class='ocrx_word' id='word_1_316' title='bbox 1446 2615 1622 2671; x_wconf 85' lang='lat' dir='ltr'><strong>habita</strong></span> <span class='ocrx_word' id='word_1_317' title='bbox 1678 2626 1869 2672; x_wconf 71' lang='lat' dir='ltr'><strong>vestra:</strong></span> <span class='ocrx_word' id='word_1_318' title='bbox 1908 2618 2157 2673; x_wconf 87' lang='lat' dir='ltr'><strong>charitati</strong></span> 
     </span>
    </p>
   </div>
   <div class='ocr_carea' id='block_1_45' title="bbox 562 2706 2159 2780">
    <p class='ocr_par' dir='ltr' id='par_1_45' title="bbox 562 2706 2159 2780">
     <span class='ocr_line' id='line_1_45' title="bbox 562 2706 2159 2780; baseline 0.001 -17"><span class='ocrx_word' id='word_1_319' title='bbox 562 2706 792 2779; x_wconf 72' lang='lat' dir='ltr'><strong>dirigere</strong></span> <span class='ocrx_word' id='word_1_320' title='bbox 822 2723 838 2763; x_wconf 84' lang='lat'><strong>:</strong></span> <span class='ocrx_word' id='word_1_321' title='bbox 866 2708 1008 2777; x_wconf 90' lang='lat' dir='ltr'><strong>quod</strong></span> <span class='ocrx_word' id='word_1_322' title='bbox 1030 2718 1086 2764; x_wconf 90' lang='lat' dir='ltr'><strong>et</strong></span> <span class='ocrx_word' id='word_1_323' title='bbox 1108 2709 1162 2769; x_wconf 87' lang='lat' dir='ltr'><strong>in</strong></span> <span class='ocrx_word' id='word_1_324' title='bbox 1184 2708 1551 2767; x_wconf 83' lang='lat' dir='ltr'><strong>ecclesiastica</strong></span> <span class='ocrx_word' id='word_1_325' title='bbox 1578 2709 1798 2765; x_wconf 83' lang='lat' dir='ltr'><strong>historia</strong></span> <span class='ocrx_word' id='word_1_326' title='bbox 1821 2709 2159 2780; x_wconf 86' lang='lat' dir='ltr'><strong>requirentes</strong></span> 
     </span>
    </p>
   </div>
   <div class='ocr_carea' id='block_1_46' title="bbox 558 2802 2159 2876">
    <p class='ocr_par' dir='ltr' id='par_1_46' title="bbox 558 2802 2159 2876">
     <span class='ocr_line' id='line_1_46' title="bbox 558 2802 2159 2876; baseline -0.002 -15"><span class='ocrx_word' id='word_1_327' title='bbox 558 2802 862 2863; x_wconf 82' lang='lat' dir='ltr'><strong>invenietis.</strong></span> <span class='ocrx_word' id='word_1_328' title='bbox 912 2804 987 2859; x_wconf 83' lang='lat' dir='ltr'><strong>De</strong></span> <span class='ocrx_word' id='word_1_329' title='bbox 1034 2805 1232 2876; x_wconf 88' lang='lat' dir='ltr'><strong>pascha</strong></span> <span class='ocrx_word' id='word_1_330' title='bbox 1280 2818 1413 2860; x_wconf 91' lang='lat' dir='ltr'><strong>vero</strong></span> <span class='ocrx_word' id='word_1_331' title='bbox 1461 2813 1520 2859; x_wconf 91' lang='lat' dir='ltr'><strong>ut</strong></span> <span class='ocrx_word' id='word_1_332' title='bbox 1549 2803 1791 2860; x_wconf 85' lang='lat' dir='ltr'><strong>scribitis</strong></span> <span class='ocrx_word' id='word_1_333' title='bbox 1846 2802 2159 2861; x_wconf 81' lang='lat' dir='ltr'><strong>nuntiantus</strong></span> 
     </span>
    </p>
   </div>
   <div class='ocr_carea' id='block_1_47' title="bbox 559 2895 2159 2957">
    <p class='ocr_par' dir='ltr' id='par_1_47' title="bbox 559 2895 2159 2957">
     <span class='ocr_line' id='line_1_47' title="bbox 559 2895 2159 2957; baseline 0.001 -4"><span class='ocrx_word' id='word_1_334' title='bbox 559 2898 715 2955; x_wconf 88' lang='lat' dir='ltr'><strong>vobis</strong></span> <span class='ocrx_word' id='word_1_335' title='bbox 745 2912 877 2955; x_wconf 85' lang='lat' dir='ltr'><strong>xvm</strong></span> <span class='ocrx_word' id='word_1_336' title='bbox 908 2898 1177 2957; x_wconf 78' lang='lat' dir='ltr'><strong>Kalendas</strong></span> <span class='ocrx_word' id='word_1_337' title='bbox 1206 2898 1373 2955; x_wconf 78' lang='lat' dir='ltr'><strong>Maias</strong></span> <span class='ocrx_word' id='word_1_338' title='bbox 1404 2912 1502 2955; x_wconf 87' lang='lat' dir='ltr'><strong>nos</strong></span> <span class='ocrx_word' id='word_1_339' title='bbox 1531 2895 1710 2954; x_wconf 90' lang='lat' dir='ltr'><strong>futura</strong></span> <span class='ocrx_word' id='word_1_340' title='bbox 1742 2898 2035 2954; x_wconf 79' lang='lat' dir='ltr'><strong>indictione</strong></span> <span class='ocrx_word' id='word_1_341' title='bbox 2058 2911 2159 2954; x_wconf 84' lang='lat' dir='ltr'><strong>ce-</strong></span> 
     </span>
    </p>
   </div>
   <div class='ocr_carea' id='block_1_48' title="bbox 555 2992 2159 3051">
    <p class='ocr_par' dir='ltr' id='par_1_48' title="bbox 555 2992 2159 3051">
     <span class='ocr_line' id='line_1_48' title="bbox 555 2992 2159 3051; baseline -0.004 0"><span class='ocrx_word' id='word_1_342' title='bbox 555 2993 788 3051; x_wconf 86' lang='lat' dir='ltr'><strong>lebrare.</strong></span> <span class='ocrx_word' id='word_1_343' title='bbox 820 2992 885 3049; x_wconf 85' lang='lat' dir='ltr'><strong>Et</strong></span> <span class='ocrx_word' id='word_1_344' title='bbox 927 2993 1030 3047; x_wconf 87' lang='lat' dir='ltr'><strong>alia</strong></span> <span class='ocrx_word' id='word_1_345' title='bbox 1073 3008 1233 3049; x_wconf 86' lang='lat' dir='ltr'><strong>manu</strong></span> <span class='ocrx_word' id='word_1_346' title='bbox 1267 3008 1281 3049; x_wconf 90' lang='lat'><strong>:</strong></span> <span class='ocrx_word' id='word_1_347' title='bbox 1314 2992 1456 3049; x_wconf 88' lang='lat' dir='ltr'><strong>Deus</strong></span> <span class='ocrx_word' id='word_1_348' title='bbox 1486 3000 1539 3048; x_wconf 88' lang='lat' dir='ltr'><strong>et</strong></span> <span class='ocrx_word' id='word_1_349' title='bbox 1570 2992 1825 3049; x_wconf 85' lang='lat' dir='ltr'><strong>dominus</strong></span> <span class='ocrx_word' id='word_1_350' title='bbox 1853 2999 2037 3049; x_wconf 82' lang='lat' dir='ltr'><strong>noster</strong></span> <span class='ocrx_word' id='word_1_351' title='bbox 2065 3006 2159 3046; x_wconf 92' lang='lat' dir='ltr'><strong>ve-</strong></span> 
     </span>
    </p>
   </div>
   <div class='ocr_carea' id='block_1_49' title="bbox 552 3088 2158 3160">
    <p class='ocr_par' dir='ltr' id='par_1_49' title="bbox 552 3088 2158 3160">
     <span class='ocr_line' id='line_1_49' title="bbox 552 3088 2158 3160; baseline -0.001 -15"><span class='ocrx_word' id='word_1_352' title='bbox 552 3094 725 3145; x_wconf 80' lang='lat' dir='ltr'><strong>stram</strong></span> <span class='ocrx_word' id='word_1_353' title='bbox 751 3088 1225 3159; x_wconf 70' lang='lat' dir='ltr'><strong>congregationem</strong></span> <span class='ocrx_word' id='word_1_354' title='bbox 1249 3088 1702 3158; x_wconf 73' lang='lat' dir='ltr'><strong>custudiat,quod</strong></span> <span class='ocrx_word' id='word_1_355' title='bbox 1725 3100 1996 3160; x_wconf 83' lang='lat' dir='ltr'><strong>optamus,</strong></span> <span class='ocrx_word' id='word_1_356' title='bbox 2023 3089 2158 3144; x_wconf 81' lang='lat' dir='ltr'><strong>cha-</strong></span> 
     </span>
    </p>
   </div>
   <div class='ocr_carea' id='block_1_50' title="bbox 554 3180 1219 3243">
    <p class='ocr_par' dir='ltr' id='par_1_50' title="bbox 554 3180 1219 3243">
     <span class='ocr_line' id='line_1_50' title="bbox 554 3180 1219 3243; baseline 0.003 -5"><span class='ocrx_word' id='word_1_357' title='bbox 554 3180 759 3240; x_wconf 88' lang='lat' dir='ltr'><strong>rissimi</strong></span> <span class='ocrx_word' id='word_1_358' title='bbox 783 3181 995 3243; x_wconf 81' lang='lat' dir='ltr'><strong>fratres.</strong></span> <span class='ocrx_word' id='word_1_359' title='bbox 1026 3182 1219 3240; x_wconf 81' lang='lat' dir='ltr'><strong>Amen.</strong></span> 
     </span>
    </p>
   </div>
   <div class='ocr_carea' id='block_1_51' title="bbox 708 3272 2007 3346">
    <p class='ocr_par' dir='ltr' id='par_1_51' title="bbox 708 3272 2007 3346">
     <span class='ocr_line' id='line_1_51' title="bbox 708 3272 2007 3346; baseline -0.005 -12"><span class='ocrx_word' id='word_1_360' title='bbox 708 3272 948 3346; x_wconf 70' lang='lat' dir='ltr'><strong>Epistula</strong></span> <span class='ocrx_word' id='word_1_361' title='bbox 981 3277 1140 3332; x_wconf 77' lang='lat' dir='ltr'><strong>Attici</strong></span> <span class='ocrx_word' id='word_1_362' title='bbox 1167 3274 1397 3344; x_wconf 84' lang='lat' dir='ltr'><strong>episcopi</strong></span> <span class='ocrx_word' id='word_1_363' title='bbox 1423 3273 2007 3343; x_wconf 76' lang='lat' dir='ltr'><strong>Coustantinopolitani.</strong></span> 
     </span>
    </p>
   </div>
   <div class='ocr_carea' id='block_1_52' title="bbox 632 3364 2157 3434">
    <p class='ocr_par' dir='ltr' id='par_1_52' title="bbox 632 3364 2157 3434">
     <span class='ocr_line' id='line_1_52' title="bbox 632 3364 2157 3434; baseline -0.003 -8"><span class='ocrx_word' id='word_1_364' title='bbox 632 3366 963 3427; x_wconf 78' lang='lat' dir='ltr'><strong>Beatissimis</strong></span> <span class='ocrx_word' id='word_1_365' title='bbox 991 3367 1248 3425; x_wconf 78' lang='lat' dir='ltr'><strong>fratribus</strong></span> <span class='ocrx_word' id='word_1_366' title='bbox 1279 3364 1306 3405; x_wconf 78' lang='grc'><strong>¹³</strong></span> <span class='ocrx_word' id='word_1_367' title='bbox 1340 3372 1397 3423; x_wconf 88' lang='lat' dir='ltr'><strong>et</strong></span> <span class='ocrx_word' id='word_1_368' title='bbox 1420 3366 1758 3434; x_wconf 78' lang='lat' dir='ltr'><strong>coepiscopis</strong></span> <span class='ocrx_word' id='word_1_369' title='bbox 1781 3366 2021 3432; x_wconf 83' lang='lat' dir='ltr'><strong>Aurelio,</strong></span> <span class='ocrx_word' id='word_1_370' title='bbox 2052 3366 2157 3421; x_wconf 80' lang='lat' dir='ltr'><strong>Va-</strong></span> 
     </span>
    </p>
   </div>
   <div class='ocr_carea' id='block_1_53' title="bbox 552 3458 2154 3532">
    <p class='ocr_par' dir='ltr' id='par_1_53' title="bbox 552 3458 2154 3532">
     <span class='ocr_line' id='line_1_53' title="bbox 552 3458 2154 3532; baseline -0.001 -13"><span class='ocrx_word' id='word_1_371' title='bbox 552 3461 768 3520; x_wconf 86' lang='lat' dir='ltr'><strong>lentino</strong></span> <span class='ocrx_word' id='word_1_372' title='bbox 809 3464 893 3518; x_wconf 87' lang='lat' dir='ltr'><strong>vel</strong></span> <span class='ocrx_word' id='word_1_373' title='bbox 919 3462 1132 3517; x_wconf 80' lang='lat' dir='ltr'><strong>caeteris</strong></span> <span class='ocrx_word' id='word_1_374' title='bbox 1158 3458 1491 3516; x_wconf 85' lang='lat' dir='ltr'><strong>cbarissimis</strong></span> <span class='ocrx_word' id='word_1_375' title='bbox 1519 3459 1575 3515; x_wconf 85' lang='lat' dir='ltr'><strong>in</strong></span> <span class='ocrx_word' id='word_1_376' title='bbox 1614 3459 1824 3532; x_wconf 81' lang='lat' dir='ltr'><strong>synodo</strong></span> <span class='ocrx_word' id='word_1_377' title='bbox 1857 3460 1996 3531; x_wconf 75' lang='lat' dir='ltr'><strong>apud</strong></span> <span class='ocrx_word' id='word_1_378' title='bbox 2020 3459 2154 3518; x_wconf 83' lang='lat' dir='ltr'><strong>Car-</strong></span> 
     </span>
    </p>
   </div>
   <div class='ocr_carea' id='block_1_54' title="bbox 558 3552 1944 3628">
    <p class='ocr_par' dir='ltr' id='par_1_54' title="bbox 558 3552 1944 3628">
     <span class='ocr_line' id='line_1_54' title="bbox 558 3552 1944 3628; baseline -0.004 -14"><span class='ocrx_word' id='word_1_379' title='bbox 558 3557 835 3628; x_wconf 75' lang='lat' dir='ltr'><strong>thaginem</strong></span> <span class='ocrx_word' id='word_1_380' title='bbox 861 3554 1040 3610; x_wconf 90' lang='lat' dir='ltr'><strong>habita</strong></span> <span class='ocrx_word' id='word_1_381' title='bbox 1070 3552 1379 3609; x_wconf 83' lang='lat' dir='ltr'><strong>constitutis</strong></span> <span class='ocrx_word' id='word_1_382' title='bbox 1404 3552 1613 3609; x_wconf 86' lang='lat' dir='ltr'><strong>Atticus</strong></span> <span class='ocrx_word' id='word_1_383' title='bbox 1636 3553 1944 3623; x_wconf 83' lang='lat' dir='ltr'><strong>episcopus.</strong></span> 
     </span>
    </p>
   </div>
   <div class='ocr_carea' id='block_1_55' title="bbox 635 3640 2154 3703">
    <p class='ocr_par' dir='ltr' id='par_1_55' title="bbox 635 3640 2154 3703">
     <span class='ocr_line' id='line_1_55' title="bbox 635 3640 2154 3703; baseline -0.003 0"><span class='ocrx_word' id='word_1_384' title='bbox 635 3646 739 3703; x_wconf 91' lang='lat' dir='ltr'><strong>Per</strong></span> <span class='ocrx_word' id='word_1_385' title='bbox 780 3646 947 3701; x_wconf 85' lang='lat' dir='ltr'><strong>lilium</strong></span> <span class='ocrx_word' id='word_1_386' title='bbox 995 3650 1237 3699; x_wconf 87' lang='lat' dir='ltr'><strong>nostrum</strong></span> <span class='ocrx_word' id='word_1_387' title='bbox 1282 3641 1592 3697; x_wconf 76' lang='lat' dir='ltr'><strong>Marcellum</strong></span> <span class='ocrx_word' id='word_1_388' title='bbox 1634 3640 2022 3699; x_wconf 67' lang='lat' dir='ltr'><strong>subdiaconus</strong></span> <span class='ocrx_word' id='word_1_389' title='bbox 2053 3656 2154 3699; x_wconf 90' lang='lat' dir='ltr'><strong>ve-</strong></span> 
     </span>
    </p>
   </div>
   <div class='ocr_carea' id='block_1_56' title="bbox 557 3733 2156 3807">
    <p class='ocr_par' dir='ltr' id='par_1_56' title="bbox 557 3733 2156 3807">
     <span class='ocr_line' id='line_1_56' title="bbox 557 3733 2156 3807; baseline -0.008 -8"><span class='ocrx_word' id='word_1_390' title='bbox 557 3750 733 3799; x_wconf 77' lang='lat' dir='ltr'><strong>strum</strong></span> <span class='ocrx_word' id='word_1_391' title='bbox 766 3738 966 3807; x_wconf 87' lang='lat' dir='ltr'><strong>scripta</strong></span> <span class='ocrx_word' id='word_1_392' title='bbox 1013 3744 1207 3793; x_wconf 73' lang='lat' dir='ltr'><strong>vestra:</strong></span> <span class='ocrx_word' id='word_1_393' title='bbox 1244 3733 1552 3791; x_wconf 75' lang='lat' dir='ltr'><strong>dilecﬁonis</strong></span> <span class='ocrx_word' id='word_1_394' title='bbox 1594 3748 1716 3789; x_wconf 90' lang='lat' dir='ltr'><strong>cum</strong></span> <span class='ocrx_word' id='word_1_395' title='bbox 1741 3734 1888 3789; x_wconf 89' lang='lat' dir='ltr'><strong>omni</strong></span> <span class='ocrx_word' id='word_1_396' title='bbox 1923 3734 2156 3805; x_wconf 74' lang='lat' dir='ltr'><strong>gratula-</strong></span> 
     </span>
    </p>
   </div>
   <div class='ocr_carea' id='block_1_57' title="bbox 562 3829 2157 3901">
    <p class='ocr_par' dir='ltr' id='par_1_57' title="bbox 562 3829 2157 3901">
     <span class='ocr_line' id='line_1_57' title="bbox 562 3829 2157 3901; baseline -0.005 -9"><span class='ocrx_word' id='word_1_397' title='bbox 562 3836 711 3891; x_wconf 87' lang='lat' dir='ltr'><strong>tione</strong></span> <span class='ocrx_word' id='word_1_398' title='bbox 735 3831 967 3901; x_wconf 84' lang='lat' dir='ltr'><strong>suscepi.</strong></span> <span class='ocrx_word' id='word_1_399' title='bbox 1000 3831 1227 3886; x_wconf 90' lang='lat' dir='ltr'><strong>Domino</strong></span> <span class='ocrx_word' id='word_1_400' title='bbox 1250 3830 1450 3901; x_wconf 73' lang='lat' dir='ltr'><strong>gratias</strong></span> <span class='ocrx_word' id='word_1_401' title='bbox 1478 3844 1646 3899; x_wconf 79' lang='lat' dir='ltr'><strong>agens</strong></span> <span class='ocrx_word' id='word_1_402' title='bbox 1667 3830 1809 3900; x_wconf 89' lang='lat' dir='ltr'><strong>quod</strong></span> <span class='ocrx_word' id='word_1_403' title='bbox 1842 3829 2011 3884; x_wconf 89' lang='lat' dir='ltr'><strong>merui</strong></span> <span class='ocrx_word' id='word_1_404' title='bbox 2040 3836 2157 3884; x_wconf 85' lang='lat' dir='ltr'><strong>tan-</strong></span> 
     </span>
    </p>
   </div>
   <div class='ocr_carea' id='block_1_58' title="bbox 563 3919 2156 3991">
    <p class='ocr_par' dir='ltr' id='par_1_58' title="bbox 563 3919 2156 3991">
     <span class='ocr_line' id='line_1_58' title="bbox 563 3919 2156 3991; baseline -0.005 -10"><span class='ocrx_word' id='word_1_405' title='bbox 563 3935 740 3982; x_wconf 90' lang='lat' dir='ltr'><strong>torum</strong></span> <span class='ocrx_word' id='word_1_406' title='bbox 780 3921 1002 3977; x_wconf 79' lang='lat' dir='ltr'><strong>fratrum</strong></span> <span class='ocrx_word' id='word_1_407' title='bbox 1050 3921 1425 3979; x_wconf 84' lang='lat' dir='ltr'><strong>benedictione</strong></span> <span class='ocrx_word' id='word_1_408' title='bbox 1457 3919 1683 3991; x_wconf 87' lang='lat' dir='ltr'><strong>perfrui,</strong></span> <span class='ocrx_word' id='word_1_409' title='bbox 1730 3920 1929 3977; x_wconf 82' lang='lat' dir='ltr'><strong>domini</strong></span> <span class='ocrx_word' id='word_1_410' title='bbox 1960 3920 2156 3975; x_wconf 88' lang='lat' dir='ltr'><strong>beatis-</strong></span> 
     </span>
    </p>
   </div>
   <div class='ocr_carea' id='block_1_59' title="bbox 556 4012 2156 4080">
    <p class='ocr_par' dir='ltr' id='par_1_59' title="bbox 556 4012 2156 4080">
     <span class='ocr_line' id='line_1_59' title="bbox 556 4012 2156 4080; baseline -0.006 -6"><span class='ocrx_word' id='word_1_411' title='bbox 556 4017 686 4075; x_wconf 82' lang='lat' dir='ltr'><strong>simi</strong></span> <span class='ocrx_word' id='word_1_412' title='bbox 716 4015 929 4071; x_wconf 79' lang='lat' dir='ltr'><strong>fratres.</strong></span> <span class='ocrx_word' id='word_1_413' title='bbox 978 4014 1223 4073; x_wconf 88' lang='lat' dir='ltr'><strong>Scribitis</strong></span> <span class='ocrx_word' id='word_1_414' title='bbox 1266 4028 1434 4080; x_wconf 86' lang='lat' dir='ltr'><strong>sane,</strong></span> <span class='ocrx_word' id='word_1_415' title='bbox 1471 4023 1526 4071; x_wconf 87' lang='lat' dir='ltr'><strong>ut</strong></span> <span class='ocrx_word' id='word_1_416' title='bbox 1558 4012 1871 4071; x_wconf 83' lang='lat' dir='ltr'><strong>verissimos</strong></span> <span class='ocrx_word' id='word_1_417' title='bbox 1918 4025 2156 4069; x_wconf 84' lang='lat' dir='ltr'><strong>canones</strong></span> 
     </span>
    </p>
   </div>
   <div class='ocr_carea' id='block_1_60' title="bbox 562 4105 2155 4177">
    <p class='ocr_par' dir='ltr' id='par_1_60' title="bbox 562 4105 2155 4177">
     <span class='ocr_line' id='line_1_60' title="bbox 562 4105 2155 4177; baseline -0.003 -15"><span class='ocrx_word' id='word_1_418' title='bbox 562 4106 706 4177; x_wconf 87' lang='lat' dir='ltr'><strong>apud</strong></span> <span class='ocrx_word' id='word_1_419' title='bbox 758 4105 988 4165; x_wconf 66' lang='lat' dir='ltr'><strong>Nicaam</strong></span> <span class='ocrx_word' id='word_1_420' title='bbox 1046 4107 1322 4167; x_wconf 82' lang='lat' dir='ltr'><strong>civitatem</strong></span> <span class='ocrx_word' id='word_1_421' title='bbox 1391 4106 1733 4175; x_wconf 81' lang='lat' dir='ltr'><strong>metrOpolim</strong></span> <span class='ocrx_word' id='word_1_422' title='bbox 1803 4106 2066 4177; x_wconf 83' lang='lat' dir='ltr'><strong>Bytbiniac</strong></span> <span class='ocrx_word' id='word_1_423' title='bbox 2124 4119 2155 4158; x_wconf 88' lang='lat' dir='ltr'><strong>a</strong></span> 
     </span>
    </p>
   </div>
   <div class='ocr_carea' id='block_1_61' title="bbox 565 4198 2158 4274">
    <p class='ocr_par' dir='ltr' id='par_1_61' title="bbox 565 4198 2158 4274">
     <span class='ocr_line' id='line_1_61' title="bbox 565 4198 2158 4274; baseline -0.003 -18"><span class='ocrx_word' id='word_1_424' title='bbox 565 4202 725 4274; x_wconf 75' lang='lat'><strong>169</strong></span> <span class='ocrx_word' id='word_1_425' title='bbox 754 4201 998 4257; x_wconf 81' lang='lat' dir='ltr'><strong>I’alribus</strong></span> <span class='ocrx_word' id='word_1_426' title='bbox 1020 4202 1344 4259; x_wconf 70' lang='lat' dir='ltr'><strong>conetitutos</strong></span> <span class='ocrx_word' id='word_1_427' title='bbox 1374 4201 1480 4256; x_wconf 88' lang='lat' dir='ltr'><strong>sub</strong></span> <span class='ocrx_word' id='word_1_428' title='bbox 1513 4200 1631 4255; x_wconf 86' lang='lat' dir='ltr'><strong>fidei</strong></span> <span class='ocrx_word' id='word_1_429' title='bbox 1664 4200 2046 4269; x_wconf 71' lang='lat' dir='ltr'><strong>astipulntione</strong></span> <span class='ocrx_word' id='word_1_430' title='bbox 2075 4198 2158 4252; x_wconf 89' lang='lat' dir='ltr'><strong>di-</strong></span> 
     </span>
    </p>
   </div>
   <div class='ocr_carea' id='block_1_62' title="bbox 556 4292 2157 4366">
    <p class='ocr_par' dir='ltr' id='par_1_62' title="bbox 556 4292 2157 4366">
     <span class='ocr_line' id='line_1_62' title="bbox 556 4292 2157 4366; baseline -0.003 -16"><span class='ocrx_word' id='word_1_431' title='bbox 556 4295 727 4366; x_wconf 74' lang='lat' dir='ltr'><strong>rigam</strong></span> <span class='ocrx_word' id='word_1_432' title='bbox 762 4305 855 4350; x_wconf 87' lang='lat' dir='ltr'><strong>:et</strong></span> <span class='ocrx_word' id='word_1_433' title='bbox 883 4295 1005 4364; x_wconf 88' lang='lat' dir='ltr'><strong>quis</strong></span> <span class='ocrx_word' id='word_1_434' title='bbox 1029 4303 1116 4351; x_wconf 80' lang='lat' dir='ltr'><strong>est</strong></span> <span class='ocrx_word' id='word_1_435' title='bbox 1146 4293 1239 4363; x_wconf 82' lang='lat' dir='ltr'><strong>qui</strong></span> <span class='ocrx_word' id='word_1_436' title='bbox 1260 4307 1609 4353; x_wconf 77' lang='lat' dir='ltr'><strong>communem</strong></span> <span class='ocrx_word' id='word_1_437' title='bbox 1643 4292 1800 4349; x_wconf 87' lang='lat' dir='ltr'><strong>fidem</strong></span> <span class='ocrx_word' id='word_1_438' title='bbox 1839 4294 1923 4346; x_wconf 82' lang='lat' dir='ltr'><strong>vel</strong></span> <span class='ocrx_word' id='word_1_439' title='bbox 1954 4298 2157 4351; x_wconf 78' lang='lat' dir='ltr'><strong>statuta</strong></span> 
     </span>
    </p>
   </div>
   <div class='ocr_carea' id='block_1_63' title="bbox 556 4384 2158 4459">
    <p class='ocr_par' dir='ltr' id='par_1_63' title="bbox 556 4384 2158 4459">
     <span class='ocr_line' id='line_1_63' title="bbox 556 4384 2158 4459; baseline -0.004 -16"><span class='ocrx_word' id='word_1_440' title='bbox 556 4403 588 4444; x_wconf 85' lang='lat' dir='ltr'><strong>a</strong></span> <span class='ocrx_word' id='word_1_441' title='bbox 617 4387 860 4459; x_wconf 88' lang='lat' dir='ltr'><strong>patribus</strong></span> <span class='ocrx_word' id='word_1_442' title='bbox 884 4388 1099 4443; x_wconf 78' lang='lat' dir='ltr'><strong>ﬁrmata</strong></span> <span class='ocrx_word' id='word_1_443' title='bbox 1132 4386 1243 4441; x_wconf 88' lang='lat' dir='ltr'><strong>suis</strong></span> <span class='ocrx_word' id='word_1_444' title='bbox 1272 4384 1529 4443; x_wconf 83' lang='lat' dir='ltr'><strong>fratribus</strong></span> <span class='ocrx_word' id='word_1_445' title='bbox 1559 4384 1828 4453; x_wconf 78' lang='lat' dir='ltr'><strong>deneget?</strong></span> <span class='ocrx_word' id='word_1_446' title='bbox 1860 4398 1964 4457; x_wconf 75' lang='lat' dir='ltr'><strong>(tua</strong></span> <span class='ocrx_word' id='word_1_447' title='bbox 1993 4384 2061 4439; x_wconf 90' lang='lat' dir='ltr'><strong>de</strong></span> <span class='ocrx_word' id='word_1_448' title='bbox 2094 4397 2158 4437; x_wconf 90' lang='lat' dir='ltr'><strong>re</strong></span> 
     </span>
    </p>
   </div>
   <div class='ocr_carea' id='block_1_64' title="bbox 2334 1920 3859 1997">
    <p class='ocr_par' dir='ltr' id='par_1_64' title="bbox 2334 1920 3859 1997">
     <span class='ocr_line' id='line_1_64' title="bbox 2334 1920 3859 1997; baseline 0.01 -22"><span class='ocrx_word' id='word_1_449' title='bbox 2334 1920 2431 1976; x_wconf 84' lang='lat' dir='ltr'><strong>Cui</strong></span> <span class='ocrx_word' id='word_1_450' title='bbox 2462 1921 2711 1993; x_wconf 83' lang='lat' dir='ltr'><strong>symbolo</strong></span> <span class='ocrx_word' id='word_1_451' title='bbox 2759 1922 2882 1979; x_wconf 81' lang='lat' dir='ltr'><strong>fidei</strong></span> <span class='ocrx_word' id='word_1_452' title='bbox 2936 1926 3097 1979; x_wconf 82' lang='lat' dir='ltr'><strong>etiam</strong></span> <span class='ocrx_word' id='word_1_453' title='bbox 3154 1929 3484 1997; x_wconf 77' lang='lat' dir='ltr'><strong>exeniplaria</strong></span> <span class='ocrx_word' id='word_1_454' title='bbox 3536 1939 3859 1989; x_wconf 85' lang='lat' dir='ltr'><strong>statutornm</strong></span> 
     </span>
    </p>
   </div>
   <div class='ocr_carea' id='block_1_65' title="bbox 2262 2026 3853 2106">
    <p class='ocr_par' dir='ltr' id='par_1_65' title="bbox 2262 2026 3853 2106">
     <span class='ocr_line' id='line_1_65' title="bbox 2262 2026 3853 2106; baseline 0.011 -31"><span class='ocrx_word' id='word_1_455' title='bbox 2262 2037 2469 2077; x_wconf 82' lang='lat' dir='ltr'><strong>annexa</strong></span> <span class='ocrx_word' id='word_1_456' title='bbox 2497 2035 2643 2092; x_wconf 87' lang='lat' dir='ltr'><strong>sunt,</strong></span> <span class='ocrx_word' id='word_1_457' title='bbox 2666 2040 2785 2095; x_wconf 68' lang='lat' dir='ltr'><strong>qua:</strong></span> <span class='ocrx_word' id='word_1_458' title='bbox 2819 2026 2871 2080; x_wconf 93' lang='lat' dir='ltr'><strong>in</strong></span> <span class='ocrx_word' id='word_1_459' title='bbox 2896 2041 3085 2096; x_wconf 82' lang='lat' dir='ltr'><strong>magna</strong></span> <span class='ocrx_word' id='word_1_460' title='bbox 3132 2036 3189 2083; x_wconf 89' lang='lat' dir='ltr'><strong>et</strong></span> <span class='ocrx_word' id='word_1_461' title='bbox 3230 2039 3412 2085; x_wconf 90' lang='lat' dir='ltr'><strong>sancta</strong></span> <span class='ocrx_word' id='word_1_462' title='bbox 3455 2035 3666 2104; x_wconf 85' lang='lat' dir='ltr'><strong>synodo</strong></span> <span class='ocrx_word' id='word_1_463' title='bbox 3715 2038 3853 2106; x_wconf 89' lang='lat' dir='ltr'><strong>apud</strong></span> 
     </span>
    </p>
   </div>
   <div class='ocr_carea' id='block_1_66' title="bbox 2263 2122 3860 2208">
    <p class='ocr_par' dir='ltr' id='par_1_66' title="bbox 2263 2122 3860 2208">
     <span class='ocr_line' id='line_1_66' title="bbox 2263 2122 3860 2208; baseline 0.01 -31"><span class='ocrx_word' id='word_1_464' title='bbox 2263 2122 2535 2179; x_wconf 71' lang='lat' dir='ltr'><strong>Nicrenam</strong></span> <span class='ocrx_word' id='word_1_465' title='bbox 2564 2124 2838 2181; x_wconf 87' lang='lat' dir='ltr'><strong>civitatem</strong></span> <span class='ocrx_word' id='word_1_466' title='bbox 2866 2130 3209 2198; x_wconf 90' lang='lat' dir='ltr'><strong>metropolim</strong></span> <span class='ocrx_word' id='word_1_467' title='bbox 3260 2130 3552 2201; x_wconf 75' lang='lat' dir='ltr'><strong>provinciae</strong></span> <span class='ocrx_word' id='word_1_468' title='bbox 3596 2135 3860 2208; x_wconf 74' lang='lat' dir='ltr'><strong>Bithynia</strong></span> 
     </span>
    </p>
   </div>
   <div class='ocr_carea' id='block_1_67' title="bbox 2263 2224 3851 2296">
    <p class='ocr_par' dir='ltr' id='par_1_67' title="bbox 2263 2224 3851 2296">
     <span class='ocr_line' id='line_1_67' title="bbox 2263 2224 3851 2296; baseline 0.01 -17"><span class='ocrx_word' id='word_1_469' title='bbox 2263 2224 2557 2279; x_wconf 84' lang='lat' dir='ltr'><strong>constituta</strong></span> <span class='ocrx_word' id='word_1_470' title='bbox 2580 2234 2728 2294; x_wconf 89' lang='lat' dir='ltr'><strong>sunt,</strong></span> <span class='ocrx_word' id='word_1_471' title='bbox 2750 2235 2805 2281; x_wconf 91' lang='lat' dir='ltr'><strong>et</strong></span> <span class='ocrx_word' id='word_1_472' title='bbox 2835 2227 2903 2284; x_wconf 91' lang='lat' dir='ltr'><strong>de</strong></span> <span class='ocrx_word' id='word_1_473' title='bbox 2931 2226 3119 2284; x_wconf 61' lang='lat' dir='ltr'><strong>Graeco</strong></span> <span class='ocrx_word' id='word_1_474' title='bbox 3144 2235 3400 2288; x_wconf 84' lang='lat' dir='ltr'><strong>translata</strong></span> <span class='ocrx_word' id='word_1_475' title='bbox 3426 2245 3551 2291; x_wconf 87' lang='lat' dir='ltr'><strong>sunt</strong></span> <span class='ocrx_word' id='word_1_476' title='bbox 3568 2252 3600 2292; x_wconf 89' lang='lat' dir='ltr'><strong>a</strong></span> <span class='ocrx_word' id='word_1_477' title='bbox 3626 2236 3851 2296; x_wconf 88' lang='lat' dir='ltr'><strong>Philone</strong></span> 
     </span>
    </p>
   </div>
   <div class='ocr_carea' id='block_1_68' title="bbox 2261 2326 3251 2400">
    <p class='ocr_par' dir='ltr' id='par_1_68' title="bbox 2261 2326 3251 2400">
     <span class='ocr_line' id='line_1_68' title="bbox 2261 2326 3251 2400; baseline 0.006 -19"><span class='ocrx_word' id='word_1_478' title='bbox 2261 2336 2316 2381; x_wconf 89' lang='lat' dir='ltr'><strong>et</strong></span> <span class='ocrx_word' id='word_1_479' title='bbox 2342 2327 2591 2385; x_wconf 81' lang='lat' dir='ltr'><strong>Evaristo</strong></span> <span class='ocrx_word' id='word_1_480' title='bbox 2621 2326 3251 2400; x_wconf 82' lang='lat' dir='ltr'><strong>ConstantinOpolitano.</strong></span> 
     </span>
    </p>
   </div>
   <div class='ocr_carea' id='block_1_69' title="bbox 2368 2460 3756 2533">
    <p class='ocr_par' dir='ltr' id='par_1_69' title="bbox 2368 2460 3756 2533">
     <span class='ocr_line' id='line_1_69' title="bbox 2368 2460 3756 2533; baseline 0.012 -19"><span class='ocrx_word' id='word_1_481' title='bbox 2368 2461 2409 2515; x_wconf 90' lang='lat' dir='ltr'><strong>l.</strong></span> <span class='ocrx_word' id='word_1_482' title='bbox 2454 2461 2531 2514; x_wconf 83' lang='lat' dir='ltr'><strong>De</strong></span> <span class='ocrx_word' id='word_1_483' title='bbox 2574 2460 2655 2517; x_wconf 85' lang='lat' dir='ltr'><strong>his</strong></span> <span class='ocrx_word' id='word_1_484' title='bbox 2691 2462 2781 2533; x_wconf 73' lang='lat' dir='ltr'><strong>qui</strong></span> <span class='ocrx_word' id='word_1_485' title='bbox 2805 2480 2861 2518; x_wconf 81' lang='lat' dir='ltr'><strong>se</strong></span> <span class='ocrx_word' id='word_1_486' title='bbox 2905 2466 3236 2523; x_wconf 72' lang='lat' dir='ltr'><strong>absciderunt</strong></span> <span class='ocrx_word' id='word_1_487' title='bbox 3265 2478 3353 2523; x_wconf 72' lang='lat' dir='ltr'><strong>aut</strong></span> <span class='ocrx_word' id='word_1_488' title='bbox 3379 2480 3756 2529; x_wconf 61' lang='lat' dir='ltr'><strong>castram.</strong></span> 
     </span>
    </p>
   </div>
   <div class='ocr_carea' id='block_1_70' title="bbox 2332 2591 3861 2671">
    <p class='ocr_par' dir='ltr' id='par_1_70' title="bbox 2332 2591 3861 2671">
     <span class='ocr_line' id='line_1_70' title="bbox 2332 2591 3861 2671; baseline 0.013 -23"><span class='ocrx_word' id='word_1_489' title='bbox 2332 2591 2390 2649; x_wconf 88' lang='lat' dir='ltr'><strong>Si</strong></span> <span class='ocrx_word' id='word_1_490' title='bbox 2423 2594 2541 2664; x_wconf 87' lang='lat' dir='ltr'><strong>quis</strong></span> <span class='ocrx_word' id='word_1_491' title='bbox 2571 2610 2667 2664; x_wconf 90' lang='lat' dir='ltr'><strong>per</strong></span> <span class='ocrx_word' id='word_1_492' title='bbox 2694 2597 3005 2671; x_wconf 78' lang='lat' dir='ltr'><strong>languorem</strong></span> <span class='ocrx_word' id='word_1_493' title='bbox 3036 2615 3066 2654; x_wconf 86' lang='lat' dir='ltr'><strong>a</strong></span> <span class='ocrx_word' id='word_1_494' title='bbox 3098 2600 3321 2657; x_wconf 89' lang='lat' dir='ltr'><strong>medicis</strong></span> <span class='ocrx_word' id='word_1_495' title='bbox 3347 2614 3527 2661; x_wconf 85' lang='lat' dir='ltr'><strong>sectus</strong></span> <span class='ocrx_word' id='word_1_496' title='bbox 3578 2618 3663 2667; x_wconf 85' lang='lat' dir='ltr'><strong>est</strong></span> <span class='ocrx_word' id='word_1_497' title='bbox 3711 2618 3802 2665; x_wconf 90' lang='lat' dir='ltr'><strong>aut</strong></span> <span class='ocrx_word' id='word_1_498' title='bbox 3831 2625 3861 2668; x_wconf 85' lang='lat' dir='ltr'><strong>a</strong></span> 
     </span>
    </p>
   </div>
   <div class='ocr_carea' id='block_1_71' title="bbox 2261 2696 3861 2782">
    <p class='ocr_par' dir='ltr' id='par_1_71' title="bbox 2261 2696 3861 2782">
     <span class='ocr_line' id='line_1_71' title="bbox 2261 2696 3861 2782; baseline 0.013 -32"><span class='ocrx_word' id='word_1_499' title='bbox 2261 2696 2507 2753; x_wconf 87' lang='lat' dir='ltr'><strong>barbaris</strong></span> <span class='ocrx_word' id='word_1_500' title='bbox 2532 2698 2825 2764; x_wconf 84' lang='lat' dir='ltr'><strong>abscissus,</strong></span> <span class='ocrx_word' id='word_1_501' title='bbox 2848 2702 2953 2759; x_wconf 79' lang='lat' dir='ltr'><strong>iate</strong></span> <span class='ocrx_word' id='word_1_502' title='bbox 2987 2714 3267 2760; x_wconf 88' lang='lat' dir='ltr'><strong>remaneat</strong></span> <span class='ocrx_word' id='word_1_503' title='bbox 3310 2706 3360 2765; x_wconf 92' lang='lat' dir='ltr'><strong>in</strong></span> <span class='ocrx_word' id='word_1_504' title='bbox 3412 2708 3581 2766; x_wconf 92' lang='lat' dir='ltr'><strong>clero.</strong></span> <span class='ocrx_word' id='word_1_505' title='bbox 3640 2710 3699 2768; x_wconf 90' lang='lat' dir='ltr'><strong>Si</strong></span> <span class='ocrx_word' id='word_1_506' title='bbox 3740 2714 3861 2782; x_wconf 82' lang='lat' dir='ltr'><strong>quis</strong></span> 
     </span>
    </p>
   </div>
   <div class='ocr_carea' id='block_1_72' title="bbox 2258 2800 3859 2887">
    <p class='ocr_par' dir='ltr' id='par_1_72' title="bbox 2258 2800 3859 2887">
     <span class='ocr_line' id='line_1_72' title="bbox 2258 2800 3859 2887; baseline 0.012 -36"><span class='ocrx_word' id='word_1_507' title='bbox 2258 2808 2442 2853; x_wconf 82' lang='lat' dir='ltr'><strong>autem</strong></span> <span class='ocrx_word' id='word_1_508' title='bbox 2470 2814 2634 2855; x_wconf 88' lang='lat' dir='ltr'><strong>sanus</strong></span> <span class='ocrx_word' id='word_1_509' title='bbox 2655 2816 2714 2855; x_wconf 88' lang='lat' dir='ltr'><strong>se</strong></span> <span class='ocrx_word' id='word_1_510' title='bbox 2743 2800 2994 2873; x_wconf 85' lang='lat' dir='ltr'><strong>abscidit,</strong></span> <span class='ocrx_word' id='word_1_511' title='bbox 3029 2806 3189 2862; x_wconf 89' lang='lat' dir='ltr'><strong>istum</strong></span> <span class='ocrx_word' id='word_1_512' title='bbox 3221 2808 3275 2863; x_wconf 92' lang='lat' dir='ltr'><strong>in</strong></span> <span class='ocrx_word' id='word_1_513' title='bbox 3305 2809 3451 2867; x_wconf 90' lang='lat' dir='ltr'><strong>clero</strong></span> <span class='ocrx_word' id='word_1_514' title='bbox 3488 2812 3732 2887; x_wconf 88' lang='lat' dir='ltr'><strong>positum</strong></span> <span class='ocrx_word' id='word_1_515' title='bbox 3768 2815 3859 2870; x_wconf 56' lang='lat' dir='ltr'><strong>ab.</strong></span> 
     </span>
    </p>
   </div>
   <div class='ocr_carea' id='block_1_73' title="bbox 2263 2901 3857 2973">
    <p class='ocr_par' dir='ltr' id='par_1_73' title="bbox 2263 2901 3857 2973">
     <span class='ocr_line' id='line_1_73' title="bbox 2263 2901 3857 2973; baseline 0.01 -17"><span class='ocrx_word' id='word_1_516' title='bbox 2263 2901 2466 2957; x_wconf 84' lang='lat' dir='ltr'><strong>stinere</strong></span> <span class='ocrx_word' id='word_1_517' title='bbox 2487 2910 2725 2973; x_wconf 88' lang='lat' dir='ltr'><strong>oportet,</strong></span> <span class='ocrx_word' id='word_1_518' title='bbox 2753 2912 2809 2959; x_wconf 91' lang='lat' dir='ltr'><strong>et</strong></span> <span class='ocrx_word' id='word_1_519' title='bbox 2829 2903 2898 2960; x_wconf 88' lang='lat' dir='ltr'><strong>de</strong></span> <span class='ocrx_word' id='word_1_520' title='bbox 2932 2919 3134 2962; x_wconf 75' lang='lat' dir='ltr'><strong>caetero</strong></span> <span class='ocrx_word' id='word_1_521' title='bbox 3157 2908 3364 2971; x_wconf 90' lang='lat' dir='ltr'><strong>nullum</strong></span> <span class='ocrx_word' id='word_1_522' title='bbox 3420 2910 3611 2969; x_wconf 87' lang='lat' dir='ltr'><strong>talium</strong></span> <span class='ocrx_word' id='word_1_523' title='bbox 3660 2914 3857 2972; x_wconf 84' lang='lat' dir='ltr'><strong>debere</strong></span> 
     </span>
    </p>
   </div>
   <div class='ocr_carea' id='block_1_74' title="bbox 2260 3010 3856 3089">
    <p class='ocr_par' dir='ltr' id='par_1_74' title="bbox 2260 3010 3856 3089">
     <span class='ocr_line' id='line_1_74' title="bbox 2260 3010 3856 3089; baseline 0.01 -27"><span class='ocrx_word' id='word_1_524' title='bbox 2260 3010 2571 3078; x_wconf 76' lang='lat' dir='ltr'><strong>promoveri</strong></span> <span class='ocrx_word' id='word_1_525' title='bbox 2605 3026 2619 3063; x_wconf 91' lang='lat'><strong>:</strong></span> <span class='ocrx_word' id='word_1_526' title='bbox 2650 3010 2791 3066; x_wconf 89' lang='lat' dir='ltr'><strong>sicut</strong></span> <span class='ocrx_word' id='word_1_527' title='bbox 2811 3021 2989 3068; x_wconf 70' lang='lat' dir='ltr'><strong>autem</strong></span> <span class='ocrx_word' id='word_1_528' title='bbox 3022 3014 3123 3069; x_wconf 88' lang='lat' dir='ltr'><strong>hoc</strong></span> <span class='ocrx_word' id='word_1_529' title='bbox 3150 3017 3496 3075; x_wconf 64' lang='lat' dir='ltr'><strong>manifestum</strong></span> <span class='ocrx_word' id='word_1_530' title='bbox 3519 3020 3666 3089; x_wconf 82' lang='lat' dir='ltr'><strong>quod</strong></span> <span class='ocrx_word' id='word_1_531' title='bbox 3688 3022 3760 3078; x_wconf 85' lang='lat' dir='ltr'><strong>de</strong></span> <span class='ocrx_word' id='word_1_532' title='bbox 3778 3021 3856 3078; x_wconf 83' lang='lat' dir='ltr'><strong>bis</strong></span> 
     </span>
    </p>
   </div>
   <div class='ocr_carea' id='block_1_75' title="bbox 2178 3111 3857 3217">
    <p class='ocr_par' dir='ltr' id='par_1_75' title="bbox 2178 3111 3857 3217">
     <span class='ocr_line' id='line_1_75' title="bbox 2178 3111 3857 3217; baseline 0.007 -50"><span class='ocrx_word' id='word_1_533' title='bbox 2178 3150 2233 3217; x_wconf 29' lang='grc' dir='ltr'>Ὀ</span> <span class='ocrx_word' id='word_1_534' title='bbox 2260 3111 2357 3181; x_wconf 85' lang='lat' dir='ltr'><strong>qui</strong></span> <span class='ocrx_word' id='word_1_535' title='bbox 2394 3112 2535 3167; x_wconf 88' lang='lat' dir='ltr'><strong>banc</strong></span> <span class='ocrx_word' id='word_1_536' title='bbox 2552 3128 2671 3169; x_wconf 84' lang='lat' dir='ltr'><strong>rem</strong></span> <span class='ocrx_word' id='word_1_537' title='bbox 2702 3115 3011 3185; x_wconf 73' lang='lat' dir='ltr'><strong>excogitant</strong></span> <span class='ocrx_word' id='word_1_538' title='bbox 3033 3117 3337 3188; x_wconf 87' lang='lat' dir='ltr'><strong>audentque</strong></span> <span class='ocrx_word' id='word_1_539' title='bbox 3359 3135 3419 3175; x_wconf 86' lang='lat' dir='ltr'><strong>se</strong></span> <span class='ocrx_word' id='word_1_540' title='bbox 3441 3120 3753 3188; x_wconf 78' lang='lat' dir='ltr'><strong>abscidere,</strong></span> <span class='ocrx_word' id='word_1_541' title='bbox 3780 3123 3857 3178; x_wconf 84' lang='lat' dir='ltr'><strong>di-</strong></span> 
     </span>
    </p>
   </div>
   <div class='ocr_carea' id='block_1_76' title="bbox 2262 3218 3859 3298">
    <p class='ocr_par' dir='ltr' id='par_1_76' title="bbox 2262 3218 3859 3298">
     <span class='ocr_line' id='line_1_76' title="bbox 2262 3218 3859 3298; baseline 0.008 -27"><span class='ocrx_word' id='word_1_542' title='bbox 2262 3226 2407 3272; x_wconf 91' lang='lat' dir='ltr'><strong>ctum</strong></span> <span class='ocrx_word' id='word_1_543' title='bbox 2440 3228 2545 3286; x_wconf 88' lang='lat' dir='ltr'><strong>est,</strong></span> <span class='ocrx_word' id='word_1_544' title='bbox 2565 3218 2645 3275; x_wconf 87' lang='lat' dir='ltr'><strong>sic</strong></span> <span class='ocrx_word' id='word_1_545' title='bbox 2673 3234 2789 3287; x_wconf 90' lang='lat' dir='ltr'><strong>eos,</strong></span> <span class='ocrx_word' id='word_1_546' title='bbox 2823 3222 2915 3291; x_wconf 86' lang='lat' dir='ltr'><strong>qui</strong></span> <span class='ocrx_word' id='word_1_547' title='bbox 2944 3234 2971 3273; x_wconf 85' lang='lat' dir='ltr'><strong>a</strong></span> <span class='ocrx_word' id='word_1_548' title='bbox 3005 3221 3247 3277; x_wconf 82' lang='lat' dir='ltr'><strong>barbaris</strong></span> <span class='ocrx_word' id='word_1_549' title='bbox 3270 3230 3410 3278; x_wconf 85' lang='lat' dir='ltr'><strong>auta</strong></span> <span class='ocrx_word' id='word_1_550' title='bbox 3435 3224 3672 3279; x_wconf 88' lang='lat' dir='ltr'><strong>dominis</strong></span> <span class='ocrx_word' id='word_1_551' title='bbox 3707 3228 3859 3298; x_wconf 76' lang='lat' dir='ltr'><strong>11o</strong></span> 
     </span>
    </p>
   </div>
   <div class='ocr_carea' id='block_1_77' title="bbox 2260 3322 3857 3397">
    <p class='ocr_par' dir='ltr' id='par_1_77' title="bbox 2260 3322 3857 3397">
     <span class='ocr_line' id='line_1_77' title="bbox 2260 3322 3857 3397; baseline 0.004 -22"><span class='ocrx_word' id='word_1_552' title='bbox 2260 3322 2482 3376; x_wconf 87' lang='lat' dir='ltr'><strong>castrati</strong></span> <span class='ocrx_word' id='word_1_553' title='bbox 2514 3330 2641 3376; x_wconf 90' lang='lat' dir='ltr'><strong>sunt</strong></span> <span class='ocrx_word' id='word_1_554' title='bbox 2666 3330 2722 3377; x_wconf 87' lang='lat' dir='ltr'><strong>et</strong></span> <span class='ocrx_word' id='word_1_555' title='bbox 2766 3322 3112 3378; x_wconf 87' lang='lat' dir='ltr'><strong>inveniuntur</strong></span> <span class='ocrx_word' id='word_1_556' title='bbox 3149 3325 3319 3397; x_wconf 83' lang='lat' dir='ltr'><strong>digni,</strong></span> <span class='ocrx_word' id='word_1_557' title='bbox 3356 3327 3488 3381; x_wconf 87' lang='lat' dir='ltr'><strong>tales</strong></span> <span class='ocrx_word' id='word_1_558' title='bbox 3526 3325 3595 3381; x_wconf 86' lang='lat' dir='ltr'><strong>ad</strong></span> <span class='ocrx_word' id='word_1_559' title='bbox 3654 3327 3857 3383; x_wconf 88' lang='lat' dir='ltr'><strong>clerum</strong></span> 
     </span>
    </p>
   </div>
   <div class='ocr_carea' id='block_1_78' title="bbox 2260 3424 2714 3498">
    <p class='ocr_par' dir='ltr' id='par_1_78' title="bbox 2260 3424 2714 3498">
     <span class='ocr_line' id='line_1_78' title="bbox 2260 3424 2714 3498; baseline -0.004 -19"><span class='ocrx_word' id='word_1_560' title='bbox 2260 3424 2714 3498; x_wconf 71' lang='lat' dir='ltr'><strong>appucatcanon.</strong></span> 
     </span>
    </p>
   </div>
   <div class='ocr_carea' id='block_1_79' title="bbox 2256 3562 3857 3635">
    <p class='ocr_par' dir='ltr' id='par_1_79' title="bbox 2256 3562 3857 3635">
     <span class='ocr_line' id='line_1_79' title="bbox 2256 3562 3857 3635; baseline 0.006 -16"><span class='ocrx_word' id='word_1_561' title='bbox 2256 3562 2326 3621; x_wconf 76' lang='grc' dir='ltr'><strong>ιι.</strong></span> <span class='ocrx_word' id='word_1_562' title='bbox 2358 3564 2438 3621; x_wconf 81' lang='lat' dir='ltr'><strong>De</strong></span> <span class='ocrx_word' id='word_1_563' title='bbox 2460 3565 2542 3620; x_wconf 81' lang='lat' dir='ltr'><strong>Itis</strong></span> <span class='ocrx_word' id='word_1_564' title='bbox 2567 3566 2656 3634; x_wconf 67' lang='lat' dir='ltr'><strong>qui</strong></span> <span class='ocrx_word' id='word_1_565' title='bbox 2676 3581 2742 3620; x_wconf 75' lang='lat' dir='ltr'><strong>ea:</strong></span> <span class='ocrx_word' id='word_1_566' title='bbox 2762 3563 2975 3620; x_wconf 62' lang='lat' dir='ltr'><strong>ethnicis</strong></span> <span class='ocrx_word' id='word_1_567' title='bbox 3005 3574 3121 3634; x_wconf 77' lang='lat' dir='ltr'><strong>post</strong></span> <span class='ocrx_word' id='word_1_568' title='bbox 3138 3567 3393 3635; x_wconf 68' lang='lat' dir='ltr'><strong>baptisma</strong></span> <span class='ocrx_word' id='word_1_569' title='bbox 3424 3572 3604 3626; x_wconf 76' lang='lat' dir='ltr'><strong>statim</strong></span> <span class='ocrx_word' id='word_1_570' title='bbox 3649 3573 3723 3627; x_wconf 74' lang='lat' dir='ltr'><strong>ad</strong></span> <span class='ocrx_word' id='word_1_571' title='bbox 3756 3574 3857 3628; x_wconf 83' lang='lat' dir='ltr'><strong>cle-</strong></span> 
     </span>
    </p>
   </div>
   <div class='ocr_carea' id='block_1_80' title="bbox 2808 3636 3298 3706">
    <p class='ocr_par' dir='ltr' id='par_1_80' title="bbox 2808 3636 3298 3706">
     <span class='ocr_line' id='line_1_80' title="bbox 2808 3636 3298 3706; baseline 0.01 -18"><span class='ocrx_word' id='word_1_572' title='bbox 2808 3652 2922 3689; x_wconf 87' lang='lat' dir='ltr'><strong>rum</strong></span> <span class='ocrx_word' id='word_1_573' title='bbox 2948 3636 3298 3706; x_wconf 85' lang='lat' dir='ltr'><strong>applicantur.</strong></span> 
     </span>
    </p>
   </div>
   <div class='ocr_carea' id='block_1_81' title="bbox 2332 3773 3857 3841">
    <p class='ocr_par' dir='ltr' id='par_1_81' title="bbox 2332 3773 3857 3841">
     <span class='ocr_line' id='line_1_81' title="bbox 2332 3773 3857 3841; baseline 0.006 -14"><span class='ocrx_word' id='word_1_574' title='bbox 2332 3773 2468 3841; x_wconf 86' lang='lat' dir='ltr'><strong>Quia</strong></span> <span class='ocrx_word' id='word_1_575' title='bbox 2498 3773 2664 3828; x_wconf 83' lang='lat' dir='ltr'><strong>multa</strong></span> <span class='ocrx_word' id='word_1_576' title='bbox 2694 3782 2784 3827; x_wconf 86' lang='lat' dir='ltr'><strong>aut</strong></span> <span class='ocrx_word' id='word_1_577' title='bbox 2812 3788 2879 3829; x_wconf 83' lang='lat' dir='ltr'><strong>ex</strong></span> <span class='ocrx_word' id='word_1_578' title='bbox 2907 3776 3229 3831; x_wconf 86' lang='lat' dir='ltr'><strong>necessitate</strong></span> <span class='ocrx_word' id='word_1_579' title='bbox 3250 3786 3341 3832; x_wconf 82' lang='lat' dir='ltr'><strong>aut</strong></span> <span class='ocrx_word' id='word_1_580' title='bbox 3393 3778 3550 3833; x_wconf 78' lang='lat' dir='ltr'><strong>aliter</strong></span> <span class='ocrx_word' id='word_1_581' title='bbox 3596 3779 3857 3835; x_wconf 81' lang='lat' dir='ltr'><strong>festinan-</strong></span> 
     </span>
    </p>
   </div>
   <div class='ocr_carea' id='block_1_82' title="bbox 2259 3874 3857 3939">
    <p class='ocr_par' dir='ltr' id='par_1_82' title="bbox 2259 3874 3857 3939">
     <span class='ocr_line' id='line_1_82' title="bbox 2259 3874 3857 3939; baseline 0.006 -10"><span class='ocrx_word' id='word_1_582' title='bbox 2259 3875 2403 3929; x_wconf 89' lang='lat' dir='ltr'><strong>tibus</strong></span> <span class='ocrx_word' id='word_1_583' title='bbox 2427 3874 2737 3929; x_wconf 90' lang='lat' dir='ltr'><strong>hominibus</strong></span> <span class='ocrx_word' id='word_1_584' title='bbox 2769 3874 2906 3931; x_wconf 82' lang='lat' dir='ltr'><strong>facta</strong></span> <span class='ocrx_word' id='word_1_585' title='bbox 2950 3887 3078 3931; x_wconf 90' lang='lat' dir='ltr'><strong>sunt</strong></span> <span class='ocrx_word' id='word_1_586' title='bbox 3124 3886 3312 3933; x_wconf 85' lang='lat' dir='ltr'><strong>contra</strong></span> <span class='ocrx_word' id='word_1_587' title='bbox 3361 3893 3625 3935; x_wconf 85' lang='lat' dir='ltr'><strong>canonem</strong></span> <span class='ocrx_word' id='word_1_588' title='bbox 3683 3883 3857 3939; x_wconf 82' lang='lat' dir='ltr'><strong>eccle-</strong></span> 
     </span>
    </p>
   </div>
   <div class='ocr_carea' id='block_1_83' title="bbox 2261 3977 3857 4053">
    <p class='ocr_par' dir='ltr' id='par_1_83' title="bbox 2261 3977 3857 4053">
     <span class='ocr_line' id='line_1_83' title="bbox 2261 3977 3857 4053; baseline 0.003 -17"><span class='ocrx_word' id='word_1_589' title='bbox 2261 3981 2557 4044; x_wconf 87' lang='lat' dir='ltr'><strong>siasticum,</strong></span> <span class='ocrx_word' id='word_1_590' title='bbox 2583 3986 2640 4032; x_wconf 92' lang='lat' dir='ltr'><strong>ut</strong></span> <span class='ocrx_word' id='word_1_591' title='bbox 2666 3977 2909 4034; x_wconf 89' lang='lat' dir='ltr'><strong>homines</strong></span> <span class='ocrx_word' id='word_1_592' title='bbox 2930 3994 2996 4034; x_wconf 84' lang='lat' dir='ltr'><strong>ex</strong></span> <span class='ocrx_word' id='word_1_593' title='bbox 3026 3978 3222 4035; x_wconf 83' lang='lat' dir='ltr'><strong>Gentili</strong></span> <span class='ocrx_word' id='word_1_594' title='bbox 3248 3982 3355 4038; x_wconf 88' lang='lat' dir='ltr'><strong>vita</strong></span> <span class='ocrx_word' id='word_1_595' title='bbox 3385 3999 3557 4053; x_wconf 86' lang='lat' dir='ltr'><strong>nuper</strong></span> <span class='ocrx_word' id='word_1_596' title='bbox 3588 3986 3857 4043; x_wconf 82' lang='lat' dir='ltr'><strong>acceden-</strong></span> 
     </span>
    </p>
   </div>
   <div class='ocr_carea' id='block_1_84' title="bbox 2260 4080 3855 4152">
    <p class='ocr_par' dir='ltr' id='par_1_84' title="bbox 2260 4080 3855 4152">
     <span class='ocr_line' id='line_1_84' title="bbox 2260 4080 3855 4152; baseline 0.005 -15"><span class='ocrx_word' id='word_1_597' title='bbox 2260 4090 2342 4137; x_wconf 89' lang='lat' dir='ltr'><strong>tes</strong></span> <span class='ocrx_word' id='word_1_598' title='bbox 2369 4082 2434 4136; x_wconf 89' lang='lat' dir='ltr'><strong>ad</strong></span> <span class='ocrx_word' id='word_1_599' title='bbox 2465 4081 2627 4137; x_wconf 89' lang='lat' dir='ltr'><strong>fidem</strong></span> <span class='ocrx_word' id='word_1_600' title='bbox 2649 4084 2704 4137; x_wconf 89' lang='lat' dir='ltr'><strong>et</strong></span> <span class='ocrx_word' id='word_1_601' title='bbox 2724 4080 2777 4135; x_wconf 91' lang='lat' dir='ltr'><strong>in</strong></span> <span class='ocrx_word' id='word_1_602' title='bbox 2822 4095 2985 4151; x_wconf 89' lang='lat' dir='ltr'><strong>parvo</strong></span> <span class='ocrx_word' id='word_1_603' title='bbox 3017 4091 3258 4152; x_wconf 90' lang='lat' dir='ltr'><strong>tempore</strong></span> <span class='ocrx_word' id='word_1_604' title='bbox 3302 4085 3615 4141; x_wconf 85' lang='lat' dir='ltr'><strong>catecbizati</strong></span> <span class='ocrx_word' id='word_1_605' title='bbox 3675 4090 3855 4145; x_wconf 86' lang='lat' dir='ltr'><strong>statim</strong></span> 
     </span>
    </p>
   </div>
   <div class='ocr_carea' id='block_1_85' title="bbox 2264 4185 3856 4263">
    <p class='ocr_par' dir='ltr' id='par_1_85' title="bbox 2264 4185 3856 4263">
     <span class='ocr_line' id='line_1_85' title="bbox 2264 4185 3856 4263; baseline 0.003 -20"><span class='ocrx_word' id='word_1_606' title='bbox 2264 4188 2328 4243; x_wconf 85' lang='lat' dir='ltr'><strong>ad</strong></span> <span class='ocrx_word' id='word_1_607' title='bbox 2346 4185 2624 4256; x_wconf 86' lang='lat' dir='ltr'><strong>spirituale</strong></span> <span class='ocrx_word' id='word_1_608' title='bbox 2645 4186 2913 4241; x_wconf 88' lang='lat' dir='ltr'><strong>lavacrum</strong></span> <span class='ocrx_word' id='word_1_609' title='bbox 2946 4185 3227 4256; x_wconf 88' lang='lat' dir='ltr'><strong>ducantur,</strong></span> <span class='ocrx_word' id='word_1_610' title='bbox 3263 4200 3317 4245; x_wconf 91' lang='lat' dir='ltr'><strong>et</strong></span> <span class='ocrx_word' id='word_1_611' title='bbox 3342 4191 3498 4247; x_wconf 90' lang='lat' dir='ltr'><strong>simul</strong></span> <span class='ocrx_word' id='word_1_612' title='bbox 3521 4206 3643 4247; x_wconf 90' lang='lat' dir='ltr'><strong>cum</strong></span> <span class='ocrx_word' id='word_1_613' title='bbox 3673 4192 3856 4263; x_wconf 84' lang='lat' dir='ltr'><strong>bapti-</strong></span> 
     </span>
    </p>
   </div>
   <div class='ocr_carea' id='block_1_86' title="bbox 2260 4290 3862 4363">
    <p class='ocr_par' dir='ltr' id='par_1_86' title="bbox 2260 4290 3862 4363">
     <span class='ocr_line' id='line_1_86' title="bbox 2260 4290 3862 4363; baseline 0.003 -19"><span class='ocrx_word' id='word_1_614' title='bbox 2260 4292 2364 4349; x_wconf 81' lang='lat' dir='ltr'><strong>zati</strong></span> <span class='ocrx_word' id='word_1_615' title='bbox 2422 4290 2621 4345; x_wconf 89' lang='lat' dir='ltr'><strong>fuerint</strong></span> <span class='ocrx_word' id='word_1_616' title='bbox 2664 4300 3089 4358; x_wconf 82' lang='lat' dir='ltr'><strong>promoveantur</strong></span> <span class='ocrx_word' id='word_1_617' title='bbox 3128 4291 3197 4347; x_wconf 87' lang='lat' dir='ltr'><strong>ad</strong></span> <span class='ocrx_word' id='word_1_618' title='bbox 3245 4292 3611 4363; x_wconf 85' lang='lat' dir='ltr'><strong>episcopatum</strong></span> <span class='ocrx_word' id='word_1_619' title='bbox 3653 4305 3747 4347; x_wconf 89' lang='lat' dir='ltr'><strong>aut</strong></span> <span class='ocrx_word' id='word_1_620' title='bbox 3793 4294 3862 4349; x_wconf 87' lang='lat' dir='ltr'><strong>ad</strong></span> 
     </span>
    </p>
   </div>
   <div class='ocr_carea' id='block_1_87' title="bbox 2258 4392 3863 4467">
    <p class='ocr_par' dir='ltr' id='par_1_87' title="bbox 2258 4392 3863 4467">
     <span class='ocr_line' id='line_1_87' title="bbox 2258 4392 3863 4467; baseline 0.002 -19"><span class='ocrx_word' id='word_1_621' title='bbox 2258 4392 2677 4467; x_wconf 66' lang='lat' dir='ltr'><strong>presbyterium,</strong></span> <span class='ocrx_word' id='word_1_622' title='bbox 2702 4392 2840 4449; x_wconf 89' lang='lat' dir='ltr'><strong>bene</strong></span> <span class='ocrx_word' id='word_1_623' title='bbox 2854 4392 3055 4451; x_wconf 71' lang='lat' dir='ltr'><strong>habere</strong></span> <span class='ocrx_word' id='word_1_624' title='bbox 3074 4393 3286 4465; x_wconf 73' lang='lat' dir='ltr'><strong>placuit</strong></span> <span class='ocrx_word' id='word_1_625' title='bbox 3302 4394 3576 4455; x_wconf 76' lang='lat' dir='ltr'><strong>decaetero</strong></span> <span class='ocrx_word' id='word_1_626' title='bbox 3597 4395 3734 4453; x_wconf 80' lang='lat' dir='ltr'><strong>nihil</strong></span> <span class='ocrx_word' id='word_1_627' title='bbox 3756 4398 3863 4452; x_wconf 84' lang='lat' dir='ltr'><strong>tale</strong></span> 
     </span>
    </p>
   </div>
   <div class='ocr_carea' id='block_1_88' title="bbox 565 4479 2159 4577">
    <p class='ocr_par' dir='ltr' id='par_1_88' title="bbox 565 4479 2153 4551">
     <span class='ocr_line' id='line_1_88' title="bbox 565 4479 2153 4551; baseline -0.003 -14"><span class='ocrx_word' id='word_1_628' title='bbox 565 4496 659 4551; x_wconf 89' lang='lat' dir='ltr'><strong>per</strong></span> <span class='ocrx_word' id='word_1_629' title='bbox 685 4482 934 4538; x_wconf 91' lang='lat' dir='ltr'><strong>eumdem</strong></span> <span class='ocrx_word' id='word_1_630' title='bbox 978 4480 1148 4535; x_wconf 75' lang='lat' dir='ltr'><strong>tilium</strong></span> <span class='ocrx_word' id='word_1_631' title='bbox 1176 4493 1361 4537; x_wconf 84' lang='lat' dir='ltr'><strong>meum</strong></span> <span class='ocrx_word' id='word_1_632' title='bbox 1402 4479 1715 4537; x_wconf 77' lang='lat' dir='ltr'><strong>Marcellum</strong></span> <span class='ocrx_word' id='word_1_633' title='bbox 1762 4480 2153 4538; x_wconf 87' lang='lat' dir='ltr'><strong>subdiaconum</strong></span> 
     </span>
    </p>
   </div>
   <div class='ocr_carea' id='block_1_89' title="bbox 2269 4479 3863 4577">
    <p class='ocr_par' dir='ltr' id='par_1_89' title="bbox 2269 4494 3863 4566">
     <span class='ocr_line' id='line_1_89' title="bbox 2269 4494 3863 4566; baseline 0.003 -16"><span class='ocrx_word' id='word_1_634' title='bbox 2269 4494 2414 4558; x_wconf 64' lang='lat' dir='ltr'><strong>ﬁeri;</strong></span> <span class='ocrx_word' id='word_1_635' title='bbox 2440 4508 2569 4549; x_wconf 80' lang='lat' dir='ltr'><strong>nam</strong></span> <span class='ocrx_word' id='word_1_636' title='bbox 2601 4500 2657 4549; x_wconf 83' lang='lat' dir='ltr'><strong>et</strong></span> <span class='ocrx_word' id='word_1_637' title='bbox 2688 4504 2928 4563; x_wconf 81' lang='lat' dir='ltr'><strong>tempore</strong></span> <span class='ocrx_word' id='word_1_638' title='bbox 2957 4496 3286 4566; x_wconf 63' lang='lat' dir='ltr'><strong>sintsestei</strong></span> <span class='ocrx_word' id='word_1_639' title='bbox 3307 4498 3396 4565; x_wconf 90' lang='lat' dir='ltr'><strong>qui</strong></span> <span class='ocrx_word' id='word_1_640' title='bbox 3421 4498 3789 4554; x_wconf 77' lang='lat' dir='ltr'><strong>catecbiaatur</strong></span> <span class='ocrx_word' id='word_1_641' title='bbox 3806 4510 3863 4555; x_wconf 81' lang='lat' dir='ltr'><strong>et</strong></span> 
     </span>
    </p>
   </div>
   <div class='ocr_carea' id='block_1_90' title="bbox 561 4568 2152 4639">
    <p class='ocr_par' dir='ltr' id='par_1_90' title="bbox 561 4568 2152 4639">
     <span class='ocr_line' id='line_1_90' title="bbox 561 4568 2152 4639; baseline -0.008 -5"><span class='ocrx_word' id='word_1_642' title='bbox 561 4582 798 4629; x_wconf 80' lang='lat' dir='ltr'><strong>vestrum</strong></span> <span class='ocrx_word' id='word_1_643' title='bbox 846 4570 1071 4628; x_wconf 66' lang='lat' dir='ltr'><strong>tumtum</strong></span> <span class='ocrx_word' id='word_1_644' title='bbox 1120 4569 1489 4639; x_wconf 74' lang='lat' dir='ltr'><strong>festinantem,</strong></span> <span class='ocrx_word' id='word_1_645' title='bbox 1534 4570 1675 4627; x_wconf 81' lang='lat' dir='ltr'><strong>sicut</strong></span> <span class='ocrx_word' id='word_1_646' title='bbox 1718 4572 1905 4627; x_wconf 77' lang='lat' dir='ltr'><strong>statuti</strong></span> <span class='ocrx_word' id='word_1_647' title='bbox 1940 4578 2072 4629; x_wconf 84' lang='lat' dir='ltr'><strong>sunt</strong></span> <span class='ocrx_word' id='word_1_648' title='bbox 2100 4568 2152 4623; x_wconf 87' lang='lat' dir='ltr'><strong>in</strong></span> 
     </span>
    </p>
   </div>
   <div class='ocr_carea' id='block_1_91' title="bbox 554 4662 2158 4739">
    <p class='ocr_par' dir='ltr' id='par_1_91' title="bbox 554 4662 2158 4739">
     <span class='ocr_line' id='line_1_91' title="bbox 554 4662 2158 4739; baseline -0.002 -17"><span class='ocrx_word' id='word_1_649' title='bbox 554 4667 734 4723; x_wconf 64' lang='lat' dir='ltr'><strong>Nicaea</strong></span> <span class='ocrx_word' id='word_1_650' title='bbox 764 4666 981 4739; x_wconf 74' lang='lat' dir='ltr'><strong>civitate</strong></span> <span class='ocrx_word' id='word_1_651' title='bbox 1003 4679 1031 4719; x_wconf 90' lang='lat' dir='ltr'><strong>a</strong></span> <span class='ocrx_word' id='word_1_652' title='bbox 1057 4663 1321 4734; x_wconf 81' lang='lat' dir='ltr'><strong>patribus,</strong></span> <span class='ocrx_word' id='word_1_653' title='bbox 1353 4677 1589 4723; x_wconf 76' lang='lat' dir='ltr'><strong>canones</strong></span> <span class='ocrx_word' id='word_1_654' title='bbox 1615 4662 1853 4731; x_wconf 75' lang='lat' dir='ltr'><strong>integros</strong></span> <span class='ocrx_word' id='word_1_655' title='bbox 1883 4672 1936 4719; x_wconf 89' lang='lat' dir='ltr'><strong>ut</strong></span> <span class='ocrx_word' id='word_1_656' title='bbox 1954 4662 2158 4735; x_wconf 83' lang='lat' dir='ltr'><strong>jussis-</strong></span> 
     </span>
    </p>
   </div>
   <div class='ocr_carea' id='block_1_92' title="bbox 556 4754 2156 4828">
    <p class='ocr_par' dir='ltr' id='par_1_92' title="bbox 556 4754 2156 4828">
     <span class='ocr_line' id='line_1_92' title="bbox 556 4754 2156 4828; baseline -0.001 -17"><span class='ocrx_word' id='word_1_657' title='bbox 556 4758 632 4814; x_wconf 88' lang='lat' dir='ltr'><strong>tis</strong></span> <span class='ocrx_word' id='word_1_658' title='bbox 664 4758 859 4824; x_wconf 81' lang='lat' dir='ltr'><strong>direxi,</strong></span> <span class='ocrx_word' id='word_1_659' title='bbox 886 4766 1074 4828; x_wconf 81' lang='lat' dir='ltr'><strong>petens</strong></span> <span class='ocrx_word' id='word_1_660' title='bbox 1102 4766 1160 4813; x_wconf 79' lang='lat' dir='ltr'><strong>ut</strong></span> <span class='ocrx_word' id='word_1_661' title='bbox 1186 4770 1286 4825; x_wconf 85' lang='lat' dir='ltr'><strong>pro</strong></span> <span class='ocrx_word' id='word_1_662' title='bbox 1314 4770 1400 4813; x_wconf 78' lang='lat' dir='ltr'><strong>me</strong></span> <span class='ocrx_word' id='word_1_663' title='bbox 1434 4754 1719 4825; x_wconf 86' lang='lat' dir='ltr'><strong>plurimum</strong></span> <span class='ocrx_word' id='word_1_664' title='bbox 1750 4763 1925 4813; x_wconf 79' lang='lat' dir='ltr'><strong>vestra</strong></span> <span class='ocrx_word' id='word_1_665' title='bbox 1970 4764 2156 4813; x_wconf 77' lang='lat' dir='ltr'><strong>sancta</strong></span> 
     </span>
    </p>
   </div>
   <div class='ocr_carea' id='block_1_93' title="bbox 557 4845 2156 4920">
    <p class='ocr_par' dir='ltr' id='par_1_93' title="bbox 557 4845 2156 4920">
     <span class='ocr_line' id='line_1_93' title="bbox 557 4845 2156 4920; baseline -0.006 -14"><span class='ocrx_word' id='word_1_666' title='bbox 557 4849 907 4920; x_wconf 66' lang='lat' dir='ltr'><strong>congregatio</strong></span> <span class='ocrx_word' id='word_1_667' title='bbox 934 4863 1093 4909; x_wconf 77' lang='lat' dir='ltr'><strong>orare</strong></span> <span class='ocrx_word' id='word_1_668' title='bbox 1108 4847 1324 4919; x_wconf 63' lang='lat' dir='ltr'><strong>iubeat.</strong></span> <span class='ocrx_word' id='word_1_669' title='bbox 1358 4846 1429 4907; x_wconf 82' lang='lat' dir='ltr'><strong>Et</strong></span> <span class='ocrx_word' id='word_1_670' title='bbox 1470 4846 1576 4907; x_wconf 81' lang='lat' dir='ltr'><strong>alia</strong></span> <span class='ocrx_word' id='word_1_671' title='bbox 1629 4861 1788 4901; x_wconf 85' lang='lat' dir='ltr'><strong>manu</strong></span> <span class='ocrx_word' id='word_1_672' title='bbox 1823 4862 1838 4901; x_wconf 89' lang='lat'>:</span> <span class='ocrx_word' id='word_1_673' title='bbox 1888 4845 2031 4903; x_wconf 84' lang='lat' dir='ltr'><strong>Deus</strong></span> <span class='ocrx_word' id='word_1_674' title='bbox 2061 4861 2156 4900; x_wconf 89' lang='lat' dir='ltr'><strong>no-</strong></span> 
     </span>
    </p>
   </div>
   <div class='ocr_carea' id='block_1_94' title="bbox 560 4938 2152 5018">
    <p class='ocr_par' dir='ltr' id='par_1_94' title="bbox 560 4938 2152 5018">
     <span class='ocr_line' id='line_1_94' title="bbox 560 4938 2152 5018; baseline -0.003 -20"><span class='ocrx_word' id='word_1_675' title='bbox 560 4943 673 4998; x_wconf 78' lang='lat' dir='ltr'><strong>ster</strong></span> <span class='ocrx_word' id='word_1_676' title='bbox 703 4941 1043 4997; x_wconf 87' lang='lat' dir='ltr'><strong>sanctitatem</strong></span> <span class='ocrx_word' id='word_1_677' title='bbox 1071 4950 1304 4997; x_wconf 83' lang='lat' dir='ltr'><strong>vestram</strong></span> <span class='ocrx_word' id='word_1_678' title='bbox 1351 4938 1653 5004; x_wconf 85' lang='lat' dir='ltr'><strong>custodiat,</strong></span> <span class='ocrx_word' id='word_1_679' title='bbox 1692 4938 1838 5018; x_wconf 67' lang='lat' dir='ltr'><strong>quod</strong></span> <span class='ocrx_word' id='word_1_680' title='bbox 1882 4949 2152 5009; x_wconf 84' lang='lat' dir='ltr'><strong>optamus,</strong></span> 
     </span>
    </p>
   </div>
   <div class='ocr_carea' id='block_1_95' title="bbox 561 5032 1195 5091">
    <p class='ocr_par' dir='ltr' id='par_1_95' title="bbox 561 5032 1195 5091">
     <span class='ocr_line' id='line_1_95' title="bbox 561 5032 1195 5091; baseline -0.006 -1"><span class='ocrx_word' id='word_1_681' title='bbox 561 5034 889 5090; x_wconf 86' lang='lat' dir='ltr'><strong>sanctissimi</strong></span> <span class='ocrx_word' id='word_1_682' title='bbox 922 5032 1116 5091; x_wconf 85' lang='lat' dir='ltr'><strong>fratres</strong></span> <span class='ocrx_word' id='word_1_683' title='bbox 1147 5042 1195 5086; x_wconf 76' lang='grc' dir='ltr'><strong>ο.</strong></span> 
     </span>
    </p>
   </div>
   <div class='ocr_carea' id='block_1_96' title="bbox 560 5123 2156 5198">
    <p class='ocr_par' dir='ltr' id='par_1_96' title="bbox 560 5123 2156 5198">
     <span class='ocr_line' id='line_1_96' title="bbox 560 5123 2156 5198; baseline -0.004 -13"><span class='ocrx_word' id='word_1_684' title='bbox 560 5130 697 5185; x_wconf 79' lang='lat' dir='ltr'>XIII.</span> <span class='ocrx_word' id='word_1_685' title='bbox 727 5128 1067 5198; x_wconf 73' lang='lat' dir='ltr'><strong>Exemplaria</strong></span> <span class='ocrx_word' id='word_1_686' title='bbox 1094 5126 1300 5183; x_wconf 77' lang='lat' dir='ltr'><strong>Nicami</strong></span> <span class='ocrx_word' id='word_1_687' title='bbox 1326 5126 1531 5181; x_wconf 84' lang='lat' dir='ltr'><strong>concilii</strong></span> <span class='ocrx_word' id='word_1_688' title='bbox 1561 5124 1753 5198; x_wconf 78' lang='lat' dir='ltr'><strong>directa</strong></span> <span class='ocrx_word' id='word_1_689' title='bbox 1771 5123 1862 5177; x_wconf 75' lang='lat' dir='ltr'><strong>sub</strong></span> <span class='ocrx_word' id='word_1_690' title='bbox 1882 5124 1971 5198; x_wconf 71' lang='lat' dir='ltr'><strong>die</strong></span> <span class='ocrx_word' id='word_1_691' title='bbox 1987 5124 2042 5198; x_wconf 71' lang='lat' dir='ltr'><strong>d_</strong></span> <span class='ocrx_word' id='word_1_692' title='bbox 2065 5139 2156 5179; x_wconf 81' lang='lat' dir='ltr'><strong>vni</strong></span> 
     </span>
    </p>
   </div>
   <div class='ocr_carea' id='block_1_97' title="bbox 632 5196 2155 5267">
    <p class='ocr_par' dir='ltr' id='par_1_97' title="bbox 632 5196 2155 5267">
     <span class='ocr_line' id='line_1_97' title="bbox 632 5196 2155 5267; baseline -0.007 -10"><span class='ocrx_word' id='word_1_693' title='bbox 632 5196 904 5257; x_wconf 74' lang='lat' dir='ltr'><strong>Kalendas</strong></span> <span class='ocrx_word' id='word_1_694' title='bbox 951 5200 1240 5255; x_wconf 82' lang='lat' dir='ltr'><strong>Decembris</strong></span> <span class='ocrx_word' id='word_1_695' title='bbox 1264 5208 1382 5267; x_wconf 80' lang='lat' dir='ltr'><strong>post</strong></span> <span class='ocrx_word' id='word_1_696' title='bbox 1405 5196 1729 5251; x_wconf 83' lang='lat' dir='ltr'><strong>consulatum</strong></span> <span class='ocrx_word' id='word_1_697' title='bbox 1761 5196 2155 5267; x_wconf 57' lang='lat' dir='ltr'><strong>gloriosissimo-</strong></span> 
     </span>
    </p>
   </div>
   <div class='ocr_carea' id='block_1_98' title="bbox 632 5264 2157 5354">
    <p class='ocr_par' dir='ltr' id='par_1_98' title="bbox 632 5264 2157 5354">
     <span class='ocr_line' id='line_1_98' title="bbox 632 5264 2157 5354; baseline -0.005 -29"><span class='ocrx_word' id='word_1_698' title='bbox 632 5288 749 5354; x_wconf 64' lang='lat' dir='ltr'><strong>rum</strong></span> <span class='ocrx_word' id='word_1_699' title='bbox 812 5273 1174 5354; x_wconf 66' lang='lat' dir='ltr'><strong>imperatorum</strong></span> <span class='ocrx_word' id='word_1_700' title='bbox 1219 5264 1767 5354; x_wconf 36' lang='lat' dir='ltr'><strong>H&#39;eno‘riijtuodecies</strong></span> <span class='ocrx_word' id='word_1_701' title='bbox 1816 5275 1881 5354; x_wconf 45' lang='lat' dir='ltr'><strong>et.</strong></span> <span class='ocrx_word' id='word_1_702' title='bbox 1915 5264 2157 5345; x_wconf 77' lang='lat' dir='ltr'><strong>Theodo-</strong></span> 
     </span>
    </p>
   </div>
   <div class='ocr_carea' id='block_1_99' title="bbox 635 5335 2155 5415">
    <p class='ocr_par' dir='ltr' id='par_1_99' title="bbox 635 5335 2155 5415">
     <span class='ocr_line' id='line_1_99' title="bbox 635 5335 2155 5415; baseline -0.007 -18"><span class='ocrx_word' id='word_1_703' title='bbox 635 5344 697 5397; x_wconf 85' lang='lat' dir='ltr'><strong>sii</strong></span> <span class='ocrx_word' id='word_1_704' title='bbox 744 5335 895 5397; x_wconf 75' lang='lat' dir='ltr'><strong>octies</strong></span> <span class='ocrx_word' id='word_1_705' title='bbox 941 5343 1316 5415; x_wconf 82' lang='lat' dir='ltr'><strong>Augustorum,</strong></span> <span class='ocrx_word' id='word_1_706' title='bbox 1346 5338 1619 5408; x_wconf 72' lang='lat' dir='ltr'><strong>Bonifacio</strong></span> <span class='ocrx_word' id='word_1_707' title='bbox 1648 5338 1795 5391; x_wconf 77' lang='lat' dir='ltr'><strong>urbis</strong></span> <span class='ocrx_word' id='word_1_708' title='bbox 1835 5335 2015 5390; x_wconf 55' lang='lat' dir='ltr'><strong>Bome</strong></span> <span class='ocrx_word' id='word_1_709' title='bbox 2041 5335 2155 5403; x_wconf 86' lang='lat' dir='ltr'><strong>epi-</strong></span> 
     </span>
    </p>
   </div>
   <div class='ocr_carea' id='block_1_100' title="bbox 635 5428 2151 5568">
    <p class='ocr_par' dir='ltr' id='par_1_100' title="bbox 635 5428 2151 5568">
     <span class='ocr_line' id='line_1_100' title="bbox 635 5428 2151 5568; baseline -0.01 -5"><span class='ocrx_word' id='word_1_710' title='bbox 946 5507 1008 5565; x_wconf 76' lang='lat' dir='ltr'><strong>in</strong></span> <span class='ocrx_word' id='word_1_711' title='bbox 1038 5520 1205 5565; x_wconf 84' lang='lat' dir='ltr'><strong>unum</strong></span> <span class='ocrx_word' id='word_1_712' title='bbox 1226 5503 1403 5565; x_wconf 71' lang='lat' dir='ltr'><strong>Deum</strong></span> <span class='ocrx_word' id='word_1_713' title='bbox 1442 5502 1659 5565; x_wconf 75' lang='lat' dir='ltr'><strong>Patrem</strong></span> <span class='ocrx_word' id='word_1_714' title='bbox 1690 5497 2151 5568; x_wconf 77' lang='lat' dir='ltr'><strong>omnipotentem,</strong></span> 
     </span>
    </p>
   </div>
   <div class='ocr_carea' id='block_1_101' title="bbox 639 5623 2101 5698">
    <p class='ocr_par' dir='ltr' id='par_1_101' title="bbox 639 5623 2101 5698">
     <span class='ocr_line' id='line_1_101' title="bbox 639 5623 2101 5698; baseline -0.002 -13"><span class='ocrx_word' id='word_1_715' title='bbox 639 5637 668 5667; x_wconf 74' lang='grc'><strong>⁸</strong></span> <span class='ocrx_word' id='word_1_716' title='bbox 700 5631 815 5695; x_wconf 64' lang='grc' dir='ltr'><strong>ΑΒ..</strong></span> <span class='ocrx_word' id='word_1_717' title='bbox 844 5631 910 5684; x_wconf 82' lang='grc' dir='ltr'><strong>Β.</strong></span> <span class='ocrx_word' id='word_1_718' title='bbox 946 5628 1036 5693; x_wconf 81' lang='lat' dir='ltr'><strong>R.,</strong></span> <span class='ocrx_word' id='word_1_719' title='bbox 1068 5635 1109 5680; x_wconf 89' lang='lat' dir='ltr'><strong>t.</strong></span> <span class='ocrx_word' id='word_1_720' title='bbox 1132 5626 1194 5689; x_wconf 72' lang='grc'><strong>4,</strong></span> <span class='ocrx_word' id='word_1_721' title='bbox 1222 5625 1280 5698; x_wconf 58' lang='grc' dir='ltr'><strong>(ζ,</strong></span> <span class='ocrx_word' id='word_1_722' title='bbox 1314 5623 1405 5698; x_wconf 51' lang='grc' dir='ltr'><strong>ιζ..</strong></span> <span class='ocrx_word' id='word_1_723' title='bbox 1435 5625 1639 5698; x_wconf 54' lang='lat' dir='ltr'><strong>harant.</strong></span> <span class='ocrx_word' id='word_1_724' title='bbox 1674 5693 1684 5698; x_wconf 91' lang='lat'>_</span> <span class='ocrx_word' id='word_1_725' title='bbox 1873 5688 1901 5698; x_wconf 87' lang='lat'><strong>__</strong></span> <span class='ocrx_word' id='word_1_726' title='bbox 2090 5686 2101 5698; x_wconf 58' lang='grc'><em>,</em></span> 
     </span>
    </p>
   </div>
   <div class='ocr_carea' id='block_1_102' title="bbox 640 5688 2155 5767">
    <p class='ocr_par' dir='ltr' id='par_1_102' title="bbox 640 5688 2155 5767">
     <span class='ocr_line' id='line_1_102' title="bbox 640 5688 2155 5767; baseline -0.011 -8"><span class='ocrx_word' id='word_1_727' title='bbox 640 5709 666 5739; x_wconf 80' lang='grc' dir='ltr'><strong>ο</strong></span> <span class='ocrx_word' id='word_1_728' title='bbox 686 5688 814 5767; x_wconf 59' lang='lat' dir='ltr'><strong>AL,</strong></span> <span class='ocrx_word' id='word_1_729' title='bbox 833 5705 890 5753; x_wconf 69' lang='lat' dir='ltr'><strong>tt.</strong></span> <span class='ocrx_word' id='word_1_730' title='bbox 918 5688 1113 5763; x_wconf 58' lang='lat' dir='ltr'><strong>R.,,‘T.</strong></span> <span class='ocrx_word' id='word_1_731' title='bbox 1146 5688 1200 5767; x_wconf 71' lang='lat' dir='ltr'><strong>t,</strong></span> <span class='ocrx_word' id='word_1_732' title='bbox 1244 5696 1301 5762; x_wconf 70' lang='grc' dir='ltr'><strong>Ξ,</strong></span> <span class='ocrx_word' id='word_1_733' title='bbox 1332 5688 1421 5763; x_wconf 69' lang='lat' dir='ltr'><strong>U.,</strong></span> <span class='ocrx_word' id='word_1_734' title='bbox 1470 5693 1712 5755; x_wconf 76' lang='lat' dir='ltr'><strong>Dominis</strong></span> <span class='ocrx_word' id='word_1_735' title='bbox 1734 5688 1927 5747; x_wconf 82' lang='lat' dir='ltr'><strong>sanctis</strong></span> <span class='ocrx_word' id='word_1_736' title='bbox 1974 5688 2155 5742; x_wconf 85' lang='lat' dir='ltr'><strong>merito</strong></span> 
     </span>
    </p>
   </div>
   <div class='ocr_carea' id='block_1_103' title="bbox 572 5768 1167 5839">
    <p class='ocr_par' dir='ltr' id='par_1_103' title="bbox 572 5768 1167 5839">
     <span class='ocr_line' id='line_1_103' title="bbox 572 5768 1167 5839; baseline -0.005 -13"><span class='ocrx_word' id='word_1_737' title='bbox 572 5773 872 5826; x_wconf 85' lang='lat' dir='ltr'><strong>beatissimis</strong></span> <span class='ocrx_word' id='word_1_738' title='bbox 904 5768 1167 5839; x_wconf 77' lang='lat' dir='ltr'><strong>fratribus.</strong></span> 
     </span>
    </p>
   </div>
   <div class='ocr_carea' id='block_1_104' title="bbox 645 5839 1581 5909">
    <p class='ocr_par' dir='ltr' id='par_1_104' title="bbox 645 5839 1581 5909">
     <span class='ocr_line' id='line_1_104' title="bbox 645 5839 1581 5909; baseline -0.01 -10"><span class='ocrx_word' id='word_1_739' title='bbox 645 5852 667 5879; x_wconf 82' lang='lat'><strong>°</strong></span> <span class='ocrx_word' id='word_1_740' title='bbox 708 5840 823 5907; x_wconf 51' lang='grc' dir='ltr'><strong>Αἰ,</strong></span> <span class='ocrx_word' id='word_1_741' title='bbox 850 5842 908 5894; x_wconf 81' lang='grc' dir='ltr'><strong>Β.</strong></span> <span class='ocrx_word' id='word_1_742' title='bbox 930 5840 1020 5908; x_wconf 79' lang='lat' dir='ltr'><strong>R.,</strong></span> <span class='ocrx_word' id='word_1_743' title='bbox 1046 5839 1137 5907; x_wconf 83' lang='lat' dir='ltr'><strong>U.,</strong></span> <span class='ocrx_word' id='word_1_744' title='bbox 1164 5842 1373 5909; x_wconf 79' lang='lat' dir='ltr'><strong>fratres.</strong></span> <span class='ocrx_word' id='word_1_745' title='bbox 1399 5839 1581 5893; x_wconf 79' lang='lat' dir='ltr'><strong>Amen.</strong></span> 
     </span>
    </p>
   </div>
   <div class='ocr_carea' id='block_1_105' title="bbox 1813 5904 1949 5974">
    <p class='ocr_par' dir='ltr' id='par_1_105' title="bbox 1813 5904 1949 5974">
     <span class='ocr_line' id='line_1_105' title="bbox 1813 5904 1949 5974; baseline 0 0"><span class='ocrx_word' id='word_1_746' title='bbox 1813 5904 1830 5928; x_wconf 60' lang='grc'>⁸</span> <span class='ocrx_word' id='word_1_747' title='bbox 1931 5917 1949 5974; x_wconf 82' lang='lat' dir='ltr'><strong>I</strong></span> 
     </span>
    </p>
   </div>
   <div class='ocr_carea' id='block_1_106' title="bbox 2263 4594 3853 4666">
    <p class='ocr_par' dir='ltr' id='par_1_106' title="bbox 2263 4594 3853 4666">
     <span class='ocr_line' id='line_1_106' title="bbox 2263 4594 3853 4666; baseline 0.004 -18"><span class='ocrx_word' id='word_1_748' title='bbox 2263 4605 2386 4663; x_wconf 87' lang='lat' dir='ltr'><strong>post</strong></span> <span class='ocrx_word' id='word_1_749' title='bbox 2414 4594 2675 4663; x_wconf 87' lang='lat' dir='ltr'><strong>baptisma</strong></span> <span class='ocrx_word' id='word_1_750' title='bbox 2696 4596 3012 4666; x_wconf 76' lang='lat' dir='ltr'><strong>approbatis</strong></span> <span class='ocrx_word' id='word_1_751' title='bbox 3028 4597 3304 4665; x_wconf 83' lang='lat' dir='ltr'><strong>amplior:</strong></span> <span class='ocrx_word' id='word_1_752' title='bbox 3336 4596 3619 4653; x_wconf 84' lang='lat' dir='ltr'><strong>manifesta</strong></span> <span class='ocrx_word' id='word_1_753' title='bbox 3642 4603 3853 4657; x_wconf 80' lang='lat' dir='ltr'><strong>etenim</strong></span> 
     </span>
    </p>
   </div>
   <div class='ocr_carea' id='block_1_107' title="bbox 2259 4694 3854 4769">
    <p class='ocr_par' dir='ltr' id='par_1_107' title="bbox 2259 4694 3854 4769">
     <span class='ocr_line' id='line_1_107' title="bbox 2259 4694 3854 4769; baseline 0.005 -21"><span class='ocrx_word' id='word_1_754' title='bbox 2259 4702 2342 4749; x_wconf 82' lang='lat' dir='ltr'><strong>est</strong></span> <span class='ocrx_word' id='word_1_755' title='bbox 2368 4694 2662 4764; x_wconf 83' lang='lat' dir='ltr'><strong>apostolica</strong></span> <span class='ocrx_word' id='word_1_756' title='bbox 2693 4695 2969 4766; x_wconf 81' lang='lat' dir='ltr'><strong>Scriptura</strong></span> <span class='ocrx_word' id='word_1_757' title='bbox 2998 4711 3122 4767; x_wconf 80' lang='lat' dir='ltr'><strong>quae</strong></span> <span class='ocrx_word' id='word_1_758' title='bbox 3143 4696 3277 4753; x_wconf 81' lang='lat' dir='ltr'><strong>dicit</strong></span> <span class='ocrx_word' id='word_1_759' title='bbox 3308 4714 3320 4749; x_wconf 92' lang='lat'><strong>:</strong></span> <span class='ocrx_word' id='word_1_760' title='bbox 3350 4695 3476 4751; x_wconf 68' lang='lat' dir='ltr'><strong>Non</strong></span> <span class='ocrx_word' id='word_1_761' title='bbox 3503 4699 3854 4769; x_wconf 67' lang='lat' dir='ltr'><strong>neoptiytutn.</strong></span> 
     </span>
    </p>
   </div>
   <div class='ocr_carea' id='block_1_108' title="bbox 2260 4798 3859 4871">
    <p class='ocr_par' dir='ltr' id='par_1_108' title="bbox 2260 4798 3859 4871">
     <span class='ocr_line' id='line_1_108' title="bbox 2260 4798 3859 4871; baseline 0.003 -19"><span class='ocrx_word' id='word_1_762' title='bbox 2260 4812 2323 4853; x_wconf 83' lang='lat' dir='ltr'><strong>ne</strong></span> <span class='ocrx_word' id='word_1_763' title='bbox 2348 4799 2480 4870; x_wconf 79' lang='lat' dir='ltr'><strong>forte</strong></span> <span class='ocrx_word' id='word_1_764' title='bbox 2498 4798 2555 4852; x_wconf 87' lang='lat' dir='ltr'><strong>in</strong></span> <span class='ocrx_word' id='word_1_765' title='bbox 2574 4800 2865 4868; x_wconf 80' lang='lat' dir='ltr'><strong>superbiam</strong></span> <span class='ocrx_word' id='word_1_766' title='bbox 2885 4799 3051 4855; x_wconf 79' lang='lat' dir='ltr'><strong>elatus</strong></span> <span class='ocrx_word' id='word_1_767' title='bbox 3081 4801 3134 4854; x_wconf 87' lang='lat' dir='ltr'><strong>in</strong></span> <span class='ocrx_word' id='word_1_768' title='bbox 3147 4798 3406 4871; x_wconf 80' lang='lat' dir='ltr'><strong>judicium</strong></span> <span class='ocrx_word' id='word_1_769' title='bbox 3428 4800 3631 4852; x_wconf 59' lang='lat' dir='ltr'><strong>inridet</strong></span> <span class='ocrx_word' id='word_1_770' title='bbox 3687 4812 3735 4855; x_wconf 80' lang='lat' dir='ltr'><strong>et</strong></span> <span class='ocrx_word' id='word_1_771' title='bbox 3780 4804 3859 4856; x_wconf 84' lang='lat' dir='ltr'><strong>la-</strong></span> 
     </span>
    </p>
   </div>
   <div class='ocr_carea' id='block_1_109' title="bbox 2257 4902 3856 4975">
    <p class='ocr_par' dir='ltr' id='par_1_109' title="bbox 2257 4902 3856 4975">
     <span class='ocr_line' id='line_1_109' title="bbox 2257 4902 3856 4975; baseline 0.002 -17"><span class='ocrx_word' id='word_1_772' title='bbox 2257 4921 2442 4975; x_wconf 83' lang='lat' dir='ltr'><strong>queum</strong></span> <span class='ocrx_word' id='word_1_773' title='bbox 2463 4902 2693 4969; x_wconf 83' lang='lat' dir='ltr'><strong>diaboli;</strong></span> <span class='ocrx_word' id='word_1_774' title='bbox 2721 4902 2769 4958; x_wconf 87' lang='lat' dir='ltr'><strong>si</strong></span> <span class='ocrx_word' id='word_1_775' title='bbox 2796 4910 2976 4960; x_wconf 86' lang='lat' dir='ltr'><strong>autem</strong></span> <span class='ocrx_word' id='word_1_776' title='bbox 3008 4904 3338 4975; x_wconf 81' lang='lat' dir='ltr'><strong>procedente</strong></span> <span class='ocrx_word' id='word_1_777' title='bbox 3368 4910 3607 4975; x_wconf 89' lang='lat' dir='ltr'><strong>tempore</strong></span> <span class='ocrx_word' id='word_1_778' title='bbox 3630 4906 3856 4975; x_wconf 81' lang='lat' dir='ltr'><strong>aliquod</strong></span> 
     </span>
    </p>
   </div>
   <div class='ocr_carea' id='block_1_110' title="bbox 2261 5006 3858 5082">
    <p class='ocr_par' dir='ltr' id='par_1_110' title="bbox 2261 5006 3858 5082">
     <span class='ocr_line' id='line_1_110' title="bbox 2261 5006 3858 5082; baseline 0.002 -20"><span class='ocrx_word' id='word_1_779' title='bbox 2261 5009 2453 5063; x_wconf 86' lang='lat' dir='ltr'><strong>animae</strong></span> <span class='ocrx_word' id='word_1_780' title='bbox 2475 5016 2756 5082; x_wconf 88' lang='lat' dir='ltr'><strong>peccatum</strong></span> <span class='ocrx_word' id='word_1_781' title='bbox 2789 5006 3095 5063; x_wconf 88' lang='lat' dir='ltr'><strong>inveniatur</strong></span> <span class='ocrx_word' id='word_1_782' title='bbox 3115 5008 3259 5064; x_wconf 88' lang='lat' dir='ltr'><strong>circa</strong></span> <span class='ocrx_word' id='word_1_783' title='bbox 3305 5009 3608 5079; x_wconf 81' lang='lat' dir='ltr'><strong>liujnsmodi</strong></span> <span class='ocrx_word' id='word_1_784' title='bbox 3665 5025 3858 5079; x_wconf 82' lang='lat' dir='ltr'><strong>perso-</strong></span> 
     </span>
    </p>
   </div>
   <div class='ocr_carea' id='block_1_111' title="bbox 2260 5110 3855 5181">
    <p class='ocr_par' dir='ltr' id='par_1_111' title="bbox 2260 5110 3855 5181">
     <span class='ocr_line' id='line_1_111' title="bbox 2260 5110 3855 5181; baseline 0 -13"><span class='ocrx_word' id='word_1_785' title='bbox 2260 5128 2382 5169; x_wconf 83' lang='lat' dir='ltr'><strong>nam</strong></span> <span class='ocrx_word' id='word_1_786' title='bbox 2411 5120 2466 5168; x_wconf 91' lang='lat' dir='ltr'><strong>et</strong></span> <span class='ocrx_word' id='word_1_787' title='bbox 2513 5111 2863 5171; x_wconf 85' lang='lat' dir='ltr'><strong>convincatur</strong></span> <span class='ocrx_word' id='word_1_788' title='bbox 2902 5125 2934 5165; x_wconf 88' lang='lat' dir='ltr'><strong>a</strong></span> <span class='ocrx_word' id='word_1_789' title='bbox 2980 5112 3191 5167; x_wconf 92' lang='lat' dir='ltr'><strong>duobus</strong></span> <span class='ocrx_word' id='word_1_790' title='bbox 3239 5112 3327 5167; x_wconf 90' lang='lat' dir='ltr'><strong>vel</strong></span> <span class='ocrx_word' id='word_1_791' title='bbox 3380 5110 3561 5181; x_wconf 86' lang='lat' dir='ltr'><strong>tribus</strong></span> <span class='ocrx_word' id='word_1_792' title='bbox 3602 5112 3855 5180; x_wconf 87' lang='lat' dir='ltr'><strong>testibus,</strong></span> 
     </span>
    </p>
   </div>
   <div class='ocr_carea' id='block_1_112' title="bbox 2256 5215 3855 5288">
    <p class='ocr_par' dir='ltr' id='par_1_112' title="bbox 2256 5215 3855 5288">
     <span class='ocr_line' id='line_1_112' title="bbox 2256 5215 3855 5288; baseline -0.004 -13"><span class='ocrx_word' id='word_1_793' title='bbox 2256 5218 2360 5275; x_wconf 86' lang='lat' dir='ltr'><strong>iste</strong></span> <span class='ocrx_word' id='word_1_794' title='bbox 2381 5217 2793 5277; x_wconf 83' lang='lat' dir='ltr'><strong>cessetaclero.</strong></span> <span class='ocrx_word' id='word_1_795' title='bbox 2819 5217 2875 5274; x_wconf 91' lang='lat' dir='ltr'><strong>Si</strong></span> <span class='ocrx_word' id='word_1_796' title='bbox 2904 5218 3027 5288; x_wconf 89' lang='lat' dir='ltr'><strong>quis</strong></span> <span class='ocrx_word' id='word_1_797' title='bbox 3067 5226 3246 5279; x_wconf 85' lang='lat' dir='ltr'><strong>autem</strong></span> <span class='ocrx_word' id='word_1_798' title='bbox 3291 5224 3488 5288; x_wconf 80' lang='lat' dir='ltr'><strong>praeter</strong></span> <span class='ocrx_word' id='word_1_799' title='bbox 3538 5217 3658 5271; x_wconf 79' lang='lat' dir='ltr'><strong>haec</strong></span> <span class='ocrx_word' id='word_1_800' title='bbox 3698 5215 3855 5280; x_wconf 85' lang='lat' dir='ltr'><strong>facit,</strong></span> 
     </span>
    </p>
   </div>
   <div class='ocr_carea' id='block_1_113' title="bbox 2254 5316 3855 5393">
    <p class='ocr_par' dir='ltr' id='par_1_113' title="bbox 2254 5316 3855 5393">
     <span class='ocr_line' id='line_1_113' title="bbox 2254 5316 3855 5393; baseline 0.005 -18"><span class='ocrx_word' id='word_1_801' title='bbox 2254 5320 2410 5392; x_wconf 79' lang='lat' dir='ltr'><strong>quasi</strong></span> <span class='ocrx_word' id='word_1_802' title='bbox 2459 5321 2719 5379; x_wconf 81' lang='lat' dir='ltr'><strong>adversus</strong></span> <span class='ocrx_word' id='word_1_803' title='bbox 2760 5337 3029 5393; x_wconf 76' lang='lat' dir='ltr'><strong>magnum</strong></span> <span class='ocrx_word' id='word_1_804' title='bbox 3078 5320 3376 5379; x_wconf 80' lang='lat' dir='ltr'><strong>concilium</strong></span> <span class='ocrx_word' id='word_1_805' title='bbox 3430 5316 3855 5391; x_wconf 76' lang='lat' dir='ltr'><strong>superveniens.</strong></span> 
     </span>
    </p>
   </div>
   <div class='ocr_carea' id='block_1_114' title="bbox 2258 5426 3092 5497">
    <p class='ocr_par' dir='ltr' id='par_1_114' title="bbox 2258 5426 3092 5497">
     <span class='ocr_line' id='line_1_114' title="bbox 2258 5426 3092 5497; baseline 0.002 -17"><span class='ocrx_word' id='word_1_806' title='bbox 2258 5426 2374 5496; x_wconf 82' lang='lat' dir='ltr'><strong>ipse</strong></span> <span class='ocrx_word' id='word_1_807' title='bbox 2396 5427 2796 5497; x_wconf 79' lang='lat' dir='ltr'><strong>periclitabitur</strong></span> <span class='ocrx_word' id='word_1_808' title='bbox 2823 5427 2893 5484; x_wconf 90' lang='lat' dir='ltr'><strong>de</strong></span> <span class='ocrx_word' id='word_1_809' title='bbox 2922 5428 3092 5485; x_wconf 86' lang='lat' dir='ltr'><strong>clero.</strong></span> 
     </span>
    </p>
   </div>
   <div class='ocr_carea' id='block_1_115' title="bbox 2329 5608 3542 5680">
    <p class='ocr_par' dir='ltr' id='par_1_115' title="bbox 2329 5608 3542 5680">
     <span class='ocr_line' id='line_1_115' title="bbox 2329 5608 3542 5680; baseline -0.006 -13"><span class='ocrx_word' id='word_1_810' title='bbox 2329 5611 2359 5653; x_wconf 76' lang='grc' dir='ltr'>ἀ</span> <span class='ocrx_word' id='word_1_811' title='bbox 2396 5611 2507 5680; x_wconf 75' lang='lat' dir='ltr'><strong>1E.,</strong></span> <span class='ocrx_word' id='word_1_812' title='bbox 2538 5611 2601 5667; x_wconf 93' lang='lat' dir='ltr'><strong>T.</strong></span> <span class='ocrx_word' id='word_1_813' title='bbox 2626 5612 2684 5677; x_wconf 65' lang='lat'><strong>‘4,</strong></span> <span class='ocrx_word' id='word_1_814' title='bbox 2717 5610 2771 5679; x_wconf 73' lang='lat'><strong>2,</strong></span> <span class='ocrx_word' id='word_1_815' title='bbox 2790 5613 2885 5676; x_wconf 66' lang='lat'><strong>6.,</strong></span> <span class='ocrx_word' id='word_1_816' title='bbox 2909 5610 2994 5665; x_wconf 77' lang='lat' dir='ltr'><strong>die</strong></span> <span class='ocrx_word' id='word_1_817' title='bbox 3019 5625 3108 5666; x_wconf 74' lang='lat' dir='ltr'><strong>vn.</strong></span> <span class='ocrx_word' id='word_1_818' title='bbox 3140 5610 3206 5666; x_wconf 80' lang='grc' dir='ltr'><strong>Β.</strong></span> <span class='ocrx_word' id='word_1_819' title='bbox 3234 5608 3331 5675; x_wconf 62' lang='lat' dir='ltr'><strong>IL,</strong></span> <span class='ocrx_word' id='word_1_820' title='bbox 3357 5608 3440 5663; x_wconf 85' lang='lat' dir='ltr'><strong>die</strong></span> <span class='ocrx_word' id='word_1_821' title='bbox 3467 5621 3542 5661; x_wconf 85' lang='lat' dir='ltr'><strong>v1.</strong></span> 
     </span>
    </p>
   </div>
   <div class='ocr_carea' id='block_1_116' title="bbox 2333 5675 3856 5753">
    <p class='ocr_par' dir='ltr' id='par_1_116' title="bbox 2333 5675 3856 5753">
     <span class='ocr_line' id='line_1_116' title="bbox 2333 5675 3856 5753; baseline -0.006 -14"><span class='ocrx_word' id='word_1_822' title='bbox 2333 5694 2357 5753; x_wconf 52' lang='grc' dir='ltr'><strong>ἓ</strong></span> <span class='ocrx_word' id='word_1_823' title='bbox 2530 5700 2633 5738; x_wconf 83' lang='lat' dir='ltr'><strong>non</strong></span> <span class='ocrx_word' id='word_1_824' title='bbox 2654 5675 2867 5753; x_wconf 81' lang='lat' dir='ltr'><strong>factum,</strong></span> <span class='ocrx_word' id='word_1_825' title='bbox 2882 5682 3179 5753; x_wconf 85' lang='lat' dir='ltr'><strong>homousion</strong></span> <span class='ocrx_word' id='word_1_826' title='bbox 3200 5680 3477 5743; x_wconf 73' lang='grc' dir='ltr'><strong>Ραιτί,οὴοε</strong></span> <span class='ocrx_word' id='word_1_827' title='bbox 3494 5684 3567 5732; x_wconf 81' lang='lat' dir='ltr'><strong>est</strong></span> <span class='ocrx_word' id='word_1_828' title='bbox 3595 5675 3856 5749; x_wconf 71' lang='lat' dir='ltr'><strong>ejusdem.</strong></span> 
     </span>
    </p>
   </div>
   <div class='ocr_carea' id='block_1_117' title="bbox 2333 5752 3483 5821">
    <p class='ocr_par' dir='ltr' id='par_1_117' title="bbox 2333 5752 3483 5821">
     <span class='ocr_line' id='line_1_117' title="bbox 2333 5752 3483 5821; baseline -0.005 -11"><span class='ocrx_word' id='word_1_829' title='bbox 2333 5752 2354 5793; x_wconf 71' lang='grc' dir='ltr'>ί</span> <span class='ocrx_word' id='word_1_830' title='bbox 2395 5754 2511 5821; x_wconf 57' lang='lat' dir='ltr'><strong>All,</strong></span> <span class='ocrx_word' id='word_1_831' title='bbox 2538 5752 2662 5809; x_wconf 80' lang='lat' dir='ltr'><strong>sunt</strong></span> <span class='ocrx_word' id='word_1_832' title='bbox 2684 5770 2799 5821; x_wconf 73' lang='lat' dir='ltr'><strong>qua:</strong></span> <span class='ocrx_word' id='word_1_833' title='bbox 2818 5756 2880 5807; x_wconf 76' lang='lat' dir='ltr'><strong>in</strong></span> <span class='ocrx_word' id='word_1_834' title='bbox 2899 5752 3022 5807; x_wconf 68' lang='lat' dir='ltr'><strong>caelo</strong></span> <span class='ocrx_word' id='word_1_835' title='bbox 3042 5762 3089 5806; x_wconf 82' lang='lat' dir='ltr'><strong>et</strong></span> <span class='ocrx_word' id='word_1_836' title='bbox 3114 5768 3226 5821; x_wconf 72' lang='lat' dir='ltr'><strong>qua:</strong></span> <span class='ocrx_word' id='word_1_837' title='bbox 3253 5754 3483 5806; x_wconf 72' lang='lat' dir='ltr'><strong>interra.</strong></span> 
     </span>
    </p>
   </div>
   <div class='ocr_carea' id='block_1_118' title="bbox 2334 5820 3675 5896">
    <p class='ocr_par' dir='ltr' id='par_1_118' title="bbox 2334 5820 3675 5896">
     <span class='ocr_line' id='line_1_118' title="bbox 2334 5820 3675 5896; baseline -0.001 -14"><span class='ocrx_word' id='word_1_838' title='bbox 2334 5834 2360 5873; x_wconf 72' lang='grc' dir='ltr'><strong><em>Β</em></strong></span> <span class='ocrx_word' id='word_1_839' title='bbox 2548 5827 2635 5893; x_wconf 88' lang='lat' dir='ltr'><strong>qui</strong></span> <span class='ocrx_word' id='word_1_840' title='bbox 2666 5820 2872 5896; x_wconf 83' lang='lat' dir='ltr'><strong>propter</strong></span> <span class='ocrx_word' id='word_1_841' title='bbox 2901 5833 3127 5878; x_wconf 67' lang='lat' dir='ltr'><strong>nam</strong></span> <span class='ocrx_word' id='word_1_842' title='bbox 3144 5824 3369 5886; x_wconf 67' lang='lat' dir='ltr'><strong>salutem</strong></span> <span class='ocrx_word' id='word_1_843' title='bbox 3398 5820 3675 5881; x_wconf 72' lang='lat' dir='ltr'><strong>descendit.</strong></span> 
     </span>
    </p>
   </div>
  </div>
