4024 6350
100 392 189 455 981

161 593 427 657 lnterdiait
491 584 803 645 omnimodo
851 593 1100 645 sanctum
1151 583 1443 640 concilium
1492 596 1666 650 neque

103 690 393 760 episcopum
462 693 637 748 neque
698 676 1072 747 presbyterum
1129 687 1302 743 neque
1358 672 1662 737 diaconum,

101 793 255 851 neque
279 790 342 832 ex
373 776 485 831 tcto
514 785 637 826 eum
659 770 748 840 qui
775 770 828 824 in
859 768 1009 823 clero
1039 775 1121 823 est
1146 766 1346 821 habere
1392 764 1665 820 subintro-

100 875 294 930 ductam
342 878 553 931 secum,
581 862 686 917 nisi
715 861 851 917 forte
876 867 1101 916 matrem
1151 867 1244 913 aut
1290 872 1535 913 sororem
1577 864 1670 912 aut

102 966 243 1024 etiam
275 960 439 1017 thiam
460 956 489 996 ι’
512 965 605 1013 aut
629 963 974 1013 materteram
995 962 1089 1010 aut
1117 967 1210 1009 eas
1236 953 1382 1008 solas
1413 964 1670 1020 personas

103 1068 207 1127 qua:
232 1049 501 1123 refugiunt
529 1060 744 1105 omnem
768 1043 1150 1112 suspicionem.

404 1140 489 1196 1V.
516 1137 594 1195 De
620 1138 941 1194 ordinatione
970 1139 1346 1206 episcoporum.

173 1237 487 1307 Episcopum
512 1241 724 1303 oportet
769 1231 1000 1285 maxime
1041 1229 1257 1299 quidem
1306 1228 1380 1287 ab
1425 1226 1674 1283 omnibus

103 1327 184 1400 qui
210 1335 331 1383 sunt
360 1326 503 1380 intra
537 1323 865 1392 provinciam
896 1322 1168 1391 episcopis
1194 1319 1431 1375 ordinari
1463 1335 1479 1374 ι
1507 1318 1551 1374 si
1581 1332 1675 1372 au-

106 1430 200 1476 tem
226 1418 440 1474 diiticile
459 1416 559 1471 erit
585 1414 688 1469 hoc
715 1421 806 1469 aut
839 1424 1056 1482 propter
1078 1421 1356 1482 urgentem
1387 1410 1678 1466 necessita-

108 1523 203 1567 tem
244 1520 331 1566 aut
376 1518 599 1579 propter
639 1505 1025 1574 longitudinem
1077 1505 1303 1567 itineris,
1328 1501 1678 1557 omnismodis

107 1614 207 1660 tres
238 1604 290 1658 in
323 1616 490 1657 unum
541 1602 945 1665 convenientes,
986 1598 1447 1655 consentientibus
1493 1604 1549 1652 et
1596 1595 1679 1649 his

104 1700 183 1769 qui
213 1700 462 1755 absentes
492 1706 616 1753 sunt
668 1696 937 1772 episcopis
981 1694 1524 1765 et-respondentibus
1573 1706 1670 1762 per

103 1792 347 1859 scriptum
386 1802 435 1857 ο,
469 1804 597 1847 tunc
636 1805 827 1846 manus
843 1788 1239 1859 impositionem
1288 1785 1423 1842 ﬁeri.
1469 1783 1681 1839 Conﬁro

941 375 1219 436 ΑΡΜοΕ
1252 374 1593 433 οοκοιιιιιλ.
1635 398 1709 420 ε·-
1740 373 2329 435 GARTHAGINENSE
2372 376 2457 434 Vl.

365 496 451 555 111.
478 494 552 553 De
582 504 610 532 ⁸
636 491 1036 553 subintrodutis
1053 492 1373 547 mulieribus.
1687 492 1744 552 Α

3246 382 3355 441 291

1910 489 2042 545 Vill.
2105 489 2182 543 De
2233 491 2311 545 his
2358 492 2448 561 qui
2495 492 2827 546 denominant
2853 506 2907 548 se
2933 489 3210 547 Catharos.

1842 582 2144 653 Aliquando
2172 597 2302 638 vero
2342 584 2720 639 accedentibus
2767 583 2834 638 ad
2878 584 3197 640 catholicam
3249 586 3357 644 Ee-

1767 673 2010 739 clesiam,
2040 674 2238 744 placuit
2268 684 2468 730 sancta:
2498 683 2554 729 et
2576 691 2783 745 magum
2825 676 3030 746 synodo
3069 691 3164 731 eos
3216 678 3362 733 ordi-

1769 778 1924 824 natos
1948 768 2027 825 sic
2055 783 2276 825 manere
2303 769 2358 824 iu
2387 769 2532 824 clero
2565 787 2580 823 :
2613 781 2742 825 ante
2791 773 2971 825 omnia
3026 778 3199 825 autem
3248 769 3363 827 haec

1771 862 2012 932 proﬁteri
2046 863 2192 932 ipsos
2217 876 2313 931 per
2339 861 2675 929 Scripturam
2699 875 2936 933 Oportet,
2966 864 3107 935 quod
3132 878 3361 919 consen-

1772 957 1986 1013 tiantet
2012 965 2314 1027 sequantur.
2336 955 2595 1011 catholica
2639 967 2692 1011 et
2728 959 3025 1025 apostolica
3069 958 3359 1027 dogmata:

1773 1050 1875 1105 hoc
1907 1059 1991 1105 est
2016 1059 2070 1104 et
2107 1051 2336 1119 bigamis
2358 1050 2755 1105 communicare
2779 1052 2833 1105 et
2864 1051 2947 1106 his
2968 1052 3057 1121 qui
3096 1054 3149 1107 in
3182 1066 3366 1122 perse-

1772 1145 1987 1200 cutione
2014 1144 2219 1213 delapsi
2260 1145 2581 1207 sunt,circa
2627 1157 2762 1214 quos
2810 1152 2865 1197 et
2909 1152 3121 1213 tempus
3163 1143 3368 1199 consti-

1774 1244 1945 1291 tutum
1991 1246 2075 1290 est
2102 1243 2158 1289 et
2174 1235 2291 1290 dies
2313 1236 2569 1291 deﬁnitus
2592 1276 2606 1300 ,
2631 1244 2689 1289 ut
2717 1244 3016 1304 sequantur
3041 1236 3090 1288 in
3116 1236 3367 1290 omnibus

1776 1343 1892 1399 qua:
1915 1326 2207 1397 placuerint
2232 1327 2509 1382 catholicae
2536 1326 2790 1382 Ecclesia:
2812 1327 3065 1398 episcopo
3087 1334 3179 1380 aut
3200 1342 3353 1397 pres-

1779 1419 1983 1490 bytero.
2029 1418 2345 1490 Ubicunque
2383 1430 2560 1475 autem
2623 1434 2811 1475 omnes
2862 1421 2981 1478 sive
3031 1420 3081 1473 in
3136 1419 3367 1474 castellis

1779 1513 1893 1569 sive
1916 1514 1969 1568 in
1998 1513 2308 1568 civitatibus
2342 1514 2441 1583 ipsi
2483 1512 2583 1568 soli
2616 1511 2823 1567 inventi
2870 1510 3069 1566 fuerint
3116 1509 3366 1574 ordinati,

1781 1605 1872 1675 qui
1902 1604 2245 1659 inveniuntur
2268 1604 2321 1658 in
2348 1604 2494 1658 clero
2520 1602 2628 1658 sint
2654 1603 2705 1657 in
2738 1602 2929 1658 eodem
2964 1601 3182 1666 habitu;
3207 1609 3367 1669 quot-

1780 1704 1913 1767 quot
1941 1702 2120 1752 ‘autem
2152 1696 2432 1752 catholicae
2456 1696 2711 1752 Ecclesiae
2739 1696 2993 1766 episcOpo
3023 1703 3113 1748 aut
3144 1692 3371 1765 presby-

1782 1796 1898 1844 tero
1928 1798 2175 1844 exstante
2196 1787 2479 1856 accedunt,
2511 1787 2854 1843 manifestum
2905 1788 3028 1856 quia
3087 1785 3373 1854 episcopus

100 1884 256 1939 matio
275 1892 454 1938 autem
486 1897 673 1938 eorum
703 1896 824 1951 quae
851 1880 983 1935 ﬁunt
1012 1880 1186 1935 danda
1225 1878 1513 1948 unicuique
1564 1890 1679 1931 sum
1708 1859 1997 1950 3quidem
2051 1881 2297 1937 ecclesia:
2352 1874 2568 1936 habebit
2616 1880 2926 1951 dignitatem
2985 1880 3242 1949 episcopi,
3282 1875 3375 1946 qui

101 1976 382 2045 provincia:
408 1975 826 2044 metropolitano
858 1964 1137 2044 episeopo.

539 2067 605 2124 V.
657 2067 732 2123 De
765 2052 1232 2124 excommunicatia.

166 2160 238 2215 De
270 2158 355 2215 his
383 2160 474 2228 qui
514 2160 1077 2240 encommunieautur2
1103 2160 1220 2214 sive
1260 2158 1330 2213 de
1378 2157 1528 2213 clero
1576 2156 1685 2211 sint

94 2251 204 2307 sive
230 2251 301 2307 de
330 2251 468 2308 laieo
490 2252 727 2322 agmine,
754 2252 821 2306 ab
848 2251 1123 2322 episcopis
1149 2266 1243 2320 per
1266 2251 1508 2320 singulas
1554 2265 1683 2318 pro-

92 2346 294 2401 vincias
322 2345 567 2400 obtineat
590 2346 854 2401 sententia
876 2344 1027 2415 juxta
1048 2359 1305 2408 canones,
1335 2359 1430 2400 eos
1458 2344 1572 2412 'qui.
1618 2340 1685 2397 ab

96 2438 210 2494 aliis
235 2435 569 2506 objiciuntur
595 2437 667 2491 ab
687 2437 807 2491 aliis
833 2451 937 2491 non
973 2434 1339 2505 recipiendos;
1382 2435 1685 2504 requiratur

97 2544 269 2589 autem
293 2548 364 2587 ne
390 2532 832 2601 pusillanimitate
862 2541 953 2587 aut
974 2532 1265 2601 pertinacia
1292 2537 1387 2585 aut
1428 2529 1529 2583 alia
1579 2529 1684 2583 ali-

98 2641 195 2694 qua
220 2627 460 2696 episcopi
491 2626 733 2681 molestia
764 2625 1213 2682 excommunicati
1257 2623 1386 2678 sint.
1440 2619 1511 2679 Ut
1556 2635 1685 2690 ergo

104 2718 251 2789 l7],
284 2718 391 2774 hoc
418 2717 697 2774 decentius
744 2715 1067 2786 inquiratur,
1117 2717 1253 2771 bene
1296 2714 1483 2770 haberi
1515 2711 1541 2753 ἀ
1572 2714 1686 2783 pla-

99 2808 204 2864 cuit
228 2807 456 2879 singulis
483 2809 640 2863 annis
692 2824 787 2877 per
839 2810 1073 2879 singulas
1122 2807 1431 2878 provincias
1478 2806 1564 2861 bis
1626 2806 1681 2860 in

101 2913 234 2955 anno
273 2900 509 2957 concilia
546 2900 683 2967 ﬁeri,
727 2910 785 2954 ut
820 2900 1072 2956 omnibus
1116 2899 1272 2954 simul
1322 2898 1589 2969 episcopis
1631 2898 1686 2952 in

101 3003 257 3045 unum
296 2988 638 3059 congregatis
682 2989 820 3044 tales
870 2990 1200 3057 quaestiones
1247 2989 1606 3057 ihquirantur,
1633 2992 1689 3041 et

100 3078 166 3133 ita
195 3080 284 3150 qui
316 3078 606 3136 manifeste
632 3078 973 3138 σιτοδεία-σιω
1000 3081 1310 3151 episcopum
1353 3078 1689 3135 rationabilid

101 3176 177 3225 ter
191 3171 643 3227 eacommunicati
660 3171 801 3240 apud
826 3186 1012 3227 omnes
1027 3185 1148 3227 esse
1160 3179 1430 3242 putentur.
1452 3171 1685 3241 quandiu

1781 1978 1961 2027 autem
1994 1976 2308 2029 nominatur
2337 1976 2477 2042 apud
2504 1989 2597 2030 eos
2627 1974 2912 2043 episcopus
2954 1971 3250 2042 presbyteri
3280 1970 3377 2023 lio-

1783 2074 1972 2116 norem
2007 2063 2163 2136 172
2196 2063 2434 2129 habebit,
2488 2063 2590 2117 nisi
2639 2063 2778 2117 forte
2821 2062 3083 2134 placuerit
3125 2061 3377 2129 episcopo

1787 2154 2010 2211 honoris
2039 2173 2160 2212 eum
2205 2158 2422 2212 nomine
2452 2157 2555 2212 irui
2580 2175 2594 2224 ;
2617 2154 2698 2211 sin
2727 2172 2857 2211 vero
2890 2171 2992 2210 non
3042 2153 3147 2209 hoc
3175 2154 3224 2207 ei
3266 2153 3378 2223 pla-

1784 2248 1982 2313 cuerit,
2016 2248 2323 2318 providebit
2371 2249 2545 2302 locum
2605 2259 2697 2302 aut
2750 2247 3231 2317 chorepiscopatus
3288 2252 3380 2299 aut

1787 2337 2107 2408 presbyterii
2139 2336 2274 2392 utin
2308 2339 2456 2394 clero
2486 2339 2705 2394 omnino
2732 2351 2851 2392 esse
2899 2338 3165 2403 videatur,
3194 2346 3381 2406 quate-

1788 2442 1887 2483 nus
1908 2444 2012 2483 non
2038 2429 2087 2483 in
2117 2430 2337 2484 civitate
2357 2429 2463 2484 duo
2489 2430 2724 2500 episcopi
2759 2428 2882 2483 sint.

1786 2520 1878 2574 1X.
1905 2517 1983 2573 De
2001 2520 2081 2575 his
2102 2521 2189 2586 qui
2208 2521 2278 2574 ad
2306 2523 2646 2606 sacerdotium
2692 2522 2801 2575 sine
2845 2520 3219 2575 examinatione
3261 2535 3383 2592 pro-

2427 2602 2553 2646 moti
2581 2602 2721 2647 ηηεδ

1859 2688 1919 2745 Si
1945 2689 2035 2759 qui
2074 2689 2195 2744 sine
2221 2688 2619 2743 examinatione
2650 2686 2880 2758 promoti
2909 2695 3033 2742 sunt
3080 2686 3382 2759 presbyteri

1788 2791 1882 2837 aut
1909 2781 2150 2851 episcopi
2180 2791 2234 2837 et
2266 2796 2390 2836 cum
2417 2780 2783 2836 discutiuntur
2811 2779 3048 2836 confessi
3095 2787 3221 2834 sunt
3262 2793 3384 2849 qua:

1791 2884 2167 2945 peccaverunt,
2198 2872 2283 2929 vel
2307 2874 2355 2928 si
2387 2873 2456 2928 ab
2486 2872 2612 2927 aliis
2658 2872 2977 2928 evincantur
3031 2880 3087 2927 et
3126 2880 3383 2941 praeterea

1790 2969 2194 3033 conﬁtentibus,
2225 2975 2414 3021 contra
2444 2981 2706 3021 canonem
2731 2966 2861 3019 moti
2905 2964 3152 3019 homines
3194 2976 3387 3017 manus

1792 3064 1871 3120 eis
1895 3062 2292 3132 lmposuerunt,
2324 3061 2458 3116 tales
2478 3073 2650 3114 canon
2675 3074 2781 3113 non
2804 3058 3032 3127 suscipit
3054 3056 3150 3111 sed
3172 3055 3383 3125 abjicit;

1795 3157 1896 3211 hoc
1921 3158 2065 3211 enim
2095 3155 2237 3225 quod
2260 3152 2731 3225 irreprehensibile
2758 3160 2841 3208 est
2863 3150 3099 3208 defendit
3126 3148 3386 3204 catholica

101 3261 259 3316 autin
294 3261 574 3317 communi
620 3272 712 3316 aut
755 3264 1008 3331 episcopo
1063 3262 1271 3331 placeat
1315 3263 1686 3319 humaniorem
1716 3224 1762 3289 C
1796 3248 2060 3305 Εεοιθεῖαο

102 3364 193 3419 pro
223 3355 304 3409 his
333 3352 481 3409 ferre
502 3355 841 3413 sententiam;
863 3355 1101 3411 Concilio
1122 3354 1299 3411 autem
1345 3357 1494 3423 iiant,
1527 3372 1689 3411 unum

100 3444 315 3513 quidem
346 3455 479 3502 ante
497 3445 980 3516 quadragesimam,
1000 3458 1057 3501 ut
1081 3448 1229 3502 omni
1252 3446 1691 3517 pusillanimitate

100 3537 305 3593 sublata
329 3553 528 3595 munus
572 3540 827 3595 mundum
883 3539 1144 3596 oﬂ‘eratur
1190 3541 1342 3607 Deo,
1388 3538 1689 3596 secundum

100 3639 276 3685 autem
308 3634 458 3688 circa
484 3640 694 3700 tempus
722 3632 982 3688 autumni.
1017 3681 1025 3689 .

101 3717 185 3777 Vl.
240 3721 325 3776 De
382 3724 689 3795 primatibus
747 3726 1106 3796 episcoporum
1148 3728 1689 3799 metropeiitanorum.

164 3814 395 3882 Antiqui
425 3830 602 3872 mores
631 3816 908 3872 obtineant
932 3818 1023 3886 qui
1044 3819 1187 3888 apud
1224 3819 1512 3891 Egyptum
1544 3830 1692 3887 sunt,

96 3901 321 3974 Libyam
349 3912 409 3959 et
431 3905 787 3975 Pentapolim,
817 3916 876 3963 ut
899 3910 1245 3966 Alexandria:
1273 3915 1559 3983 episcopus
1579 3931 1695 3969 om-

92 3990 241 4049 nium
294 3991 503 4047 habeat
544 3993 989 4061 sollicitudinem,
1030 3998 1160 4066 quia
1206 4008 1263 4053 et
1313 4000 1461 4054 urbis
1511 4002 1696 4056 Romae

88 4083 362 4154 episcopo
392 4081 586 4139 similis
613 4097 733 4141 mos
761 4094 846 4140 est
876 4102 893 4140 :
931 4085 1184 4143 similiter
1211 4097 1391 4143 autem
1438 4099 1496 4144 et
1552 4090 1698 4146 circa

91 4177 451 4235 Antiochiam
480 4189 535 4237 et
561 4180 615 4237 in
646 4182 860 4238 castoris
875 4182 1163 4251 provinciis
1180 4182 1456 4255 privilegia
1479 4187 1698 4255 propria

93 4281 460 4333 reserventur
489 4273 916 4343 metropolitanis
941 4275 1207 4331 ecclesiis.
1256 4276 1489 4331 Omnino
1517 4285 1697 4332 autem

97 4369 446 4427 manifestum
472 4376 558 4425 est
579 4368 728 4435 illud,
771 4369 897 4439 quia
932 4368 979 4423 si
1008 4369 1132 4438 quis
1167 4379 1365 4437 praeter
1412 4369 1696 4425 consilium

100 4459 507 4530 metropolitani
554 4460 723 4515 iactus
769 4461 931 4515 fuerit
968 4460 1274 4531 episcopus,
1308 4463 1470 4518 talem
1512 4467 1699 4519 conci-

1793 3346 1864 3401 Χ.
1898 3343 1976 3400 De
2003 3346 2084 3399 bis
2106 3345 2193 3413 qui
2222 3348 2539 3416 negaverunt
2569 3340 2625 3397 in
2649 3341 3003 3416 persecutione
3030 3346 3078 3394 et
3109 3344 3285 3411 postea
3320 3335 3387 3390 ad

2215 3414 2513 3471 clericatum
2557 3414 2775 3486 promoti
2817 3422 2959 3467 sunt.

1862 3506 2181 3578 Quicunque
2200 3506 2432 3563 ordinati
2451 3515 2576 3561 sunt
2603 3520 2700 3575 per
2726 3504 3086 3575 ignorantiam
3126 3507 3221 3556 aut
3260 3499 3386 3563 dis-

1794 3599 2186 3655 simulationem
2237 3599 2627 3666 ordinantium,
2665 3598 2719 3652 bi
2767 3598 2856 3668 qui
2912 3597 3045 3667 lapsi
3095 3603 3239 3662 sunt,
3287 3592 3391 3647 hoc

1798 3701 1825 3730 ο
1854 3708 1963 3748 non
1988 3691 2301 3763 praeiudicat
2320 3693 2512 3748 eanoni
2528 3691 2929 3756 ecclesiastico;
2961 3688 3158 3761 cogniti
3186 3686 3391 3743 etenim

1796 3784 2136 3855 deponuntur
2165 3782 2252 3856 [T.
2282 3783 2340 3851 ‘2,
2364 3780 2744 3854 deponantur].

1908 3898 2000 3955 XI.
2030 3898 2109 3953 De
2129 3898 2208 3952 his
2224 3900 2309 3969 qui
2336 3906 2644 3969 negaverunt
2672 3905 2718 3951 et
2746 3897 2997 3951 habentur
3021 3895 3073 3947 in
3117 3892 3283 3947 laicis.

1874 4010 1953 4066 De
1992 4010 2077 4065 his
2097 4013 2187 4082 qui
2220 4012 2555 4077 przevaricati
2602 4022 2725 4065 sunt
2766 4020 2961 4081 praeter
3012 4008 3392 4063 necessitatem

1802 4106 1894 4156 aut
1916 4111 2109 4171 praeter
2137 4104 2464 4157 oblationem
2513 4102 2824 4157 facultatum
2868 4112 2960 4156 aut
2998 4110 3194 4172 praeter
3245 4099 3397 4169 peri—

1801 4194 1981 4248 culum
2012 4193 2097 4247 vel
2130 4193 2237 4249 tale
2266 4193 2507 4264 aliquod,
2542 4195 2680 4266 quod
2719 4195 2915 4250 factum
2959 4205 3042 4250 est
3071 4194 3170 4250 sub
3215 4204 3398 4267 tyran-

1801 4287 1925 4342 nide
1955 4285 2166 4354 Licinii,
2212 4286 2411 4358 placuit
2452 4299 2637 4344 sancto
2694 4289 2945 4358 concilio,
3014 4290 3138 4344 licet
3191 4290 3395 4363 indigni

1800 4378 1906 4433 sint
1932 4376 2286 4446 humanitate,
2322 4388 2499 4434 tamen
2524 4381 2793 4437 subveniri
2819 4383 2916 4437 eis.
2970 4382 3245 4453 Quotquot
3297 4382 3394 4453 igi-

1802 4481 1888 4528 tur
1917 4473 2127 4528 sihcere
2161 4473 2440 4544 poenitent,
2477 4483 2583 4531 tres
2614 4491 2786 4531 annos
2807 4476 2944 4531 inter
2967 4476 3243 4533 audientes
3265 4478 3393 4547 sint,

105 4551 228 4654 ξξιιιη
254 4567 518 4622 matiam
550 4551 790 4651 dfﬁniVif
819 4568 936 4654 “0n.
958 4553 1157 4654 δεῖ)ξῖτο
1184 4569 1308 4653 θεξθ
1337 4557 1651 4654 ε-ρξξοοριιηι
1677 4575 1694 4613 ε
1723 4590 1780 4654 D
1801 4569 1893 4638 qui
1924 4566 2059 4638 lapsi
2089 4578 2214 4623 sunt
2244 4566 2451 4634 iideles,
2483 4578 2537 4623 et
2564 4577 2771 4639 septem
2804 4585 2973 4624 annos
2995 4572 3347 4629 succumbant
3376 4589 3391 4629 :

102 4638 144 4695 si
175 4655 302 4697 vero
331 4639 610 4696 communi
641 4639 877 4695 omnium
904 4640 1123 4697 decreto
1152 4642 1459 4699 rationabili
1504 4655 1561 4701 et
1605 4660 1697 4701 se-

105 4732 331 4794 cundum
355 4747 622 4791 canonem
644 4734 1066 4789 ecclesiasticum
1086 4736 1198 4791 duo
1226 4747 1318 4792 aut
1338 4747 1448 4794 tres
1475 4750 1699 4811 propter

106 4825 347 4894 proprias
362 4824 680 4885 inimicitias
692 4826 1149 4892 contradixerint,
1166 4828 1409 4885 obtineat
1431 4836 1699 4891 sententia

107 4912 485 4980 plurimorum.

208 5006 319 5064 VII.
344 5008 436 5067 De
454 5008 693 5080 epispr
716 5008 881 5066 «Elia
902 5010 958 5065 id
983 5020 1060 5067 est
1095 5011 1592 5086 Hierosoigmitano;

114 5167 122 5175 ⁸
175 5098 305 5167 Quia
349 5101 691 5156 consuetudo
734 5103 967 5158 obtinuit
1012 5106 1067 5159 et
1110 5105 1327 5160 traditio
1373 5109 1608 5180 antiqua,
1642 5119 1703 5166 ut

115 5186 267 5245 Elia:
294 5192 591 5262 episcopus
621 5190 933 5261 ὴοηονεωτ,
958 5194 1149 5250 habeat
1174 5197 1418 5254 ordinem
1453 5198 1697 5271 hoiioris,

111 5281 297 5355 κινεῖ
317 5281 806 5354 U.;G.,sa‘lvata]
865 5292 1043 5340 tamen
1090 5288 1348 5358 dignitate
1391 5293 1702 5364 metropoli-

111 5373 217 5430 tani
240 5375 494 5446 ejusdem
527 5374 835 5446 provinciae.

180 5502 307 5581 {in
331 5504 586 5579 reliquis,
608 5519 806 5581 praeter
850 5513 949 5580 A.,
991 5510 1067 5568 De
1103 5519 1538 5577 commanentibas
1584 5539 1702 5581 cum

116 5578 436 5634 mulieribus.

183 5647 209 5688 δ
235 5650 292 5722 l3
321 5650 549 5722 resticulis
576 5660 771 5722 prater
796 5655 885 5716 Δ..
916 5655 1079 5711 thiam
1106 5664 1197 5711 aut
1224 5656 1311 5712 eos
1330 5660 1487 5715 solas.

185 5728 223 5806 ε.
239 5716 315 5806 Εξ
337 5716 518 5806 Ἰη
542 5716 711 5806 A:.,_B.
734 5723 972 5806 εἴη’-Εὖ,
989 5730 1354 5806 spondentibus
1376 5735 1697 5806 praescripta.

117 5784 177 5842 T.
202 5790 255 5867 1,
281 5792 339 5867 2,
376 5803 470 5860 per
492 5784 791 5867 scripturas.
808 5784 880 5851 VG.
903 5838 917 5861 ,
944 5784 1034 5865 ῥεί-
1061 5802 1275 5867 scripta.

239 5860 296 5915 In
328 5866 430 5917 hac
454 5875 584 5917 voce
614 5865 788 5920 haberi
832 5860 971 5924 facta
1015 5860 1296 5942 perperam
1353 5876 1408 5935 in
1452 5880 1700 5941 omnibus

1803 4658 2012 4713 duobus
2039 4674 2170 4714 vero
2222 4661 2380 4717 annis
2427 4662 2631 4733 absque
2677 4661 2950 4719 oblatione
2993 4662 3396 4720 communicent

1802 4752 2133 4805 orationibus
2173 4752 2378 4823 populi.

1802 4865 1917 4921 ΧΠ.
1959 4865 2039 4921 De
2062 4854 2141 4921 bis
2163 4869 2251 4937 qui
2280 4868 2767 4951 abrenuntiaeerunt
2792 4878 2838 4925 et
2865 4870 3051 4926 iterum
3070 4872 3395 4933 admetiatur

2414 4950 2532 4992 sunt
2578 4950 2785 4995 reversi.

1875 5032 2190 5103 Quicunque
2226 5034 2400 5090 vocati
2440 5045 2566 5091 sunt
2592 5035 2659 5090 ad
2705 5039 2936 5107 gratiam
2986 5049 3042 5097 et
3100 5040 3392 5113 primordia

1803 5123 2228 5181 demonstrantes
2259 5125 2398 5181 bona
2430 5127 2799 5197 deposuerunt
2843 5132 3114 5203 cingulum
3168 5130 3390 5194 militiae,

1802 5225 1986 5285 postea
2016 5233 2145 5275 vero
2174 5219 2242 5273 ad
2264 5220 2538 5290 proprium
2568 5223 2827 5278 vomitum
2858 5226 3085 5281 revoluti
3128 5229 3274 5292 sunt,
3319 5221 3392 5276 ita

1802 5312 1862 5363 ut
1882 5309 2045 5380 aliqui
2068 5320 2122 5366 et
2153 5311 2433 5381 pecuniam
2461 5314 2741 5370 conferant
2768 5325 2823 5371 et
2842 5316 3120 5372 beneﬂciis
3144 5312 3393 5375 militiam

1802 5410 2069 5473 repetant,
2112 5403 2197 5458 isti
2225 5403 2411 5459 dece'm
2458 5420 2629 5464 annos
2650 5409 3003 5464 succumbant
3023 5416 3145 5481 post
3176 5404 3394 5467 triennii

1802 5535 2084 5593 (Iudicibus
2111 5538 2310 5614 divisio
2340 5542 2489 5599 velut
2509 5544 2749 5614 quintum
2792 5544 2939 5614 inter»
2957 5551 3010 5596 et
3050 5550 3260 5614 sextum
3288 5557 3390 5599 nu-

1800 5622 2031 5681 merum.
2057 5612 2248 5666 cumin
2290 5620 2497 5670 textum
2528 5612 2651 5671 nota
2685 5612 2995 5681 marginalia
3048 5612 3124 5669 De
3170 5615 3389 5669 concitio

1802 5678 2099 5734 celebrando
2129 5683 2289 5738 fuerit
2319 5687 2638 5741 introducta.

1829 5759 1898 5874 ‘f
1943 5749 2031 5821 U.,
2073 5752 2165 5820 6.,
2213 5753 2311 5813 hoc
2367 5774 2469 5814 non
2509 5752 2877 5826 prwjudicante
2908 5769 3106 5815 canone
3150 5758 3389 5815 ecclesia-

1849 5836 1951 5874 ica.

1799 5836 1951 5877 διισο.
