4024 6350
624 306 731 366 225

626 529 838 590 scutere
859 519 1184 575 voluntatem
1217 532 1270 576 et
1291 523 1525 591 speciem
1555 525 1920 594 paenitentiae;
1953 540 2220 600 quotquot

626 586 768 666 etum
797 611 990 668 timore
1028 622 1082 666 et
1122 613 1372 686 lacrymis
1424 624 1479 670 et
1506 621 1906 686 perseverantia
1959 633 2015 679 et
2063 625 2218 682 bonis

629 705 882 774 operibus
912 705 1317 762 conversionem
1363 723 1532 777 opere
1582 726 1688 766 non
1731 714 2074 770 simulatione
2117 717 2215 773 de-

635 806 956 860 monstrant,
990 797 1077 851 isti
1107 799 1467 869 adimplentes
1501 813 1706 873 tempus
1735 809 2080 864 constitutum
2121 826 2214 866 au-

629 887 842 942 ditionis
869 890 1200 946 oratiOnibus
1231 895 1424 948 merito
1440 899 1932 972 communicabunt,
1957 912 2012 957 et
2033 916 2215 974 postea

626 976 806 1032 licebit
832 981 1088 1046 episcopo
1124 981 1412 1038 humanius
1444 986 1511 1041 de
1562 988 1643 1042 his
1671 990 1872 1060 aliquid
1926 996 2165 1064 cogitare
2199 1016 2212 1052 :

619 1068 708 1136 qui
731 1078 907 1124 autem
943 1071 1233 1128 indiscrete
1266 1077 1504 1132 tulerunt
1533 1088 1587 1135 et
1627 1083 1927 1151 ingressum
1970 1088 2214 1145 ecclesias

620 1156 719 1212 sibi
755 1159 1008 1216 sulticere
1044 1163 1288 1234 arbitrati
1341 1178 1469 1223 sunt
1496 1170 1560 1224 ad
1591 1176 2028 1247 conversionem,
2055 1195 2215 1239 omne

616 1253 922 1321 compleant
956 1263 1188 1324 tempus.

697 1344 850 1417 173
896 1344 1031 1400 XIII.
1079 1347 1158 1402 De
1206 1350 1287 1405 liis
1325 1355 1420 1436 qui.
1453 1354 1506 1408 in
1551 1356 1686 1412 exitu
1734 1363 2143 1419 communionem

799 1435 814 1448 ν
1274 1435 1557 1494 requirunt.

693 1503 768 1560 De
807 1511 1125 1565 exeuntibus
1172 1513 1238 1567 de
1281 1530 1508 1585 corpore
1538 1529 1693 1577 vetus
1741 1531 1794 1579 et
1834 1527 2088 1583 canonica
2132 1529 2213 1586 lex

619 1599 950 1656 custodiatur
977 1614 1031 1659 et
1065 1622 1225 1674 nunc,
1257 1617 1312 1664 ut
1342 1611 1380 1664 ii
1426 1613 1514 1682 qui
1559 1617 1697 1671 mori
1747 1628 1999 1681 parantur
2035 1625 2216 1679 novis-

619 1687 1060 1762 simO‘juvamine
1115 1715 1218 1753 non
1262 1702 1577 1771 priventur;
1629 1706 1710 1761 sin
1767 1723 1894 1764 vero
1944 1711 2213 1782 desperati

620 1785 994 1842 communione
1048 1803 1259 1862 sumpta
1308 1805 1362 1849 et
1399 1797 1669 1855 oblatione

615 1878 1014 1948 convalescant,
1046 1885 1152 1939 sint
1197 1887 1337 1943 inter
1361 1906 1456 1946 eos
1493 1895 1582 1963 qui
1631 1898 1965 1956 orationibus
2011 1912 2214 1962 tantum

616 1973 1032 2029 communicant.
1071 1978 1301 2035 Omnino
1330 1993 1508 2040 autem
1534 1987 1680 2042 omni
1718 1993 1982 2049 morituro
2007 2001 2212 2064 petenti

614 2059 712 2113 sibi
742 2062 856 2118 dari
876 2069 1098 2135 gratiam
1127 2073 1410 2144 episcopus
1433 2078 1781 2147 probabiliter
1807 2085 1857 2138 ei
1883 2059 2210 2148 oblationem

610 2157 914 2214 contradat.
1693 2225 1696 2227 λ

972 2253 1112 2311 XIV.
1157 2256 1235 2313 De
1262 2261 1632 2319 catecltumenis
1671 2266 1848 2338 lapsis.

689 2340 898 2399 Placuit
937 2360 1134 2404 sanetae
1161 2360 1215 2408 et
1245 2368 1450 2423 magna:
1497 2359 1704 2428 synodo
1744 2370 1798 2414 ut
1847 2363 2080 2422 triennio
2108 2382 2206 2424 au-

615 2428 766 2486 diant
797 2442 1024 2508 tantum,
1053 2450 1172 2510 post
1196 2443 1310 2498 haec
1335 2455 1493 2501 orent
1517 2461 1637 2503 cum
1668 2451 2092 2512 catechumenis.

685 2523 800 2582 XV.
834 2528 910 2584 De
934 2531 1132 2587 clericis
1154 2551 1216 2588 ne
1238 2536 1302 2590 de
1331 2538 1534 2593 civitate
1557 2543 1627 2594 ad
1660 2544 1816 2597 aliam
1847 2555 2128 2605 transeant.

680 2617 910 2688 Pr0pter
963 2625 1219 2691 grandem
1278 2631 1560 2686 tumultum
1620 2643 1675 2689 et
1720 2636 2014 2696 seditiones
2083 2659 2201 2712 qua‘.

607 2712 761 2769 factae
783 2724 909 2770 sunt
930 2718 1104 2785 placui
1114 2730 1129 2773 ι
1160 2721 1508 2778 omnisntodis
1530 2726 1730 2784 auferri
1758 2735 2198 2792 consuetudinem

607 2821 724 2877 qure
755 2817 839 2863 est
867 2819 1050 2864 contra
1091 2826 1350 2870 canonem
1385 2834 1398 2870 :
1431 2819 1474 2872 si
1525 2820 1724 2875 inventi
1769 2823 1967 2879 fuerint
2011 2827 2064 2882 in
2103 2831 2201 2885 ali-

605 2897 798 2965 quibus
830 2901 1066 2968 partibus
1093 2904 1160 2958 de
1189 2906 1402 2963 civitate
1449 2911 1514 2962 ad
1561 2911 1831 2968 civitatem
1882 2917 2193 2993 migrantes,

600 3001 700 3042 nec
723 2990 1033 3060 episcopum
1084 3009 1182 3050 nec
1225 2999 1594 3070 presbyterum
1625 3017 1724 3057 nec
1764 3005 2042 3063 diaconum
2074 2990 2193 3082 [U.,

600 3079 689 3148 6.,
718 3085 842 3138 add.
875 3086 1017 3159 esse]
1066 3088 1259 3153 liceat;
1307 3093 1354 3147 si
1400 3096 1521 3163 quis
1566 3106 1743 3151 autem
1776 3109 1895 3168 post
1939 3079 2109 3158 sancti
2138 3079 2196 3161 et

1304 315 1684 376 COLLECTIO
1722 320 2053 381 CANONUM
2095 326 2152 383 S.
2195 326 2470 386 ISIDORO
2511 332 2780 394 I‘IISPAL.
2821 339 3180 402 ASCRIPTA.

626 423 916 482 auditionis
940 434 1170 496 tempus.
1201 427 1257 483 In
1287 431 1537 486 omnibus
1563 442 1740 489 autem
1769 433 1852 498 his
1889 447 2100 506 oportet
2129 438 2212 494 di-
2237 444 2290 503 Α

2592 448 2777 506 XVIII.
2813 453 2891 507 De
2914 457 3194 529 privilegiis
3212 463 3648 536 presbyterorum.

2393 538 2645 598 Pervenit
2673 545 2737 600 ad
2769 557 3014 606 sanctum
3047 563 3100 607 et
3128 568 3377 627 magnum
3420 565 3746 637 concilium,
3790 575 3928 642 quod

2318 630 2370 684 in
2412 633 2729 700 quibusdam
2777 640 2909 696 locis
2953 652 3047 698 aut
3089 647 3391 707 civitatibus
3436 630 3784 730 presbyteris
3807 630 3931 736 ’κη-

2318 723 2442 776 tiam
2477 723 2588 797 [E.,
2615 726 2678 782 Τ.
2705 728 2759 796 2,
2784 735 3185 810 eucharistiam]
3213 740 3423 798 diaconi
3455 723 3770 821 porrigant,
3789 723 3926 826 quod

2313 826 2492 889 neque
2537 832 2706 874 canon
2755 838 2930 892 neque
2979 833 3314 888 consuetudo
3358 836 3592 907 tradidit,
3636 852 3694 898 ut
3744 844 3804 900 bi
3846 848 3926 919 qui

2317 915 2634 974 potestatem
2657 911 2918 971 oderendi
2950 933 3054 974 non
3085 920 3282 978 habent
3313 925 3397 982 his
3420 930 3510 999 qui
3536 931 3782 992 oﬂ'erunt

2318 996 2493 1066 rigant
2521 1016 2718 1072 corptts
2758 1003 2961 1063 Christi
2992 1027 3008 1066 :
3040 1012 3136 1068 sed
3178 1016 3338 1071 etiam
3373 996 3474 1077 hoc
3512 1039 3732 1096 quoque
3776 996 3923 1086 inno-

2318 1090 2434 1157 tuit,
2467 1093 2607 1162 quod
2638 1097 2852 1166 quidam
2881 1099 3091 1158 diaconi
3121 1113 3178 1161 et
3224 1118 3350 1164 ante
3380 1090 3662 1184 episcopos
3705 1124 3919 1178 contin-

2315 1192 2442 1252 gant
2468 1187 2874 1246 eucharistiam.
2908 1193 3098 1250 Omnia
3133 1198 3294 1269 igitur
3323 1201 3438 1258 haec
3468 1219 3844 1278 amputentur,
3871 1224 3916 1270 et

2317 1286 2566 1330 maneant
2611 1278 2823 1336 diaconi
2869 1284 2923 1339 in
2971 1290 3188 1360 proprio
3232 1293 3440 1363 ordine,
3486 1300 3726 1358 scientes
3779 1306 3914 1375 quod

2314 1364 2689 1436 episcoporum
2713 1373 2926 1440 quidem
2951 1378 3184 1436 ministri
3209 1394 3354 1453 sunt,
3383 1389 3710 1464 presbyteris
3735 1364 3914 1457 autem

2317 1455 2602 1516 inferiores
2645 1466 2917 1536 existunt;
2961 1474 3224 1544 accipiant
3269 1486 3446 1535 autem
3491 1499 3553 1538 ex
3592 1488 3792 1544 ordine
3821 1506 3910 1547 eu-

2315 1549 2620 1608 charistiam
2649 1567 2770 1625 post
2796 1561 3158 1635 presbyteros,
3191 1569 3446 1640 episcOpo
3492 1575 3570 1631 eis
3617 1576 3788 1636 dante
3827 1593 3910 1640 ant

2319 1644 2630 1712 presbytero
2657 1666 2670 1701 :
2701 1651 2794 1706 sed
2825 1667 2926 1710 nec
2955 1659 3149 1714 sedere
3177 1661 3256 1718 eis
3281 1663 3334 1718 in
3363 1666 3540 1722 medio
3558 1671 3906 1743 presbytero-

2317 1749 2434 1790 rum
2466 1736 2651 1808 liceat,
2680 1755 2876 1812 praeter
2897 1762 3157 1807 canonem
3183 1755 3327 1810 enim
3357 1767 3411 1813 et
3439 1769 3632 1826 praeter
3662 1764 3905 1836 ordinem

1715 1815 1962 1921 Ρξτοθιρῑθ
2017 1810 2209 1867 “erum
2240 1810 2288 1870 Β
2318 1835 2402 1882 est
2446 1828 2549 1886 hoc
2575 1833 2620 1886 si
2662 1810 2772 1890 fiat.
2806 1837 2862 1894 Si
2891 1842 3010 1910 quis
3056 1853 3232 1902 autem
3264 1810 3639 1921 obtemrperare
3676 1827 3906 1916 noluerit

2316 1927 2438 1986 post
2470 1921 2606 1978 hanc
2634 1925 3024 2000 deﬁnitionem,
3055 1946 3232 1994 cesset
3258 1953 3287 1992 a
3315 1939 3579 1998 diaconio.

2308 2361 2399 2427 qui
2434 2377 2562 2419 vero
2587 2381 2652 2421 ex
2699 2371 2779 2426 eis
2805 2379 3080 2442 praeterito
3111 2361 3352 2454 tempore
3391 2387 3602 2447 fuerunt
3640 2395 3698 2450 in
3724 2399 3898 2467 clero,

2307 2452 2571 2522 siquidem
2603 2461 2722 2518 sine
2744 2471 2962 2535 querela
2995 2483 3050 2530 et
3077 2452 3499 2547 reprehensione
3529 2486 3746 2558 fuerint,
3783 2505 3901 2563 post

2307 2543 2626 2614 baptismum
2659 2556 2971 2618 ordinentur
2990 2565 3059 2620 ab
3078 2543 3328 2641 episcopo
3351 2543 3606 2634 Ecclesiae
3631 2543 3747 2638 :sin

2304 2637 2568 2698 discussio
2613 2661 2707 2702 eos
2757 2653 2933 2710 minus
2982 2656 3206 2718 idoneos
3249 2664 3536 2738 invenerit,
3570 2673 3766 2744 deponi
3807 2693 3896 2736 eos

2303 2735 2571 2790 convenit.
2627 2740 2887 2800 Similiter
2937 2758 3116 2806 autem
3167 2763 3222 2810 et
3247 2756 3315 2814 de
3351 2735 3666 2822 diaconibus
3695 2781 3746 2824 et
3776 2785 3894 2825 orn-

2301 2825 2431 2881 nino
2461 2829 2532 2885 de
2563 2832 2645 2887 his
2673 2837 2761 2905 qui
2794 2839 2845 2893 in
2897 2842 3088 2899 eodem
3135 2861 3342 2907 canone
3383 2867 3772 2917 conversantur
3809 2879 3894 2919 ea-

2299 2916 2420 2975 dem
2455 2923 2621 2980 forma
2650 2930 2967 2990 servabitur.
2999 2935 3336 2999 Meminimus
3386 2957 3564 3003 autem
3595 2952 3664 3007 de
3710 2953 3890 3011 diaco-

2300 3013 2478 3085 nissis,
2512 3034 2630 3087 quae
2656 3021 2709 3075 in
2735 3025 2919 3081 eadem
2945 3032 3122 3099 specie
3143 3046 3270 3090 sunt
3296 3037 3418 3106 quia
3447 3056 3639 3100 manus
3679 3047 3890 3116 imposi-

2299 3106 2498 3162 tionem
2527 3110 2756 3178 aliquam
2789 3131 2896 3174 non
2938 3121 3160 3194 habent,
3193 3138 3248 3184 ut
3300 3134 3522 3190 omnino
3551 3137 3694 3195 inter
3729 3141 3888 3200 laicas

598 3177 773 3246 magni
805 3175 1022 3236 concilii
1061 3182 1426 3240 delinitionem
1475 3187 1580 3242 tale
1609 3189 1806 3261 aliquid
1846 3197 2192 3254 attentaverit
2220 3177 2266 3241 Ο
2299 3213 2695 3273 computentur.

598 3277 690 3322 aut
727 3283 847 3325 sese
878 3273 1088 3328 dederit
1131 3277 1367 3344 negotio,
1399 3279 1699 3335 cassabitur
1745 3282 2054 3340 omnimodo
2094 3288 2192 3343 bu-

591 3358 827 3428 jusmodi
876 3365 1224 3433 machinatio,
1255 3377 1312 3423 et
1361 3370 1671 3427 restituetur
1710 3373 1954 3431 ecclesiae
1999 3378 2048 3431 in
2086 3394 2190 3448 qua

593 3461 686 3506 aut
705 3454 991 3527 episcopus
1017 3469 1109 3514 aut
1135 3466 1419 3532 presbyter
1441 3471 1533 3518 aut
1559 3463 1819 3522 diaconus
1847 3467 2019 3525 fuerat
2045 3473 2190 3528 ordi-

589 3555 767 3603 natus.

2727 3300 2842 3358 XX.
2877 3304 2955 3360 De
2988 3309 3237 3377 ﬂectendo
3265 3331 3453 3386 genua.

2365 3389 2626 3458 Quoniam
2673 3407 2797 3452 sunt
2841 3401 3054 3470 quidam
3105 3408 3193 3474 qui
3233 3407 3321 3464 die
3351 3411 3625 3471 dominico
3667 3419 3886 3478 ﬂectunt

2291 3497 2464 3553 genua
2495 3495 2552 3543 et
2583 3488 2776 3546 diebus
2806 3491 3176 3570 Pentecostes,
3223 3503 3421 3571 placuit
3463 3507 3531 3565 de
3559 3509 3662 3567 hoc
3686 3527 3883 3572 sancta:

2290 3585 2346 3628 et
2375 3592 2580 3647 magna:
2623 3584 2830 3653 synodo
2874 3597 3096 3644 cunctos
3142 3592 3196 3646 in
3240 3596 3486 3652 omnibus
3527 3599 3662 3659 locis
3689 3619 3882 3662 conso-

592 3639 732 3696 XVI.
763 3641 843 3698 De
869 3642 949 3698 his
974 3645 1062 3715 qui
1087 3647 1141 3700 in
1163 3648 1386 3702 ecclesiis
1405 3649 1512 3704 suis
1536 3651 1589 3705 in
1613 3652 1792 3721 quibus
1821 3657 2040 3725 promoti
2069 3667 2187 3713 sunt

2462 3639 2489 3647 ν
2653 3639 2673 3653 υ
3142 3639 3196 3646 -..
3242 3639 3486 3652 -.......,..-
3527 3639 3662 3659 .v...
3689 3639 3882 3662 www-

2307 3680 2481 3728 tanter
2504 3683 2558 3730 et
2587 3677 2990 3738 consentienter
3032 3692 3240 3743 stantes
3274 3688 3554 3750 Dominum
3585 3710 3746 3756 orare
3792 3701 3882 3758 de

1189 3756 1291 3795 non
1315 3753 1598 3799 morantur.

662 3820 720 3878 Si
743 3823 832 3894 qui
863 3825 1016 3882 facile
1037 3843 1095 3884 se
1118 3831 1368 3899 periculis
1391 3834 1715 3904 ingerentes,
1742 3853 1914 3908 neque
1936 3840 2181 3897 timorem

588 3915 684 3972 Dei
715 3927 840 3972 ante
882 3919 1068 3975 oculos
1118 3922 1399 3995 habentes,
1442 3942 1616 3998 neque
1643 3930 2060 3988 ecclesiasticum
2091 3947 2184 3989 ca-

2359 3855 2660 3926 Expliciunt
2683 3860 2897 3920 decreta
2919 3869 3132 3924 concilii
3159 3870 3382 3929 Nicaeui.

2355 3947 2620 4004 Praeterea
2665 3954 2920 4012 statuitur
2961 3962 3014 4015 in
3043 3962 3144 4017 hoc
3182 3965 3428 4032 concilio,
3459 3975 3520 4022 ut
3556 3967 3875 4029 diaconissa

469 5667 480 5676 '
562 5665 846 5735 abjiciatur
867 5685 894 5723 a
919 5671 1067 5728 clero
1094 5683 1151 5731 et
1177 5677 1381 5731 alienus
1414 5691 1442 5730 a
1470 5691 1676 5734 canone
1701 5681 1790 5736 sit.

2862 4009 2909 4012 η-
2961 4009 3014 4015 -.-
3043 4009 3143 4017 --νν
3185 4009 3428 4032 νιν-σν--ινι,
3462 4009 3520 4022 II.
3556 4009 3874 4029 υι-ννιιισοω

585 4021 782 4062 nonem
811 4009 1066 4079 scientes,
1099 4016 1382 4073 discedunt
1411 4021 1478 4077 ab
1505 4024 1730 4080 ecclesia
1765 4028 2061 4102 presbyteri
2090 4041 2182 4089 aut
2282 4054 2402 4110 qua:
2425 4056 2617 4098 manus
2647 4045 3046 4115 impositionem
3092 4068 3201 4110 non
3245 4056 3512 4127 accipiunt
3540 4059 3685 4117 inter
3712 4063 3874 4120 laicas

588 4097 798 4127 λῖηηηλζ
831 4113 915 4127 Α...
955 4108 1139 4127 ---2----Α
1157 4124 1197 4127 μ-
1234 4125 1243 4127 -
1385 4122 1394 4127 -
1441 4113 1454 4125 ο
1920 4122 1930 4127 ‘
2023 4126 2031 4127 ί
2097 4126 2102 4127 ⁷

1926 4097 1943 4102 ⁷
2300 4097 2313 4110 .
2602 4097 2610 4098 κ
2648 4097 3046 4115 γ-γ-,.ν------.ν...
3092 4097 3201 4110 ..νυ
3245 4097 3512 4127 “vv-Plu".
3540 4097 3674 4117 ιιιυῡι
3712 4097 3874 4120 suam

587 4097 799 4155 diaconi
829 4113 920 4158 aut
951 4108 1252 4177 quicunque
1277 4122 1400 4165 sunt
1439 4113 1492 4167 in
1525 4130 1731 4174 canone
1760 4122 2056 4190 constituti,
2093 4126 2179 4180 isti
2281 4131 2626 4201 deputentur.
2676 4138 2842 4208 Igitur
2905 4145 3149 4215 episcopi
3198 4161 3320 4203 cum
3371 4150 3438 4206 de
3489 4151 3574 4206 his
3620 4155 3875 4213 omnibus

587 4191 729 4215 πη,
763 4194 917 4215 ω),
1054 4199 1085 4215 ί.
1131 4201 1141 4212 .
1189 4202 1250 4215 ..
1455 4206 1466 4215 .
1549 4207 1583 4215 ..
1743 4210 1757 4215 -
1827 4212 1838 4215 -
2029 4214 2032 4215 ν

2677 4191 2831 4208 τί---
2910 4191 3091 4200 ,ππ
3135 4191 3149 4200 .
3201 4191 3320 4203 -.....
3371 4191 3438 4206 ..υ
3489 4191 3574 4206 ...υ
3621 4191 3875 4213 νωυιυυ,

585 4191 733 4246 nullo
763 4194 923 4250 modo
947 4199 1145 4268 suscipi
1170 4202 1398 4258 debeant
1419 4206 1486 4259 ab
1514 4207 1617 4262 alia
1647 4210 1872 4266 ecclesia
1902 4231 1915 4279 ;
1947 4214 2038 4269 sed
2063 4231 2177 4270 om-
2282 4191 2439 4289 prout
2484 4225 2785 4286 divinarum
2835 4191 3010 4305 legum
3065 4191 3368 4297 reverentia
3406 4256 3728 4312 poposcerat
3776 4247 3877 4304 de-

582 4297 705 4339 nem
735 4285 814 4342 eis
841 4291 1218 4347 necessitatem
1252 4295 1452 4366 imponi
1493 4310 1708 4368 oportet
1738 4311 1796 4356 ut
1834 4304 1900 4357 ad
1931 4307 2176 4375 proprias

574 4559 902 4629 subripuerit
952 4564 1018 4618 ad
1064 4565 1287 4622 alterum
1333 4569 1688 4637 pertinentem
1744 4582 1799 4628 et
1840 4575 2170 4633 ordinaverit
2200 4560 2549 4662 Ddisposnis

566 4650 628 4706 oin
677 4665 774 4706 sua
819 4655 1064 4725 ecclesia,
1111 4673 1216 4712 non
1266 4665 1636 4719 consentiente
1685 4666 1939 4737 episc0po
1982 4683 2011 4722 a
2061 4685 2168 4740 quo
2267 4680 2576 4740 occidentis

573 4741 898 4800 discesserat
922 4748 1152 4805 clericus
1175 4753 1261 4820 qui
1293 4753 1346 4808 in
1374 4767 1582 4813 canone
1605 4759 1927 4828 continetur,
1954 4759 2165 4818 inﬁrma
2265 4771 2334 4828 de
2375 4776 2604 4834 ecclesia

570 4835 642 4891 sit
666 4836 968 4909 hujusmodi
993 4858 1180 4899 manus
1207 4846 1499 4916 impositio.

787 4929 948 4986 XVII.
984 4933 1058 4988 De
1097 4934 1296 4992 clericis
1321 4941 1410 5007 qui
1455 4955 1638 4996 usuras
1674 4945 1943 5014 accipiunt.

642 5021 905 5091 Quoniam
937 5024 1120 5094 plures
1164 5028 1218 5081 in
1261 5043 1467 5086 canone
1501 5034 1776 5088 constituti
1815 5035 2162 5103 cupiditatem

570 5122 626 5170 et
654 5114 805 5170 lucra
837 5116 1010 5184 turpia
1041 5127 1334 5185 sectantur,
1366 5121 1624 5194 oblitique
1647 5135 1847 5183 sanctis
1873 5127 2163 5196 Scriptura;

566 5207 840 5263 dicentis:
877 5208 978 5275 Qui
998 5212 1266 5279 pecuniam
1295 5229 1444 5269 suam
1483 5233 1585 5271 non
1632 5220 1771 5273 dedit
1815 5221 1883 5273 ad
1924 5237 2157 5289 usuram,

565 5313 687 5354 cum
734 5299 1045 5358 fenerantur
1071 5302 1192 5360 aliis
1237 5309 1560 5364 centesimas
1589 5311 1850 5382 exigunt;
1879 5313 2021 5383 juste
2059 5324 2161 5368 sta-

567 5391 668 5445 tuit
695 5403 938 5450 sanctum
964 5406 1021 5452 et
1049 5413 1300 5468 magnum
1326 5403 1636 5470 concilium,
1663 5412 1718 5458 ut
1744 5407 1788 5460 si
1816 5409 1936 5476 quis
1972 5406 2158 5461 inven-

567 5489 653 5536 tus
694 5482 856 5540 fuerit
900 5497 1021 5558 post
1068 5489 1206 5547 hanc
1253 5491 1618 5550 definitionem
1661 5511 1851 5551 usuras
1887 5498 2156 5566 accipiens

564 5579 624 5626 et
662 5580 688 5610 ι
730 5573 875 5630 aliud
904 5579 1032 5649 quid
1072 5583 1382 5652 excogitans
1413 5585 1581 5653 turpis
1611 5584 1741 5639 lucri
1781 5587 1937 5659 174
1965 5590 2153 5660 gratia,

2610 4597 2972 4659 Ecclesiarum
3002 4622 3103 4676 pax
3128 4616 3184 4662 et
3212 4608 3343 4664 fides
3369 4610 3424 4665 in
3448 4610 3681 4669 Orientis
3706 4625 3874 4686 atque

2611 4690 2852 4755 partibus
2885 4709 2986 4748 una
3021 4698 3318 4769 eademque
3363 4713 3574 4758 servata
3603 4715 3705 4760 est.
3739 4707 3872 4765 liae

2608 4781 2741 4837 stica
2789 4783 3014 4842 historia
3055 4793 3364 4848 necessario
3407 4795 3678 4852 credimus
3720 4796 3870 4855 inse-

2269 4963 2426 5033 175
2472 4964 2677 5036 Scripta
2719 4971 2956 5040 Africani
2979 4974 3195 5032 'concilii
3240 4979 3310 5033 ad
3342 4978 3667 5037 Caelestinum
3717 4984 3869 5041 urbis

2797 5041 2972 5100 Roma
3007 5047 3319 5120 episcopum.

2336 5124 2562 5181 Domino
2589 5127 2945 5190 dilectissimo
2970 5146 3024 5192 et
3055 5137 3354 5197 honorabili
3385 5140 3536 5199 fratri
3559 5143 3866 5203 leestino

2261 5212 2532 5286 Aurelius,
2580 5219 2912 5292 Valentinus,
2956 5228 3250 5299 Antonius,
3283 5231 3473 5301 Tutus,
3503 5233 3703 5292 Servus
3733 5236 3861 5307 Dei,

2262 5306 2568 5378 Terentius,
2594 5311 2942 5384 Fortunatus,
2966 5319 3246 5392 Martinus,
3270 5323 3580 5394 Januarius,
3602 5306 3862 5398 Optatos,

2259 5401 2513 5460 Celticius
2543 5404 2628 5478 [T.
2660 5407 2711 5475 l,
2743 5407 2800 5476 2,
2839 5409 3201 5488 Celesticius],
3254 5417 3512 5488 Donatus,
3563 5420 3860 5491 Theasius,

2258 5489 2594 5565 Vincentius,
2642 5498 3057 5562 Fortunatianus
3102 5507 3246 5581 [κΕη
3279 5510 3625 5586 Fortunatus]
3662 5489 3864 5572 et

2258 5585 2359 5640 teri
2392 5588 2483 5658 qui
2517 5591 2568 5645 in
2620 5593 2910 5652 universali
2957 5597 3211 5658 Africano
3251 5605 3483 5662 concilio
3521 5585 3855 5678 Carthagine

2255 5675 2518 5736 adfuimus
2547 5700 2561 5713 ·

634 5833 660 5864 ⁸
688 5825 806 5898 ιΕη
834 5829 896 5885 Β.
930 5829 1017 5900 R.,
1047 5829 1109 5888 E.
1136 5832 1191 5902 ὅ,
1218 5831 1311 5902 U.,
1339 5831 1430 5903 G.,
1457 5843 1563 5893 aut.
