4024 6350
134 364 238 425 2‘35

1008 352 1291 416 AFRICE
1328 355 1674 415 CONCILIA.
1712 381 1786 398 --
1822 353 2403 415 CARTHAGINENSE
2445 350 2535 412 Vl.

3311 355 3417 414 226

198 481 518 551 Optaremus
566 475 614 534 si
640 474 1093 548 quemadmodum
1121 476 1378 531 sanctitas
1409 484 1497 530 tua
1529 476 1600 532 de
1630 475 1723 530 ad-
1750 478 1800 539 Α
1827 475 1976 532 ribus
2022 475 2236 531 clericis
2282 476 2366 531 vel
2418 474 2486 530 de
2535 471 2683 529 laicis
2730 470 2939 528 videtur
2981 471 3054 529 ibi
3102 484 3416 545 praecaveri,

132 580 285 629 ventu
311 568 517 641 Apiarii
545 568 755 625 laetatos
784 583 878 624 vos
905 567 1072 624 fuisse
1102 568 1281 624 missis
1322 583 1415 637 per
1449 584 1727 639 compres-

131 667 368 738 byterum
400 671 644 719 nostrum
691 662 927 718 Leonem
974 659 1166 716 litteris
1197 659 1483 726 intimavit,
1527 660 1600 715 ita
1629 675 1727 717 nos

131 773 338 830 quoque
380 758 453 815 de
500 756 618 827 ejus
646 756 964 826 purgatione
994 752 1110 808 haec
1140 752 1338 821 scripta
1366 768 1487 806 cum
1543 752 1725 807 lzetitia

131 853 468 908 mitteremus
502 867 515 904 :
546 859 690 906 esset
719 848 962 920 profecto
986 856 1040 903 et
1070 856 1251 902 nostra
1282 856 1333 902 et
1362 856 1539 903 vestra
1568 848 1727 902 modo

131 943 373 999 alacritas
421 942 645 1009 certior,
676 955 777 997 nec
808 954 1152 1010 praepropera
1182 937 1453 994 videretur
1479 954 1600 1009 quae
1629 937 1725 993 ad-

133 1036 231 1092 huc
251 1037 317 1092 de
345 1035 616 1092 audiendo
643 1050 801 1106 quam
833 1034 901 1089 de
939 1032 1122 1088 auditu
1153 1042 1524 1103 przecesserat.
1553 1031 1728 1089 Adre-

131 1130 303 1187 niente
351 1145 489 1185 sane
536 1130 604 1184 ad
630 1144 728 1184 nos
755 1138 942 1183 sancto
969 1128 1136 1182 fratre
1163 1119 1511 1196 et'episcopo
1537 1138 1727 1181 nostro

129 1223 402 1289 Faustino,
433 1225 720 1279 concilium
746 1222 1192 1293 congregavimus
1221 1232 1274 1276 et
1299 1220 1572 1277 credimus
1605 1221 1728 1277 ideo

130 1330 243 1370 cum
286 1316 381 1371 illo
429 1315 673 1383 missum,
718 1316 971 1385 quoniam
1019 1314 1160 1369 sicut
1210 1328 1303 1383 per
1343 1313 1461 1383 ejus
1507 1328 1724 1383 cperam

130 1407 469 1479 presbyterio
495 1413 655 1463 antea
686 1407 929 1464 redditus
957 1406 1150 1473 fuerat,
1192 1407 1264 1461 ita
1294 1422 1436 1461 nunc
1468 1408 1635 1475 possit
1661 1406 1727 1461 de

131 1499 284 1554 tantis
313 1500 635 1556 criminibus
676 1516 707 1555 a
737 1498 1072 1555 Tabracenis
1100 1498 1330 1567 objectis
1355 1514 1421 1554 eo
1450 1500 1729 1557 laborante

129 1595 366 1663 purgari;
402 1594 557 1665 cujus
583 1601 729 1650 tanta
755 1608 817 1649 ac
848 1603 954 1648 tam
999 1592 1252 1647 immania
1302 1593 1503 1660 ﬂagitia
1528 1594 1727 1649 decur-

130 1698 243 1738 sum
274 1685 449 1741 nostri
469 1686 687 1742 concilii
725 1698 951 1740 examen
980 1686 1204 1748 invenit,
1238 1691 1295 1737 ut
1333 1686 1614 1738 memorati
1643 1700 1729 1755 pa-

131 1775 413 1832 trocinium
446 1778 624 1847 potius
651 1791 810 1847 quam
839 1776 1097 1846 judicium
1126 1790 1189 1830 ac
1229 1775 1531 1831 defensoris
1558 1777 1727 1847 magis

1830 582 2029 643 quanto
2059 570 2230 641 magis
2276 570 2378 626 hoc
2407 569 2475 625 de
2503 568 2768 641 episcopis
2815 568 2980 624 voluit
3023 569 3322 639 observari,
3351 589 3418 629 ne

1830 663 1884 719 in
1912 680 2007 719 sua
2038 664 2310 733 provincia
2341 678 2370 716 a
2400 664 2776 718 communione
2821 661 3064 731 suspensi
3111 677 3141 717 a
3181 671 3269 717 tua
3296 677 3419 719 san-

1828 754 2015 809 ctitate
2062 768 2405 824 praepropere
2452 753 2535 807 vel
2583 753 2817 809 indebite
2854 746 3141 809 "videantur
3178 769 3415 810 commu-

1829 846 1976 901 nioni
2004 845 2248 901 restitui?
2279 846 2721 915 Presbyterorum
2750 864 2960 919 quoque
2986 856 3043 904 et
3083 863 3417 919 consequen-

1831 938 1965 993 tium
1997 939 2313 994 clericorum
2363 937 2604 1007 improba
2648 938 2868 1008 refugis,
2921 940 3059 996 sicut
3106 950 3156 996 te
3201 941 3417 1010 dignum

1829 1042 1935 1099 est,
1968 1032 2198 1102 repellat
2246 1032 2501 1086 sanctitas
2533 1040 2643 1098 tua,
2676 1033 2799 1102 quia
2825 1042 2877 1087 et
2905 1034 3051 1089 nulla
3092 1044 3297 1103 patrum
3328 1035 3420 1091 de-

1828 1123 2070 1181 finitione
2117 1125 2217 1181 hoc
2270 1125 2523 1181 Ecclesiae
2553 1125 2869 1196 derogatum
2919 1137 3001 1181 est
3047 1126 3333 1194 Africanae,
3366 1137 3422 1184 et

1827 1216 2043 1272 decreta
2086 1216 2300 1273 Nicaeua
2348 1217 2461 1272 sive
2492 1215 2760 1271 inferioris
2808 1217 3003 1286 gradus
3044 1220 3272 1275 clericos
3307 1221 3422 1276 sive

1828 1309 1975 1380 ipsos
2001 1310 2286 1379 episcopos
2315 1310 2424 1364 suis
2452 1309 2878 1378 metropolitanis
2906 1308 3239 1377 apertissime
3267 1326 3419 1375 com,-

1828 1400 2109 1455 miserunt.
2142 1400 2561 1456 Prudentissime
2588 1402 2730 1456 enim
2748 1400 3151 1470 justissimeque
3177 1402 3423 1459 viderunt

1830 1508 2159 1566 quaecunque
2186 1492 2395 1564 negotia
2437 1495 2491 1549 in
2531 1496 2640 1549 suis
2672 1494 2799 1549 locis
2830 1493 2917 1549 ubi
2937 1503 3053 1548 orta
3080 1504 3205 1549 sunt
3229 1495 3423 1550 finiena

1828 1587 1915 1655 da,
1952 1603 2049 1643 nec
2081 1588 2367 1658 unicuique
2404 1586 2749 1656 providentiae
2790 1587 3015 1658 gratiam
3045 1585 3212 1640 sancti
3252 1587 3422 1656 Spiri-

1830 1689 1914 1735 tus
1942 1680 2264 1748 defuturam,
2301 1696 2400 1751 qua
2433 1682 2657 1751 aequitas
2686 1696 2714 1735 a
2744 1678 2942 1735 Christi
2974 1679 3343 1735 sacerdotibus
3367 1687 3423 1735 et

1828 1779 2124 1849 prudenter
2146 1779 2386 1835 videatur
2407 1789 2460 1834 et
2481 1778 2915 1834 constantissime
2937 1786 3215 1843 teneatur;
3243 1775 3424 1831 maxi-

127 1882 341 1937 operam
364 1885 527 1941 quam
550 1869 931 1941 disceptatoris
952 1867 1211 1940 justitiam
1232 1878 1568 1939 superarent.
1592 1868 1723 1924 Nam
1757 1856 1806 1917 Β
1833 1889 1920 1929 me
1947 1875 2068 1945 quia
2100 1874 2381 1943 unicuique
2403 1887 2717 1929 concessum
2760 1882 2861 1939 est,
2893 1873 2936 1928 si
2961 1872 3162 1942 judicio
3187 1870 3423 1927 oﬂ'ensus

126 1962 355 2032 primum
404 1973 667 2033 quantum
711 1963 981 2019 obstiterit
1028 1963 1175 2018 omni
1206 1962 1604 2031 congregationi
1647 1962 1728 2017 di—

123 2066 307 2111 versas
355 2056 587 2127 injurias
633 2057 952 2127 ingerendo,
987 2056 1137 2124 quasi
1178 2054 1435 2110 Ecclesia:
1472 2054 1729 2110 Romana:

122 2167 374 2208 asserens
405 2153 680 2223 privilegia
711 2162 766 2207 et
792 2153 980 2207 volens
1010 2166 1131 2205 eum
1156 2165 1187 2203 a
1224 2149 1380 2204 nobis
1408 2148 1461 2203 in
1488 2164 1730 2204 commu-

119 2244 342 2300 nionem
374 2246 598 2315 suscipi,
630 2258 790 2313 quem
843 2254 929 2297 tua
977 2241 1229 2297 sanctitas
1277 2240 1504 2296 credens
1548 2240 1730 2310 appel-

122 2334 291 2402 lasse,
326 2336 473 2403 quod
505 2337 734 2406 probare
777 2352 883 2391 non
918 2334 1115 2404 potuit,
1150 2334 1513 2389 communioni
1546 2334 1726 2388 reddi-

124 2425 286 2493 derit,
321 2427 465 2496 quod
499 2426 721 2482 minime
752 2437 928 2483 tamen
963 2427 1136 2494 licuit,
1185 2426 1325 2495 quod
1356 2427 1513 2480 etiam
1547 2435 1724 2495 gesto-

125 2533 241 2575 rum
307 2521 500 2576 melius
556 2522 786 2578 lectione
840 2536 1156 2590 cognosces.
1218 2520 1487 2575 Triduano
1545 2528 1724 2575 tamen

128 2609 545 2669 laboriosissimo
595 2615 791 2685 agitato
835 2615 1078 2685 judicio,
1131 2629 1251 2669 cum
1280 2613 1493 2669 diversa
1549 2613 1723 2668 eidem

129 2704 332 2775 objecta
384 2706 736 2766 afflictissimr
764 2721 1158 2778 quaereremus,
1185 2705 1270 2762 vel
1319 2720 1495 2760 moras
1546 2706 1728 2775 coepi-

130 2799 272 2866 sc0pi
304 2798 480 2853 nostri
506 2796 745 2854 Faustini
769 2798 853 2853 vel
882 2785 1354 2867 tergiversationes
1376 2795 1541 2866 ipsius
1567 2794 1727 2864 Apia-

130 2885 212 2954 rii,
237 2888 434 2958 quibus
461 2890 721 2945 nefandas
751 2888 1106 2959 turpitudines
1134 2888 1380 2943 occulere
1408 2886 1724 2954 conabatur,

130 2974 262 3034 Deus
286 2979 459 3051 judex
499 2981 698 3051 justus,
730 2980 882 3036 fortis
910 2988 967 3036 et
1011 2978 1333 3050 longanimis
1362 2992 1553 3048 magno
1580 2993 1728 3032 com-

129 3070 316 3140 pendio
343 3073 634 3128 resecavit.
668 3072 914 3128 Tetriore
939 3071 1137 3142 quippe
1180 3085 1243 3125 ac
1274 3070 1535 3139 pulidiore
1564 3067 1729 3123 obsti-

131 3165 338 3220 natione
382 3180 720 3237 compressa,
764 3180 883 3237 qua:
924 3173 1129 3220 tantum
1187 3162 1467 3218 libidinum
1512 3177 1725 3218 ctenum

132 3253 457 3326 impudentia
507 3259 808 3328 negationis
855 3256 1070 3312 volebat
1112 3256 1363 3324 obruere,
1395 3255 1503 3309 Deo
1544 3265 1727 3343 nostr?

133 3348 239 3418 ejus
265 3354 658 3408 conscientiam
690 3361 999 3409 coarctante
1029 3350 1149 3424 [U.,
1176 3348 1271 3419 G.,
1305 3346 1647 3420 coltorlante]
1677 3358 1729 3403 et

134 3446 362 3515 occulta,
411 3461 531 3518 quae
584 3447 637 3503 in
686 3446 831 3502 illius
876 3445 1039 3501 corde
1076 3456 1327 3515 tanquam
1369 3442 1422 3497 in
1453 3440 1729 3497 volutabro

133 3536 408 3593 criminum
451 3537 560 3608 jam
610 3538 941 3604 damnabat,
993 3537 1153 3593 etiam
1196 3534 1503 3591 hominibus
1556 3531 1729 3601 publi-

133 3639 305 3695 cante,
350 3638 575 3698 repente
606 3629 657 3683 in
704 3628 1098 3684 confessionem
1140 3635 1458 3682 cunctorum
1492 3624 1730 3694 objecto-

132 3734 245 3775 rum
277 3720 669 3792 ﬂagitiosorum
701 3723 920 3779 dolosus
952 3732 1175 3794 negator
1206 3722 1404 3792 erupit,
1432 3728 1485 3775 et
1516 3725 1727 3775 tandem

131 3811 196 3866 de
241 3814 494 3870 omnibus
544 3815 950 3871 incredibilibus
999 3812 1303 3884 opprobriis
1350 3813 1626 3867 ultroneus
1672 3828 1731 3868 se

129 3898 242 3970 ipse
283 3905 555 3972 convicit,
604 3916 767 3976 atque
813 3906 986 3974 ipsam
1019 3919 1232 3974 quoque
1269 3913 1507 3959 nostram
1556 3919 1727 3972 spem,

126 4006 231 4063 qua
260 4008 390 4048 eum
423 3994 569 4069 [/E.,
596 3996 850 4069 quacum]
878 4007 934 4051 et
956 3999 1311 4051 'credebamus
1335 4006 1389 4051 et
1418 3997 1734 4065 optabamus

129 4086 201 4141 de
230 4094 337 4140 tam
367 4086 635 4156 pudendis
668 4101 826 4158 posse
856 4088 1072 4157 purgari
1104 4086 1349 4152 maculis,
1382 4086 1643 4140 convertit
1684 4090 1732 4139 in

128 4179 385 4248 gemitus,
418 4180 523 4235 nisi
546 4182 802 4250 quoniam
828 4180 988 4235 istam
1017 4186 1259 4235 nostram
1291 4177 1602 4233 ntmstitiam
1632 4192 1735 4231 uno

139 4272 297 4343 176
327 4281 538 4327 tantum
589 4272 787 4328 solatio
836 4271 1125 4341 mitigavit,
1159 4270 1297 4339 quod
1338 4280 1392 4326 et
1420 4284 1518 4325 nos
1558 4269 1735 4326 labore

138 4365 487 4420 diuturnioris
528 4365 844 4436 quaestionis
888 4364 1141 4431 absolvit,
1183 4376 1233 4419 et
1284 4366 1395 4420 suis
1425 4363 1734 4419 vulneribus

141 4456 561 4526 qualemcunque
611 4455 899 4522 medelam,
953 4456 1053 4511 etsi
1096 4456 1259 4510 invita
1310 4455 1411 4511 hac
1457 4471 1569 4511 sua:
1608 4471 1734 4511 con-

1829 1967 1993 2021 fuerit
2032 1968 2392 2035 cognitorum,
2442 1967 2507 2021 ad
2560 1967 2785 2022 concilia
2839 1981 2949 2021 sua:
2996 1965 3287 2036 provincia:
3336 1964 3424 2020 vel

1830 2059 1990 2112 etiam
2023 2059 2325 2113 universale
2358 2071 2689 2126 provocare;
2724 2056 2824 2110 nisi
2856 2057 2990 2111 forte
3018 2056 3294 2126 quisquam
3340 2062 3425 2109 est

1832 2151 1919 2221 qui
1949 2151 2132 2206 credat
2158 2150 2471 2206 uuieuilibet
2502 2164 2658 2219 posse
2699 2151 2862 2207 Deum
2893 2158 3133 2204 nostrum
3163 2148 3425 2203 examinis

1831 2243 2097 2313 inapirare.
2120 2243 2408 2315 justitiam,
2431 2252 2485 2298 et
2507 2242 2985 2297 innumerabilibus
3005 2240 3341 2311 congregatis
3370 2239 3425 2295 in

1830 2340 2111 2396 concilium
2135 2340 2499 2395 sacerdotibus
2516 2338 2805 2409 denegare.
2823 2338 2928 2391 Aut
2947 2336 3216 2406 quomodo
3240 2335 3415 2403 ipsum

1830 2433 2246 2489 transmarinum
2292 2432 2551 2502 judicium
2582 2439 2757 2486 ratum
2789 2431 2913 2496 erit,
2943 2430 3008 2483 ad
3039 2428 3178 2498 quod
3213 2430 3423 2483 testium

1829 2525 2150 2581 necessariae
2200 2534 2443 2593 personae
2492 2523 2578 2579 vel
2622 2531 2843 2592 propter
2879 2535 3039 2576 sexus
3084 2521 3164 2575 vel
3207 2532 3425 2591 prapter

1829 2620 2121 2673 senectutis
2153 2617 2516 2672 infirmitatem
2545 2616 2629 2671 vel
2661 2614 2841 2670 multis
2870 2614 2993 2668 aliis
3018 2614 3424 2669 intercurrenti-

1830 2708 1931 2764 bus
1977 2708 2378 2779 impedimentis
2420 2707 2611 2763 adduci
2664 2722 2768 2761 non
2819 2712 3067 2775 poterunt
3096 2703 3162 2756 αἳ
3189 2703 3321 2759 Nam
3369 2711 3426 2759 ut

1830 2801 1991 2870 aliqui
2040 2810 2291 2870 tanquam
2341 2816 2369 2853 a
2423 2810 2525 2854 tua:
2570 2800 2867 2855 sanctitatis
2914 2798 3081 2853 latere
3126 2797 3425 2866 mittantur,

1831 2894 1976 2950 nulla
2026 2894 2331 2949 invenimus
2381 2904 2587 2961 patrum
2636 2895 2844 2965 synodo
2891 2894 3258 2948 constitutum.
3292 2891 3425 2956 Quia

1834 2986 1964 3042 illud
1989 2987 2127 3056 quod
2153 2986 2354 3055 pridem
2376 3001 2469 3055 per
2494 2986 2742 3040 eumdem
2770 2985 3148 3055 coepiscopum
3180 2994 3420 3038 nostrum

1835 3076 2149 3131 Faustinum
2182 3086 2433 3147 tanquam
2465 3092 2529 3131 ex
2565 3088 2714 3146 parte
2754 3076 2957 3131 Nicaeni
2987 3075 3198 3131 concilii
3229 3074 3424 3130 exinde

1835 3168 2223 3236 transmisistis,
2256 3170 2305 3224 in
2338 3170 2579 3225 conciliis
2622 3169 2917 3225 verioribus
2946 3184 3064 3239 quae
3092 3168 3425 3235 accipiuntur

1832 3258 2031 3314 Niczeni
2074 3275 2104 3313 a
2152 3271 2339 3315 sancto
2380 3261 2586 3332 Cyrillo
2613 3262 2931 3332 coepiscopo
2970 3270 3155 3316 nostro
3195 3260 3425 3316 Alexan-

1832 3352 2002 3407 drinae
2026 3354 2273 3408 ecclesiae
2304 3362 2358 3408 et
2386 3369 2415 3408 a
2448 3353 2738 3409 venerabili
2768 3355 2947 3408 Attico
2976 3351 3424 3422 ConSIantinopo-

1830 3445 1998 3501 litano
2024 3446 2265 3502 antistite
2293 3462 2357 3501 ex
2390 3446 2701 3501 authentico
2730 3446 2928 3515 missis,
2960 3462 3077 3514 quae
3107 3444 3266 3500 etiam
3303 3452 3427 3499 ante

1833 3540 1934 3596 hoc
1966 3557 2061 3610 per
2093 3541 2459 3596 innocentium
2488 3540 2860 3613 presbyterum
2883 3551 2936 3597 et
2961 3540 3268 3596 Marcellum
3297 3540 3426 3594 sub-

1832 3636 2134 3703 diaconum,
2171 3651 2266 3705 per
2297 3650 2430 3705 quos
2474 3636 2541 3689 ad
2590 3650 2687 3689 nos
2716 3635 2783 3688 ab
2827 3634 2905 3690 eis
2937 3634 3136 3689 directa
3168 3644 3312 3699 sunt,
3341 3648 3428 3687 ve-

1796 3742 1799 3743 '
1833 3729 2086 3783 nerabilis
2118 3726 2393 3782 memoriae
2442 3726 2717 3782 Bonifacio
2742 3727 2995 3797 episcopo
3039 3726 3307 3781 decessori
3340 3740 3429 3780 ve-

1832 3834 1943 3878 stro
1975 3837 2004 3877 a
2034 3822 2188 3878 nobis
2219 3836 2313 3892 per
2341 3821 2559 3877 eosdem
2608 3823 2921 3876 transmissa
2972 3830 3117 3887 sunt,
3144 3819 3197 3873 in
3237 3819 3430 3884 quibus

1835 3917 1939 3969 tale
1966 3916 2166 3985 aliquid
2198 3931 2301 3969 non
2328 3914 2599 3984 potuimus
2622 3914 2882 3983 reperire.
2916 3913 3241 3968 Executores
3270 3911 3429 3966 etiam

1836 4008 2060 4063 clericos
2090 4018 2318 4076 vestros,
2351 4007 2621 4077 aliquibus
2651 4004 2977 4076 petentibus,
3012 4002 3173 4056 nolite
3199 4003 3431 4068 mittere,

1838 4105 2002 4158 nolite
2034 4105 2190 4174 177
2219 4102 2545 4168 concedere,
2589 4116 2657 4156 ne
2694 4099 2960 4155 fumosum
2993 4095 3209 4168 typltum
3250 4095 3431 4150 saeculi

1837 4195 1891 4250 in
1923 4196 2219 4250 Ecclesiam
2245 4193 2465 4258 Christi,
2501 4210 2617 4264 qure
2643 4195 2815 4249 lucem
2852 4189 3210 4261 simplicitatis
3246 4198 3299 4243 et
3329 4188 3430 4243 ltu-

1836 4285 2075 4343 rnilitatis
2104 4286 2245 4343 diem
2276 4287 2489 4341 Domini
2524 4285 2706 4342 videre
2749 4283 3083 4353 cupientibus
3134 4281 3320 4348 refert,
3353 4280 3432 4336 vi-

1836 4382 2057 4437 deamus
2106 4381 2379 4436 inducere.
2427 4380 2556 4433 Nam
2613 4382 2679 4435 de
2720 4380 2881 4434 fratre
2929 4388 3111 4432 nostro
3152 4376 3427 4442 Faustino,

1836 4487 2017 4532 amoto
2056 4476 2164 4546 jam
2200 4474 2225 4513 ι’
2257 4491 2353 4546 pro
2402 4474 2513 4529 suis
2560 4474 2804 4530 nefandis
2849 4472 3098 4543 nequitiis
3136 4471 3203 4527 de
3233 4470 3430 4527 Christi

144 4549 396 4656 scientia:
426 4549 726 4656 reluctante
773 4546 1116 4656 confessione
1144 4588 1158 4613 ,
1216 4546 1442 4649 providit
1461 4547 1735 4656 ,mdomine
1766 4596 1815 4656 Β
1840 4568 2079 4623 Ecclesia
2115 4566 2348 4621 dolendo
2392 4566 2550 4638 178
2587 4566 2839 4634 Ανίπεο,
2872 4565 3044 4620 securi
3077 4579 3259 4619 sumus
3288 4563 3432 4634 quod

147 4638 326 4696 frater.
354 4638 592 4695 Praefato
633 4640 814 4710 itaque
842 4638 1039 4694 debitae
1066 4637 1398 4693 salutationis
1429 4636 1605 4693 ofﬁcio
1634 4639 1733 4693 im-

150 4734 451 4802 pendiosius
484 4733 855 4803 deprecamur,
888 4740 945 4787 ut
973 4732 1225 4799 deinceps
1253 4731 1318 4786 ad
1342 4740 1547 4787 vestras
1576 4746 1732 4787 aures

150 4818 262 4877 hinc
286 4825 570 4879 venientes
599 4838 706 4878 non
752 4822 965 4877 facilius
1009 4820 1321 4887 admittatis,
1372 4835 1468 4876 nec
1513 4836 1542 4875 a
1582 4822 1734 4878 nobis

152 4915 635 4971 excommunicatos
661 4914 716 4970 in
742 4914 1178 4970 communionem
1210 4912 1346 4967 ultra
1376 4912 1553 4967 velitis
1582 4913 1736 4967 exci-

152 5016 291 5078 Pere,
319 5010 449 5081 quia
497 5008 600 5064 hoc
647 5009 812 5064 etiam
842 5006 1062 5062 Nicmno
1088 5004 1317 5062 concilio
1344 5004 1619 5059 definitum
1658 5003 1739 5057 fa-

154 5099 245 5155 cile
268 5104 515 5159 advertat
544 5101 919 5160 venerabilitas
948 5110 1037 5157 tua
1070 5118 1084 5157 :
1116 5114 1239 5156 nam
1272 5098 1373 5155 etsi
1411 5097 1480 5154 de
1518 5097 1737 5153 inferio-

219 5270 244 5300 ι
274 5262 349 5319 Ex
377 5261 496 5330 Αἰ,
516 5263 577 5321 Β.
600 5261 667 5317 R.
696 5260 753 5316 ln
783 5260 849 5316 A.
872 5268 925 5316 et
953 5258 1171 5331 reliquis
1201 5257 1489 5315 Codicibus
1515 5272 1530 5312 :
1560 5264 1732 5329 potue-

158 5344 281 5389 runt.

221 5403 246 5443 δ
274 5405 331 5462 in
359 5404 611 5463 omnibus
629 5402 915 5460 Codicibus
948 5420 959 5458 :
981 5404 1096 5474 jam
1124 5400 1246 5457 dolo
1271 5415 1292 5458 :
1322 5414 1443 5473 qua:
1468 5407 1741 5473 postrema

162 5486 251 5533 vox
278 5490 333 5537 ut
362 5476 671 5538 redundans
697 5480 966 5548 expuncta
992 5483 1097 5532 est.

1841 4676 1962 4715 cum
1993 4660 2047 4714 in
2076 4660 2339 4730 pravitate
2373 4668 2419 4722 ε,
2453 4672 2514 4712 ac
2558 4656 2925 4712 moderatione
2970 4666 3073 4711 tua:
3111 4652 3428 4721 sanctitatis,

1842 4753 1989 4809 salva
2022 4752 2254 4806 fraterna
2297 4751 2582 4815 charitate,
2616 4753 2838 4805 ulterius
2866 4748 3045 4805 Africa
3086 4749 3303 4804 minime
3332 4762 3431 4818 pa-

1843 4846 2024 4900 tiatur.
2059 4843 2128 4897 Et
2156 4845 2257 4897 alia
2296 4856 2456 4897 manu
2489 4859 2504 4895 :
2540 4842 2797 4896 Dominus
2834 4842 2974 4897 Deus
3015 4852 3196 4899 noster
3235 4839 3433 4897 sancti-

1846 4946 2005 4992 tatem
2038 4946 2270 4992 vestram
2294 4951 2408 4990 aevo
2435 4935 2663 5006 longiori
2693 4945 2938 4992 orantem
2967 4951 3062 5007 pro
3083 4937 3237 4995 nobis
3253 4939 3431 4992 custo-

1843 5029 1976 5097 diat,
2004 5027 2218 5084 domine
2250 5027 2428 5083 frater.
3404 5046 3405 5049 η

1913 5264 1937 5294 ο
1964 5252 2163 5309 Omnes
2211 5248 2437 5307 Codices
2486 5266 2499 5302 :
2544 5248 2596 5303 in
2632 5250 2913 5319 pravitate;
2943 5246 3094 5319 deest
3129 5240 3429 5319 forteejus,

1839 5335 1933 5381 aut
1959 5328 2014 5409 in
2054 5324 2302 5394 probitate
2329 5310 2644 5394 legendum,
2666 5332 2722 5377 ut
2745 5322 2797 5378 in
2831 5310 3045 5378 excusis
3072 5325 3129 5372 et
3158 5314 3214 5371 in
3243 5310 3430 5371 Greca

1842 5413 2112 5457 VCI'SIOHC.
