4024 6350
142 350 273 441 αρ’

1097 372 1373 432 ΔΡΒΙΕΛΕ
1413 371 1749 429 CONCILIA.
1789 398 1861 413 ο-
1899 369 2393 427 MILEVITANUM.

3408 332 3433 359 (,

3300 368 3427 432 πο*

202 491 557 555 Numerianus
616 487 1041 561 Busgunmensis
1095 494 1124 524 ι
1180 486 1385 561 legatus
1439 483 1806 559 provinciaeA
1903 483 2175 554 Philippus
2202 486 2480 557 presbyter
2508 486 2711 558 legatus
2743 483 2996 542 Ecclesiae
3024 483 3301 547 Romam.

140 583 495 643 Caesariensis.

208 712 232 738 ³
258 699 323 757 τ.
347 700 403 769 3,
437 700 869 774 Rasugssassnsis.
894 698 989 768 U.,
1020 698 1112 766 0.,
1143 694 1471 751 Cannensis.

1899 577 2107 632 Asellus
2131 577 2408 648 presbyter
2435 577 2638 649 legatus
2669 576 2925 634 Ecclesia:
2954 577 3230 634 Romanae.

201 839 3364 868 ω

1688 946 1889 1020 XIX
2247 1001 2259 1010 .

999 1090 1673 1187 CONCILIUM
1746 1086 2597 1175 MILEVITANUM

139 1253 567 1299 DDCENTOIIUN
610 1251 1113 1306 ρυΑτυοιωιωιι
1159 1251 1598 1296 Βιηεαθιιοιιῠι
1641 1246 1784 1293 ΒΕΔ
1828 1247 2089 1295 CCCCXL.
2154 1247 2661 1295 θιοιιιοςηειιιε
2708 1246 3228 1295 ιιιιηηιηοιιηιυε
3283 1251 3413 1294 Διι-

190 1334 379 1380 (ΣΔΒΙΟ
424 1331 767 1387 ρυιιηαυιεε
814 1334 893 1381 Εἰ·
936 1331 1224 1379 1010110
1267 1330 1558 1383 AUGUSTO
1602 1330 1728 1384 QUI]

1815 1328 1944 1371 DIES
1990 1328 2401 1384 CONSULIBUS,
2451 1328 2514 1374 νι
2559 1328 2895 1377 ΚΑιιΝῡΑδ
2941 1330 3362 1381 SEPTEHBRIS.

198 1493 550 1566 181-182
602 1492 658 1548 in
699 1490 917 1548 civitate
977 1488 1277 1545 Milevitana
1320 1488 1376 1547 in
1422 1486 1715 1544 secretario

131 1583 351 1637 basilica:
414 1585 576 1651 ipsius
640 1599 759 1637 cum
817 1583 1065 1638 Aurelius
1116 1581 1401 1652 episcopus
1453 1578 1712 1637 Ecclesia:

128 1675 448 1745 Carthaginis
471 1674 526 1731 in
546 1674 778 1730 concilio
816 1673 1105 1733 universali
1140 1671 1505 1739 consedisset,
1530 1682 1711 1727 astan-

128 1765 256 1821 tibus
283 1764 627 1835 diaconihus,
659 1767 904 1827 Aurelius
931 1769 1211 1837 episcopus
1242 1766 1380 1827 dixit
1404 1783 1418 1821 :
1444 1764 1706 1831 Quoniam

126 1855 373 1913 Ecclesia:
445 1869 644 1914 sancta:
708 1875 871 1915 unum
936 1872 1017 1915 εει
1076 1874 1307 1927 corpus,
1366 1858 1715 1927 omniumque

123 1950 479 2007 membrorum
539 1962 700 2021 caput
752 1960 837 2007 est
884 1965 1078 2015 unum,
1124 1949 1326 2005 factum
1372 1958 1455 2004 est
1504 1948 1718 2003 volente

124 2039 343 2095 Domino
375 2050 435 2095 ut
456 2042 523 2097 ad
556 2042 697 2098 hanc
724 2042 1020 2098 Ecclesiam
1069 2041 1377 2097 veniremus
1415 2039 1719 2094 dilectionis

119 2144 165 2187 et
191 2135 541 2191 fraternitatis
558 2136 728 2205 gratia
750 2136 956 2190 invitati
978 2152 994 2187 :
1019 2135 1159 2189 unde
1178 2148 1362 2203 quasso
1400 2132 1719 2188 charitatens

118 2235 347 2280 vestram
370 2271 385 2296 ,
408 2229 531 2297 quia
560 2228 632 2282 ita
652 2226 975 2283 credendum
998 2225 1241 2295 estquod
1264 2234 1447 2280 noster
1465 2238 1718 2281 accessus

114 2316 174 2369 ad
206 2332 307 2373 vos
336 2332 436 2373 nec
468 2319 770 2389 superﬂuus
796 2333 898 2374 nec
921 2317 1158 2373 insuavis
1188 2325 1270 2371 est
1299 2316 1528 2380 eunetis;
1562 2314 1715 2370 ideo:

117 2419 214 2476 («ne
288 2410 489 2475 pariter
544 2409 788 2480 quaedam
833 2409 904 2463 de
955 2408 1136 2463 causis
1182 2406 1342 2475 ﬁdei,
1388 2406 1528 2461 unde
1572 2421 1715 2461 nune

117 2500 335 2567 quin
366 2500 769 2570 Pelagianorum
794 2499 1143 2565 imminet,.in
1165 2499 1269 2555 hoc
1294 2508 1440 2555 colu
1483 2499 1710 2557 sanctis.

121 2592 254 2645 simo
316 2592 570 2663 primitus
620 2601 944 2659 tractentur,
996 2592 1191 2647 deinde
1235 2586 1713 2662 subsequanturel

119 2684 289 2753 aliqua
314 2700 435 2755 qua:
464 2684 759 2754 disciplina
807 2684 1185 2741 ecclesiasticis
1215 2682 1523 2740 necessaria
1564 2682 1707 2737 esis-

120 2780 249 2828 ιυηι.

179 2863 222 2921 1.
246 2863 442 2922 Contra
470 2865 783 2939 Pelagianos
817 2868 903 2931 qui
926 2868 1102 2939 dicunt
1142 2866 1298 2921 etiam
1340 2867 1451 2922 sine
1500 2875 1707 2939 peccato

623 2941 749 2992 mori
770 2938 990 3010 potuisse
1016 2938 1202 2991 Adam.

181 3030 391 3088 Placuit
422 3032 584 3103 igitur
613 3032 864 3088 omnibus
906 3030 1201 3101 episcopis,
1253 3030 1348 3101 qui
1394 3031 1611 3091 luerunt
1651 3033 1703 3089 in

117 3120 205 3177 hac
227 3132 421 3179 sancta
446 3123 682 3194 synodo,
710 3123 1037 3179 constituere
1069 3122 1185 3179 haec
1212 3136 1331 3193 qua:
1353 3122 1407 3177 in
1455 3123 1703 3193 praesenti
1734 3157 1789 3223 α
1811 3144 2073 3211 δειδίμιιηη
2126 3153 2213 3200 εει
2245 3162 2260 3201 ε
2319 3120 2419 3213 QQ;
2476 3148 2621 3202 αοεει
2678 3146 2935 3204 hominem

1816 1489 2107 1543 commissa
2137 1497 2291 1557 sunt,
2339 1504 2446 1543 non
2502 1489 2664 1544 etiam
2718 1489 2783 1544 ad
2834 1486 3159 1567 adjutorium
3207 1496 3265 1544 ut
3310 1504 3416 1545 non

1814 1580 2250 1648 committantur,
2287 1581 2575 1639 anathema
2604 1583 2694 1638 sit.

1887 1671 1972 1728 IV.
2006 1672 2157 1740 Quod
2175 1690 2263 1743 per
2284 1673 2620 1759 gratiamlpei
2643 1676 3007 1759 sciamusquid
3033 1682 3201 1753 facere
3227 1684 3416 1741 debea-

2205 1761 2315 1797 mus
2341 1755 2390 1799 et
2442 1747 2653 1821 diligere
2683 1759 2737 1801 ut
2766 1747 3035 1820 faciamus.

1746 1797 1797 1857 Β
1893 1837 2019 1892 Item
2045 1838 2288 1908 quisquis
2337 1797 2817 1898 dixeritaeamdein
2854 1845 3075 1915 gratiam
3117 1849 3209 1907 Dei
3260 1852 3418 1926 183

1818 1947 1913 2001 per
1940 1932 2123 1989 Jesum
2155 1933 2428 1989 Christum
2468 1935 2747 1992 Dominum
2779 1946 3019 1994 nostrum
3055 1954 3276 2012 pr0pter
3318 1945 3421 2005 hoc

1820 2032 2024 2078 tantum
2070 2040 2171 2080 nos
2210 2025 2465 2097 adjuvare
2506 2028 2574 2082 ad
2610 2045 2716 2086 non
2762 2034 3121 2105 peccandum,
3164 2036 3287 2108 quia
3325 2053 3420 2107 per

1817 2122 1987 2191 ipsam
2020 2122 2173 2177 nobis
2205 2125 2471 2179 revelatur
2499 2135 2553 2180 et
2600 2127 2838 2196 aperitur
2874 2130 3218 2203 intelligentia
3260 2149 3417 2190 man-

1816 2214 2096 2282 datorum,
2150 2227 2208 2271 ut
2260 2221 2492 2295 sciamus
2541 2219 2670 2291 quid
2723 2232 3007 2295 appetere,
3069 2226 3196 2298 quid
3251 2228 3419 2286 vitare

1811 2305 2125 2375 debeamus,
2170 2324 2276 2363 non
2317 2325 2412 2380 per
2460 2310 2604 2365 illam
2650 2322 2826 2368 autem
2870 2316 3024 2371 nobis
3071 2320 3310 2387 praestari
3362 2329 3420 2378 ut

1811 2400 1951 2469 quod
1978 2400 2275 2455 faciendum
2299 2404 2709 2471 cognoverimus
2728 2406 2887 2459 etiam
2924 2406 3097 2464 facere
3121 2408 3415 2465 debeamus

1808 2502 1967 2562 atque
1990 2492 2282 2560 valeamus,
2313 2494 2597 2549 anathema
2624 2497 2715 2553 sit.
2742 2494 2872 2551 Cum
2900 2498 3041 2553 enim
3068 2501 3215 2557 dicat
3242 2504 3417 2573 Apes,

1807 2584 1985 2640 tolus:
2040 2584 2274 2641 Scientia
2320 2586 2493 2659 inﬂat,
2528 2588 2762 2642 ncharitas
2804 2606 2919 2645 vero
2963 2593 3207 2662 adiﬁcat,
3258 2596 3413 2651 valde

1806 2677 2024 2751 impium
2057 2689 2138 2735 est
2160 2689 2216 2735 ut
2240 2681 2522 2737 credamus
2552 2684 2616 2737 ad
2638 2698 2759 2739 eam
2780 2700 2900 2757 quae
2924 2686 3072 2742 inllat
3091 2705 3189 2745 nos
3210 2689 3411 2748 habere

1804 2771 2030 2840 gratiam
2062 2771 2259 2828 Christi
2283 2784 2337 2828 et
2384 2776 2449 2829 ad
2489 2791 2606 2830 eam
2636 2790 2755 2848 qua:
2783 2776 3009 2833 aediﬁcat
3035 2795 3144 2835 non
3190 2780 3411 2851 habere,

1804 2878 1925 2917 cum
1970 2865 2038 2917 sit
2089 2876 2374 2935 utrumque
2402 2865 2601 2922 donum
2635 2866 2729 2923 Dei
2774 2878 2829 2924 et
2876 2872 3015 2925 scire
3058 2873 3181 2941 quid
3235 2872 3412 2930 facere

1804 2957 2094 3013 debeamus
2123 2968 2178 3014 et
2206 2958 2429 3030 diligere
2460 2972 2516 3015 ut
2547 2959 2827 3028 faciamus,
2856 2974 2917 3019 ut
2943 2964 3239 3019 aediﬁcante
3280 2969 3410 3023 cha-

1804 3051 1959 3107 ritate
1984 3051 2208 3109 scientia
2236 3068 2341 3113 non
2370 3054 2540 3124 possit
2566 3052 2771 3113 inﬂare.
2807 3054 2956 3113 Sicut
2998 3070 3174 3113 autem
3205 3060 3271 3115 de
3297 3061 3407 3119 Deo

2991 3151 3279 3222 scientiam,
3339 3153 3411 3211 ita

116 3215 329 3273 concilio
395 3214 611 3271 deﬁnita
672 3225 834 3281 sunt;
888 3224 945 3270 ut
993 3212 1297 3306 quicunque
1358 3214 1487 3277 dicit
1532 3213 1703 3271 Adatu
1741 3212 1967 3292 ‘euam
1993 3237 2249 3306 scriptum
2276 3212 2394 3294 θείς
2428 3236 2664 3294 Charm,
2689 3256 2753 3295 επ
2782 3242 2888 3297 Deo
2914 3250 3006 3296 εει,

115 3306 336 3375 primum
373 3306 643 3364 hominem
666 3307 943 3362 mortalem
974 3304 1210 3372 factum,
1240 3304 1312 3365 ita
1351 3316 1407 3361 ut
1430 3305 1541 3361 sive
1574 3318 1702 3376 pec-

116 3412 251 3459 caret
274 3404 393 3459 sive
419 3420 522 3459 non
549 3410 791 3472 peccaret
815 3411 1113 3459 moreretur
1127 3402 1182 3458 in
1209 3416 1452 3473 corpore,
1488 3401 1588 3463 hoc
1621 3409 1704 3463 cst

116 3493 177 3549 de
213 3510 444 3568 corpore
472 3498 647 3555 exiret
685 3512 791 3557 non
820 3496 1022 3567 pecsati
1045 3495 1237 3551 merito
1256 3494 1352 3551 sed
1379 3494 1703 3559 necessitate

116 3596 339 3651 naturae,
366 3589 647 3642 anathema
670 3588 758 3645 sit.

115 3675 170 3733 ll.
203 3678 356 3764 Quod
387 3682 542 3761 juxta
571 3679 802 3764 Appstoli
833 3677 1172 3764 testimonium
1200 3679 1353 3733 etiam
1381 3678 1582 3764 parvuli
1612 3679 1703 3764 qui

179 3748 312 3802 nihil
349 3748 542 3817 peccati
570 3748 739 3804 adhuc
778 3752 1140 3804 commiserunt
1178 3766 1349 3805 omnes
1376 3748 1428 3804 in
1470 3759 1698 3820 peccato-

175 3836 291 3873 rum
313 3822 660 3876 remissionem
684 3822 929 3874 veraciter
949 3820 1288 3891 baptizcntur.

177 3909 309 3966 Item
344 3912 575 3980 placuit,
624 3921 683 3966 ut
726 3912 1026 3981 quicunque
1071 3913 1320 3981 parvulos
1368 3922 1612 3967 recentes
1634 3911 1702 3968 ah

103 4002 272 4055 uteris
300 4012 536 4055 matrum
563 4001 912 4071 baptizandus
927 4011 1087 4073 negat
1101 4017 1192 4057 aut
1212 4004 1404 4058 dicitin
1426 4004 1702 4058 remissio-

97 4106 220 4147 nem
269 4092 493 4158 quidem
540 4102 881 4162 peccatorum
923 4108 1018 4150 eos
1062 4095 1359 4163 baptizari,
1408 4096 1501 4151 sed
1571 4096 1703 4150 nihil

101 4200 164 4239 cx
208 4184 389 4240 Adam
447 4185 662 4242 trahere
713 4186 980 4258 originalis
1036 4189 1238 4257 peccati
1292 4188 1435 4259 quod
1492 4189 1702 4245 lavacro

103 4278 532 4349 regenerationis
570 4280 839 4351 expietur,
888 4281 1028 4337 unde
1070 4283 1131 4335 iit
1168 4296 1504 4352 consequens
1551 4291 1606 4337 ut
1644 4281 1698 4337 in

109 4369 182 4425 eis
204 4371 375 4427 forma
402 4372 734 4443 baptismatis
760 4374 813 4429 in
842 4374 1211 4429 remissionem
1255 4374 1470 4444 quidem
1512 4389 1699 4443 pecca-

114 4468 279 4515 torum
295 4475 401 4516 non
417 4476 543 4517 vera
559 4462 651 4518 sed
668 4462 799 4517 t'alsa
834 4462 1179 4534 intelligatur,
1229 4464 1386 4536 182
1416 4464 1696 4520 anathema

114 4550 193 4603 sit.
207 4550 467 4617 Quoniam
484 4568 590 4608 non
606 4553 757 4609 aliter
773 4523 1177 4626 intelligendum
1188 4523 1430 4627 es_tqti-od
1445 4557 1519 4611 ait
1532 4559 1695 4626 Apos-
1730 4523 1791 4583 θ

117 4641 272 4697 tolus:
304 4642 411 4697 Per
422 4660 582 4700 unum
602 4645 854 4701 hominem
875 4659 1138 4716 peccatum
1158 4649 1363 4702 intravit
1383 4649 1436 4702 in
1459 4650 1703 4703 mundum

117 4742 157 4784 et
184 4750 270 4803 per
298 4748 559 4801 peccatum
606 4752 765 4801 mors,
810 4747 862 4791 et
882 4738 956 4792 ita
985 4740 1037 4793 in
1080 4756 1254 4793 omnes
1293 4740 1523 4795 homines
1568 4757 1703 4794 mors

118 4830 396 4893 pertransiit
422 4830 475 4883 in
500 4846 598 4899 quo
619 4846 786 4885 omnes
825 4842 1188 4899 peccaverunt:
1217 4833 1320 4886 nisi
1357 4833 1705 4903 quemadmo-

120 4913 233 4971 dum
264 4919 503 4975 Ecclesia
528 4921 789 4976 catholica
820 4921 1015 4991 ubique
1035 4922 1225 4977 ditiusa
1255 4938 1465 4988 semper
1488 4923 1703 4978 intellev

119 5009 203 5062 xit.
238 5011 463 5080 PrOpter
490 5012 626 5068 hanc
666 5016 806 5088 enim
835 5016 1071 5086 regulam
1098 5015 1219 5070 lidei
1261 5017 1422 5070 etiam
1469 5018 1701 5089 parvuli,

118 5100 196 5166 qui
226 5103 359 5157 nihil
380 5116 717 5174 peccatorum
749 5107 800 5161 in
828 5107 1131 5179 semetipsis
1154 5107 1327 5163 adhuc
1366 5110 1707 5165 committere

118 5203 432 5264 potuerunt,
478 5197 599 5253 ideo
641 5200 693 5253 in
730 5213 1067 5270 peccatorum
1113 5202 1484 5259 remissionem
1532 5204 1705 5273 bapti-

119 5296 321 5353 zattlur,
356 5296 418 5343 ut
446 5289 495 5341 in
522 5289 600 5344 eis
625 5292 1026 5363 regeneratioue
1049 5293 1339 5349 mundetur
1367 5294 1509 5365 quod
1535 5310 1705 5366 gene-

120 5380 310 5437 ratione
338 5393 638 5441 traxerunt.

183 5481 267 5543 ill.
303 5485 456 5557 Quod
476 5487 640 5558 gratia
672 5484 768 5543 Dei
787 5502 887 5541 non
920 5488 1084 5542 solum
1112 5500 1318 5558 peccata
1339 5490 1584 5554 dimittat,
1613 5492 1704 5547 sed

470 5557 617 5610 etiam
640 5558 842 5628 adjuvet
870 5576 930 5613 ne
956 5557 1351 5615 commutantur.

185 5643 309 5701 item
334 5648 562 5718 placuit,
597 5657 654 5704 ut
680 5650 977 5723 quicunque
999 5651 1191 5707 dixerit
1218 5652 1438 5720 gratiam
1482 5652 1573 5708 Dei
1600 5667 1705 5724 qua

118 5732 462 5802 iustiﬁcamur
500 5755 592 5809 per
616 5740 797 5797 Jesum
836 5742 1105 5798 Christum
1134 5743 1418 5799 Dominum
1464 5754 1703 5802 nostrum

122 5825 185 5881 ad
210 5830 377 5886 solam
415 5832 786 5890 remissionem
837 5844 1174 5905 peccatorum
1219 5838 1398 5893 valere
1433 5852 1554 5909 qua
1598 5840 1708 5910 iam

1812 3348 1872 3406 V.
1904 3350 2055 3436 Quod
2077 3351 2249 3436 .gratia
2271 3350 2601 3436 ‘Deilprazstet
2630 3366 2684 3436 ut
2813 3355 3118 3436 impleatur,
3146 3372 3256 3436 non
3278 3358 3408 3436 sicut

1875 3419 1948 3474 ait
1992 3419 2235 3498 Pelagius
2254 3419 2450 3498 facile,
2496 3427 2644 3494 quasi
2672 3427 2782 3480 sine
2818 3419 2988 3498 gratia
3017 3427 3115 3481 Dei
3140 3428 3409 3498 dif/icilius

1874 3494 2034 3561 possit
2060 3494 2284 3561 inpleri.

1876 3584 2007 3640 item
2034 3587 2253 3655 placuit,
2277 3595 2338 3641 ut
2364 3588 2670 3658 quicunque
2697 3587 2893 3644 dixerit
2919 3590 3041 3646 ideo
3078 3593 3233 3649 nobis
3284 3608 3411 3665 gra-

1805 3680 1932 3734 tiam
1951 3680 2349 3749 justiﬁeationis
2394 3680 2534 3749 dari,
2583 3691 2641 3736 ut
2681 3683 2821 3754 quod
2844 3684 3019 3741 facere
3042 3702 3138 3756 per
3180 3688 3407 3744 liberum

1798 3774 2049 3845 iubemur
2114 3776 2393 3830 arbitrium
2460 3775 2667 3831 facilius
2726 3780 2994 3847 possimus
3045 3780 3264 3852 implere
3311 3797 3410 3853 per

1800 3868 2046 3937 gratiam,
2070 3877 2343 3936 tanquam,
2366 3869 2465 3923 etsi
2484 3870 2653 3938 gratia
2675 3885 2779 3925 non
2802 3873 3040 3941 daretur,
3064 3890 3168 3929 non
3185 3876 3404 3946 quidem

1801 3958 1980 4025 facile,
2017 3959 2113 4014 sed
2140 3968 2315 4016 tamen
2344 3975 2626 4030 possemus
2669 3964 2829 4018 etiam
2879 3966 2994 4020 sine
3044 3965 3130 4020 illa
3181 3966 3409 4034 implere

1800 4050 1983 4106 divina
2014 4053 2288 4119 mandata,
2337 4053 2619 4108 anathema
2670 4057 2757 4111 sit.
2816 4056 2891 4111 De
2946 4056 3206 4113 fructibus
3260 4061 3403 4117 enim

1802 4143 2173 4196 mandatorum
2202 4142 2459 4199 Dominus
2489 4146 2806 4216 loquebatur
2832 4148 2921 4204 ubi
2946 4164 3051 4205 non
3102 4153 3176 4207 ait
3201 4170 3213 4205 :
3272 4151 3403 4210 Sine

1801 4250 1888 4290 me
1921 4234 2193 4291 difﬁcilius
2217 4237 2437 4307 potestis
2467 4238 2663 4305 facere,
2695 4240 2787 4296 sed
2826 4239 2939 4298 ait:
2980 4240 3108 4298 Sine
3144 4260 3225 4297 me
3272 4243 3409 4300 nihil

1799 4330 2007 4400 potestis
2035 4333 2223 4400 facere.

1878 4443 1961 4500 Vl.
1996 4444 2148 4512 Quod
2159 4442 2879 4529 juxlafentenlt'antloarmis
2908 4449 3227 4515 euangelista:
3246 4465 3393 4504 nemo

2158 4526 2223 4571 sit
2251 4532 2337 4586 qui
2364 4533 2469 4571 esse
2498 4526 2655 4586 possit
2691 4526 2799 4571 sine
2821 4530 3050 4588 peccato.

1878 4626 2006 4683 Item
2035 4626 2250 4698 placuit,
2298 4637 2354 4685 ut
2382 4630 2521 4697 quod
2546 4630 2619 4691 ait
2658 4640 2874 4689 sanctus
2902 4631 3136 4693 Joannes
3182 4642 3403 4704 aposto-

1808 4716 1889 4773 lus
1914 4735 1927 4771 :
1956 4717 2016 4773 Si
2059 4720 2344 4775 dixerimus
2384 4721 2507 4790 quia
2548 4731 2811 4790 peccatum
2848 4740 2952 4781 non
2997 4724 3261 4795 habemus,
3309 4743 3405 4784 nos

1804 4812 1942 4879 ipsos
1964 4814 2244 4882 decipimus
2276 4813 2484 4887 [U.,G.,
2510 4816 2823 4889 seducimus]
2867 4829 2913 4875 et
2940 4822 3120 4877 ueritas
3157 4822 3209 4877 in
3257 4822 3402 4878 nobis

1788 4921 1905 4963 .non
1931 4915 2026 4972 est,
2057 4906 2299 4976 quisquis
2344 4908 2423 4964 sic
2445 4908 2793 4978 accipiendun
2827 4911 3114 4980 putaverit,
3145 4923 3204 4968 ut
3255 4912 3401 4967 dicat

1808 5007 2022 5066 propter
2050 4996 2403 5059 humilitatem
2428 5014 2535 5055 non
2556 5010 2804 5071 oportere
2822 5001 2928 5061 dici
2951 5019 3050 5061 nos
3068 5020 3173 5061 non
3199 5003 3398 5063 habere

1809 5098 2103 5159 peccatum,
2136 5105 2242 5147 non
2267 5090 2387 5162 quia
2418 5093 2619 5153 veritas
2645 5102 2753 5161 est.
2777 5095 3056 5159 anathema
3086 5098 3174 5159 sit.
3206 5094 3399 5163 Setini.

1809 5193 1894 5237 tur
1923 5184 2064 5239 enim
2096 5184 2384 5255 Apostolus
2421 5195 2475 5241 et
2528 5187 2809 5259 adiungit:
2867 5189 2931 5245 Si
2972 5199 3139 5243 utens
3180 5185 3397 5255 confessi

1805 5278 2052 5346 fuerimus
2077 5288 2286 5347 peccata
2309 5288 2504 5346 nostra,
2523 5280 2693 5349 ﬁdelis
2708 5290 2782 5337 est
2801 5292 2849 5336 et
2869 5282 3045 5353 justus
3062 5278 3149 5349 qui
3170 5277 3397 5331 remittet

1806 5371 1947 5425 nobis
1976 5380 2183 5441 peccata
2207 5381 2253 5425 et
2280 5354 2489 5427 mandet
2518 5390 2609 5429 nos
2663 5375 2727 5428 ab
2755 5374 2895 5428 emi
2946 5372 3209 5439 iniquitate
3230 5384 3250 5422 :
3301 5368 3393 5425 ubi

1803 5467 1934 5521 satis
1956 5476 2177 5536 apparet
2233 5468 2333 5522 hoc
2362 5484 2467 5522 non
2512 5476 2714 5523 tantum
2769 5465 3039 5522 humiliter
3084 5462 3183 5518 sed
3232 5462 3395 5519 etiam

1806 5560 2071 5616 veraciter
2112 5560 2241 5615 dici.
2284 5560 2502 5616 Poterat
2552 5562 2697 5616 enim
2748 5557 3023 5625 apostolus
3067 5556 3287 5612 dicere:
3337 5554 3397 5611 ει

1803 5651 2094 5709 dixerimus
2123 5654 2243 5723 quia
2275 5668 2379 5708 non
2424 5653 2716 5707 habeamus
2756 5658 3055 5720 peccatum,
3105 5664 3205 5704 nos
3247 5650 3394 5721 ipsos

1802 5746 2105 5801 extollimus
2145 5755 2196 5800 et
2228 5745 2497 5800 humilitas
2542 5745 2592 5796 in
2623 5741 2779 5796 nobis
2827 5755 2932 5795 non
2979 5751 3103 5811 est;
3135 5741 3233 5798 sed
3270 5756 3392 5797 cum

1800 5839 1916 5907 ait;
1945 5837 2229 5909 Nam“
2266 5837 2623 5907 desipimus“
2656 5834 2845 5897 veritas
2878 5836 2931 5899 in
2969 5838 3116 5899 nobis
3155 5852 3261 5901 non
3294 5844 3389 5902 est,
