4024 6350
565 299 670 364 ιι

1257 293 1640 355 COLLECTIO
1676 288 2002 353 CANONUM
2039 290 2101 348 S.
2142 284 2419 348 [SIDORO
2454 286 2721 351 BlSPAL.
2764 288 3127 352 ASCRIPTA.

3744 294 3865 360 ω

562 420 693 478 satis
719 412 955 472 ostendit
989 428 1111 470 eum
1137 414 1224 485 qui
1258 413 1453 470 dixerit
1480 428 1541 470 se
1568 430 1676 471 non
1724 414 1926 471 habere
1965 404 2240 490 ρεαδ-Α
2262 408 2347 465 vel
2387 423 2573 466 eorum
2616 411 3029 483 superstitiones
3057 411 3219 483 legati
3262 412 3413 470 missi
3450 414 3521 473 de
3547 414 3652 474 hoc
3678 433 3704 471 a
3740 420 3863 492 glo-

560 519 674 567 tum
703 524 810 565 non
842 524 1027 566 verum
1050 506 1189 577 loqui
1218 506 1311 561 sed
1342 505 1551 561 falsum.

564 619 729 695 184
760 620 870 695 VII.
907 621 1053 687 Quod
1085 618 1352 695 unicuique
1386 620 1540 673 etiam
1558 619 1709 690 justo
1743 636 1845 695 non
1869 619 2036 695 solum
2064 635 2157 695 pro

631 690 750 747 aliis
773 693 859 747 sed
886 710 976 758 pro
1002 692 1264 762 semetipso
1291 692 1458 746 dicere
1477 700 1744 762 oporteat;
1769 690 1983 747 Dimitte
2000 692 2155 747 nobis

630 766 811 821 debita
833 772 1034 818 nostra.

631 859 760 914 item
802 857 1014 927 placuit,
1048 864 1106 911 ut
1132 854 1433 927 quicunque
1460 856 1687 913 dixerit:
1719 857 1771 912 in
1798 856 2039 913 oratione
2060 857 2157 914 do-

562 950 756 1006 minica
779 947 896 1002 ideo
910 946 1087 1002 dicere
1108 956 1323 1001 sanctos
1364 945 1577 1001 Dimitte
1604 948 1747 1002 nobis
1768 948 1937 1003 debita
1959 960 2153 1015 nostra,

561 1050 618 1096 ut
646 1056 748 1094 non
773 1054 869 1109 pro
900 1054 959 1094 se
986 1040 1113 1109 ipsis
1142 1038 1244 1093 hoc
1286 1039 1485 1109 dicant,
1518 1041 1642 1110 quia
1676 1057 1780 1096 non
1814 1042 1893 1097 eis
1920 1042 2030 1110 jam
2062 1059 2157 1098 ne-

556 1136 789 1191 cessaria
820 1133 919 1190 ista
971 1133 1181 1205 petitio,
1225 1133 1317 1188 sed
1352 1148 1445 1203 pro
1488 1133 1607 1188 aliis
1655 1136 1742 1204 qui
1794 1145 1917 1191 sunt
1957 1137 2008 1191 in
2056 1150 2155 1191 suo

557 1230 755 1299 populo
781 1236 1116 1311 peccatores,
1145 1236 1199 1282 et
1228 1227 1350 1282 ideo
1380 1242 1487 1283 non
1509 1227 1691 1284 dicere
1722 1244 2153 1300 unumquemque

555 1334 912 1379 sanctorum:
961 1320 1168 1375 dimitte
1209 1321 1341 1375 mihi
1388 1319 1565 1375 debita
1615 1335 1754 1385 mea,
1817 1320 1913 1375 sed
1956 1321 2156 1377 dimitte

556 1414 701 1469 nobis
730 1414 900 1467 debita
930 1422 1124 1477 nostra,
1168 1421 1225 1465 ut
1263 1411 1367 1466 hoc
1391 1427 1483 1481 pro
1510 1411 1625 1466 aliis
1659 1413 1832 1481 potius
1856 1426 2017 1483 qnam
2059 1428 2156 1483 pro

556 1520 616 1561 se
659 1505 834 1575 justus
863 1514 1042 1572 petere
1087 1503 1433 1572 intelligatur,
1480 1504 1761 1559 anathema
1791 1504 1881 1560 sit.
1930 1506 2156 1561 Sanctus

554 1599 700 1654 enim
731 1607 784 1652 et
807 1596 983 1667 justus
1026 1608 1141 1652 erat
1168 1600 1442 1668 apostolus
1472 1599 1561 1668 qui
1590 1598 1839 1654 dicebat:
1871 1596 1937 1652 In
1982 1598 2155 1653 multis

558 1692 692 1746 enim
713 1690 1021 1760 offendimus
1049 1708 1221 1746 omnes
1245 1708 1264 1746 :
1287 1707 1405 1746 nam
1429 1707 1593 1762 quare
1608 1693 1843 1747 additum
1866 1702 2152 1762 estomnes,

2260 502 2406 557 rioso
2427 504 2680 573 concilio,
2707 502 2965 577 quidquid
2994 504 3122 561 utile
3161 506 3527 579 praevideriut,
3554 508 3627 568 de
3649 513 3862 584 glorio-

2258 594 2496 651 sissimis
2529 597 2861 668 principibus
2893 597 3201 669 impetrent.

2260 685 2375 743 XII.
2420 686 2490 745 Ut
2518 692 3075 772 precessel-orationes
3119 697 3455 772 composita,-
3480 699 3585 754 nisi
3624 700 3864 772 probate

2576 764 2767 832 fuerint
2794 765 2847 817 in
2873 765 3114 834 concilio,
3142 764 3243 821 non
3267 768 3525 827 dicantur.

2331 855 2540 912 Placuit
2568 858 2731 912 etiam
2754 867 2809 913 et
2831 857 2981 924 illud,
3008 869 3065 915 ut
3100 875 3288 930 preces
3312 864 3398 918 vel
3424 865 3719 931 orationes,
3754 880 3856 923 seu

2257 951 2439 1005 missa:
2466 966 2586 1021 quae
2615 952 2855 1023 probate
2878 954 3073 1009 fuerint
3102 954 3155 1009 in
3196 958 3445 1026 concilio,
3489 975 3583 1015 seu
3608 961 3858 1018 traditio-

2258 1057 2354 1098 nes
2381 1042 2525 1115 [1E.,
2558 1042 2625 1103 B.
2653 1044 2749 1114 R.,
2780 1044 2873 1113 U.,
2894 1044 3376 1121 G.,.pra:fationes]
3421 1050 3534 1106 sive
3575 1067 3858 1110 commen-

2258 1136 2501 1193 dationes
2540 1153 2635 1194 seu
2680 1154 2867 1194 manus
2898 1140 3264 1212 impositiones
3312 1143 3382 1199 ab
3428 1146 3685 1203 omnibus
3710 1152 3857 1206 cele-

2261 1228 2486 1285 brentur
2513 1246 2528 1283 :
2573 1244 2674 1286 nec
2699 1230 2877 1299 aliqua
2902 1247 2965 1286 ex
3002 1231 3087 1287 his
3120 1233 3350 1293 omnino
3398 1235 3649 1292 dicantur
3675 1237 3729 1293 in
3762 1240 3861 1296 Ec-

2256 1319 2445 1387 clesia,
2471 1319 2575 1377 nisi
2605 1336 2773 1393 qnzea
2805 1323 3244 1392 prudentioribus
3281 1334 3503 1383 tractata
3528 1328 3677 1400 [Δῖη
3696 1329 3856 1403 facta]

2256 1423 2313 1467 et
2341 1414 2689 1483 comprobata
2736 1416 2787 1470 in
2831 1416 3040 1487 synodo
3081 1415 3305 1485 fuerint,
3359 1436 3425 1474 ne
3467 1422 3606 1479 forte
3652 1423 3856 1494 aliquid

2257 1518 2442 1562 contra
2466 1507 2625 1563 tidem
2667 1508 2747 1565 vel
2778 1524 2873 1581 per
2925 1508 3278 1582 ignorantiam
3335 1514 3419 1569 vel
3472 1530 3570 1586 per
3610 1518 3848 1574 studium

2258 1600 2330 1654 sit
2359 1603 2739 1670 compositum.

2258 1691 2401 1749 Xlli.
2448 1694 2517 1777 Ut
2560 1696 2880 1777 posteriores.
2915 1700 3255 1777 anterioribus
3301 1702 3557 1777 episcopis
3600 1706 3851 1777 deferant,

565 1785 669 1840 nisi
701 1786 869 1840 utista
893 1786 1154 1840 sententia
1179 1787 1489 1841 conveniret
1512 1796 1566 1842 et
1589 1789 1794 1856 psalmo
1808 1787 1895 1841 ubi
1920 1786 2145 1857 legitur:

2327 1781 2422 1820 nec
2454 1767 2755 1857 inconsultis
2800 1771 3105 1842 primatibus
3150 1774 3258 1828 suis
3304 1767 3505 1846 aliquid
3531 1767 3687 1849 agere
3727 1767 3854 1848 pre;

560 1874 685 1932 Non
701 1879 856 1931 intres
869 1878 920 1932 in
926 1880 955 1949 j
962 1878 1185 1931 udicium
1200 1894 1316 1932 cum
1332 1895 1473 1933 servo
1487 1889 1597 1946 tuo,
1610 1880 1855 1949 quoniam
1878 1895 1979 1933 non
1993 1880 2155 1949 justi-

555 1968 793 2039 ﬁcabitur
809 1972 861 2025 in
879 1985 1149 2041 conspectu
1167 1982 1251 2027 tuo
1267 1974 1430 2027 omnis
1453 1974 1620 2027 vivens
1637 1986 1657 2027 :
1674 1983 1726 2029 et
1753 1972 1805 2027 in
1824 1972 2063 2028 oratione
2079 1988 2159 2026 sa-

556 2064 871 2133 pientissimi
890 2067 1223 2122 Salomonis:
1241 2066 1362 2121 Non
1378 2078 1452 2121 est
1468 2068 1617 2121 homo
1633 2068 1720 2139 qui
1736 2084 1835 2121 non
1852 2076 2018 2137 peccet
2034 2066 2125 2120 tibi
2137 2084 2155 2120 :

551 2166 609 2211 et
646 2157 701 2211 in
729 2156 865 2213 libro
891 2160 1061 2214 sancti
1090 2157 1192 2213 Job
1216 2177 1229 2212 :
1254 2157 1320 2212 In
1345 2176 1499 2213 manu
1531 2159 1692 2213 omnis
1721 2160 1939 2213 hominis
1964 2160 2154 2231 signat,

552 2256 612 2302 ut
658 2249 783 2303 sciat
835 2251 998 2304 omnis
1053 2250 1205 2304 homo
1244 2251 1593 2319 inﬁrmitatem
1623 2251 1972 2306 suam:unde
1991 2253 2156 2307 etiam

554 2339 740 2395 Daniel
754 2352 972 2398 sanctus
982 2345 1218 2412 etjustus
1233 2359 1351 2398 cum
1371 2344 1422 2398 in
1438 2346 1681 2400 oratione
1695 2352 1716 2378 ³
1734 2345 2010 2414 pluraliter
2026 2344 2158 2399 dice-

556 2442 667 2488 ret:
692 2430 1043 2500 Peccavimus,
1074 2436 1392 2505 iniquitatem
1412 2438 1645 2505 fecimus,
1670 2446 1932 2493 etcaetera
1953 2454 2069 2507 qua:
2084 2438 2155 2494 ibi

558 2522 820 2578 veraciter
849 2531 905 2579 et
932 2525 1201 2581 humiliter
1232 2528 1538 2596 conﬁtetur,
1557 2544 1625 2583 ne
1652 2537 1945 2597 putaretur,
1963 2544 2153 2599 quem-

557 2612 845 2669 admodum
905 2615 1123 2686 quidam
1170 2617 1431 2685 sentiunt,
1462 2620 1564 2674 boc
1594 2634 1700 2674 non
1738 2619 1805 2675 de
1833 2620 1943 2674 suis
1964 2620 2057 2675 sed
2091 2624 2156 2676 de

560 2706 750 2775 populi
777 2706 859 2760 sui
887 2708 1064 2776 potius
1092 2707 1294 2763 dixisse
1324 2710 1576 2779 peccatis,
1612 2718 1957 2780 posteaquam
1981 2710 2113 2766 dixit
2138 2728 2151 2765 :

558 2813 676 2852 cum
699 2814 901 2854 orarem
925 2810 973 2855 et
996 2801 1268 2870 conﬁterer
1294 2812 1502 2872 peccata
1526 2820 1637 2858 mea
1668 2812 1713 2858 et
1738 2814 1949 2871 peccata
1974 2804 2155 2875 populi

555 2891 658 2945 mei
679 2892 885 2947 domino
914 2892 1025 2947 Deo
1061 2910 1194 2962 meo,
1230 2896 1401 2951 noluit
1452 2896 1633 2953 dicere
1685 2907 1902 2967 peccata
1944 2910 2151 2966 nostra,

552 2984 652 3040 sed
682 2994 737 3041 et
763 2987 939 3057 p0puli
965 2988 1047 3043 sui
1076 2989 1209 3045 dixit
1232 2999 1287 3046 et
1332 3006 1452 3058 sua,
1505 2992 1756 3062 quoniam
1788 2993 1996 3049 futuros
2021 2994 2153 3051 istos

555 3076 647 3150 qui
673 3088 777 3135 tant
794 3081 931 3138 male
953 3081 1316 3155 intelligerent
1340 3095 1588 3156 tanquam
1608 3085 1864 3158 propheta
1885 3088 2150 3158 praevidit.

555 3186 692 3245 Vili.
745 3191 896 3259 Quod
918 3210 949 3249 a
977 3196 1167 3248 sanctis
1194 3196 1433 3249 ueraciter
1465 3196 1669 3251 dicatur
1701 3213 1716 3251 :
1748 3197 1969 3256 Dimitte
1992 3198 2148 3257 nobis

1128 3265 1308 3320 debita
1340 3276 1545 3323 nostra.

627 3368 761 3429 item
795 3375 1013 3445 placuit,
1046 3385 1106 3431 ut
1146 3377 1451 3450 quicunque
1496 3381 1657 3436 verba
1705 3381 1818 3452 ipsa
1865 3383 2149 3440 dominica

558 3465 819 3520 orationis
848 3467 938 3522 ubi
983 3468 1251 3525 dicimus:
1304 3470 1515 3526 Dimitte
1560 3474 1713 3528 nobis
1751 3474 1919 3531 debita
1953 3487 2146 3547 nostra,

559 3553 635 3611 ita
664 3557 853 3612 volunt
893 3573 924 3612 a
950 3561 1148 3615 sanctis
1172 3560 1276 3616 dici
1326 3572 1383 3617 ut
1422 3565 1694 3621 humiliter
1735 3581 1842 3622 non
1888 3568 2151 3626 veraciter

560 3647 666 3704 hoc
695 3650 923 3719 dicatur,
949 3654 1232 3708 anathema
1262 3655 1353 3709 sit.
1384 3654 1513 3722 Quis
1542 3658 1689 3712 enim
1722 3658 1860 3714 ferat
1880 3669 2147 3732 orantem,

558 3749 615 3795 et
644 3757 748 3796 non
779 3742 1085 3799 hominibus
1134 3745 1228 3800 sed
1261 3748 1362 3815 ipsi
1396 3748 1622 3805 Domino
1652 3751 2026 3819 mentientem,
2058 3754 2150 3825 qui

558 3832 714 3889 labiis
735 3833 834 3893 sihi
863 3832 950 3906 [T.
988 3834 1099 3901 1,2,
1129 3836 1261 3908 suis]
1303 3838 1433 3894 dicit
1459 3839 1651 3895 dimitti
1696 3842 1856 3911 velle,
1906 3854 1959 3898 et
1988 3846 2152 3901 corde

559 3926 691 3982 dicit
718 3942 836 3997 qua:
865 3928 967 3982 sibi
996 3928 1334 3985 dimittantur
1361 3947 1419 3987 se
1446 3932 1628 3989 debita
1658 3950 1764 3991 non
1793 3935 2033 3993 habere?

631 4019 915 4090 iiucusque
941 4018 1010 4075 de
1039 4020 1145 4076 ﬁde
1166 4023 1398 4092 capitula
1422 4035 1609 4082 contra
1634 4024 1968 4100 Pelagianos.
1999 4028 2152 4086 Nunc

555 4111 756 4180 regula:
784 4120 1081 4169 tractantur
1108 4116 1502 4173 ecclesiastica.

559 4201 652 4256 ix.
691 4202 756 4257 Ut
780 4206 833 4257 in
853 4221 1139 4284 communes
1161 4226 1342 4284 causas
1361 4209 1604 4267 Ecclesia:
1623 4217 1856 4284 generale
1873 4218 2151 4273 concilium

628 4278 930 4359 congregari
956 4288 1197 4359 oporteat_
1215 4298 1233 4334 :
1264 4281 1316 4359 in
1346 4285 1552 4350 privatis
1581 4278 1698 4340 υένο
1729 4288 1899 4343 causis
1927 4291 2151 4359 speciale

630 4350 1027 4417 uniuscujusque
1056 4352 1348 4419 provinciw.

634 4434 762 4491 item
798 4439 1039 4507 primitus
1085 4440 1305 4509 placuit,
1332 4452 1386 4498 ut
1418 4460 1522 4500 non
1572 4446 1641 4501 sit
1689 4448 1826 4503 ultra
1864 4449 2149 4523 l'atigandis

2327 1847 2552 1891 sumant.

2332 1927 2645 1986 Valentinus
2674 1934 2961 2004 episcopus
2990 1935 3127 1992 dixit
3159 1954 3172 1991 :
3228 1938 3283 1994 Si
3337 1941 3608 2011 permittit
3654 1943 3849 2001 bonum

2260 2022 2533 2092 patientia:
2555 2034 2770 2092 vestrae,
2806 2042 3100 2099 prosequor
3139 2045 3205 2087 ea
3230 2048 3349 2101 qua:
3379 2039 3693 2093 necessaria
3732 2051 3848 2096 suat

2260 2115 2647 2172 ecclesiasdca:
2671 2120 2800 2175 disci
2810 2121 2990 2189 plinas.
3017 2122 3229 2179 Scimus
3250 2127 3391 2181 enim
3416 2128 3467 2183 in
3500 2128 3600 2185 hac
3616 2131 3849 2189 Ecclesia

2258 2206 2677 2281 Carthaginensi
2720 2215 2975 2273 inviolate
3007 2232 3219 2288 semper
3267 2224 3632 2289 permansisse
3671 2228 3850 2284 eccle-

2257 2300 2530 2357 siasticam
2560 2303 2921 2377 disciplinam,
2958 2308 3029 2363 ita
3061 2320 3121 2366 ut
3169 2312 3348 2368 nullus
3385 2313 3612 2372 fratrum
3654 2322 3849 2389 priori-

2256 2393 2360 2450 bus
2381 2396 2493 2466 suis
2533 2412 2592 2453 se
2621 2398 2911 2471 aliquando
2939 2403 3162 2459 auderet
3206 2415 3555 2477 anteponere,
3601 2411 3700 2465 sed
3728 2412 3852 2466 ofﬂ-

2256 2488 2358 2543 ciis
2403 2489 2657 2560 legitimis
2722 2493 2777 2548 id
2825 2509 3039 2565 semper
3082 2498 3377 2556 exltibitum
3427 2512 3511 2558 est
3557 2505 3846 2574 prioribus,

2256 2581 2403 2651 quod
2435 2583 2503 2640 ab
2536 2585 2941 2665 insequentibus
2971 2592 3360 2649 rationabiliter
3397 2609 3616 2665 semper
3644 2600 3849 2669 accipe-

2259 2687 2408 2731 retur
2436 2695 2448 2729 :
2483 2674 2624 2734 hunc
2653 2680 2895 2737 ordinem
2920 2682 3113 2752 jubeat
3158 2688 3419 2743 sanctitas
3451 2699 3632 2746 vestra
3663 2692 3849 2749 melius

2257 2768 2455 2824 vestris
2494 2768 3001 2829 interlocutionibus
3032 2777 3296 2834 roborari.
3341 2781 3590 2838 Aurelius
3641 2786 3845 2856 episco-

2257 2873 2358 2929 pus
2383 2859 2526 2917 dixit
2560 2880 2572 2916 :
2620 2862 2739 2919 Non
2770 2864 3025 2922 decuerat
3062 2870 3276 2939 quidem
3309 2881 3365 2927 ut
3415 2873 3529 2928 hinc
3577 2888 3845 2947 repetere-

2258 2967 2401 3021 mus,
2474 2954 2575 3011 nisi
2635 2957 2772 3014 lorte
2824 2959 3119 3016 existerent
3174 2962 3583 3022 inconsiderata:
3645 2981 3845 3026 mentes

2257 3046 2612 3113 quorumdam
2643 3062 2764 3118 quae
2799 3049 2866 3105 ad
2908 3050 3023 3106 haec
3050 3054 3333 3109 statuenda
3365 3069 3575 3112 nostros
3599 3074 3846 3116 acuerent

2178 3146 2230 3215 ο
2256 3149 2481 3199 sensus:
2514 3140 2608 3195 sed
2639 3143 2941 3198 communis
2968 3144 3082 3199 haec
3121 3161 3281 3201 causa
3323 3158 3405 3204 est
3426 3165 3585 3219 quam
3619 3153 3847 3207 insinua-

2255 3230 2327 3285 vit
2357 3230 2526 3287 frater
2551 3242 2607 3290 et
2648 3236 3000 3307 coepiscopus
3030 3236 3173 3311 [/E.,
3210 3239 3271 3296 Β.
3302 3241 3390 3311 R.,
3425 3241 3516 3310 U.,
3572 3260 3847 3304 consacer-

2252 3324 2374 3397 dos]
2407 3340 2612 3396 noster,
2658 3339 2716 3385 ut
2756 3336 3124 3405 unusquisque
3156 3349 3398 3393 nostrum
3431 3341 3534 3395 sibi
3565 3341 3835 3399 decretum

2252 3418 2388 3475 adeo
2417 3430 2729 3491 cognoscat,
2758 3433 2815 3477 ut
2845 3426 3173 3494 posteriores
3200 3430 3563 3486 anterioribus
3607 3432 3846 3489 deferant

2252 3526 2353 3568 nec
2377 3513 2689 3568 inconsultis
2729 3515 3043 3585 primatibus
3077 3518 3277 3590 aliquid
3307 3535 3467 3591 agere
3498 3533 3844 3592 praisumant.

2251 3606 2368 3674 Qua
2394 3606 2460 3664 de
2508 3623 2567 3664 re
2595 3616 2810 3681 Oportet
2846 3614 3005 3684 186
3032 3627 3127 3669 eos
3158 3616 3248 3684 qui
3304 3618 3608 3686 putaverint
3661 3618 3849 3690 spretis

2262 3704 2556 3773 majoribus
2585 3706 2789 3778 aliquid
2830 3712 3282 3781 praesumendum,
3332 3724 3707 3784 competenter
3735 3731 3848 3771 esse

2251 3796 2320 3850 ab
2351 3797 2495 3852 omni
2519 3799 2751 3854 concilio
2783 3803 3134 3859 coercendos.
3155 3803 3403 3862 Universi
3432 3807 3675 3877 episcOpi
3694 3807 3845 3863 dixe-

2253 3898 2380 3944 runt
2415 3908 2427 3943 :
2470 3891 2571 3947 Hic
2601 3892 2736 3949 ordo
2774 3905 2825 3950 et
2856 3912 2887 3951 a
2917 3898 3157 3966 patribus
3183 3908 3238 3955 et
3265 3914 3295 3955 a
3345 3900 3641 3969 majoribus
3670 3916 3845 3957 serva-

2254 3991 2338 4035 tus
2366 3993 2470 4049 est,
2506 3994 2560 4040 et
2579 4000 2611 4039 a
2640 3986 2795 4042 nobis
2818 3987 2929 4044 Deo
2953 3992 3184 4061 propitio
3205 3994 3530 4050 servabitur.

2251 4072 2393 4131 XIV.
2438 4075 2506 4132 Ut
2534 4080 2759 4149 episcopi
2788 4097 2882 4149 pro
2929 4092 3152 4154 tempore
3189 4086 3589 4141 consecrationis
3624 4100 3735 4141 suis
3768 4087 3847 4141 lit-

2579 4161 2714 4205 teras
2761 4154 2824 4206 ab
2867 4154 3250 4211 ordinatoribus
3291 4158 3527 4213 habeant.

2326 4239 2532 4297 Deinde
2558 4243 2778 4313 placuit,
2812 4255 2871 4301 ut
2899 4247 3207 4319 quicunque
3235 4249 3492 4321 deinceps
3530 4251 3848 4314 ordinantur

2252 4331 2461 4389 litteras
2490 4336 2758 4406 accipiant
2783 4340 2850 4393 ab
2879 4340 3280 4400 ordinatoribus
3309 4346 3425 4401 suis
3465 4361 3630 4402 manu
3664 4364 3849 4409 eorum

2251 4427 2605 4499 subscriptas,
2637 4432 2975 4489 continentes
3004 4436 3281 4492 consulem
3309 4448 3363 4494 et
3391 4440 3555 4509 diem,
3603 4449 3667 4496 ut
3702 4444 3846 4498 nulla

560 4525 813 4583 fratribus
838 4530 1199 4587 anniversaria
1222 4537 1537 4602 necessitas,
1563 4536 1656 4592 sed
1680 4540 1891 4608 quoties
1914 4518 2149 4611 exegerit

2261 4518 2533 4576 altercatio
2559 4522 2627 4576 de
2670 4524 3058 4592 posterioribus
3086 4527 3171 4583 vel
3211 4530 3573 4588 anterioribus
3619 4533 3844 4591 oriatur.

562 4632 722 4675 causa
741 4624 1065 4691 communis,
1100 4625 1152 4680 id
1182 4636 1263 4682 est
1314 4629 1471 4701 185
1519 4630 1678 4687 totius
1722 4633 1937 4700 Alricar,
1983 4636 2150 4692 unde-

566 4725 778 4783 cunque
825 4715 891 4769 ad
924 4715 1061 4773 hanc
1111 4718 1294 4775 sedem
1345 4737 1440 4791 pro
1486 4723 1713 4780 concilio
1765 4726 1906 4783 data:
1957 4728 2151 4786 litterae

562 4804 785 4873 fuerint,
806 4803 808 4806 ’
830 4809 1260 4881 congregandam
1292 4827 1411 4870 esse
1452 4815 1719 4887 synodum
1750 4818 1803 4874 in
1835 4835 1895 4875 ea
1928 4821 2150 4889 provin-

557 4898 643 4953 cia
685 4899 772 4955 ubi
803 4905 1174 4971 opportunitas
1204 4909 1528 4975 persuaserit
1555 4927 1568 4963 :
1599 4925 1776 4967 causa:
1824 4924 2000 4970 autem
2031 4930 2151 4986 qua:
2182 4940 2185 4943 ν

558 5004 877 5050 communes
900 5009 1006 5051 non
1039 5006 1165 5051 sunt
1190 4998 1242 5051 in
1267 4999 1381 5053 suis
1412 5002 1702 5070 provinciis
1724 5003 2052 5075 judicentur.

555 5081 625 5139 Χ.
670 5083 738 5140 Ut
766 5086 1006 5170 epistolas
1043 5088 1114 5142 ad
1142 5090 1414 5170 concilium
1459 5096 1808 5170 devocandum
1850 5099 2149 5170 metropoli-

948 5168 1100 5214 tanus
1147 5162 1427 5218 subscribat
1456 5175 1502 5219 et
1540 5167 1751 5238 dirigat.

630 5248 834 5306 Placuit
857 5250 1019 5308 etiam
1043 5254 1212 5324 petitu
1235 5258 1471 5313 omnium
1514 5259 1914 5331 episcoporum,
1946 5274 2001 5319 ut
2032 5265 2146 5335 epi-

556 5344 709 5401 stolis
737 5346 989 5405 omnibus
1017 5346 1086 5404 de
1119 5349 1348 5407 concilio
1376 5349 1568 5409 dandis
1611 5355 1868 5411 sanctitas
1903 5364 1990 5412 tua
2030 5357 2143 5413 sola

563 5435 887 5495 subserihat.
928 5478 935 5484 η

560 5521 654 5583 χι.
701 5529 767 5585 Ut
791 5534 855 5587 de
878 5533 1131 5611 hiereticis
1157 5536 1236 5593 vel
1264 5538 1559 5607 inﬁdelibus
1582 5541 1831 5611 quidquid
1855 5542 1908 5598 in
1931 5542 2147 5599 concilio

844 5609 1171 5663 constituitur
1209 5626 1243 5662 a
1270 5612 1499 5683 principe
1541 5609 1858 5682 intpetretur.

630 5690 856 5762 Placuit,
884 5704 946 5752 ut
979 5709 1033 5755 et
1057 5699 1188 5757 illud
1214 5700 1471 5760 adversus
1500 5703 1780 5761 haereticos
1823 5713 1881 5762 et
1905 5704 2147 5777 Pagauos

2328 4631 2443 4688 XV.
2490 4632 2557 4689 Ut
2599 4633 2687 4689 ubi
2724 4637 2839 4707 quis
2880 4638 3101 4764 primum
3139 4641 3341 4714 legerit,
3388 4645 3456 4697 ibi
3485 4654 3783 4715 permaneat

2940 4727 2967 4763 c
2991 4728 3179 4764 encas.

2940 4727 3179 4767 ctertcus.

2325 4794 2455 4851 item
2496 4796 2714 4869 placuit,
2749 4809 2808 4856 ut
2830 4801 3135 4872 quicunque
3166 4804 3219 4859 in
3244 4803 3473 4860 ecclesia
3503 4805 3737 4876 primum
3764 4805 3849 4862 vel

2255 4888 2665 4961 semel-legerit
2716 4892 2785 4948 ab
2824 4892 2929 4948 alia
2984 4894 3212 4953 ecclesia
3257 4896 3324 4951 ad
3380 4897 3695 4954 clericatum
3742 4911 3851 4953 non

2256 4988 2521 5036 teneatur.

2250 5070 2390 5130 XVI.
2435 5072 2503 5129 Ut
2531 5092 2627 5146 pro
2653 5078 2821 5133 causis
2852 5080 3185 5135 ecclesiarum
3214 5078 3531 5137 eisecutores
3571 5082 3655 5137 vel
3684 5082 3849 5137 adeo-

2655 5149 2757 5202 cati
2788 5167 2818 5203 a
2845 5153 3075 5223 principe
3114 5152 3454 5224 postulentur.

2323 5239 2534 5296 Placuit
2560 5250 2847 5311 praeterea,
2876 5252 2936 5299 ut
2960 5254 3306 5301 exsecutores
3345 5246 3401 5300 in
3434 5245 3686 5301 omnibus
3705 5246 3849 5303 daein

2249 5330 2412 5388 deriis
2442 5349 2561 5402 qua:
2584 5334 2748 5390 habet
2769 5334 3002 5392 ecclesia
3030 5337 3098 5393 ab
3129 5338 3452 5409 imperatore
3482 5338 3848 5409 postulentur,

2249 5425 2341 5497 qui
2365 5426 2590 5499 singulis
2618 5413 2865 5484 ecclesiis
2893 5428 3288 5501 impertiantur.
3321 5430 3530 5487 Placuit
3569 5431 3756 5500 etiam,
3790 5440 3850 5488 ut

2251 5530 2463 5590 petatur
2491 5535 2522 5576 a
2549 5521 2947 5593 gloriosissimis
2971 5524 3383 5594 imperatoribus
3412 5533 3472 5581 ut
3497 5525 3726 5596 jubeant
3748 5526 3851 5596 ju-

2250 5611 2459 5670 dicibus
2490 5614 2618 5671 dare
2649 5617 2846 5685 petitos
2874 5615 2978 5670 sibi
3002 5617 3314 5674 defensores
3343 5617 3726 5690 scholasticos,
3754 5622 3846 5693 qui

2250 5705 2306 5762 in
2335 5716 2460 5763 actu
2494 5708 2601 5764 sint
2622 5708 2712 5765 vel
2738 5706 2794 5766 in
2821 5705 3001 5767 ofﬁcio
3038 5708 3412 5768 defensionum
3442 5726 3728 5771 causarum
3753 5727 3847 5769 cc-

636 5834 663 5864 ι
696 5826 780 5882 Ea:
804 5830 1013 5902 reliquis
1032 5835 1290 5893 codicibus
1300 5848 1481 5909 prater
1496 5840 1543 5900 A
1580 5839 1742 5911 inquo
1756 5839 1941 5900 desunt
1960 5844 2109 5904 verba
2126 5860 2148 5905 :
2184 5849 2239 5906 in
2265 5847 2516 5907 oratione.
