  <div class='ocr_page' id='page_1' title='image "/cluster/home/n/w/nwhite01/storage/ocr_20150623/84/hvd.32044015547136/122.png"; bbox 0 0 4024 6350; ppageno 0'>
   <div class='ocr_carea' id='block_1_1' title="bbox 194 335 299 396">
    <p class='ocr_par' dir='ltr' id='par_1_1' title="bbox 194 335 299 396">
     <span class='ocr_line' id='line_1_1' title="bbox 194 335 299 396; baseline 0.019 -4"><span class='ocrx_word' id='word_1_1' title='bbox 194 335 299 396; x_wconf 63' lang='grc' dir='ltr'>ω</span> 
     </span>
    </p>
   </div>
   <div class='ocr_carea' id='block_1_2' title="bbox 1163 323 2466 405">
    <p class='ocr_par' dir='ltr' id='par_1_2' title="bbox 1163 323 2466 405">
     <span class='ocr_line' id='line_1_2' title="bbox 1163 323 2466 405; baseline 0.001 -5"><span class='ocrx_word' id='word_1_2' title='bbox 1163 338 1442 401; x_wconf 65' lang='lat' dir='ltr'><strong>armum</strong></span> <span class='ocrx_word' id='word_1_3' title='bbox 1479 323 1929 399; x_wconf 48' lang='lat' dir='ltr'><strong>CONCILIAC—</strong></span> <span class='ocrx_word' id='word_1_4' title='bbox 1965 340 2466 405; x_wconf 80' lang='lat' dir='ltr'><strong>MILEVI&#39;I‘ANUM.</strong></span> 
     </span>
    </p>
   </div>
   <div class='ocr_carea' id='block_1_3' title="bbox 3373 360 3479 417">
    <p class='ocr_par' dir='ltr' id='par_1_3' title="bbox 3373 360 3479 417">
     <span class='ocr_line' id='line_1_3' title="bbox 3373 360 3479 417; baseline -0.009 0"><span class='ocrx_word' id='word_1_5' title='bbox 3373 360 3479 417; x_wconf 72' lang='grc'><strong>254</strong></span> 
     </span>
    </p>
   </div>
   <div class='ocr_carea' id='block_1_4' title="bbox 195 447 3477 554">
    <p class='ocr_par' dir='ltr' id='par_1_4' title="bbox 195 447 3477 554">
     <span class='ocr_line' id='line_1_4' title="bbox 195 447 3477 554; baseline 0.011 -50"><span class='ocrx_word' id='word_1_6' title='bbox 195 447 644 520; x_wconf 83' lang='lat' dir='ltr'><strong>clesiasticarum,</strong></span> <span class='ocrx_word' id='word_1_7' title='bbox 676 458 736 510; x_wconf 84' lang='lat' dir='ltr'><strong>ut</strong></span> <span class='ocrx_word' id='word_1_8' title='bbox 762 466 915 512; x_wconf 91' lang='lat' dir='ltr'><strong>more</strong></span> <span class='ocrx_word' id='word_1_9' title='bbox 942 458 1281 515; x_wconf 75' lang='lat' dir='ltr'><strong>sacerdotum</strong></span> <span class='ocrx_word' id='word_1_10' title='bbox 1320 460 1610 531; x_wconf 79' lang='lat' dir='ltr'><strong>provinciae</strong></span> <span class='ocrx_word' id='word_1_11' title='bbox 1640 462 1784 519; x_wconf 90' lang='lat' dir='ltr'><strong>idem</strong></span> <span class='ocrx_word' id='word_1_12' title='bbox 1809 460 1864 522; x_wconf 85' lang='grc' dir='ltr'><strong>Δ</strong></span> <span class='ocrx_word' id='word_1_13' title='bbox 1890 467 1995 525; x_wconf 89' lang='lat' dir='ltr'><strong>tur,</strong></span> <span class='ocrx_word' id='word_1_14' title='bbox 2024 462 2143 519; x_wconf 84' lang='lat' dir='ltr'><strong>sive</strong></span> <span class='ocrx_word' id='word_1_15' title='bbox 2183 480 2320 535; x_wconf 89' lang='lat' dir='ltr'><strong>quos</strong></span> <span class='ocrx_word' id='word_1_16' title='bbox 2366 467 2446 523; x_wconf 93' lang='lat' dir='ltr'><strong>eis</strong></span> <span class='ocrx_word' id='word_1_17' title='bbox 2491 465 2751 537; x_wconf 78' lang='lat' dir='ltr'><strong>primatus</strong></span> <span class='ocrx_word' id='word_1_18' title='bbox 2777 467 3010 541; x_wconf 76' lang='lat' dir='ltr'><strong>dederit,</strong></span> <span class='ocrx_word' id='word_1_19' title='bbox 3052 473 3174 530; x_wconf 89' lang='lat' dir='ltr'><strong>sive</strong></span> <span class='ocrx_word' id='word_1_20' title='bbox 3201 490 3339 549; x_wconf 80' lang='lat' dir='ltr'><strong>quos</strong></span> <span class='ocrx_word' id='word_1_21' title='bbox 3368 473 3477 554; x_wconf 83' lang='lat' dir='ltr'><strong>ipsi</strong></span> 
     </span>
    </p>
   </div>
   <div class='ocr_carea' id='block_1_5' title="bbox 195 544 1783 626">
    <p class='ocr_par' dir='ltr' id='par_1_5' title="bbox 195 544 1783 626">
     <span class='ocr_line' id='line_1_5' title="bbox 195 544 1783 626; baseline 0.007 -25"><span class='ocrx_word' id='word_1_22' title='bbox 195 545 288 612; x_wconf 73' lang='grc' dir='ltr'><strong>ἱνδί</strong></span> <span class='ocrx_word' id='word_1_23' title='bbox 331 546 420 615; x_wconf 88' lang='lat' dir='ltr'><strong>qui</strong></span> <span class='ocrx_word' id='word_1_24' title='bbox 473 544 844 605; x_wconf 80' lang='lat' dir='ltr'><strong>defensionem</strong></span> <span class='ocrx_word' id='word_1_25' title='bbox 901 550 1253 609; x_wconf 84' lang='lat' dir='ltr'><strong>ecclesiarum</strong></span> <span class='ocrx_word' id='word_1_26' title='bbox 1300 555 1641 626; x_wconf 90' lang='lat' dir='ltr'><strong>susceperint</strong></span> <span class='ocrx_word' id='word_1_27' title='bbox 1686 555 1783 612; x_wconf 87' lang='lat' dir='ltr'><strong>ha-</strong></span> 
     </span>
    </p>
   </div>
   <div class='ocr_carea' id='block_1_6' title="bbox 193 637 1782 718">
    <p class='ocr_par' dir='ltr' id='par_1_6' title="bbox 193 637 1782 718">
     <span class='ocr_line' id='line_1_6' title="bbox 193 637 1782 718; baseline 0.008 -25"><span class='ocrx_word' id='word_1_28' title='bbox 193 637 345 696; x_wconf 68' lang='lat' dir='ltr'><strong>beant</strong></span> <span class='ocrx_word' id='word_1_29' title='bbox 395 637 704 695; x_wconf 74' lang='lat' dir='ltr'><strong>facultatem</strong></span> <span class='ocrx_word' id='word_1_30' title='bbox 746 656 842 711; x_wconf 89' lang='lat' dir='ltr'><strong>pro</strong></span> <span class='ocrx_word' id='word_1_31' title='bbox 895 644 1125 713; x_wconf 86' lang='lat' dir='ltr'><strong>negotiis</strong></span> <span class='ocrx_word' id='word_1_32' title='bbox 1164 646 1537 713; x_wconf 83' lang='lat' dir='ltr'><strong>ecclesiarum,</strong></span> <span class='ocrx_word' id='word_1_33' title='bbox 1568 648 1782 718; x_wconf 87' lang='lat' dir='ltr'><strong>quoties</strong></span> 
     </span>
    </p>
   </div>
   <div class='ocr_carea' id='block_1_7' title="bbox 192 730 1783 811">
    <p class='ocr_par' dir='ltr' id='par_1_7' title="bbox 192 730 1783 811">
     <span class='ocr_line' id='line_1_7' title="bbox 192 730 1783 811; baseline 0.008 -25"><span class='ocrx_word' id='word_1_34' title='bbox 192 730 479 787; x_wconf 78' lang='lat' dir='ltr'><strong>necessitas</strong></span> <span class='ocrx_word' id='word_1_35' title='bbox 506 730 827 802; x_wconf 80' lang='lat' dir='ltr'><strong>ﬂagitaverit</strong></span> <span class='ocrx_word' id='word_1_36' title='bbox 854 735 937 791; x_wconf 92' lang='lat' dir='ltr'><strong>vel</strong></span> <span class='ocrx_word' id='word_1_37' title='bbox 969 736 1037 792; x_wconf 91' lang='lat' dir='ltr'><strong>ad</strong></span> <span class='ocrx_word' id='word_1_38' title='bbox 1073 738 1442 795; x_wconf 90' lang='lat' dir='ltr'><strong>obsistendum</strong></span> <span class='ocrx_word' id='word_1_39' title='bbox 1472 740 1783 811; x_wconf 85' lang='lat' dir='ltr'><strong>obrepenti-</strong></span> 
     </span>
    </p>
   </div>
   <div class='ocr_carea' id='block_1_8' title="bbox 189 824 1779 905">
    <p class='ocr_par' dir='ltr' id='par_1_8' title="bbox 189 824 1779 905">
     <span class='ocr_line' id='line_1_8' title="bbox 189 824 1779 905; baseline 0.009 -27"><span class='ocrx_word' id='word_1_40' title='bbox 189 824 304 889; x_wconf 90' lang='lat' dir='ltr'><strong>bus,</strong></span> <span class='ocrx_word' id='word_1_41' title='bbox 332 825 418 880; x_wconf 87' lang='lat' dir='ltr'><strong>vel</strong></span> <span class='ocrx_word' id='word_1_42' title='bbox 450 825 518 881; x_wconf 83' lang='lat' dir='ltr'><strong>ad</strong></span> <span class='ocrx_word' id='word_1_43' title='bbox 548 828 852 885; x_wconf 90' lang='lat' dir='ltr'><strong>necessaria</strong></span> <span class='ocrx_word' id='word_1_44' title='bbox 880 831 1239 902; x_wconf 88' lang='lat' dir='ltr'><strong>suggerenda,</strong></span> <span class='ocrx_word' id='word_1_45' title='bbox 1286 832 1499 904; x_wconf 89' lang='lat' dir='ltr'><strong>ingredi</strong></span> <span class='ocrx_word' id='word_1_46' title='bbox 1536 833 1779 905; x_wconf 86' lang='lat' dir='ltr'><strong>iudicum</strong></span> 
     </span>
    </p>
   </div>
   <div class='ocr_carea' id='block_1_9' title="bbox 186 920 505 975">
    <p class='ocr_par' dir='ltr' id='par_1_9' title="bbox 186 920 505 975">
     <span class='ocr_line' id='line_1_9' title="bbox 186 920 505 975; baseline 0.006 -2"><span class='ocrx_word' id='word_1_47' title='bbox 186 920 505 975; x_wconf 85' lang='lat' dir='ltr'><strong>secretaria.</strong></span> 
     </span>
    </p>
   </div>
   <div class='ocr_carea' id='block_1_10' title="bbox 187 1031 1780 1165">
    <p class='ocr_par' dir='ltr' id='par_1_10' title="bbox 187 1031 1780 1165">
     <span class='ocr_line' id='line_1_10' title="bbox 187 1031 1780 1165; baseline 0.006 -75"><span class='ocrx_word' id='word_1_48' title='bbox 187 1031 344 1091; x_wconf 79' lang='lat' dir='ltr'><strong>XVII.</strong></span> <span class='ocrx_word' id='word_1_49' title='bbox 393 1034 465 1092; x_wconf 87' lang='lat' dir='ltr'><strong>Ut</strong></span> <span class='ocrx_word' id='word_1_50' title='bbox 488 1052 648 1108; x_wconf 81' lang='lat' dir='ltr'><strong>neque</strong></span> <span class='ocrx_word' id='word_1_51' title='bbox 676 1038 911 1095; x_wconf 80' lang='lat' dir='ltr'><strong>dimissus</strong></span> <span class='ocrx_word' id='word_1_52' title='bbox 938 1057 1101 1165; x_wconf 50' lang='lat' dir='ltr'><strong>mirque</strong></span> <span class='ocrx_word' id='word_1_53' title='bbox 1128 1041 1341 1097; x_wconf 86' lang='lat' dir='ltr'><strong>dimissa</strong></span> <span class='ocrx_word' id='word_1_54' title='bbox 1364 1041 1522 1099; x_wconf 87' lang='lat' dir='ltr'><strong>alteri</strong></span> <span class='ocrx_word' id='word_1_55' title='bbox 1561 1045 1780 1113; x_wconf 80' lang='lat' dir='ltr'><strong>coniun-</strong></span> 
     </span>
     <span class='ocr_line' id='line_1_11' title="bbox 876 1128 1085 1165; baseline 0 0"><span class='ocrx_word' id='word_1_56' title='bbox 876 1128 975 1165; x_wconf 85' lang='lat' dir='ltr'><strong>aan</strong></span> <span class='ocrx_word' id='word_1_57' title='bbox 1003 1129 1085 1165; x_wconf 89' lang='lat' dir='ltr'><strong>ur.</strong></span> 
     </span>
    </p>
   </div>
   <div class='ocr_carea' id='block_1_11' title="bbox 874 1128 1085 1183">
    <p class='ocr_par' dir='ltr' id='par_1_11' title="bbox 874 1128 1085 1183">
     <span class='ocr_line' id='line_1_12' title="bbox 874 1128 1085 1183; baseline 0.014 -18"><span class='ocrx_word' id='word_1_58' title='bbox 874 1128 1085 1183; x_wconf 84' lang='lat' dir='ltr'><strong>gantur.</strong></span> 
     </span>
    </p>
   </div>
   <div class='ocr_carea' id='block_1_12' title="bbox 255 1196 1779 1282">
    <p class='ocr_par' dir='ltr' id='par_1_12' title="bbox 255 1196 1779 1282">
     <span class='ocr_line' id='line_1_13' title="bbox 255 1196 1779 1282; baseline 0.009 -27"><span class='ocrx_word' id='word_1_59' title='bbox 255 1196 467 1258; x_wconf 85' lang='lat' dir='ltr'><strong>Placuit</strong></span> <span class='ocrx_word' id='word_1_60' title='bbox 493 1218 707 1276; x_wconf 90' lang='lat' dir='ltr'><strong>quoque</strong></span> <span class='ocrx_word' id='word_1_61' title='bbox 747 1206 1045 1263; x_wconf 90' lang='lat' dir='ltr'><strong>secundum</strong></span> <span class='ocrx_word' id='word_1_62' title='bbox 1086 1208 1449 1279; x_wconf 89' lang='lat' dir='ltr'><strong>evangelicam</strong></span> <span class='ocrx_word' id='word_1_63' title='bbox 1480 1218 1536 1267; x_wconf 92' lang='lat' dir='ltr'><strong>et</strong></span> <span class='ocrx_word' id='word_1_64' title='bbox 1562 1222 1779 1282; x_wconf 89' lang='lat' dir='ltr'><strong>aposto-</strong></span> 
     </span>
    </p>
   </div>
   <div class='ocr_carea' id='block_1_13' title="bbox 184 1289 1776 1373">
    <p class='ocr_par' dir='ltr' id='par_1_13' title="bbox 184 1289 1776 1373">
     <span class='ocr_line' id='line_1_14' title="bbox 184 1289 1776 1373; baseline 0.009 -26"><span class='ocrx_word' id='word_1_65' title='bbox 184 1289 334 1349; x_wconf 83' lang='lat' dir='ltr'><strong>licam</strong></span> <span class='ocrx_word' id='word_1_66' title='bbox 378 1295 741 1367; x_wconf 89' lang='lat' dir='ltr'><strong>disciplinam,</strong></span> <span class='ocrx_word' id='word_1_67' title='bbox 789 1306 847 1355; x_wconf 88' lang='lat' dir='ltr'><strong>ul.</strong></span> <span class='ocrx_word' id='word_1_68' title='bbox 882 1315 1056 1370; x_wconf 89' lang='lat' dir='ltr'><strong>neque</strong></span> <span class='ocrx_word' id='word_1_69' title='bbox 1079 1300 1333 1357; x_wconf 86' lang='lat' dir='ltr'><strong>dimissus</strong></span> <span class='ocrx_word' id='word_1_70' title='bbox 1362 1302 1431 1359; x_wconf 91' lang='lat' dir='ltr'><strong>ab</strong></span> <span class='ocrx_word' id='word_1_71' title='bbox 1457 1318 1648 1373; x_wconf 81' lang='lat' dir='ltr'><strong>uxore,</strong></span> <span class='ocrx_word' id='word_1_72' title='bbox 1680 1320 1776 1362; x_wconf 77' lang='lat' dir='ltr'><strong>tte-</strong></span> 
     </span>
    </p>
   </div>
   <div class='ocr_carea' id='block_1_14' title="bbox 185 1390 1778 1472">
    <p class='ocr_par' dir='ltr' id='par_1_14' title="bbox 185 1390 1778 1472">
     <span class='ocr_line' id='line_1_15' title="bbox 185 1390 1778 1472; baseline 0.009 -28"><span class='ocrx_word' id='word_1_73' title='bbox 185 1403 284 1460; x_wconf 89' lang='lat' dir='ltr'><strong>que</strong></span> <span class='ocrx_word' id='word_1_74' title='bbox 297 1390 525 1448; x_wconf 88' lang='lat' dir='ltr'><strong>dimissa</strong></span> <span class='ocrx_word' id='word_1_75' title='bbox 548 1410 576 1447; x_wconf 89' lang='lat' dir='ltr'><strong>a</strong></span> <span class='ocrx_word' id='word_1_76' title='bbox 605 1397 821 1464; x_wconf 88' lang='lat' dir='ltr'><strong>marito,</strong></span> <span class='ocrx_word' id='word_1_77' title='bbox 852 1397 1008 1453; x_wconf 84' lang='lat' dir='ltr'><strong>alteri</strong></span> <span class='ocrx_word' id='word_1_78' title='bbox 1034 1398 1408 1472; x_wconf 78' lang='lat' dir='ltr'><strong>coniungatur,</strong></span> <span class='ocrx_word' id='word_1_79' title='bbox 1436 1402 1531 1457; x_wconf 90' lang='lat' dir='ltr'><strong>sed</strong></span> <span class='ocrx_word' id='word_1_80' title='bbox 1560 1401 1635 1457; x_wconf 90' lang='lat' dir='ltr'><strong>ita</strong></span> <span class='ocrx_word' id='word_1_81' title='bbox 1664 1417 1778 1459; x_wconf 85' lang='lat' dir='ltr'><strong>ma-</strong></span> 
     </span>
    </p>
   </div>
   <div class='ocr_carea' id='block_1_15' title="bbox 184 1488 1779 1559">
    <p class='ocr_par' dir='ltr' id='par_1_15' title="bbox 184 1488 1779 1559">
     <span class='ocr_line' id='line_1_16' title="bbox 184 1488 1779 1559; baseline 0.008 -20"><span class='ocrx_word' id='word_1_82' title='bbox 184 1498 359 1554; x_wconf 87' lang='lat' dir='ltr'><strong>neant,</strong></span> <span class='ocrx_word' id='word_1_83' title='bbox 398 1495 491 1542; x_wconf 90' lang='lat' dir='ltr'><strong>aut</strong></span> <span class='ocrx_word' id='word_1_84' title='bbox 512 1488 731 1545; x_wconf 85' lang='lat' dir='ltr'><strong>sibimet</strong></span> <span class='ocrx_word' id='word_1_85' title='bbox 757 1491 1196 1547; x_wconf 85' lang='lat' dir='ltr'><strong>reconcilientur.</strong></span> <span class='ocrx_word' id='word_1_86' title='bbox 1244 1492 1400 1559; x_wconf 88' lang='lat' dir='ltr'><strong>Quod</strong></span> <span class='ocrx_word' id='word_1_87' title='bbox 1442 1494 1487 1549; x_wconf 90' lang='lat' dir='ltr'><strong>si</strong></span> <span class='ocrx_word' id='word_1_88' title='bbox 1535 1507 1779 1551; x_wconf 88' lang='lat' dir='ltr'><strong>contem-</strong></span> 
     </span>
    </p>
   </div>
   <div class='ocr_carea' id='block_1_16' title="bbox 184 1580 1777 1658">
    <p class='ocr_par' dir='ltr' id='par_1_16' title="bbox 184 1580 1777 1658">
     <span class='ocr_line' id='line_1_17' title="bbox 184 1580 1777 1658; baseline 0.009 -26"><span class='ocrx_word' id='word_1_89' title='bbox 184 1580 407 1648; x_wconf 87' lang='lat' dir='ltr'><strong>pserint,</strong></span> <span class='ocrx_word' id='word_1_90' title='bbox 430 1580 497 1635; x_wconf 89' lang='lat' dir='ltr'><strong>ad</strong></span> <span class='ocrx_word' id='word_1_91' title='bbox 536 1583 905 1652; x_wconf 74' lang='lat' dir='ltr'><strong>paenitentiam</strong></span> <span class='ocrx_word' id='word_1_92' title='bbox 965 1586 1296 1655; x_wconf 80' lang='lat' dir='ltr'><strong>redigantur,</strong></span> <span class='ocrx_word' id='word_1_93' title='bbox 1348 1587 1402 1642; x_wconf 92' lang='lat' dir='ltr'><strong>in</strong></span> <span class='ocrx_word' id='word_1_94' title='bbox 1454 1602 1559 1658; x_wconf 90' lang='lat' dir='ltr'><strong>qua</strong></span> <span class='ocrx_word' id='word_1_95' title='bbox 1615 1603 1777 1647; x_wconf 86' lang='lat' dir='ltr'><strong>causa</strong></span> 
     </span>
    </p>
   </div>
   <div class='ocr_carea' id='block_1_17' title="bbox 183 1667 1419 1750">
    <p class='ocr_par' dir='ltr' id='par_1_17' title="bbox 183 1667 1419 1750">
     <span class='ocr_line' id='line_1_18' title="bbox 183 1667 1419 1750; baseline 0.008 -26"><span class='ocrx_word' id='word_1_96' title='bbox 183 1667 353 1739; x_wconf 83' lang='lat' dir='ltr'><strong>legem</strong></span> <span class='ocrx_word' id='word_1_97' title='bbox 385 1671 725 1744; x_wconf 88' lang='lat' dir='ltr'><strong>imperialem</strong></span> <span class='ocrx_word' id='word_1_98' title='bbox 755 1678 1042 1748; x_wconf 84' lang='lat' dir='ltr'><strong>petendam</strong></span> <span class='ocrx_word' id='word_1_99' title='bbox 1067 1679 1419 1750; x_wconf 80' lang='lat' dir='ltr'><strong>promulgari.</strong></span> 
     </span>
    </p>
   </div>
   <div class='ocr_carea' id='block_1_18' title="bbox 179 1780 1774 1861">
    <p class='ocr_par' dir='ltr' id='par_1_18' title="bbox 179 1780 1774 1861">
     <span class='ocr_line' id='line_1_19' title="bbox 179 1780 1774 1861; baseline 0.008 -22"><span class='ocrx_word' id='word_1_100' title='bbox 179 1780 364 1842; x_wconf 75' lang='lat' dir='ltr'><strong>XVIII.</strong></span> <span class='ocrx_word' id='word_1_101' title='bbox 404 1785 487 1843; x_wconf 81' lang='lat' dir='ltr'><strong>De</strong></span> <span class='ocrx_word' id='word_1_102' title='bbox 514 1789 595 1843; x_wconf 74' lang='lat' dir='ltr'><strong>Itis</strong></span> <span class='ocrx_word' id='word_1_103' title='bbox 618 1791 707 1861; x_wconf 82' lang='lat' dir='ltr'><strong>qui</strong></span> <span class='ocrx_word' id='word_1_104' title='bbox 735 1790 789 1844; x_wconf 87' lang='lat' dir='ltr'><strong>in</strong></span> <span class='ocrx_word' id='word_1_105' title='bbox 819 1807 917 1846; x_wconf 88' lang='lat' dir='ltr'><strong>sua</strong></span> <span class='ocrx_word' id='word_1_106' title='bbox 953 1792 1215 1861; x_wconf 83' lang='lat' dir='ltr'><strong>provincia</strong></span> <span class='ocrx_word' id='word_1_107' title='bbox 1245 1809 1348 1848; x_wconf 81' lang='lat' dir='ltr'><strong>non</strong></span> <span class='ocrx_word' id='word_1_108' title='bbox 1396 1797 1774 1852; x_wconf 86' lang='lat' dir='ltr'><strong>communicant</strong></span> 
     </span>
    </p>
   </div>
   <div class='ocr_carea' id='block_1_19' title="bbox 640 1861 1307 1919">
    <p class='ocr_par' dir='ltr' id='par_1_19' title="bbox 640 1861 1307 1919">
     <span class='ocr_line' id='line_1_20' title="bbox 640 1861 1307 1919; baseline 0.003 -2"><span class='ocrx_word' id='word_1_109' title='bbox 640 1871 686 1917; x_wconf 84' lang='lat' dir='ltr'><strong>et</strong></span> <span class='ocrx_word' id='word_1_110' title='bbox 730 1861 856 1916; x_wconf 88' lang='lat' dir='ltr'><strong>alibi</strong></span> <span class='ocrx_word' id='word_1_111' title='bbox 909 1865 1307 1919; x_wconf 85' lang='lat' dir='ltr'><strong>communicant.</strong></span> 
     </span>
    </p>
   </div>
   <div class='ocr_carea' id='block_1_20' title="bbox 246 1951 1772 2032">
    <p class='ocr_par' dir='ltr' id='par_1_20' title="bbox 246 1951 1772 2032">
     <span class='ocr_line' id='line_1_21' title="bbox 246 1951 1772 2032; baseline 0.009 -25"><span class='ocrx_word' id='word_1_112' title='bbox 246 1951 477 2021; x_wconf 85' lang='lat' dir='ltr'><strong>Placuit,</strong></span> <span class='ocrx_word' id='word_1_113' title='bbox 508 1966 567 2012; x_wconf 94' lang='lat' dir='ltr'><strong>ut</strong></span> <span class='ocrx_word' id='word_1_114' title='bbox 606 1958 911 2030; x_wconf 86' lang='lat' dir='ltr'><strong>quicunque</strong></span> <span class='ocrx_word' id='word_1_115' title='bbox 940 1975 1048 2017; x_wconf 89' lang='lat' dir='ltr'><strong>non</strong></span> <span class='ocrx_word' id='word_1_116' title='bbox 1092 1961 1499 2018; x_wconf 89' lang='lat' dir='ltr'><strong>communicans</strong></span> <span class='ocrx_word' id='word_1_117' title='bbox 1548 1962 1602 2017; x_wconf 90' lang='lat' dir='ltr'><strong>in</strong></span> <span class='ocrx_word' id='word_1_118' title='bbox 1644 1977 1772 2032; x_wconf 75' lang='lat' dir='ltr'><strong>pro~</strong></span> 
     </span>
    </p>
   </div>
   <div class='ocr_carea' id='block_1_21' title="bbox 174 2044 1772 2121">
    <p class='ocr_par' dir='ltr' id='par_1_21' title="bbox 174 2044 1772 2121">
     <span class='ocr_line' id='line_1_22' title="bbox 174 2044 1772 2121; baseline 0.009 -24"><span class='ocrx_word' id='word_1_119' title='bbox 174 2044 290 2113; x_wconf 87' lang='lat' dir='ltr'><strong>pria</strong></span> <span class='ocrx_word' id='word_1_120' title='bbox 318 2048 591 2114; x_wconf 87' lang='lat' dir='ltr'><strong>provincia</strong></span> <span class='ocrx_word' id='word_1_121' title='bbox 625 2051 678 2105; x_wconf 89' lang='lat' dir='ltr'><strong>in</strong></span> <span class='ocrx_word' id='word_1_122' title='bbox 701 2051 823 2107; x_wconf 91' lang='lat' dir='ltr'><strong>aliis</strong></span> <span class='ocrx_word' id='word_1_123' title='bbox 853 2052 1142 2121; x_wconf 87' lang='lat' dir='ltr'><strong>provinciis</strong></span> <span class='ocrx_word' id='word_1_124' title='bbox 1172 2054 1256 2109; x_wconf 92' lang='lat' dir='ltr'><strong>vel</strong></span> <span class='ocrx_word' id='word_1_125' title='bbox 1298 2053 1351 2108; x_wconf 90' lang='lat' dir='ltr'><strong>in</strong></span> <span class='ocrx_word' id='word_1_126' title='bbox 1395 2054 1772 2112; x_wconf 80' lang='lat' dir='ltr'><strong>transmarinis</strong></span> 
     </span>
    </p>
   </div>
   <div class='ocr_carea' id='block_1_22' title="bbox 170 2137 1771 2217">
    <p class='ocr_par' dir='ltr' id='par_1_22' title="bbox 170 2137 1771 2217">
     <span class='ocr_line' id='line_1_23' title="bbox 170 2137 1771 2217; baseline 0.009 -28"><span class='ocrx_word' id='word_1_127' title='bbox 170 2137 415 2205; x_wconf 88' lang='lat' dir='ltr'><strong>partibus</strong></span> <span class='ocrx_word' id='word_1_128' title='bbox 456 2139 524 2195; x_wconf 88' lang='lat' dir='ltr'><strong>ad</strong></span> <span class='ocrx_word' id='word_1_129' title='bbox 574 2144 1087 2201; x_wconf 88' lang='lat' dir='ltr'><strong>communicandum</strong></span> <span class='ocrx_word' id='word_1_130' title='bbox 1135 2145 1461 2215; x_wconf 90' lang='lat' dir='ltr'><strong>obrepserit,</strong></span> <span class='ocrx_word' id='word_1_131' title='bbox 1507 2145 1771 2217; x_wconf 89' lang='lat' dir='ltr'><strong>iacturam</strong></span> 
     </span>
    </p>
   </div>
   <div class='ocr_carea' id='block_1_23' title="bbox 167 2230 1271 2306">
    <p class='ocr_par' dir='ltr' id='par_1_23' title="bbox 167 2230 1271 2306">
     <span class='ocr_line' id='line_1_24' title="bbox 167 2230 1271 2306; baseline 0.01 -27"><span class='ocrx_word' id='word_1_132' title='bbox 167 2230 568 2286; x_wconf 88' lang='lat' dir='ltr'><strong>communionis</strong></span> <span class='ocrx_word' id='word_1_133' title='bbox 590 2232 674 2287; x_wconf 92' lang='lat' dir='ltr'><strong>vel</strong></span> <span class='ocrx_word' id='word_1_134' title='bbox 703 2233 989 2290; x_wconf 82' lang='lat' dir='ltr'><strong>clericatus</strong></span> <span class='ocrx_word' id='word_1_135' title='bbox 1017 2234 1271 2306; x_wconf 82' lang='lat' dir='ltr'><strong>excipiat.</strong></span> 
     </span>
    </p>
   </div>
   <div class='ocr_carea' id='block_1_24' title="bbox 166 2313 1773 2399">
    <p class='ocr_par' dir='ltr' id='par_1_24' title="bbox 166 2313 1773 2399">
     <span class='ocr_line' id='line_1_25' title="bbox 166 2313 1773 2399; baseline 0.011 -27"><span class='ocrx_word' id='word_1_136' title='bbox 166 2313 317 2372; x_wconf 78' lang='lat' dir='ltr'><strong>X&#39;IX.</strong></span> <span class='ocrx_word' id='word_1_137' title='bbox 365 2321 628 2399; x_wconf 70' lang='lat' dir='ltr'><strong>187_De</strong></span> <span class='ocrx_word' id='word_1_138' title='bbox 668 2324 867 2380; x_wconf 80' lang='lat' dir='ltr'><strong>clericis</strong></span> <span class='ocrx_word' id='word_1_139' title='bbox 901 2327 988 2396; x_wconf 88' lang='lat' dir='ltr'><strong>qui</strong></span> <span class='ocrx_word' id='word_1_140' title='bbox 1015 2328 1157 2393; x_wconf 86' lang='lat' dir='ltr'><strong>apud</strong></span> <span class='ocrx_word' id='word_1_141' title='bbox 1197 2328 1484 2399; x_wconf 81' lang='lat' dir='ltr'><strong>principem</strong></span> <span class='ocrx_word' id='word_1_142' title='bbox 1523 2334 1773 2395; x_wconf 70' lang='lat' dir='ltr'><strong>saculare</strong></span> 
     </span>
    </p>
   </div>
   <div class='ocr_carea' id='block_1_25' title="bbox 415 2392 1518 2470">
    <p class='ocr_par' dir='ltr' id='par_1_25' title="bbox 415 2392 1518 2470">
     <span class='ocr_line' id='line_1_26' title="bbox 415 2392 1518 2470; baseline 0.009 -25"><span class='ocrx_word' id='word_1_143' title='bbox 415 2392 681 2463; x_wconf 81' lang='lat' dir='ltr'><strong>judicium</strong></span> <span class='ocrx_word' id='word_1_144' title='bbox 718 2405 808 2450; x_wconf 90' lang='lat' dir='ltr'><strong>aut</strong></span> <span class='ocrx_word' id='word_1_145' title='bbox 838 2392 1092 2467; x_wconf 77' lang='lat' dir='ltr'><strong>synodale</strong></span> <span class='ocrx_word' id='word_1_146' title='bbox 1106 2392 1518 2470; x_wconf 76' lang='lat' dir='ltr'><strong>imploraverint.</strong></span> 
     </span>
    </p>
   </div>
   <div class='ocr_carea' id='block_1_26' title="bbox 238 2481 1769 2567">
    <p class='ocr_par' dir='ltr' id='par_1_26' title="bbox 238 2481 1769 2567">
     <span class='ocr_line' id='line_1_27' title="bbox 238 2481 1769 2567; baseline 0.014 -31"><span class='ocrx_word' id='word_1_147' title='bbox 238 2481 473 2551; x_wconf 82' lang='lat' dir='ltr'><strong>Placuit,</strong></span> <span class='ocrx_word' id='word_1_148' title='bbox 517 2497 575 2542; x_wconf 93' lang='lat' dir='ltr'><strong>ut</strong></span> <span class='ocrx_word' id='word_1_149' title='bbox 608 2490 916 2559; x_wconf 85' lang='lat' dir='ltr'><strong>quicunque</strong></span> <span class='ocrx_word' id='word_1_150' title='bbox 945 2494 1012 2546; x_wconf 91' lang='lat' dir='ltr'><strong>ab</strong></span> <span class='ocrx_word' id='word_1_151' title='bbox 1053 2493 1384 2563; x_wconf 85' lang='lat' dir='ltr'><strong>imperatore</strong></span> <span class='ocrx_word' id='word_1_152' title='bbox 1406 2497 1769 2567; x_wconf 80' lang='lat' dir='ltr'><strong>cognitionem</strong></span> 
     </span>
    </p>
   </div>
   <div class='ocr_carea' id='block_1_27' title="bbox 167 2573 1768 2663">
    <p class='ocr_par' dir='ltr' id='par_1_27' title="bbox 167 2573 1768 2663">
     <span class='ocr_line' id='line_1_28' title="bbox 167 2573 1768 2663; baseline 0.014 -37"><span class='ocrx_word' id='word_1_153' title='bbox 167 2573 503 2643; x_wconf 88' lang='lat' dir='ltr'><strong>publicorum</strong></span> <span class='ocrx_word' id='word_1_154' title='bbox 545 2577 873 2648; x_wconf 91' lang='lat' dir='ltr'><strong>iudiciorum</strong></span> <span class='ocrx_word' id='word_1_155' title='bbox 918 2584 1135 2654; x_wconf 90' lang='lat' dir='ltr'><strong>petierit</strong></span> <span class='ocrx_word' id='word_1_156' title='bbox 1176 2584 1382 2643; x_wconf 85' lang='lat' dir='ltr'><strong>honore</strong></span> <span class='ocrx_word' id='word_1_157' title='bbox 1412 2590 1629 2660; x_wconf 88' lang='lat' dir='ltr'><strong>proprio</strong></span> <span class='ocrx_word' id='word_1_158' title='bbox 1656 2595 1768 2663; x_wconf 91' lang='lat' dir='ltr'><strong>pri-</strong></span> 
     </span>
    </p>
   </div>
   <div class='ocr_carea' id='block_1_28' title="bbox 167 2668 1769 2753">
    <p class='ocr_par' dir='ltr' id='par_1_28' title="bbox 167 2668 1769 2753">
     <span class='ocr_line' id='line_1_29' title="bbox 167 2668 1769 2753; baseline 0.014 -35"><span class='ocrx_word' id='word_1_159' title='bbox 167 2674 319 2720; x_wconf 90' lang='lat' dir='ltr'><strong>vetur</strong></span> <span class='ocrx_word' id='word_1_160' title='bbox 348 2682 361 2719; x_wconf 89' lang='lat'>:</span> <span class='ocrx_word' id='word_1_161' title='bbox 394 2668 439 2722; x_wconf 90' lang='lat' dir='ltr'><strong>si</strong></span> <span class='ocrx_word' id='word_1_162' title='bbox 464 2677 643 2727; x_wconf 90' lang='lat' dir='ltr'><strong>autem</strong></span> <span class='ocrx_word' id='word_1_163' title='bbox 670 2672 980 2745; x_wconf 85' lang='lat' dir='ltr'><strong>episcopale</strong></span> <span class='ocrx_word' id='word_1_164' title='bbox 1005 2675 1270 2742; x_wconf 88' lang='lat' dir='ltr'><strong>judicium</strong></span> <span class='ocrx_word' id='word_1_165' title='bbox 1322 2678 1391 2735; x_wconf 89' lang='lat' dir='ltr'><strong>ab</strong></span> <span class='ocrx_word' id='word_1_166' title='bbox 1440 2678 1769 2753; x_wconf 87' lang='lat' dir='ltr'><strong>imperatore</strong></span> 
     </span>
    </p>
   </div>
   <div class='ocr_carea' id='block_1_29' title="bbox 168 2758 1374 2842">
    <p class='ocr_par' dir='ltr' id='par_1_29' title="bbox 168 2758 1374 2842">
     <span class='ocr_line' id='line_1_30' title="bbox 168 2758 1374 2842; baseline 0.012 -31"><span class='ocrx_word' id='word_1_167' title='bbox 168 2758 539 2828; x_wconf 88' lang='lat' dir='ltr'><strong>postulaverit,</strong></span> <span class='ocrx_word' id='word_1_168' title='bbox 573 2764 709 2820; x_wconf 81' lang='lat' dir='ltr'><strong>nihil</strong></span> <span class='ocrx_word' id='word_1_169' title='bbox 752 2766 801 2822; x_wconf 88' lang='lat' dir='ltr'><strong>ei</strong></span> <span class='ocrx_word' id='word_1_170' title='bbox 831 2766 975 2823; x_wconf 85' lang='lat' dir='ltr'><strong>obsit</strong></span> <span class='ocrx_word' id='word_1_171' title='bbox 1007 2766 1128 2840; x_wconf 91' lang='lat' dir='ltr'><strong>[U.,</strong></span> <span class='ocrx_word' id='word_1_172' title='bbox 1158 2769 1374 2842; x_wconf 85' lang='lat' dir='ltr'><strong>prosit].</strong></span> 
     </span>
    </p>
   </div>
   <div class='ocr_carea' id='block_1_30' title="bbox 166 2871 1766 2957">
    <p class='ocr_par' dir='ltr' id='par_1_30' title="bbox 166 2871 1766 2957">
     <span class='ocr_line' id='line_1_31' title="bbox 166 2871 1766 2957; baseline 0.011 -27"><span class='ocrx_word' id='word_1_173' title='bbox 166 2871 282 2931; x_wconf 78' lang='lat' dir='ltr'><strong>XX.</strong></span> <span class='ocrx_word' id='word_1_174' title='bbox 328 2875 398 2931; x_wconf 87' lang='lat' dir='ltr'><strong>Ut</strong></span> <span class='ocrx_word' id='word_1_175' title='bbox 443 2880 555 2933; x_wconf 89' lang='lat' dir='ltr'><strong>sine</strong></span> <span class='ocrx_word' id='word_1_176' title='bbox 583 2881 817 2951; x_wconf 77' lang='lat' dir='ltr'><strong>formatis</strong></span> <span class='ocrx_word' id='word_1_177' title='bbox 845 2885 1087 2957; x_wconf 76' lang='lat' dir='ltr'><strong>nemoad</strong></span> <span class='ocrx_word' id='word_1_178' title='bbox 1128 2886 1429 2957; x_wconf 82' lang='lat' dir='ltr'><strong>comitatum</strong></span> <span class='ocrx_word' id='word_1_179' title='bbox 1458 2887 1766 2957; x_wconf 78' lang='lat' dir='ltr'><strong>proﬁcisca-</strong></span> 
     </span>
    </p>
   </div>
   <div class='ocr_carea' id='block_1_31' title="bbox 515 2954 1401 3026">
    <p class='ocr_par' dir='ltr' id='par_1_31' title="bbox 515 2954 1401 3026">
     <span class='ocr_line' id='line_1_32' title="bbox 515 2954 1401 3026; baseline 0.01 -23"><span class='ocrx_word' id='word_1_180' title='bbox 515 2960 620 3017; x_wconf 88' lang='lat' dir='ltr'><strong>tur,</strong></span> <span class='ocrx_word' id='word_1_181' title='bbox 664 2962 714 3006; x_wconf 89' lang='lat' dir='ltr'><strong>et</strong></span> <span class='ocrx_word' id='word_1_182' title='bbox 734 2954 959 3023; x_wconf 86' lang='lat' dir='ltr'><strong>qualiter</strong></span> <span class='ocrx_word' id='word_1_183' title='bbox 987 2955 1116 3023; x_wconf 81' lang='lat' dir='ltr'><strong>ﬁant</strong></span> <span class='ocrx_word' id='word_1_184' title='bbox 1148 2956 1401 3026; x_wconf 61' lang='lat' dir='ltr'><strong>formata.</strong></span> 
     </span>
    </p>
   </div>
   <div class='ocr_carea' id='block_1_32' title="bbox 229 3038 1761 3118">
    <p class='ocr_par' dir='ltr' id='par_1_32' title="bbox 229 3038 1761 3118">
     <span class='ocr_line' id='line_1_33' title="bbox 229 3038 1761 3118; baseline 0.009 -24"><span class='ocrx_word' id='word_1_185' title='bbox 229 3038 454 3117; x_wconf 81' lang='lat' dir='ltr'><strong>Placuit,</strong></span> <span class='ocrx_word' id='word_1_186' title='bbox 485 3052 541 3097; x_wconf 88' lang='lat' dir='ltr'><strong>ut</strong></span> <span class='ocrx_word' id='word_1_187' title='bbox 563 3044 867 3115; x_wconf 84' lang='lat' dir='ltr'><strong>quicunque</strong></span> <span class='ocrx_word' id='word_1_188' title='bbox 909 3045 1139 3102; x_wconf 89' lang='lat' dir='ltr'><strong>clericus</strong></span> <span class='ocrx_word' id='word_1_189' title='bbox 1186 3057 1409 3118; x_wconf 90' lang='lat' dir='ltr'><strong>propter</strong></span> <span class='ocrx_word' id='word_1_190' title='bbox 1457 3052 1761 3108; x_wconf 90' lang='lat' dir='ltr'><strong>necessita-</strong></span> 
     </span>
    </p>
   </div>
   <div class='ocr_carea' id='block_1_33' title="bbox 163 3136 1761 3212">
    <p class='ocr_par' dir='ltr' id='par_1_33' title="bbox 163 3136 1761 3212">
     <span class='ocr_line' id='line_1_34' title="bbox 163 3136 1761 3212; baseline 0.01 -25"><span class='ocrx_word' id='word_1_191' title='bbox 163 3136 266 3188; x_wconf 80' lang='lat' dir='ltr'><strong>tem</strong></span> <span class='ocrx_word' id='word_1_192' title='bbox 295 3150 455 3191; x_wconf 90' lang='lat' dir='ltr'><strong>suam</strong></span> <span class='ocrx_word' id='word_1_193' title='bbox 483 3136 680 3193; x_wconf 85' lang='lat' dir='ltr'><strong>alicubi</strong></span> <span class='ocrx_word' id='word_1_194' title='bbox 709 3138 776 3193; x_wconf 90' lang='lat' dir='ltr'><strong>ad</strong></span> <span class='ocrx_word' id='word_1_195' title='bbox 807 3140 1123 3196; x_wconf 83' lang='lat' dir='ltr'><strong>comitatum</strong></span> <span class='ocrx_word' id='word_1_196' title='bbox 1166 3142 1248 3198; x_wconf 91' lang='lat' dir='ltr'><strong>ire</strong></span> <span class='ocrx_word' id='word_1_197' title='bbox 1278 3144 1528 3212; x_wconf 87' lang='lat' dir='ltr'><strong>voluerit,</strong></span> <span class='ocrx_word' id='word_1_198' title='bbox 1559 3143 1761 3203; x_wconf 88' lang='lat' dir='ltr'><strong>forma-</strong></span> 
     </span>
    </p>
   </div>
   <div class='ocr_carea' id='block_1_34' title="bbox 164 3228 1755 3306">
    <p class='ocr_par' dir='ltr' id='par_1_34' title="bbox 164 3228 1755 3306">
     <span class='ocr_line' id='line_1_35' title="bbox 164 3228 1755 3306; baseline 0.009 -25"><span class='ocrx_word' id='word_1_199' title='bbox 164 3231 266 3281; x_wconf 73' lang='lat' dir='ltr'><strong>tam</strong></span> <span class='ocrx_word' id='word_1_200' title='bbox 303 3228 371 3284; x_wconf 90' lang='lat' dir='ltr'><strong>ab</strong></span> <span class='ocrx_word' id='word_1_201' title='bbox 399 3230 657 3302; x_wconf 86' lang='lat' dir='ltr'><strong>episcopo</strong></span> <span class='ocrx_word' id='word_1_202' title='bbox 696 3246 795 3287; x_wconf 91' lang='lat' dir='ltr'><strong>suo</strong></span> <span class='ocrx_word' id='word_1_203' title='bbox 828 3232 1058 3305; x_wconf 88' lang='lat' dir='ltr'><strong>accipiat</strong></span> <span class='ocrx_word' id='word_1_204' title='bbox 1089 3252 1102 3289; x_wconf 92' lang='lat'><strong>:</strong></span> <span class='ocrx_word' id='word_1_205' title='bbox 1132 3235 1222 3306; x_wconf 91' lang='lat' dir='ltr'><strong>qui</strong></span> <span class='ocrx_word' id='word_1_206' title='bbox 1252 3237 1371 3291; x_wconf 89' lang='lat' dir='ltr'><strong>sine</strong></span> <span class='ocrx_word' id='word_1_207' title='bbox 1405 3236 1634 3296; x_wconf 85' lang='lat' dir='ltr'><strong>formata</strong></span> <span class='ocrx_word' id='word_1_208' title='bbox 1662 3255 1755 3296; x_wconf 86' lang='lat' dir='ltr'><strong>vo-</strong></span> 
     </span>
    </p>
   </div>
   <div class='ocr_carea' id='block_1_35' title="bbox 163 3313 1752 3398">
    <p class='ocr_par' dir='ltr' id='par_1_35' title="bbox 163 3313 1752 3398">
     <span class='ocr_line' id='line_1_36' title="bbox 163 3313 1752 3398; baseline 0.009 -25"><span class='ocrx_word' id='word_1_209' title='bbox 163 3313 317 3375; x_wconf 83' lang='lat' dir='ltr'><strong>luerit</strong></span> <span class='ocrx_word' id='word_1_210' title='bbox 344 3337 587 3394; x_wconf 83' lang='lat' dir='ltr'><strong>pergere,</strong></span> <span class='ocrx_word' id='word_1_211' title='bbox 619 3338 649 3378; x_wconf 87' lang='lat' dir='ltr'><strong>a</strong></span> <span class='ocrx_word' id='word_1_212' title='bbox 676 3326 1057 3383; x_wconf 87' lang='lat' dir='ltr'><strong>communione</strong></span> <span class='ocrx_word' id='word_1_213' title='bbox 1100 3336 1470 3385; x_wconf 87' lang='lat' dir='ltr'><strong>removeatur.</strong></span> <span class='ocrx_word' id='word_1_214' title='bbox 1520 3330 1676 3398; x_wconf 82' lang='lat' dir='ltr'><strong>Quod</strong></span> <span class='ocrx_word' id='word_1_215' title='bbox 1706 3333 1752 3388; x_wconf 91' lang='lat' dir='ltr'><strong>si</strong></span> 
     </span>
    </p>
   </div>
   <div class='ocr_carea' id='block_1_36' title="bbox 162 3409 1756 3486">
    <p class='ocr_par' dir='ltr' id='par_1_36' title="bbox 162 3409 1756 3486">
     <span class='ocr_line' id='line_1_37' title="bbox 162 3409 1756 3486; baseline 0.012 -25"><span class='ocrx_word' id='word_1_216' title='bbox 162 3409 349 3467; x_wconf 89' lang='lat' dir='ltr'><strong>alicubi</strong></span> <span class='ocrx_word' id='word_1_217' title='bbox 380 3416 431 3470; x_wconf 92' lang='lat' dir='ltr'><strong>ei</strong></span> <span class='ocrx_word' id='word_1_218' title='bbox 466 3416 742 3486; x_wconf 91' lang='lat' dir='ltr'><strong>repentina</strong></span> <span class='ocrx_word' id='word_1_219' title='bbox 775 3418 1074 3475; x_wconf 83' lang='lat' dir='ltr'><strong>necessitas</strong></span> <span class='ocrx_word' id='word_1_220' title='bbox 1102 3430 1217 3475; x_wconf 90' lang='lat' dir='ltr'><strong>orta</strong></span> <span class='ocrx_word' id='word_1_221' title='bbox 1244 3420 1407 3476; x_wconf 85' lang='lat' dir='ltr'><strong>fuerit</strong></span> <span class='ocrx_word' id='word_1_222' title='bbox 1435 3421 1502 3478; x_wconf 90' lang='lat' dir='ltr'><strong>ad</strong></span> <span class='ocrx_word' id='word_1_223' title='bbox 1531 3424 1756 3481; x_wconf 82' lang='lat' dir='ltr'><strong>comita-</strong></span> 
     </span>
    </p>
   </div>
   <div class='ocr_carea' id='block_1_37' title="bbox 162 3505 1759 3586">
    <p class='ocr_par' dir='ltr' id='par_1_37' title="bbox 162 3505 1759 3586">
     <span class='ocr_line' id='line_1_38' title="bbox 162 3505 1759 3586; baseline 0.013 -33"><span class='ocrx_word' id='word_1_224' title='bbox 162 3505 271 3557; x_wconf 91' lang='lat' dir='ltr'><strong>tum</strong></span> <span class='ocrx_word' id='word_1_225' title='bbox 324 3506 603 3578; x_wconf 88' lang='lat' dir='ltr'><strong>pergendi,</strong></span> <span class='ocrx_word' id='word_1_226' title='bbox 655 3507 847 3581; x_wconf 84' lang='lat' dir='ltr'><strong>alleget</strong></span> <span class='ocrx_word' id='word_1_227' title='bbox 902 3509 1043 3581; x_wconf 91' lang='lat' dir='ltr'><strong>apud</strong></span> <span class='ocrx_word' id='word_1_228' title='bbox 1095 3512 1407 3583; x_wconf 89' lang='lat' dir='ltr'><strong>episcopum</strong></span> <span class='ocrx_word' id='word_1_229' title='bbox 1477 3514 1579 3571; x_wconf 93' lang='lat' dir='ltr'><strong>loci</strong></span> <span class='ocrx_word' id='word_1_230' title='bbox 1641 3518 1759 3586; x_wconf 88' lang='lat' dir='ltr'><strong>ejus</strong></span> 
     </span>
    </p>
   </div>
   <div class='ocr_carea' id='block_1_38' title="bbox 159 3588 1757 3677">
    <p class='ocr_par' dir='ltr' id='par_1_38' title="bbox 159 3588 1757 3677">
     <span class='ocr_line' id='line_1_39' title="bbox 159 3588 1757 3677; baseline 0.013 -32"><span class='ocrx_word' id='word_1_231' title='bbox 159 3588 328 3660; x_wconf 86' lang='lat' dir='ltr'><strong>ipsam</strong></span> <span class='ocrx_word' id='word_1_232' title='bbox 378 3599 789 3666; x_wconf 84' lang='lat' dir='ltr'><strong>necessitatem,</strong></span> <span class='ocrx_word' id='word_1_233' title='bbox 840 3608 896 3656; x_wconf 89' lang='lat' dir='ltr'><strong>et</strong></span> <span class='ocrx_word' id='word_1_234' title='bbox 945 3602 1015 3658; x_wconf 91' lang='lat' dir='ltr'><strong>de</strong></span> <span class='ocrx_word' id='word_1_235' title='bbox 1061 3602 1165 3658; x_wconf 89' lang='lat' dir='ltr'><strong>hoc</strong></span> <span class='ocrx_word' id='word_1_236' title='bbox 1208 3598 1472 3675; x_wconf 60' lang='lat' dir='ltr'><strong>rescr‘Ipta</strong></span> <span class='ocrx_word' id='word_1_237' title='bbox 1515 3607 1757 3677; x_wconf 89' lang='lat' dir='ltr'><strong>ejusdem</strong></span> 
     </span>
    </p>
   </div>
   <div class='ocr_carea' id='block_1_39' title="bbox 160 3690 1757 3772">
    <p class='ocr_par' dir='ltr' id='par_1_39' title="bbox 160 3690 1757 3772">
     <span class='ocr_line' id='line_1_40' title="bbox 160 3690 1757 3772; baseline 0.012 -31"><span class='ocrx_word' id='word_1_238' title='bbox 160 3690 391 3761; x_wconf 81' lang='lat' dir='ltr'><strong>episcopi</strong></span> <span class='ocrx_word' id='word_1_239' title='bbox 422 3693 675 3763; x_wconf 84' lang='lat' dir='ltr'><strong>perferat.</strong></span> <span class='ocrx_word' id='word_1_240' title='bbox 720 3695 990 3753; x_wconf 75' lang='lat' dir='ltr'><strong>Formata:</strong></span> <span class='ocrx_word' id='word_1_241' title='bbox 1022 3708 1199 3755; x_wconf 90' lang='lat' dir='ltr'><strong>autem</strong></span> <span class='ocrx_word' id='word_1_242' title='bbox 1232 3716 1351 3772; x_wconf 65' lang='lat' dir='ltr'><strong>quae</strong></span> <span class='ocrx_word' id='word_1_243' title='bbox 1381 3717 1410 3757; x_wconf 93' lang='lat' dir='ltr'><strong>a</strong></span> <span class='ocrx_word' id='word_1_244' title='bbox 1442 3703 1757 3772; x_wconf 89' lang='lat' dir='ltr'><strong>primatibus</strong></span> 
     </span>
    </p>
   </div>
   <div class='ocr_carea' id='block_1_40' title="bbox 155 3780 1754 3863">
    <p class='ocr_par' dir='ltr' id='par_1_40' title="bbox 155 3780 1754 3863">
     <span class='ocr_line' id='line_1_41' title="bbox 155 3780 1754 3863; baseline 0.013 -29"><span class='ocrx_word' id='word_1_245' title='bbox 155 3780 235 3836; x_wconf 85' lang='lat' dir='ltr'><strong>vel</strong></span> <span class='ocrx_word' id='word_1_246' title='bbox 274 3798 303 3836; x_wconf 91' lang='lat' dir='ltr'><strong>a</strong></span> <span class='ocrx_word' id='word_1_247' title='bbox 345 3786 645 3858; x_wconf 86' lang='lat' dir='ltr'><strong>quibusque</strong></span> <span class='ocrx_word' id='word_1_248' title='bbox 675 3790 943 3863; x_wconf 89' lang='lat' dir='ltr'><strong>episcopis</strong></span> <span class='ocrx_word' id='word_1_249' title='bbox 981 3793 1213 3863; x_wconf 89' lang='lat' dir='ltr'><strong>propriis</strong></span> <span class='ocrx_word' id='word_1_250' title='bbox 1261 3794 1461 3850; x_wconf 89' lang='lat' dir='ltr'><strong>dantur</strong></span> <span class='ocrx_word' id='word_1_251' title='bbox 1518 3796 1754 3854; x_wconf 84' lang='lat' dir='ltr'><strong>habeant</strong></span> 
     </span>
    </p>
   </div>
   <div class='ocr_carea' id='block_1_41' title="bbox 153 3869 1755 3957">
    <p class='ocr_par' dir='ltr' id='par_1_41' title="bbox 153 3869 1755 3957">
     <span class='ocr_line' id='line_1_42' title="bbox 153 3869 1755 3957; baseline 0.012 -32"><span class='ocrx_word' id='word_1_252' title='bbox 153 3869 296 3929; x_wconf 88' lang='lat' dir='ltr'><strong>diem</strong></span> <span class='ocrx_word' id='word_1_253' title='bbox 330 3878 574 3945; x_wconf 79' lang='lat' dir='ltr'><strong>paschae;</strong></span> <span class='ocrx_word' id='word_1_254' title='bbox 626 3882 767 3951; x_wconf 88' lang='lat' dir='ltr'><strong>quod</strong></span> <span class='ocrx_word' id='word_1_255' title='bbox 797 3882 845 3938; x_wconf 91' lang='lat' dir='ltr'><strong>si</strong></span> <span class='ocrx_word' id='word_1_256' title='bbox 875 3882 1051 3939; x_wconf 90' lang='lat' dir='ltr'><strong>adhuc</strong></span> <span class='ocrx_word' id='word_1_257' title='bbox 1078 3884 1317 3953; x_wconf 87' lang='lat' dir='ltr'><strong>ejusdem</strong></span> <span class='ocrx_word' id='word_1_258' title='bbox 1367 3888 1492 3941; x_wconf 91' lang='lat' dir='ltr'><strong>anni</strong></span> <span class='ocrx_word' id='word_1_259' title='bbox 1543 3891 1755 3957; x_wconf 71' lang='lat' dir='ltr'><strong>pascha:</strong></span> 
     </span>
    </p>
   </div>
   <div class='ocr_carea' id='block_1_42' title="bbox 150 3960 1752 4051">
    <p class='ocr_par' dir='ltr' id='par_1_42' title="bbox 150 3960 1752 4051">
     <span class='ocr_line' id='line_1_43' title="bbox 150 3960 1752 4051; baseline 0.013 -35"><span class='ocrx_word' id='word_1_260' title='bbox 150 3960 272 4019; x_wconf 87' lang='lat' dir='ltr'><strong>dies</strong></span> <span class='ocrx_word' id='word_1_261' title='bbox 325 3965 569 4025; x_wconf 89' lang='lat' dir='ltr'><strong>incertus</strong></span> <span class='ocrx_word' id='word_1_262' title='bbox 617 3982 721 4037; x_wconf 88' lang='lat' dir='ltr'><strong>est,</strong></span> <span class='ocrx_word' id='word_1_263' title='bbox 775 3973 868 4029; x_wconf 90' lang='lat' dir='ltr'><strong>ille</strong></span> <span class='ocrx_word' id='word_1_264' title='bbox 901 3975 1212 4037; x_wconf 67' lang='lat' dir='ltr'><strong>praacedens</strong></span> <span class='ocrx_word' id='word_1_265' title='bbox 1240 3976 1584 4048; x_wconf 89' lang='lat' dir='ltr'><strong>adiungatur,</strong></span> <span class='ocrx_word' id='word_1_266' title='bbox 1615 3996 1752 4051; x_wconf 91' lang='lat' dir='ltr'><strong>quo-</strong></span> 
     </span>
    </p>
   </div>
   <div class='ocr_carea' id='block_1_43' title="bbox 148 4058 1755 4142">
    <p class='ocr_par' dir='ltr' id='par_1_43' title="bbox 148 4058 1755 4142">
     <span class='ocr_line' id='line_1_44' title="bbox 148 4058 1755 4142; baseline 0.01 -30"><span class='ocrx_word' id='word_1_267' title='bbox 148 4058 314 4112; x_wconf 88' lang='lat' dir='ltr'><strong>modo</strong></span> <span class='ocrx_word' id='word_1_268' title='bbox 377 4062 521 4117; x_wconf 89' lang='lat' dir='ltr'><strong>solet</strong></span> <span class='ocrx_word' id='word_1_269' title='bbox 583 4073 705 4132; x_wconf 87' lang='lat' dir='ltr'><strong>post</strong></span> <span class='ocrx_word' id='word_1_270' title='bbox 779 4068 1119 4123; x_wconf 88' lang='lat' dir='ltr'><strong>consulatum</strong></span> <span class='ocrx_word' id='word_1_271' title='bbox 1187 4070 1243 4124; x_wconf 89' lang='lat' dir='ltr'><strong>in</strong></span> <span class='ocrx_word' id='word_1_272' title='bbox 1304 4070 1532 4140; x_wconf 88' lang='lat' dir='ltr'><strong>publicis</strong></span> <span class='ocrx_word' id='word_1_273' title='bbox 1589 4076 1755 4142; x_wconf 87' lang='lat' dir='ltr'><strong>gestis</strong></span> 
     </span>
    </p>
   </div>
   <div class='ocr_carea' id='block_1_44' title="bbox 145 4150 371 4207">
    <p class='ocr_par' dir='ltr' id='par_1_44' title="bbox 145 4150 371 4207">
     <span class='ocr_line' id='line_1_45' title="bbox 145 4150 371 4207; baseline 0 -2"><span class='ocrx_word' id='word_1_274' title='bbox 145 4150 371 4207; x_wconf 71' lang='lat' dir='ltr'><strong>ascribi.</strong></span> 
     </span>
    </p>
   </div>
   <div class='ocr_carea' id='block_1_45' title="bbox 148 4262 1755 4352">
    <p class='ocr_par' dir='ltr' id='par_1_45' title="bbox 148 4262 1755 4352">
     <span class='ocr_line' id='line_1_46' title="bbox 148 4262 1755 4352; baseline 0.011 -32"><span class='ocrx_word' id='word_1_275' title='bbox 148 4262 292 4323; x_wconf 77' lang='lat' dir='ltr'><strong>XXI.</strong></span> <span class='ocrx_word' id='word_1_276' title='bbox 338 4267 416 4325; x_wconf 85' lang='lat' dir='ltr'><strong>De</strong></span> <span class='ocrx_word' id='word_1_277' title='bbox 441 4268 812 4352; x_wconf 77' lang='lat' dir='ltr'><strong>episcOpis_qui</strong></span> <span class='ocrx_word' id='word_1_278' title='bbox 854 4275 909 4330; x_wconf 80' lang='lat' dir='ltr'><strong>id</strong></span> <span class='ocrx_word' id='word_1_279' title='bbox 929 4275 1066 4352; x_wconf 74' lang='lat' dir='ltr'><strong>quod</strong></span> <span class='ocrx_word' id='word_1_280' title='bbox 1085 4286 1308 4352; x_wconf 77' lang='lat' dir='ltr'><strong>repetere</strong></span> <span class='ocrx_word' id='word_1_281' title='bbox 1354 4286 1591 4351; x_wconf 80' lang='lat' dir='ltr'><strong>poterant</strong></span> <span class='ocrx_word' id='word_1_282' title='bbox 1624 4298 1755 4352; x_wconf 75' lang='lat' dir='ltr'><strong>prte-</strong></span> 
     </span>
    </p>
   </div>
   <div class='ocr_carea' id='block_1_46' title="bbox 563 4346 1338 4418">
    <p class='ocr_par' dir='ltr' id='par_1_46' title="bbox 563 4346 1338 4418">
     <span class='ocr_line' id='line_1_47' title="bbox 563 4346 1338 4418; baseline 0.009 -21"><span class='ocrx_word' id='word_1_283' title='bbox 563 4346 797 4401; x_wconf 77' lang='lat' dir='ltr'><strong>termissa</strong></span> <span class='ocrx_word' id='word_1_284' title='bbox 816 4346 1018 4418; x_wconf 78' lang='lat' dir='ltr'><strong>synodo</strong></span> <span class='ocrx_word' id='word_1_285' title='bbox 1043 4346 1338 4405; x_wconf 77' lang='lat' dir='ltr'><strong>invaserint.</strong></span> 
     </span>
    </p>
   </div>
   <div class='ocr_carea' id='block_1_47' title="bbox 218 4430 1747 4516">
    <p class='ocr_par' dir='ltr' id='par_1_47' title="bbox 218 4430 1747 4516">
     <span class='ocr_line' id='line_1_48' title="bbox 218 4430 1747 4516; baseline 0.011 -29"><span class='ocrx_word' id='word_1_286' title='bbox 218 4430 354 4490; x_wconf 87' lang='lat' dir='ltr'><strong>Item</strong></span> <span class='ocrx_word' id='word_1_287' title='bbox 397 4436 621 4507; x_wconf 90' lang='lat' dir='ltr'><strong>placuit,</strong></span> <span class='ocrx_word' id='word_1_288' title='bbox 680 4449 739 4496; x_wconf 90' lang='lat' dir='ltr'><strong>ut</strong></span> <span class='ocrx_word' id='word_1_289' title='bbox 788 4442 1029 4512; x_wconf 87' lang='lat' dir='ltr'><strong>episc0pi</strong></span> <span class='ocrx_word' id='word_1_290' title='bbox 1084 4459 1431 4516; x_wconf 80' lang='lat' dir='ltr'><strong>quascunque</strong></span> <span class='ocrx_word' id='word_1_291' title='bbox 1485 4447 1747 4505; x_wconf 86' lang='lat' dir='ltr'><strong>ecclesias</strong></span> 
     </span>
    </p>
   </div>
   <div class='ocr_carea' id='block_1_48' title="bbox 158 4523 1749 4612">
    <p class='ocr_par' dir='ltr' id='par_1_48' title="bbox 158 4523 1749 4612">
     <span class='ocr_line' id='line_1_49' title="bbox 158 4523 1749 4612; baseline 0.013 -33"><span class='ocrx_word' id='word_1_292' title='bbox 158 4523 236 4580; x_wconf 91' lang='lat' dir='ltr'><strong>vel</strong></span> <span class='ocrx_word' id='word_1_293' title='bbox 266 4526 452 4597; x_wconf 90' lang='lat' dir='ltr'><strong>plebes</strong></span> <span class='ocrx_word' id='word_1_294' title='bbox 475 4545 609 4601; x_wconf 88' lang='lat' dir='ltr'><strong>quas</strong></span> <span class='ocrx_word' id='word_1_295' title='bbox 638 4532 703 4586; x_wconf 90' lang='lat' dir='ltr'><strong>ad</strong></span> <span class='ocrx_word' id='word_1_296' title='bbox 734 4547 887 4589; x_wconf 90' lang='lat' dir='ltr'><strong>suam</strong></span> <span class='ocrx_word' id='word_1_297' title='bbox 937 4535 1254 4593; x_wconf 82' lang='lat' dir='ltr'><strong>cathedram</strong></span> <span class='ocrx_word' id='word_1_298' title='bbox 1291 4537 1601 4596; x_wconf 86' lang='lat' dir='ltr'><strong>existimant</strong></span> <span class='ocrx_word' id='word_1_299' title='bbox 1624 4557 1749 4612; x_wconf 86' lang='lat' dir='ltr'><strong>per-</strong></span> 
     </span>
    </p>
   </div>
   <div class='ocr_carea' id='block_1_49' title="bbox 161 4614 1745 4705">
    <p class='ocr_par' dir='ltr' id='par_1_49' title="bbox 161 4614 1745 4705">
     <span class='ocr_line' id='line_1_50' title="bbox 161 4614 1745 4705; baseline 0.013 -35"><span class='ocrx_word' id='word_1_300' title='bbox 161 4614 326 4675; x_wconf 90' lang='lat' dir='ltr'><strong>tinere</strong></span> <span class='ocrx_word' id='word_1_301' title='bbox 357 4638 460 4676; x_wconf 83' lang='lat' dir='ltr'><strong>non</strong></span> <span class='ocrx_word' id='word_1_302' title='bbox 502 4623 575 4677; x_wconf 91' lang='lat' dir='ltr'><strong>ita</strong></span> <span class='ocrx_word' id='word_1_303' title='bbox 608 4625 946 4695; x_wconf 89' lang='lat' dir='ltr'><strong>repetierint,</strong></span> <span class='ocrx_word' id='word_1_304' title='bbox 997 4638 1056 4683; x_wconf 91' lang='lat' dir='ltr'><strong>ut</strong></span> <span class='ocrx_word' id='word_1_305' title='bbox 1103 4645 1294 4685; x_wconf 87' lang='lat' dir='ltr'><strong>causas</strong></span> <span class='ocrx_word' id='word_1_306' title='bbox 1320 4647 1446 4687; x_wconf 88' lang='lat' dir='ltr'><strong>snas</strong></span> <span class='ocrx_word' id='word_1_307' title='bbox 1475 4635 1745 4705; x_wconf 81' lang='lat' dir='ltr'><strong>episcopis</strong></span> 
     </span>
    </p>
   </div>
   <div class='ocr_carea' id='block_1_50' title="bbox 159 4706 1744 4794">
    <p class='ocr_par' dir='ltr' id='par_1_50' title="bbox 159 4706 1744 4794">
     <span class='ocr_line' id='line_1_51' title="bbox 159 4706 1744 4794; baseline 0.013 -32"><span class='ocrx_word' id='word_1_308' title='bbox 159 4706 510 4778; x_wconf 81' lang='lat' dir='ltr'><strong>iudicantibus</strong></span> <span class='ocrx_word' id='word_1_309' title='bbox 540 4725 721 4787; x_wconf 83' lang='lat' dir='ltr'><strong>agant,</strong></span> <span class='ocrx_word' id='word_1_310' title='bbox 753 4716 848 4773; x_wconf 89' lang='lat' dir='ltr'><strong>sed</strong></span> <span class='ocrx_word' id='word_1_311' title='bbox 873 4718 980 4773; x_wconf 90' lang='lat' dir='ltr'><strong>alio</strong></span> <span class='ocrx_word' id='word_1_312' title='bbox 1010 4721 1280 4777; x_wconf 89' lang='lat' dir='ltr'><strong>retinente</strong></span> <span class='ocrx_word' id='word_1_313' title='bbox 1310 4722 1586 4794; x_wconf 89' lang='lat' dir='ltr'><strong>irruerint,</strong></span> <span class='ocrx_word' id='word_1_314' title='bbox 1629 4726 1744 4782; x_wconf 90' lang='lat' dir='ltr'><strong>sive</strong></span> 
     </span>
    </p>
   </div>
   <div class='ocr_carea' id='block_1_51' title="bbox 161 4802 1746 4880">
    <p class='ocr_par' dir='ltr' id='par_1_51' title="bbox 161 4802 1746 4880">
     <span class='ocr_line' id='line_1_52' title="bbox 161 4802 1746 4880; baseline 0.015 -26"><span class='ocrx_word' id='word_1_315' title='bbox 161 4802 456 4861; x_wconf 88' lang='lat' dir='ltr'><strong>nolentibus</strong></span> <span class='ocrx_word' id='word_1_316' title='bbox 478 4807 590 4863; x_wconf 83' lang='lat' dir='ltr'><strong>sive</strong></span> <span class='ocrx_word' id='word_1_317' title='bbox 619 4810 925 4866; x_wconf 87' lang='lat' dir='ltr'><strong>volentibus</strong></span> <span class='ocrx_word' id='word_1_318' title='bbox 956 4813 1226 4880; x_wconf 85' lang='lat' dir='ltr'><strong>plebibus,</strong></span> <span class='ocrx_word' id='word_1_319' title='bbox 1279 4832 1456 4873; x_wconf 78' lang='lat' dir='ltr'><strong>causae</strong></span> <span class='ocrx_word' id='word_1_320' title='bbox 1495 4833 1608 4874; x_wconf 66' lang='lat' dir='ltr'><strong>sua:</strong></span> <span class='ocrx_word' id='word_1_321' title='bbox 1652 4821 1746 4877; x_wconf 88' lang='lat' dir='ltr'><strong>de-</strong></span> 
     </span>
    </p>
   </div>
   <div class='ocr_carea' id='block_1_52' title="bbox 160 4895 1746 4981">
    <p class='ocr_par' dir='ltr' id='par_1_52' title="bbox 160 4895 1746 4981">
     <span class='ocr_line' id='line_1_53' title="bbox 160 4895 1746 4981; baseline 0.014 -33"><span class='ocrx_word' id='word_1_322' title='bbox 160 4895 460 4956; x_wconf 89' lang='lat' dir='ltr'><strong>trimentum</strong></span> <span class='ocrx_word' id='word_1_323' title='bbox 493 4901 813 4972; x_wconf 90' lang='lat' dir='ltr'><strong>patiantur:</strong></span> <span class='ocrx_word' id='word_1_324' title='bbox 848 4913 902 4960; x_wconf 93' lang='lat' dir='ltr'><strong>et</strong></span> <span class='ocrx_word' id='word_1_325' title='bbox 945 4906 1251 4977; x_wconf 91' lang='lat' dir='ltr'><strong>quicunque</strong></span> <span class='ocrx_word' id='word_1_326' title='bbox 1299 4908 1403 4964; x_wconf 90' lang='lat' dir='ltr'><strong>hoc</strong></span> <span class='ocrx_word' id='word_1_327' title='bbox 1442 4910 1552 4981; x_wconf 88' lang='lat' dir='ltr'><strong>iam</strong></span> <span class='ocrx_word' id='word_1_328' title='bbox 1602 4911 1746 4971; x_wconf 80' lang='lat' dir='ltr'><strong>fece-</strong></span> 
     </span>
    </p>
   </div>
   <div class='ocr_carea' id='block_1_53' title="bbox 160 4994 1739 5076">
    <p class='ocr_par' dir='ltr' id='par_1_53' title="bbox 160 4994 1739 5076">
     <span class='ocr_line' id='line_1_54' title="bbox 160 4994 1739 5076; baseline 0.014 -36"><span class='ocrx_word' id='word_1_329' title='bbox 160 4999 292 5058; x_wconf 89' lang='lat' dir='ltr'><strong>runt,</strong></span> <span class='ocrx_word' id='word_1_330' title='bbox 318 4994 361 5049; x_wconf 89' lang='lat' dir='ltr'><strong>si</strong></span> <span class='ocrx_word' id='word_1_331' title='bbox 390 4995 633 5051; x_wconf 91' lang='lat' dir='ltr'><strong>nondum</strong></span> <span class='ocrx_word' id='word_1_332' title='bbox 662 5007 746 5053; x_wconf 87' lang='lat' dir='ltr'><strong>est</strong></span> <span class='ocrx_word' id='word_1_333' title='bbox 768 4998 908 5054; x_wconf 91' lang='lat' dir='ltr'><strong>inter</strong></span> <span class='ocrx_word' id='word_1_334' title='bbox 937 5000 1222 5071; x_wconf 86' lang='lat' dir='ltr'><strong>episcopos</strong></span> <span class='ocrx_word' id='word_1_335' title='bbox 1254 5001 1402 5057; x_wconf 77' lang='lat' dir='ltr'><strong>finita</strong></span> <span class='ocrx_word' id='word_1_336' title='bbox 1437 5007 1739 5076; x_wconf 90' lang='lat' dir='ltr'><strong>contentio,</strong></span> 
     </span>
    </p>
   </div>
   <div class='ocr_carea' id='block_1_54' title="bbox 161 5079 1737 5168">
    <p class='ocr_par' dir='ltr' id='par_1_54' title="bbox 161 5079 1737 5168">
     <span class='ocr_line' id='line_1_55' title="bbox 161 5079 1737 5168; baseline 0.013 -35"><span class='ocrx_word' id='word_1_337' title='bbox 161 5079 242 5135; x_wconf 85' lang='lat' dir='ltr'><strong>sed</strong></span> <span class='ocrx_word' id='word_1_338' title='bbox 272 5084 448 5143; x_wconf 91' lang='lat' dir='ltr'><strong>adhuc</strong></span> <span class='ocrx_word' id='word_1_339' title='bbox 481 5088 606 5143; x_wconf 90' lang='lat' dir='ltr'><strong>inde</strong></span> <span class='ocrx_word' id='word_1_340' title='bbox 626 5090 981 5157; x_wconf 91' lang='lat' dir='ltr'><strong>contendunt,</strong></span> <span class='ocrx_word' id='word_1_341' title='bbox 1012 5092 1102 5148; x_wconf 91' lang='lat' dir='ltr'><strong>ille</strong></span> <span class='ocrx_word' id='word_1_342' title='bbox 1130 5092 1257 5149; x_wconf 90' lang='lat' dir='ltr'><strong>inde</strong></span> <span class='ocrx_word' id='word_1_343' title='bbox 1289 5094 1534 5152; x_wconf 86' lang='lat' dir='ltr'><strong>discedat</strong></span> <span class='ocrx_word' id='word_1_344' title='bbox 1578 5113 1737 5168; x_wconf 91' lang='lat' dir='ltr'><strong>quem</strong></span> 
     </span>
    </p>
   </div>
   <div class='ocr_carea' id='block_1_55' title="bbox 160 5178 1743 5253">
    <p class='ocr_par' dir='ltr' id='par_1_55' title="bbox 160 5178 1743 5253">
     <span class='ocr_line' id='line_1_56' title="bbox 160 5178 1743 5253; baseline 0.015 -30"><span class='ocrx_word' id='word_1_345' title='bbox 160 5178 443 5234; x_wconf 86' lang='lat' dir='ltr'><strong>constiterit</strong></span> <span class='ocrx_word' id='word_1_346' title='bbox 500 5183 877 5250; x_wconf 62' lang='lat' dir='ltr'><strong>praetermissis</strong></span> <span class='ocrx_word' id='word_1_347' title='bbox 919 5182 1188 5253; x_wconf 90' lang='lat' dir='ltr'><strong>iudicibus</strong></span> <span class='ocrx_word' id='word_1_348' title='bbox 1235 5187 1620 5245; x_wconf 88' lang='lat' dir='ltr'><strong>ecclesiasticis</strong></span> <span class='ocrx_word' id='word_1_349' title='bbox 1669 5190 1743 5246; x_wconf 81' lang='lat' dir='ltr'><strong>ir-</strong></span> 
     </span>
    </p>
   </div>
   <div class='ocr_carea' id='block_1_56' title="bbox 162 5265 1741 5351">
    <p class='ocr_par' dir='ltr' id='par_1_56' title="bbox 162 5265 1741 5351">
     <span class='ocr_line' id='line_1_57' title="bbox 162 5265 1741 5351; baseline 0.015 -32"><span class='ocrx_word' id='word_1_350' title='bbox 162 5265 316 5323; x_wconf 81' lang='lat' dir='ltr'><strong>ruisse</strong></span> <span class='ocrx_word' id='word_1_351' title='bbox 347 5288 359 5323; x_wconf 90' lang='lat'><strong>:</strong></span> <span class='ocrx_word' id='word_1_352' title='bbox 400 5286 503 5328; x_wconf 89' lang='lat' dir='ltr'><strong>nec</strong></span> <span class='ocrx_word' id='word_1_353' title='bbox 554 5274 655 5328; x_wconf 89' lang='lat' dir='ltr'><strong>sibi</strong></span> <span class='ocrx_word' id='word_1_354' title='bbox 685 5275 912 5344; x_wconf 90' lang='lat' dir='ltr'><strong>quisque</strong></span> <span class='ocrx_word' id='word_1_355' title='bbox 938 5276 1264 5347; x_wconf 85' lang='lat' dir='ltr'><strong>blandiatur,</strong></span> <span class='ocrx_word' id='word_1_356' title='bbox 1295 5282 1394 5337; x_wconf 88' lang='lat' dir='ltr'><strong>sia</strong></span> <span class='ocrx_word' id='word_1_357' title='bbox 1426 5283 1657 5351; x_wconf 88' lang='lat' dir='ltr'><strong>primatu</strong></span> <span class='ocrx_word' id='word_1_358' title='bbox 1681 5297 1741 5342; x_wconf 93' lang='lat' dir='ltr'><strong>ut</strong></span> 
     </span>
    </p>
   </div>
   <div class='ocr_carea' id='block_1_57' title="bbox 164 5359 1736 5442">
    <p class='ocr_par' dir='ltr' id='par_1_57' title="bbox 164 5359 1736 5442">
     <span class='ocr_line' id='line_1_58' title="bbox 164 5359 1736 5442; baseline 0.015 -35"><span class='ocrx_word' id='word_1_359' title='bbox 164 5359 373 5416; x_wconf 88' lang='lat' dir='ltr'><strong>retineat</strong></span> <span class='ocrx_word' id='word_1_360' title='bbox 401 5362 614 5420; x_wconf 89' lang='lat' dir='ltr'><strong>litteras</strong></span> <span class='ocrx_word' id='word_1_361' title='bbox 653 5364 990 5436; x_wconf 90' lang='lat' dir='ltr'><strong>impetrarit;</strong></span> <span class='ocrx_word' id='word_1_362' title='bbox 1017 5367 1111 5422; x_wconf 89' lang='lat' dir='ltr'><strong>sed</strong></span> <span class='ocrx_word' id='word_1_363' title='bbox 1136 5368 1250 5425; x_wconf 89' lang='lat' dir='ltr'><strong>sive</strong></span> <span class='ocrx_word' id='word_1_364' title='bbox 1284 5370 1480 5427; x_wconf 86' lang='lat' dir='ltr'><strong>habeat</strong></span> <span class='ocrx_word' id='word_1_365' title='bbox 1506 5373 1736 5442; x_wconf 87' lang='lat' dir='ltr'><strong>litteras,</strong></span> 
     </span>
    </p>
   </div>
   <div class='ocr_carea' id='block_1_58' title="bbox 164 5455 1739 5539">
    <p class='ocr_par' dir='ltr' id='par_1_58' title="bbox 164 5455 1739 5539">
     <span class='ocr_line' id='line_1_59' title="bbox 164 5455 1739 5539; baseline 0.016 -39"><span class='ocrx_word' id='word_1_366' title='bbox 164 5458 265 5539; x_wconf 75' lang='lat' dir='ltr'><strong>sive</strong></span> <span class='ocrx_word' id='word_1_367' title='bbox 297 5469 397 5511; x_wconf 91' lang='lat' dir='ltr'><strong>non</strong></span> <span class='ocrx_word' id='word_1_368' title='bbox 429 5455 649 5528; x_wconf 86' lang='lat' dir='ltr'><strong>habeat,</strong></span> <span class='ocrx_word' id='word_1_369' title='bbox 684 5457 970 5515; x_wconf 79' lang='lat' dir='ltr'><strong>conveniat</strong></span> <span class='ocrx_word' id='word_1_370' title='bbox 1013 5474 1136 5515; x_wconf 90' lang='lat' dir='ltr'><strong>eum</strong></span> <span class='ocrx_word' id='word_1_371' title='bbox 1183 5463 1274 5531; x_wconf 92' lang='lat' dir='ltr'><strong>qui</strong></span> <span class='ocrx_word' id='word_1_372' title='bbox 1324 5472 1471 5521; x_wconf 91' lang='lat' dir='ltr'><strong>tenet</strong></span> <span class='ocrx_word' id='word_1_373' title='bbox 1514 5476 1569 5523; x_wconf 88' lang='lat' dir='ltr'><strong>et</strong></span> <span class='ocrx_word' id='word_1_374' title='bbox 1619 5469 1739 5539; x_wconf 86' lang='lat' dir='ltr'><strong>ejus</strong></span> 
     </span>
    </p>
   </div>
   <div class='ocr_carea' id='block_1_59' title="bbox 166 5534 1738 5623">
    <p class='ocr_par' dir='ltr' id='par_1_59' title="bbox 166 5534 1738 5623">
     <span class='ocr_line' id='line_1_60' title="bbox 166 5534 1738 5623; baseline 0.017 -31"><span class='ocrx_word' id='word_1_375' title='bbox 166 5534 353 5600; x_wconf 79' lang='lat' dir='ltr'><strong>litteras</strong></span> <span class='ocrx_word' id='word_1_376' title='bbox 380 5550 630 5622; x_wconf 69' lang='lat' dir='ltr'><strong>accipias,</strong></span> <span class='ocrx_word' id='word_1_377' title='bbox 671 5560 733 5607; x_wconf 90' lang='lat' dir='ltr'><strong>ut</strong></span> <span class='ocrx_word' id='word_1_378' title='bbox 756 5562 1011 5623; x_wconf 87' lang='lat' dir='ltr'><strong>appareat</strong></span> <span class='ocrx_word' id='word_1_379' title='bbox 1039 5554 1265 5622; x_wconf 80' lang='lat' dir='ltr'><strong>paciﬁca</strong></span> <span class='ocrx_word' id='word_1_380' title='bbox 1296 5560 1536 5614; x_wconf 89' lang='lat' dir='ltr'><strong>tenuisse</strong></span> <span class='ocrx_word' id='word_1_381' title='bbox 1562 5534 1738 5619; x_wconf 75' lang='lat' dir='ltr'><strong>eccle-</strong></span> 
     </span>
    </p>
   </div>
   <div class='ocr_carea' id='block_1_60' title="bbox 166 5631 1738 5724">
    <p class='ocr_par' dir='ltr' id='par_1_60' title="bbox 166 5631 1738 5724">
     <span class='ocr_line' id='line_1_61' title="bbox 166 5631 1738 5724; baseline 0.017 -41"><span class='ocrx_word' id='word_1_382' title='bbox 166 5631 283 5691; x_wconf 89' lang='lat' dir='ltr'><strong>siam</strong></span> <span class='ocrx_word' id='word_1_383' title='bbox 310 5642 372 5695; x_wconf 91' lang='lat' dir='ltr'><strong>ad</strong></span> <span class='ocrx_word' id='word_1_384' title='bbox 402 5658 461 5701; x_wconf 92' lang='lat' dir='ltr'><strong>se</strong></span> <span class='ocrx_word' id='word_1_385' title='bbox 489 5644 870 5716; x_wconf 86' lang='lat' dir='ltr'><strong>pertinentem.</strong></span> <span class='ocrx_word' id='word_1_386' title='bbox 913 5645 971 5703; x_wconf 91' lang='lat' dir='ltr'><strong>Si</strong></span> <span class='ocrx_word' id='word_1_387' title='bbox 996 5656 1175 5705; x_wconf 89' lang='lat' dir='ltr'><strong>autem</strong></span> <span class='ocrx_word' id='word_1_388' title='bbox 1207 5648 1299 5705; x_wconf 91' lang='lat' dir='ltr'><strong>ille</strong></span> <span class='ocrx_word' id='word_1_389' title='bbox 1331 5650 1564 5722; x_wconf 82' lang='lat' dir='ltr'><strong>aliquam</strong></span> <span class='ocrx_word' id='word_1_390' title='bbox 1590 5668 1738 5724; x_wconf 76' lang='lat' dir='ltr'><strong>quae-</strong></span> 
     </span>
    </p>
   </div>
   <div class='ocr_carea' id='block_1_61' title="bbox 167 5724 1738 5812">
    <p class='ocr_par' dir='ltr' id='par_1_61' title="bbox 167 5724 1738 5812">
     <span class='ocr_line' id='line_1_62' title="bbox 167 5724 1738 5812; baseline 0.018 -37"><span class='ocrx_word' id='word_1_391' title='bbox 167 5724 378 5789; x_wconf 88' lang='lat' dir='ltr'><strong>stionem</strong></span> <span class='ocrx_word' id='word_1_392' title='bbox 402 5737 665 5809; x_wconf 91' lang='lat' dir='ltr'><strong>retulerit,</strong></span> <span class='ocrx_word' id='word_1_393' title='bbox 694 5753 792 5811; x_wconf 90' lang='lat' dir='ltr'><strong>per</strong></span> <span class='ocrx_word' id='word_1_394' title='bbox 833 5738 1114 5810; x_wconf 85' lang='lat' dir='ltr'><strong>episcopos</strong></span> <span class='ocrx_word' id='word_1_395' title='bbox 1138 5740 1351 5812; x_wconf 88' lang='lat' dir='ltr'><strong>judices</strong></span> <span class='ocrx_word' id='word_1_396' title='bbox 1388 5758 1553 5802; x_wconf 88' lang='lat' dir='ltr'><strong>causa</strong></span> <span class='ocrx_word' id='word_1_397' title='bbox 1581 5744 1738 5804; x_wconf 86' lang='lat' dir='ltr'><strong>ﬁnia-</strong></span> 
     </span>
    </p>
   </div>
   <div class='ocr_carea' id='block_1_62' title="bbox 1884 553 3119 637">
    <p class='ocr_par' dir='ltr' id='par_1_62' title="bbox 1884 553 3119 637">
     <span class='ocr_line' id='line_1_63' title="bbox 1884 553 3119 637; baseline 0.012 -29"><span class='ocrx_word' id='word_1_398' title='bbox 1884 553 2090 611; x_wconf 91' lang='lat' dir='ltr'><strong>vicinos</strong></span> <span class='ocrx_word' id='word_1_399' title='bbox 2112 572 2233 612; x_wconf 91' lang='lat' dir='ltr'><strong>cum</strong></span> <span class='ocrx_word' id='word_1_400' title='bbox 2257 561 2507 615; x_wconf 92' lang='lat' dir='ltr'><strong>consultu</strong></span> <span class='ocrx_word' id='word_1_401' title='bbox 2533 561 2773 631; x_wconf 89' lang='lat' dir='ltr'><strong>primatis</strong></span> <span class='ocrx_word' id='word_1_402' title='bbox 2805 564 3119 637; x_wconf 90' lang='lat' dir='ltr'><strong>delegerint.</strong></span> 
     </span>
    </p>
   </div>
   <div class='ocr_carea' id='block_1_63' title="bbox 1885 647 3478 737">
    <p class='ocr_par' dir='ltr' id='par_1_63' title="bbox 1885 647 3478 737">
     <span class='ocr_line' id='line_1_64' title="bbox 1885 647 3478 737; baseline 0.014 -32"><span class='ocrx_word' id='word_1_403' title='bbox 1885 647 2048 707; x_wconf 79' lang='lat' dir='ltr'><strong>XXII.</strong></span> <span class='ocrx_word' id='word_1_404' title='bbox 2090 651 2171 708; x_wconf 84' lang='lat' dir='ltr'><strong>De</strong></span> <span class='ocrx_word' id='word_1_405' title='bbox 2212 654 2411 710; x_wconf 82' lang='lat' dir='ltr'><strong>clericis</strong></span> <span class='ocrx_word' id='word_1_406' title='bbox 2454 657 2542 725; x_wconf 82' lang='lat' dir='ltr'><strong>qui</strong></span> <span class='ocrx_word' id='word_1_407' title='bbox 2562 659 2626 713; x_wconf 83' lang='lat' dir='ltr'><strong>de</strong></span> <span class='ocrx_word' id='word_1_408' title='bbox 2663 660 2881 732; x_wconf 84' lang='lat' dir='ltr'><strong>judiciis</strong></span> <span class='ocrx_word' id='word_1_409' title='bbox 2947 664 3306 737; x_wconf 85' lang='lat' dir='ltr'><strong>episcoporum</strong></span> <span class='ocrx_word' id='word_1_410' title='bbox 3353 687 3478 728; x_wconf 78' lang='lat' dir='ltr'><strong>suo-</strong></span> 
     </span>
    </p>
   </div>
   <div class='ocr_carea' id='block_1_64' title="bbox 2406 743 2957 802">
    <p class='ocr_par' dir='ltr' id='par_1_64' title="bbox 2406 743 2957 802">
     <span class='ocr_line' id='line_1_65' title="bbox 2406 743 2957 802; baseline 0.011 -21"><span class='ocrx_word' id='word_1_411' title='bbox 2406 743 2523 783; x_wconf 86' lang='lat' dir='ltr'><strong>rum</strong></span> <span class='ocrx_word' id='word_1_412' title='bbox 2553 744 2957 802; x_wconf 76' lang='lat' dir='ltr'><strong>conquerantur.</strong></span> 
     </span>
    </p>
   </div>
   <div class='ocr_carea' id='block_1_65' title="bbox 1954 813 3479 894">
    <p class='ocr_par' dir='ltr' id='par_1_65' title="bbox 1954 813 3479 894">
     <span class='ocr_line' id='line_1_66' title="bbox 1954 813 3479 894; baseline 0.015 -25"><span class='ocrx_word' id='word_1_413' title='bbox 1954 813 2087 871; x_wconf 88' lang='lat' dir='ltr'><strong>Item</strong></span> <span class='ocrx_word' id='word_1_414' title='bbox 2121 816 2339 888; x_wconf 90' lang='lat' dir='ltr'><strong>placuit,</strong></span> <span class='ocrx_word' id='word_1_415' title='bbox 2373 826 2434 875; x_wconf 84' lang='lat' dir='ltr'><strong>ut</strong></span> <span class='ocrx_word' id='word_1_416' title='bbox 2472 821 2791 894; x_wconf 81' lang='lat' dir='ltr'><strong>presbyteri,</strong></span> <span class='ocrx_word' id='word_1_417' title='bbox 2824 825 3036 884; x_wconf 87' lang='lat' dir='ltr'><strong>diaconi</strong></span> <span class='ocrx_word' id='word_1_418' title='bbox 3066 829 3151 887; x_wconf 87' lang='lat' dir='ltr'><strong>vel</strong></span> <span class='ocrx_word' id='word_1_419' title='bbox 3184 834 3366 891; x_wconf 74' lang='lat' dir='ltr'><strong>caeteri</strong></span> <span class='ocrx_word' id='word_1_420' title='bbox 3395 836 3479 893; x_wconf 85' lang='lat' dir='ltr'><strong>in-</strong></span> 
     </span>
    </p>
   </div>
   <div class='ocr_carea' id='block_1_66' title="bbox 1880 905 3475 996">
    <p class='ocr_par' dir='ltr' id='par_1_66' title="bbox 1880 905 3475 996">
     <span class='ocr_line' id='line_1_67' title="bbox 1880 905 3475 996; baseline 0.015 -35"><span class='ocrx_word' id='word_1_421' title='bbox 1880 905 2111 965; x_wconf 87' lang='lat' dir='ltr'><strong>feriores</strong></span> <span class='ocrx_word' id='word_1_422' title='bbox 2131 909 2335 977; x_wconf 90' lang='lat' dir='ltr'><strong>clerici,</strong></span> <span class='ocrx_word' id='word_1_423' title='bbox 2360 910 2416 967; x_wconf 92' lang='lat' dir='ltr'><strong>in</strong></span> <span class='ocrx_word' id='word_1_424' title='bbox 2441 912 2618 968; x_wconf 87' lang='lat' dir='ltr'><strong>causis</strong></span> <span class='ocrx_word' id='word_1_425' title='bbox 2645 928 2784 985; x_wconf 89' lang='lat' dir='ltr'><strong>quas</strong></span> <span class='ocrx_word' id='word_1_426' title='bbox 2817 916 3123 989; x_wconf 85' lang='lat' dir='ltr'><strong>habuerint,</strong></span> <span class='ocrx_word' id='word_1_427' title='bbox 3151 922 3197 977; x_wconf 87' lang='lat' dir='ltr'><strong>si</strong></span> <span class='ocrx_word' id='word_1_428' title='bbox 3233 924 3300 980; x_wconf 91' lang='lat' dir='ltr'><strong>de</strong></span> <span class='ocrx_word' id='word_1_429' title='bbox 3322 926 3475 996; x_wconf 89' lang='lat' dir='ltr'><strong>judi-</strong></span> 
     </span>
    </p>
   </div>
   <div class='ocr_carea' id='block_1_67' title="bbox 1880 1000 3475 1091">
    <p class='ocr_par' dir='ltr' id='par_1_67' title="bbox 1880 1000 3475 1091">
     <span class='ocr_line' id='line_1_68' title="bbox 1880 1000 3475 1091; baseline 0.013 -36"><span class='ocrx_word' id='word_1_430' title='bbox 1880 1000 1981 1057; x_wconf 91' lang='lat' dir='ltr'><strong>ciis</strong></span> <span class='ocrx_word' id='word_1_431' title='bbox 2012 1002 2389 1074; x_wconf 90' lang='lat' dir='ltr'><strong>episcoporum</strong></span> <span class='ocrx_word' id='word_1_432' title='bbox 2440 1019 2662 1062; x_wconf 91' lang='lat' dir='ltr'><strong>suorum</strong></span> <span class='ocrx_word' id='word_1_433' title='bbox 2691 1010 2866 1078; x_wconf 89' lang='lat' dir='ltr'><strong>questi</strong></span> <span class='ocrx_word' id='word_1_434' title='bbox 2912 1011 3130 1085; x_wconf 81' lang='lat' dir='ltr'><strong>iuerint,</strong></span> <span class='ocrx_word' id='word_1_435' title='bbox 3164 1014 3327 1073; x_wconf 90' lang='lat' dir='ltr'><strong>vicini</strong></span> <span class='ocrx_word' id='word_1_436' title='bbox 3357 1021 3475 1091; x_wconf 89' lang='lat' dir='ltr'><strong>epi-</strong></span> 
     </span>
    </p>
   </div>
   <div class='ocr_carea' id='block_1_68' title="bbox 1880 1097 3480 1177">
    <p class='ocr_par' dir='ltr' id='par_1_68' title="bbox 1880 1097 3480 1177">
     <span class='ocr_line' id='line_1_69' title="bbox 1880 1097 3480 1177; baseline 0.013 -27"><span class='ocrx_word' id='word_1_437' title='bbox 1880 1097 2029 1167; x_wconf 88' lang='lat' dir='ltr'><strong>scopi</strong></span> <span class='ocrx_word' id='word_1_438' title='bbox 2054 1112 2149 1154; x_wconf 93' lang='lat' dir='ltr'><strong>eos</strong></span> <span class='ocrx_word' id='word_1_439' title='bbox 2178 1099 2423 1168; x_wconf 88' lang='lat' dir='ltr'><strong>audiant,</strong></span> <span class='ocrx_word' id='word_1_440' title='bbox 2454 1109 2511 1157; x_wconf 91' lang='lat' dir='ltr'><strong>et</strong></span> <span class='ocrx_word' id='word_1_441' title='bbox 2537 1101 2679 1157; x_wconf 89' lang='lat' dir='ltr'><strong>inter</strong></span> <span class='ocrx_word' id='word_1_442' title='bbox 2723 1116 2818 1159; x_wconf 89' lang='lat' dir='ltr'><strong>eos</strong></span> <span class='ocrx_word' id='word_1_443' title='bbox 2844 1106 3104 1177; x_wconf 84' lang='lat' dir='ltr'><strong>quidquid</strong></span> <span class='ocrx_word' id='word_1_444' title='bbox 3159 1122 3259 1174; x_wconf 49' lang='lat' dir='ltr'><strong>est.</strong></span> <span class='ocrx_word' id='word_1_445' title='bbox 3291 1113 3480 1171; x_wconf 80' lang='lat' dir='ltr'><strong>ﬁniant</strong></span> 
     </span>
    </p>
   </div>
   <div class='ocr_carea' id='block_1_69' title="bbox 1880 1192 3475 1276">
    <p class='ocr_par' dir='ltr' id='par_1_69' title="bbox 1880 1192 3475 1276">
     <span class='ocr_line' id='line_1_70' title="bbox 1880 1192 3475 1276; baseline 0.011 -29"><span class='ocrx_word' id='word_1_446' title='bbox 1880 1192 2108 1249; x_wconf 89' lang='lat' dir='ltr'><strong>adhibiti</strong></span> <span class='ocrx_word' id='word_1_447' title='bbox 2157 1196 2226 1252; x_wconf 92' lang='lat' dir='ltr'><strong>ab</strong></span> <span class='ocrx_word' id='word_1_448' title='bbox 2266 1198 2345 1253; x_wconf 91' lang='lat' dir='ltr'><strong>eis</strong></span> <span class='ocrx_word' id='word_1_449' title='bbox 2383 1214 2451 1255; x_wconf 91' lang='lat' dir='ltr'><strong>ex</strong></span> <span class='ocrx_word' id='word_1_450' title='bbox 2499 1213 2768 1256; x_wconf 87' lang='lat' dir='ltr'><strong>consensu</strong></span> <span class='ocrx_word' id='word_1_451' title='bbox 2815 1200 3191 1273; x_wconf 81' lang='lat' dir='ltr'><strong>episcOporum</strong></span> <span class='ocrx_word' id='word_1_452' title='bbox 3222 1221 3475 1276; x_wconf 86' lang='lat' dir='ltr'><strong>suorum;</strong></span> 
     </span>
    </p>
   </div>
   <div class='ocr_carea' id='block_1_70' title="bbox 1879 1288 3475 1368">
    <p class='ocr_par' dir='ltr' id='par_1_70' title="bbox 1879 1288 3475 1368">
     <span class='ocr_line' id='line_1_71' title="bbox 1879 1288 3475 1368; baseline 0.009 -27"><span class='ocrx_word' id='word_1_453' title='bbox 1879 1288 2023 1357; x_wconf 87' lang='lat' dir='ltr'><strong>quod</strong></span> <span class='ocrx_word' id='word_1_454' title='bbox 2049 1288 2096 1343; x_wconf 91' lang='lat' dir='ltr'><strong>si</strong></span> <span class='ocrx_word' id='word_1_455' title='bbox 2127 1299 2180 1345; x_wconf 92' lang='lat' dir='ltr'><strong>et</strong></span> <span class='ocrx_word' id='word_1_456' title='bbox 2208 1293 2371 1364; x_wconf 76' lang='lat'><strong>188</strong></span> <span class='ocrx_word' id='word_1_457' title='bbox 2390 1292 2459 1348; x_wconf 90' lang='lat' dir='ltr'><strong>ab</strong></span> <span class='ocrx_word' id='word_1_458' title='bbox 2484 1294 2565 1350; x_wconf 88' lang='lat' dir='ltr'><strong>eis</strong></span> <span class='ocrx_word' id='word_1_459' title='bbox 2589 1294 2989 1362; x_wconf 90' lang='lat' dir='ltr'><strong>provocaudum</strong></span> <span class='ocrx_word' id='word_1_460' title='bbox 3015 1300 3339 1368; x_wconf 84' lang='lat' dir='ltr'><strong>putaverint,</strong></span> <span class='ocrx_word' id='word_1_461' title='bbox 3369 1317 3475 1357; x_wconf 91' lang='lat' dir='ltr'><strong>non</strong></span> 
     </span>
    </p>
   </div>
   <div class='ocr_carea' id='block_1_71' title="bbox 1880 1385 3478 1461">
    <p class='ocr_par' dir='ltr' id='par_1_71' title="bbox 1880 1385 3478 1461">
     <span class='ocr_line' id='line_1_72' title="bbox 1880 1385 3478 1461; baseline 0.012 -29"><span class='ocrx_word' id='word_1_462' title='bbox 1880 1391 2177 1448; x_wconf 87' lang='lat' dir='ltr'><strong>provocent</strong></span> <span class='ocrx_word' id='word_1_463' title='bbox 2205 1385 2307 1439; x_wconf 89' lang='lat' dir='ltr'><strong>nisi</strong></span> <span class='ocrx_word' id='word_1_464' title='bbox 2336 1385 2404 1440; x_wconf 88' lang='lat' dir='ltr'><strong>ad</strong></span> <span class='ocrx_word' id='word_1_465' title='bbox 2436 1385 2689 1444; x_wconf 81' lang='lat' dir='ltr'><strong>Africana</strong></span> <span class='ocrx_word' id='word_1_466' title='bbox 2733 1388 2963 1443; x_wconf 84' lang='lat' dir='ltr'><strong>concilia</strong></span> <span class='ocrx_word' id='word_1_467' title='bbox 3004 1391 3090 1446; x_wconf 91' lang='lat' dir='ltr'><strong>vel</strong></span> <span class='ocrx_word' id='word_1_468' title='bbox 3122 1393 3190 1448; x_wconf 87' lang='lat' dir='ltr'><strong>ad</strong></span> <span class='ocrx_word' id='word_1_469' title='bbox 3219 1394 3478 1461; x_wconf 89' lang='lat' dir='ltr'><strong>primatus</strong></span> 
     </span>
    </p>
   </div>
   <div class='ocr_carea' id='block_1_72' title="bbox 1883 1473 3478 1559">
    <p class='ocr_par' dir='ltr' id='par_1_72' title="bbox 1883 1473 3478 1559">
     <span class='ocr_line' id='line_1_73' title="bbox 1883 1473 3478 1559; baseline 0.014 -36"><span class='ocrx_word' id='word_1_470' title='bbox 1883 1473 2283 1540; x_wconf 89' lang='lat' dir='ltr'><strong>provinciarum</strong></span> <span class='ocrx_word' id='word_1_471' title='bbox 2335 1491 2599 1533; x_wconf 88' lang='lat' dir='ltr'><strong>suarum:</strong></span> <span class='ocrx_word' id='word_1_472' title='bbox 2651 1480 2720 1535; x_wconf 89' lang='lat' dir='ltr'><strong>ad</strong></span> <span class='ocrx_word' id='word_1_473' title='bbox 2768 1482 3119 1539; x_wconf 88' lang='lat' dir='ltr'><strong>transmarina</strong></span> <span class='ocrx_word' id='word_1_474' title='bbox 3165 1495 3343 1543; x_wconf 92' lang='lat' dir='ltr'><strong>autem</strong></span> <span class='ocrx_word' id='word_1_475' title='bbox 3387 1492 3478 1559; x_wconf 91' lang='lat' dir='ltr'><strong>qui</strong></span> 
     </span>
    </p>
   </div>
   <div class='ocr_carea' id='block_1_73' title="bbox 1879 1568 3477 1640">
    <p class='ocr_par' dir='ltr' id='par_1_73' title="bbox 1879 1568 3477 1640">
     <span class='ocr_line' id='line_1_74' title="bbox 1879 1568 3477 1640; baseline 0.01 -20"><span class='ocrx_word' id='word_1_476' title='bbox 1879 1568 2184 1636; x_wconf 88' lang='lat' dir='ltr'><strong>putaverint</strong></span> <span class='ocrx_word' id='word_1_477' title='bbox 2212 1571 2614 1640; x_wconf 90' lang='lat' dir='ltr'><strong>appellandum,</strong></span> <span class='ocrx_word' id='word_1_478' title='bbox 2661 1588 2691 1627; x_wconf 90' lang='lat' dir='ltr'><strong>a</strong></span> <span class='ocrx_word' id='word_1_479' title='bbox 2723 1573 2872 1630; x_wconf 89' lang='lat' dir='ltr'><strong>nullo</strong></span> <span class='ocrx_word' id='word_1_480' title='bbox 2928 1575 3069 1631; x_wconf 89' lang='lat' dir='ltr'><strong>intra</strong></span> <span class='ocrx_word' id='word_1_481' title='bbox 3120 1576 3352 1637; x_wconf 77' lang='lat' dir='ltr'><strong>Africam</strong></span> <span class='ocrx_word' id='word_1_482' title='bbox 3407 1581 3477 1636; x_wconf 89' lang='lat' dir='ltr'><strong>ad</strong></span> 
     </span>
    </p>
   </div>
   <div class='ocr_carea' id='block_1_74' title="bbox 1877 1660 3340 1735">
    <p class='ocr_par' dir='ltr' id='par_1_74' title="bbox 1877 1660 3340 1735">
     <span class='ocr_line' id='line_1_75' title="bbox 1877 1660 3340 1735; baseline 0.011 -24"><span class='ocrx_word' id='word_1_483' title='bbox 1877 1660 2314 1718; x_wconf 90' lang='lat' dir='ltr'><strong>communionem</strong></span> <span class='ocrx_word' id='word_1_484' title='bbox 2363 1664 2752 1735; x_wconf 88' lang='lat' dir='ltr'><strong>suscipiantur.</strong></span> <span class='ocrx_word' id='word_1_485' title='bbox 3327 1661 3340 1673; x_wconf 82' lang='grc'><em>’</em></span> 
     </span>
    </p>
   </div>
   <div class='ocr_carea' id='block_1_75' title="bbox 1880 1767 3478 1851">
    <p class='ocr_par' dir='ltr' id='par_1_75' title="bbox 1880 1767 3478 1851">
     <span class='ocr_line' id='line_1_76' title="bbox 1880 1767 3478 1851; baseline 0.011 -27"><span class='ocrx_word' id='word_1_486' title='bbox 1880 1767 2071 1825; x_wconf 80' lang='lat' dir='ltr'><strong>XXIII.</strong></span> <span class='ocrx_word' id='word_1_487' title='bbox 2116 1771 2194 1826; x_wconf 86' lang='lat' dir='ltr'><strong>De</strong></span> <span class='ocrx_word' id='word_1_488' title='bbox 2221 1774 2301 1828; x_wconf 82' lang='lat' dir='ltr'><strong>his</strong></span> <span class='ocrx_word' id='word_1_489' title='bbox 2345 1775 2435 1846; x_wconf 89' lang='lat' dir='ltr'><strong>qui</strong></span> <span class='ocrx_word' id='word_1_490' title='bbox 2473 1776 2914 1851; x_wconf 60' lang='lat' dir='ltr'><strong>apudlugreticos</strong></span> <span class='ocrx_word' id='word_1_491' title='bbox 2958 1781 3305 1851; x_wconf 75' lang='lat' dir='ltr'><strong>ptenitenliam</strong></span> <span class='ocrx_word' id='word_1_492' title='bbox 3334 1801 3478 1841; x_wconf 68' lang='lat' dir='ltr'><strong>acce«</strong></span> 
     </span>
    </p>
   </div>
   <div class='ocr_carea' id='block_1_76' title="bbox 1801 1834 3293 1923">
    <p class='ocr_par' dir='ltr' id='par_1_76' title="bbox 1801 1834 3293 1923">
     <span class='ocr_line' id='line_1_77' title="bbox 1801 1834 3293 1923; baseline 0.014 -34"><span class='ocrx_word' id='word_1_493' title='bbox 1801 1834 1871 1895; x_wconf 78' lang='lat' dir='ltr'><strong>B~</strong></span> <span class='ocrx_word' id='word_1_494' title='bbox 2060 1854 2245 1914; x_wconf 85' lang='lat' dir='ltr'><strong>perunt</strong></span> <span class='ocrx_word' id='word_1_495' title='bbox 2287 1834 2542 1915; x_wconf 68' lang='lat' dir='ltr'><strong>quomodo</strong></span> <span class='ocrx_word' id='word_1_496' title='bbox 2578 1848 2642 1902; x_wconf 87' lang='lat' dir='ltr'><strong>ab</strong></span> <span class='ocrx_word' id='word_1_497' title='bbox 2687 1848 2919 1904; x_wconf 85' lang='lat' dir='ltr'><strong>Ecclesia</strong></span> <span class='ocrx_word' id='word_1_498' title='bbox 2956 1834 3293 1923; x_wconf 62' lang='lat' dir='ltr'><strong>recipiantur.</strong></span> 
     </span>
    </p>
   </div>
   <div class='ocr_carea' id='block_1_77' title="bbox 1945 1929 3474 2008">
    <p class='ocr_par' dir='ltr' id='par_1_77' title="bbox 1945 1929 3474 2008">
     <span class='ocr_line' id='line_1_78' title="bbox 1945 1929 3474 2008; baseline 0.012 -21"><span class='ocrx_word' id='word_1_499' title='bbox 1945 1929 2177 2005; x_wconf 90' lang='lat' dir='ltr'><strong>Placuit,</strong></span> <span class='ocrx_word' id='word_1_500' title='bbox 2211 1945 2267 1992; x_wconf 93' lang='lat' dir='ltr'><strong>ut</strong></span> <span class='ocrx_word' id='word_1_501' title='bbox 2309 1937 2616 2008; x_wconf 82' lang='lat' dir='ltr'><strong>quicunque</strong></span> <span class='ocrx_word' id='word_1_502' title='bbox 2644 1954 2940 1999; x_wconf 87' lang='lat' dir='ltr'><strong>conversus</strong></span> <span class='ocrx_word' id='word_1_503' title='bbox 2970 1945 3039 1998; x_wconf 88' lang='lat' dir='ltr'><strong>ab</strong></span> <span class='ocrx_word' id='word_1_504' title='bbox 3091 1945 3360 2003; x_wconf 67' lang='lat' dir='ltr'><strong>haereticis</strong></span> <span class='ocrx_word' id='word_1_505' title='bbox 3388 1949 3474 2004; x_wconf 88' lang='lat' dir='ltr'><strong>di-</strong></span> 
     </span>
    </p>
   </div>
   <div class='ocr_carea' id='block_1_78' title="bbox 1874 2028 3470 2113">
    <p class='ocr_par' dir='ltr' id='par_1_78' title="bbox 1874 2028 3470 2113">
     <span class='ocr_line' id='line_1_79' title="bbox 1874 2028 3470 2113; baseline 0.013 -33"><span class='ocrx_word' id='word_1_506' title='bbox 1874 2028 2014 2081; x_wconf 79' lang='lat' dir='ltr'><strong>xerit</strong></span> <span class='ocrx_word' id='word_1_507' title='bbox 2043 2043 2101 2083; x_wconf 90' lang='lat' dir='ltr'><strong>se</strong></span> <span class='ocrx_word' id='word_1_508' title='bbox 2141 2030 2282 2098; x_wconf 89' lang='lat' dir='ltr'><strong>apud</strong></span> <span class='ocrx_word' id='word_1_509' title='bbox 2310 2045 2405 2086; x_wconf 86' lang='lat' dir='ltr'><strong>eos</strong></span> <span class='ocrx_word' id='word_1_510' title='bbox 2436 2034 2808 2101; x_wconf 70' lang='lat' dir='ltr'><strong>paenitentiam</strong></span> <span class='ocrx_word' id='word_1_511' title='bbox 2852 2038 3148 2107; x_wconf 85' lang='lat' dir='ltr'><strong>accepisse,</strong></span> <span class='ocrx_word' id='word_1_512' title='bbox 3180 2043 3470 2113; x_wconf 80' lang='lat' dir='ltr'><strong>unusquis-</strong></span> 
     </span>
    </p>
   </div>
   <div class='ocr_carea' id='block_1_79' title="bbox 1874 2117 3475 2204">
    <p class='ocr_par' dir='ltr' id='par_1_79' title="bbox 1874 2117 3475 2204">
     <span class='ocr_line' id='line_1_80' title="bbox 1874 2117 3475 2204; baseline 0.013 -35"><span class='ocrx_word' id='word_1_513' title='bbox 1874 2130 1980 2185; x_wconf 92' lang='lat' dir='ltr'><strong>que</strong></span> <span class='ocrx_word' id='word_1_514' title='bbox 2021 2117 2320 2175; x_wconf 90' lang='lat' dir='ltr'><strong>catholicus</strong></span> <span class='ocrx_word' id='word_1_515' title='bbox 2374 2123 2660 2194; x_wconf 90' lang='lat' dir='ltr'><strong>episcopus</strong></span> <span class='ocrx_word' id='word_1_516' title='bbox 2703 2128 2940 2196; x_wconf 90' lang='lat' dir='ltr'><strong>requirat</strong></span> <span class='ocrx_word' id='word_1_517' title='bbox 2990 2130 3078 2184; x_wconf 92' lang='lat' dir='ltr'><strong>ubi</strong></span> <span class='ocrx_word' id='word_1_518' title='bbox 3119 2141 3173 2185; x_wconf 90' lang='lat' dir='ltr'><strong>et</strong></span> <span class='ocrx_word' id='word_1_519' title='bbox 3198 2133 3269 2187; x_wconf 91' lang='lat' dir='ltr'><strong>ob</strong></span> <span class='ocrx_word' id='word_1_520' title='bbox 3314 2149 3475 2204; x_wconf 89' lang='lat' dir='ltr'><strong>quam</strong></span> 
     </span>
    </p>
   </div>
   <div class='ocr_carea' id='block_1_80' title="bbox 1875 2210 3475 2287">
    <p class='ocr_par' dir='ltr' id='par_1_80' title="bbox 1875 2210 3475 2287">
     <span class='ocr_line' id='line_1_81' title="bbox 1875 2210 3475 2287; baseline 0.013 -27"><span class='ocrx_word' id='word_1_521' title='bbox 1875 2219 2093 2262; x_wconf 84' lang='lat' dir='ltr'><strong>causam</strong></span> <span class='ocrx_word' id='word_1_522' title='bbox 2119 2210 2259 2278; x_wconf 88' lang='lat' dir='ltr'><strong>apud</strong></span> <span class='ocrx_word' id='word_1_523' title='bbox 2290 2212 2509 2267; x_wconf 90' lang='lat' dir='ltr'><strong>eosdem</strong></span> <span class='ocrx_word' id='word_1_524' title='bbox 2553 2214 2840 2271; x_wconf 76' lang='lat' dir='ltr'><strong>luereticos</strong></span> <span class='ocrx_word' id='word_1_525' title='bbox 2867 2220 3240 2287; x_wconf 78' lang='lat' dir='ltr'><strong>ptenitentiam</strong></span> <span class='ocrx_word' id='word_1_526' title='bbox 3288 2237 3475 2280; x_wconf 84' lang='lat' dir='ltr'><strong>susce-</strong></span> 
     </span>
    </p>
   </div>
   <div class='ocr_carea' id='block_1_81' title="bbox 1874 2298 3472 2385">
    <p class='ocr_par' dir='ltr' id='par_1_81' title="bbox 1874 2298 3472 2385">
     <span class='ocr_line' id='line_1_82' title="bbox 1874 2298 3472 2385; baseline 0.011 -33"><span class='ocrx_word' id='word_1_527' title='bbox 1874 2298 2036 2368; x_wconf 88' lang='lat' dir='ltr'><strong>perit,</strong></span> <span class='ocrx_word' id='word_1_528' title='bbox 2066 2309 2120 2355; x_wconf 90' lang='lat' dir='ltr'><strong>ut</strong></span> <span class='ocrx_word' id='word_1_529' title='bbox 2150 2315 2272 2356; x_wconf 92' lang='lat' dir='ltr'><strong>cum</strong></span> <span class='ocrx_word' id='word_1_530' title='bbox 2303 2302 2466 2358; x_wconf 86' lang='lat' dir='ltr'><strong>certis</strong></span> <span class='ocrx_word' id='word_1_531' title='bbox 2503 2303 2841 2362; x_wconf 84' lang='lat' dir='ltr'><strong>documentis</strong></span> <span class='ocrx_word' id='word_1_532' title='bbox 2873 2309 2977 2364; x_wconf 92' lang='lat' dir='ltr'><strong>hoc</strong></span> <span class='ocrx_word' id='word_1_533' title='bbox 3012 2309 3187 2379; x_wconf 89' lang='lat' dir='ltr'><strong>ipsum</strong></span> <span class='ocrx_word' id='word_1_534' title='bbox 3228 2312 3333 2368; x_wconf 91' lang='lat' dir='ltr'><strong>sibi</strong></span> <span class='ocrx_word' id='word_1_535' title='bbox 3374 2328 3472 2385; x_wconf 88' lang='lat' dir='ltr'><strong>ap-</strong></span> 
     </span>
    </p>
   </div>
   <div class='ocr_carea' id='block_1_82' title="bbox 1873 2391 3514 2477">
    <p class='ocr_par' dir='ltr' id='par_1_82' title="bbox 1873 2391 3514 2477">
     <span class='ocr_line' id='line_1_83' title="bbox 1873 2391 3514 2477; baseline 0.011 -31"><span class='ocrx_word' id='word_1_536' title='bbox 1873 2391 2201 2460; x_wconf 85' lang='lat' dir='ltr'><strong>probaverit.</strong></span> <span class='ocrx_word' id='word_1_537' title='bbox 2229 2410 2326 2465; x_wconf 89' lang='lat' dir='ltr'><strong>pro</strong></span> <span class='ocrx_word' id='word_1_538' title='bbox 2355 2396 2615 2466; x_wconf 80' lang='lat' dir='ltr'><strong>qualitate</strong></span> <span class='ocrx_word' id='word_1_539' title='bbox 2643 2399 2872 2468; x_wconf 88' lang='lat' dir='ltr'><strong>peccati,</strong></span> <span class='ocrx_word' id='word_1_540' title='bbox 2925 2401 3068 2457; x_wconf 85' lang='lat' dir='ltr'><strong>sicut</strong></span> <span class='ocrx_word' id='word_1_541' title='bbox 3125 2404 3304 2461; x_wconf 91' lang='lat' dir='ltr'><strong>eidem</strong></span> <span class='ocrx_word' id='word_1_542' title='bbox 3357 2409 3474 2477; x_wconf 83' lang='lat' dir='ltr'><strong>epi-</strong></span> <span class='ocrx_word' id='word_1_543' title='bbox 3504 2441 3514 2452; x_wconf 89' lang='lat'><strong>-</strong></span> 
     </span>
    </p>
   </div>
   <div class='ocr_carea' id='block_1_83' title="bbox 1871 2484 3473 2563">
    <p class='ocr_par' dir='ltr' id='par_1_83' title="bbox 1871 2484 3473 2563">
     <span class='ocr_line' id='line_1_84' title="bbox 1871 2484 3473 2563; baseline 0.011 -25"><span class='ocrx_word' id='word_1_544' title='bbox 1871 2496 2039 2552; x_wconf 90' lang='lat' dir='ltr'><strong>scopo</strong></span> <span class='ocrx_word' id='word_1_545' title='bbox 2067 2484 2333 2541; x_wconf 87' lang='lat' dir='ltr'><strong>catholico</strong></span> <span class='ocrx_word' id='word_1_546' title='bbox 2363 2486 2538 2543; x_wconf 89' lang='lat' dir='ltr'><strong>visum</strong></span> <span class='ocrx_word' id='word_1_547' title='bbox 2567 2487 2750 2560; x_wconf 86' lang='lat' dir='ltr'><strong>fuerit,</strong></span> <span class='ocrx_word' id='word_1_548' title='bbox 2785 2500 2996 2563; x_wconf 89' lang='lat' dir='ltr'><strong>tempus</strong></span> <span class='ocrx_word' id='word_1_549' title='bbox 3020 2494 3355 2563; x_wconf 78' lang='lat' dir='ltr'><strong>ptenitentize</strong></span> <span class='ocrx_word' id='word_1_550' title='bbox 3384 2499 3473 2555; x_wconf 87' lang='lat' dir='ltr'><strong>vel</strong></span> 
     </span>
    </p>
   </div>
   <div class='ocr_carea' id='block_1_84' title="bbox 1871 2577 2645 2637">
    <p class='ocr_par' dir='ltr' id='par_1_84' title="bbox 1871 2577 2645 2637">
     <span class='ocr_line' id='line_1_85' title="bbox 1871 2577 2645 2637; baseline 0.013 -9"><span class='ocrx_word' id='word_1_551' title='bbox 1871 2577 2331 2635; x_wconf 87' lang='lat' dir='ltr'><strong>reconciliationis</strong></span> <span class='ocrx_word' id='word_1_552' title='bbox 2368 2580 2645 2637; x_wconf 87' lang='lat' dir='ltr'><strong>decernat.</strong></span> 
     </span>
    </p>
   </div>
   <div class='ocr_carea' id='block_1_85' title="bbox 1906 2684 3467 2765">
    <p class='ocr_par' dir='ltr' id='par_1_85' title="bbox 1906 2684 3467 2765">
     <span class='ocr_line' id='line_1_86' title="bbox 1906 2684 3467 2765; baseline 0.011 -25"><span class='ocrx_word' id='word_1_553' title='bbox 1906 2684 2097 2742; x_wconf 78' lang='lat' dir='ltr'><strong>XXIV.</strong></span> <span class='ocrx_word' id='word_1_554' title='bbox 2127 2687 2207 2743; x_wconf 85' lang='lat' dir='ltr'><strong>De</strong></span> <span class='ocrx_word' id='word_1_555' title='bbox 2225 2689 2480 2761; x_wconf 78' lang='lat' dir='ltr'><strong>episcOpis</strong></span> <span class='ocrx_word' id='word_1_556' title='bbox 2507 2692 2880 2765; x_wconf 77' lang='lat' dir='ltr'><strong>negligentibus</strong></span> <span class='ocrx_word' id='word_1_557' title='bbox 2908 2696 3152 2753; x_wconf 83' lang='lat' dir='ltr'><strong>adversus</strong></span> <span class='ocrx_word' id='word_1_558' title='bbox 3182 2698 3467 2757; x_wconf 67' lang='lat' dir='ltr'><strong>haereticos.</strong></span> 
     </span>
    </p>
   </div>
   <div class='ocr_carea' id='block_1_86' title="bbox 1940 2798 3467 2881">
    <p class='ocr_par' dir='ltr' id='par_1_86' title="bbox 1940 2798 3467 2881">
     <span class='ocr_line' id='line_1_87' title="bbox 1940 2798 3467 2881; baseline 0.011 -27"><span class='ocrx_word' id='word_1_559' title='bbox 1940 2798 2072 2856; x_wconf 85' lang='lat' dir='ltr'><strong>Item</strong></span> <span class='ocrx_word' id='word_1_560' title='bbox 2106 2801 2325 2871; x_wconf 88' lang='lat' dir='ltr'><strong>placuit,</strong></span> <span class='ocrx_word' id='word_1_561' title='bbox 2352 2814 2412 2860; x_wconf 90' lang='lat' dir='ltr'><strong>ut</strong></span> <span class='ocrx_word' id='word_1_562' title='bbox 2435 2807 2743 2878; x_wconf 86' lang='lat' dir='ltr'><strong>quicunque</strong></span> <span class='ocrx_word' id='word_1_563' title='bbox 2777 2810 3050 2881; x_wconf 90' lang='lat' dir='ltr'><strong>negligunt</strong></span> <span class='ocrx_word' id='word_1_564' title='bbox 3078 2813 3194 2869; x_wconf 92' lang='lat' dir='ltr'><strong>loca</strong></span> <span class='ocrx_word' id='word_1_565' title='bbox 3216 2813 3287 2871; x_wconf 88' lang='lat' dir='ltr'><strong>ad</strong></span> <span class='ocrx_word' id='word_1_566' title='bbox 3314 2828 3467 2871; x_wconf 89' lang='lat' dir='ltr'><strong>suam</strong></span> 
     </span>
    </p>
   </div>
   <div class='ocr_carea' id='block_1_87' title="bbox 1868 2896 3471 2968">
    <p class='ocr_par' dir='ltr' id='par_1_87' title="bbox 1868 2896 3471 2968">
     <span class='ocr_line' id='line_1_88' title="bbox 1868 2896 3471 2968; baseline 0.01 -19"><span class='ocrx_word' id='word_1_567' title='bbox 1868 2896 2183 2952; x_wconf 87' lang='lat' dir='ltr'><strong>cathedram</strong></span> <span class='ocrx_word' id='word_1_568' title='bbox 2234 2900 2556 2968; x_wconf 89' lang='lat' dir='ltr'><strong>pertinentia</strong></span> <span class='ocrx_word' id='word_1_569' title='bbox 2606 2901 2686 2963; x_wconf 84' lang='lat' dir='ltr'><strong>in.</strong></span> <span class='ocrx_word' id='word_1_570' title='bbox 2714 2904 3033 2961; x_wconf 87' lang='lat' dir='ltr'><strong>catholicam</strong></span> <span class='ocrx_word' id='word_1_571' title='bbox 3081 2908 3340 2964; x_wconf 89' lang='lat' dir='ltr'><strong>unitatem</strong></span> <span class='ocrx_word' id='word_1_572' title='bbox 3388 2909 3471 2965; x_wconf 84' lang='lat' dir='ltr'><strong>Iu-</strong></span> 
     </span>
    </p>
   </div>
   <div class='ocr_carea' id='block_1_88' title="bbox 1868 2985 3470 3072">
    <p class='ocr_par' dir='ltr' id='par_1_88' title="bbox 1868 2985 3470 3072">
     <span class='ocr_line' id='line_1_89' title="bbox 1868 2985 3470 3072; baseline 0.008 -26"><span class='ocrx_word' id='word_1_573' title='bbox 1868 2991 2033 3058; x_wconf 89' lang='lat' dir='ltr'><strong>crari,</strong></span> <span class='ocrx_word' id='word_1_574' title='bbox 2069 2993 2458 3047; x_wconf 88' lang='lat' dir='ltr'><strong>conveniantnr</strong></span> <span class='ocrx_word' id='word_1_575' title='bbox 2486 3009 2517 3048; x_wconf 90' lang='lat' dir='ltr'><strong>a</strong></span> <span class='ocrx_word' id='word_1_576' title='bbox 2564 2994 2912 3067; x_wconf 87' lang='lat' dir='ltr'><strong>diligentibus</strong></span> <span class='ocrx_word' id='word_1_577' title='bbox 2963 2985 3153 3055; x_wconf 75' lang='lat' dir='ltr'><strong>vicinis</strong></span> <span class='ocrx_word' id='word_1_578' title='bbox 3198 3002 3470 3072; x_wconf 88' lang='lat' dir='ltr'><strong>episcopis</strong></span> 
     </span>
    </p>
   </div>
   <div class='ocr_carea' id='block_1_89' title="bbox 1870 3082 3469 3161">
    <p class='ocr_par' dir='ltr' id='par_1_89' title="bbox 1870 3082 3469 3161">
     <span class='ocr_line' id='line_1_90' title="bbox 1870 3082 3469 3161; baseline 0.009 -24"><span class='ocrx_word' id='word_1_579' title='bbox 1870 3090 1929 3137; x_wconf 92' lang='lat' dir='ltr'><strong>ut</strong></span> <span class='ocrx_word' id='word_1_580' title='bbox 1958 3082 2011 3139; x_wconf 92' lang='lat' dir='ltr'><strong>id</strong></span> <span class='ocrx_word' id='word_1_581' title='bbox 2037 3098 2196 3154; x_wconf 89' lang='lat' dir='ltr'><strong>agere</strong></span> <span class='ocrx_word' id='word_1_582' title='bbox 2227 3100 2333 3139; x_wconf 88' lang='lat' dir='ltr'><strong>non</strong></span> <span class='ocrx_word' id='word_1_583' title='bbox 2361 3096 2675 3156; x_wconf 87' lang='lat' dir='ltr'><strong>morentur;</strong></span> <span class='ocrx_word' id='word_1_584' title='bbox 2707 3089 2854 3161; x_wconf 93' lang='lat' dir='ltr'><strong>quod</strong></span> <span class='ocrx_word' id='word_1_585' title='bbox 2873 3091 2919 3145; x_wconf 90' lang='lat' dir='ltr'><strong>si</strong></span> <span class='ocrx_word' id='word_1_586' title='bbox 2949 3092 3088 3149; x_wconf 89' lang='lat' dir='ltr'><strong>intra</strong></span> <span class='ocrx_word' id='word_1_587' title='bbox 3118 3108 3214 3150; x_wconf 88' lang='lat' dir='ltr'><strong>sex</strong></span> <span class='ocrx_word' id='word_1_588' title='bbox 3252 3110 3469 3153; x_wconf 91' lang='lat' dir='ltr'><strong>menses</strong></span> 
     </span>
    </p>
   </div>
   <div class='ocr_carea' id='block_1_90' title="bbox 1788 3180 3472 3271">
    <p class='ocr_par' dir='ltr' id='par_1_90' title="bbox 1788 3180 3472 3271">
     <span class='ocr_line' id='line_1_91' title="bbox 1788 3180 3472 3271; baseline 0.008 -37"><span class='ocrx_word' id='word_1_589' title='bbox 1788 3206 1835 3271; x_wconf 67' lang='grc' dir='ltr'>ο</span> <span class='ocrx_word' id='word_1_590' title='bbox 1866 3195 1898 3235; x_wconf 91' lang='lat' dir='ltr'><strong>a</strong></span> <span class='ocrx_word' id='word_1_591' title='bbox 1927 3180 2016 3236; x_wconf 91' lang='lat' dir='ltr'><strong>die</strong></span> <span class='ocrx_word' id='word_1_592' title='bbox 2057 3183 2431 3239; x_wconf 87' lang='lat' dir='ltr'><strong>conventionis</strong></span> <span class='ocrx_word' id='word_1_593' title='bbox 2479 3200 2586 3239; x_wconf 90' lang='lat' dir='ltr'><strong>non</strong></span> <span class='ocrx_word' id='word_1_594' title='bbox 2644 3185 2945 3256; x_wconf 72' lang='lat' dir='ltr'><strong>effecerint,</strong></span> <span class='ocrx_word' id='word_1_595' title='bbox 2980 3190 3072 3259; x_wconf 91' lang='lat' dir='ltr'><strong>qui</strong></span> <span class='ocrx_word' id='word_1_596' title='bbox 3128 3193 3364 3257; x_wconf 88' lang='lat' dir='ltr'><strong>potuerit</strong></span> <span class='ocrx_word' id='word_1_597' title='bbox 3392 3192 3472 3249; x_wconf 82' lang='lat' dir='ltr'><strong>lu-</strong></span> 
     </span>
    </p>
   </div>
   <div class='ocr_carea' id='block_1_91' title="bbox 1863 3274 3467 3351">
    <p class='ocr_par' dir='ltr' id='par_1_91' title="bbox 1863 3274 3467 3351">
     <span class='ocr_line' id='line_1_92' title="bbox 1863 3274 3467 3351; baseline 0.008 -22"><span class='ocrx_word' id='word_1_598' title='bbox 1863 3274 2007 3330; x_wconf 91' lang='lat' dir='ltr'><strong>crari</strong></span> <span class='ocrx_word' id='word_1_599' title='bbox 2037 3289 2101 3331; x_wconf 91' lang='lat' dir='ltr'><strong>ea</strong></span> <span class='ocrx_word' id='word_1_600' title='bbox 2137 3275 2205 3330; x_wconf 85' lang='lat' dir='ltr'><strong>ad</strong></span> <span class='ocrx_word' id='word_1_601' title='bbox 2234 3276 2410 3345; x_wconf 91' lang='lat' dir='ltr'><strong>ipsum</strong></span> <span class='ocrx_word' id='word_1_602' title='bbox 2441 3276 2777 3346; x_wconf 89' lang='lat' dir='ltr'><strong>pertineant;</strong></span> <span class='ocrx_word' id='word_1_603' title='bbox 2809 3281 2883 3335; x_wconf 92' lang='lat' dir='ltr'><strong>ita</strong></span> <span class='ocrx_word' id='word_1_604' title='bbox 2906 3295 3060 3350; x_wconf 89' lang='lat' dir='ltr'><strong>sane,</strong></span> <span class='ocrx_word' id='word_1_605' title='bbox 3092 3291 3150 3338; x_wconf 91' lang='lat' dir='ltr'><strong>ut</strong></span> <span class='ocrx_word' id='word_1_606' title='bbox 3175 3284 3223 3339; x_wconf 89' lang='lat' dir='ltr'><strong>si</strong></span> <span class='ocrx_word' id='word_1_607' title='bbox 3254 3284 3366 3351; x_wconf 91' lang='lat' dir='ltr'><strong>ille,</strong></span> <span class='ocrx_word' id='word_1_608' title='bbox 3397 3287 3467 3343; x_wconf 78' lang='lat' dir='ltr'><strong>ad</strong></span> 
     </span>
    </p>
   </div>
   <div class='ocr_carea' id='block_1_92' title="bbox 1861 3370 3464 3443">
    <p class='ocr_par' dir='ltr' id='par_1_92' title="bbox 1861 3370 3464 3443">
     <span class='ocr_line' id='line_1_93' title="bbox 1861 3370 3464 3443; baseline 0.008 -21"><span class='ocrx_word' id='word_1_609' title='bbox 1861 3381 2021 3439; x_wconf 90' lang='lat' dir='ltr'><strong>quem</strong></span> <span class='ocrx_word' id='word_1_610' title='bbox 2064 3370 2388 3438; x_wconf 87' lang='lat' dir='ltr'><strong>pertinuisse</strong></span> <span class='ocrx_word' id='word_1_611' title='bbox 2418 3370 2756 3440; x_wconf 83' lang='lat' dir='ltr'><strong>videbantur,</strong></span> <span class='ocrx_word' id='word_1_612' title='bbox 2792 3373 3024 3443; x_wconf 87' lang='lat' dir='ltr'><strong>probare</strong></span> <span class='ocrx_word' id='word_1_613' title='bbox 3066 3378 3300 3443; x_wconf 85' lang='lat' dir='ltr'><strong>potuerit</strong></span> <span class='ocrx_word' id='word_1_614' title='bbox 3345 3394 3464 3434; x_wconf 82' lang='lat' dir='ltr'><strong>ma-</strong></span> 
     </span>
    </p>
   </div>
   <div class='ocr_carea' id='block_1_93' title="bbox 1859 3458 3467 3533">
    <p class='ocr_par' dir='ltr' id='par_1_93' title="bbox 1859 3458 3467 3533">
     <span class='ocr_line' id='line_1_94' title="bbox 1859 3458 3467 3533; baseline 0.007 -18"><span class='ocrx_word' id='word_1_615' title='bbox 1859 3458 1943 3529; x_wconf 82' lang='lat' dir='ltr'><strong>gis</strong></span> <span class='ocrx_word' id='word_1_616' title='bbox 1967 3460 2109 3516; x_wconf 92' lang='lat' dir='ltr'><strong>illius</strong></span> <span class='ocrx_word' id='word_1_617' title='bbox 2143 3460 2370 3517; x_wconf 88' lang='lat' dir='ltr'><strong>electam</strong></span> <span class='ocrx_word' id='word_1_618' title='bbox 2401 3462 2781 3533; x_wconf 84' lang='lat' dir='ltr'><strong>negligentiam</strong></span> <span class='ocrx_word' id='word_1_619' title='bbox 2825 3464 2893 3521; x_wconf 88' lang='lat' dir='ltr'><strong>ab</strong></span> <span class='ocrx_word' id='word_1_620' title='bbox 2950 3467 3223 3524; x_wconf 70' lang='lat' dir='ltr'><strong>bmreticis</strong></span> <span class='ocrx_word' id='word_1_621' title='bbox 3260 3478 3318 3525; x_wconf 93' lang='lat' dir='ltr'><strong>ut</strong></span> <span class='ocrx_word' id='word_1_622' title='bbox 3366 3471 3467 3527; x_wconf 91' lang='lat' dir='ltr'><strong>im-</strong></span> 
     </span>
    </p>
   </div>
   <div class='ocr_carea' id='block_1_94' title="bbox 1860 3551 3463 3633">
    <p class='ocr_par' dir='ltr' id='par_1_94' title="bbox 1860 3551 3463 3633">
     <span class='ocr_line' id='line_1_95' title="bbox 1860 3551 3463 3633; baseline 0.011 -28"><span class='ocrx_word' id='word_1_623' title='bbox 1860 3566 2005 3621; x_wconf 90' lang='lat' dir='ltr'><strong>pune</strong></span> <span class='ocrx_word' id='word_1_624' title='bbox 2033 3551 2109 3609; x_wconf 92' lang='lat' dir='ltr'><strong>ibi</strong></span> <span class='ocrx_word' id='word_1_625' title='bbox 2137 3554 2267 3618; x_wconf 89' lang='lat' dir='ltr'><strong>sint,</strong></span> <span class='ocrx_word' id='word_1_626' title='bbox 2298 3565 2353 3610; x_wconf 90' lang='lat' dir='ltr'><strong>et</strong></span> <span class='ocrx_word' id='word_1_627' title='bbox 2379 3569 2530 3611; x_wconf 92' lang='lat' dir='ltr'><strong>suam</strong></span> <span class='ocrx_word' id='word_1_628' title='bbox 2561 3556 2892 3627; x_wconf 89' lang='lat' dir='ltr'><strong>diligentiam</strong></span> <span class='ocrx_word' id='word_1_629' title='bbox 2937 3559 3106 3618; x_wconf 87' lang='lat' dir='ltr'><strong>fuisse</strong></span> <span class='ocrx_word' id='word_1_630' title='bbox 3136 3573 3463 3633; x_wconf 63' lang='lat' dir='ltr'><strong>praeventam</strong></span> 
     </span>
    </p>
   </div>
   <div class='ocr_carea' id='block_1_95' title="bbox 1861 3647 3465 3722">
    <p class='ocr_par' dir='ltr' id='par_1_95' title="bbox 1861 3647 3465 3722">
     <span class='ocr_line' id='line_1_96' title="bbox 1861 3647 3465 3722; baseline 0.01 -22"><span class='ocrx_word' id='word_1_631' title='bbox 1861 3654 1920 3700; x_wconf 91' lang='lat' dir='ltr'><strong>ut</strong></span> <span class='ocrx_word' id='word_1_632' title='bbox 1959 3661 2027 3702; x_wconf 91' lang='lat' dir='ltr'><strong>eo</strong></span> <span class='ocrx_word' id='word_1_633' title='bbox 2072 3648 2234 3703; x_wconf 91' lang='lat' dir='ltr'><strong>modo</strong></span> <span class='ocrx_word' id='word_1_634' title='bbox 2257 3647 2376 3718; x_wconf 89' lang='lat' dir='ltr'><strong>ejus</strong></span> <span class='ocrx_word' id='word_1_635' title='bbox 2404 3664 2533 3705; x_wconf 90' lang='lat' dir='ltr'><strong>cura</strong></span> <span class='ocrx_word' id='word_1_636' title='bbox 2564 3652 2847 3709; x_wconf 90' lang='lat' dir='ltr'><strong>sollicitior</strong></span> <span class='ocrx_word' id='word_1_637' title='bbox 2893 3654 3172 3722; x_wconf 86' lang='lat' dir='ltr'><strong>vitaretur,</strong></span> <span class='ocrx_word' id='word_1_638' title='bbox 3204 3672 3327 3713; x_wconf 92' lang='lat' dir='ltr'><strong>cum</strong></span> <span class='ocrx_word' id='word_1_639' title='bbox 3363 3659 3465 3716; x_wconf 90' lang='lat' dir='ltr'><strong>hoc</strong></span> 
     </span>
    </p>
   </div>
   <div class='ocr_carea' id='block_1_96' title="bbox 1855 3738 3459 3815">
    <p class='ocr_par' dir='ltr' id='par_1_96' title="bbox 1855 3738 3459 3815">
     <span class='ocr_line' id='line_1_97' title="bbox 1855 3738 3459 3815; baseline 0.009 -23"><span class='ocrx_word' id='word_1_640' title='bbox 1855 3738 2063 3809; x_wconf 89' lang='lat' dir='ltr'><strong>iudices</strong></span> <span class='ocrx_word' id='word_1_641' title='bbox 2113 3742 2355 3814; x_wconf 78' lang='lat' dir='ltr'><strong>episcOpi</strong></span> <span class='ocrx_word' id='word_1_642' title='bbox 2410 3745 2781 3815; x_wconf 90' lang='lat' dir='ltr'><strong>cognoverint,</strong></span> <span class='ocrx_word' id='word_1_643' title='bbox 2842 3762 2954 3803; x_wconf 79' lang='lat' dir='ltr'><strong>sua:</strong></span> <span class='ocrx_word' id='word_1_644' title='bbox 3014 3751 3287 3807; x_wconf 71' lang='lat' dir='ltr'><strong>cathedra:</strong></span> <span class='ocrx_word' id='word_1_645' title='bbox 3342 3753 3459 3808; x_wconf 77' lang='lat' dir='ltr'><strong>lth&#39;l</strong></span> 
     </span>
    </p>
   </div>
   <div class='ocr_carea' id='block_1_97' title="bbox 1858 3838 3458 3913">
    <p class='ocr_par' dir='ltr' id='par_1_97' title="bbox 1858 3838 3458 3913">
     <span class='ocr_line' id='line_1_98' title="bbox 1858 3838 3458 3913; baseline 0.008 -21"><span class='ocrx_word' id='word_1_646' title='bbox 1858 3838 2168 3894; x_wconf 85' lang='lat' dir='ltr'><strong>restituant.</strong></span> <span class='ocrx_word' id='word_1_647' title='bbox 2202 3840 2347 3895; x_wconf 76' lang='lat' dir='ltr'><strong>Sane</strong></span> <span class='ocrx_word' id='word_1_648' title='bbox 2389 3843 2436 3896; x_wconf 90' lang='lat' dir='ltr'><strong>si</strong></span> <span class='ocrx_word' id='word_1_649' title='bbox 2466 3842 2707 3913; x_wconf 89' lang='lat' dir='ltr'><strong>episcopi</strong></span> <span class='ocrx_word' id='word_1_650' title='bbox 2737 3844 2878 3898; x_wconf 88' lang='lat' dir='ltr'><strong>inter</strong></span> <span class='ocrx_word' id='word_1_651' title='bbox 2908 3860 3044 3913; x_wconf 89' lang='lat' dir='ltr'><strong>quos</strong></span> <span class='ocrx_word' id='word_1_652' title='bbox 3087 3860 3246 3903; x_wconf 89' lang='lat' dir='ltr'><strong>causa</strong></span> <span class='ocrx_word' id='word_1_653' title='bbox 3276 3862 3458 3904; x_wconf 82' lang='lat' dir='ltr'><strong>versa-</strong></span> 
     </span>
    </p>
   </div>
   <div class='ocr_carea' id='block_1_98' title="bbox 1859 3932 3458 4010">
    <p class='ocr_par' dir='ltr' id='par_1_98' title="bbox 1859 3932 3458 4010">
     <span class='ocr_line' id='line_1_99' title="bbox 1859 3932 3458 4010; baseline 0.009 -26"><span class='ocrx_word' id='word_1_654' title='bbox 1859 3937 1947 3985; x_wconf 88' lang='lat' dir='ltr'><strong>tur</strong></span> <span class='ocrx_word' id='word_1_655' title='bbox 1973 3932 2309 3989; x_wconf 87' lang='lat' dir='ltr'><strong>diversarum</strong></span> <span class='ocrx_word' id='word_1_656' title='bbox 2340 3946 2465 3991; x_wconf 90' lang='lat' dir='ltr'><strong>sunt</strong></span> <span class='ocrx_word' id='word_1_657' title='bbox 2507 3936 2925 4005; x_wconf 88' lang='lat' dir='ltr'><strong>provinciarum,</strong></span> <span class='ocrx_word' id='word_1_658' title='bbox 2956 3939 3045 3993; x_wconf 90' lang='lat' dir='ltr'><strong>ille</strong></span> <span class='ocrx_word' id='word_1_659' title='bbox 3074 3941 3335 4010; x_wconf 85' lang='lat' dir='ltr'><strong>primatus</strong></span> <span class='ocrx_word' id='word_1_660' title='bbox 3363 3941 3458 3998; x_wconf 88' lang='lat' dir='ltr'><strong>det</strong></span> 
     </span>
    </p>
   </div>
   <div class='ocr_carea' id='block_1_99' title="bbox 1854 4020 3455 4099">
    <p class='ocr_par' dir='ltr' id='par_1_99' title="bbox 1854 4020 3455 4099">
     <span class='ocr_line' id='line_1_100' title="bbox 1854 4020 3455 4099; baseline 0.007 -24"><span class='ocrx_word' id='word_1_661' title='bbox 1854 4020 2062 4092; x_wconf 90' lang='lat' dir='ltr'><strong>iudices</strong></span> <span class='ocrx_word' id='word_1_662' title='bbox 2095 4024 2216 4097; x_wconf 90' lang='lat' dir='ltr'><strong>[U.,</strong></span> <span class='ocrx_word' id='word_1_663' title='bbox 2245 4024 2334 4091; x_wconf 88' lang='lat' dir='ltr'><strong>B.,</strong></span> <span class='ocrx_word' id='word_1_664' title='bbox 2365 4026 2675 4099; x_wconf 88' lang='lat' dir='ltr'><strong>dejudicet],</strong></span> <span class='ocrx_word' id='word_1_665' title='bbox 2700 4029 2753 4083; x_wconf 91' lang='lat' dir='ltr'><strong>in</strong></span> <span class='ocrx_word' id='word_1_666' title='bbox 2782 4029 2936 4099; x_wconf 87' lang='lat' dir='ltr'><strong>cujus</strong></span> <span class='ocrx_word' id='word_1_667' title='bbox 2975 4030 3247 4098; x_wconf 89' lang='lat' dir='ltr'><strong>provincia</strong></span> <span class='ocrx_word' id='word_1_668' title='bbox 3277 4033 3455 4087; x_wconf 86' lang='lat' dir='ltr'><strong>estlo-</strong></span> 
     </span>
    </p>
   </div>
   <div class='ocr_carea' id='block_1_100' title="bbox 1857 4116 3457 4193">
    <p class='ocr_par' dir='ltr' id='par_1_100' title="bbox 1857 4116 3457 4193">
     <span class='ocr_line' id='line_1_101' title="bbox 1857 4116 3457 4193; baseline 0.006 -24"><span class='ocrx_word' id='word_1_669' title='bbox 1857 4128 1954 4169; x_wconf 89' lang='lat' dir='ltr'><strong>cus</strong></span> <span class='ocrx_word' id='word_1_670' title='bbox 1978 4116 2168 4185; x_wconf 91' lang='lat' dir='ltr'><strong>dequo</strong></span> <span class='ocrx_word' id='word_1_671' title='bbox 2188 4120 2563 4172; x_wconf 87' lang='lat' dir='ltr'><strong>contenditur:</strong></span> <span class='ocrx_word' id='word_1_672' title='bbox 2594 4120 2639 4172; x_wconf 90' lang='lat' dir='ltr'><strong>si</strong></span> <span class='ocrx_word' id='word_1_673' title='bbox 2665 4130 2841 4174; x_wconf 87' lang='lat' dir='ltr'><strong>autem</strong></span> <span class='ocrx_word' id='word_1_674' title='bbox 2871 4135 2935 4175; x_wconf 90' lang='lat' dir='ltr'><strong>ex</strong></span> <span class='ocrx_word' id='word_1_675' title='bbox 2964 4123 3237 4177; x_wconf 86' lang='lat' dir='ltr'><strong>communi</strong></span> <span class='ocrx_word' id='word_1_676' title='bbox 3254 4124 3457 4193; x_wconf 88' lang='lat' dir='ltr'><strong>placito</strong></span> 
     </span>
    </p>
   </div>
   <div class='ocr_carea' id='block_1_101' title="bbox 1855 4206 3449 4287">
    <p class='ocr_par' dir='ltr' id='par_1_101' title="bbox 1855 4206 3449 4287">
     <span class='ocr_line' id='line_1_102' title="bbox 1855 4206 3449 4287; baseline 0.009 -26"><span class='ocrx_word' id='word_1_677' title='bbox 1855 4206 2063 4262; x_wconf 88' lang='lat' dir='ltr'><strong>vicinos</strong></span> <span class='ocrx_word' id='word_1_678' title='bbox 2081 4207 2292 4277; x_wconf 90' lang='lat' dir='ltr'><strong>iudices</strong></span> <span class='ocrx_word' id='word_1_679' title='bbox 2324 4209 2608 4280; x_wconf 87' lang='lat' dir='ltr'><strong>elegerint,</strong></span> <span class='ocrx_word' id='word_1_680' title='bbox 2630 4222 2721 4266; x_wconf 88' lang='lat' dir='ltr'><strong>aut</strong></span> <span class='ocrx_word' id='word_1_681' title='bbox 2748 4228 2884 4268; x_wconf 92' lang='lat' dir='ltr'><strong>unus</strong></span> <span class='ocrx_word' id='word_1_682' title='bbox 2915 4214 3140 4284; x_wconf 84' lang='lat' dir='ltr'><strong>eligatur</strong></span> <span class='ocrx_word' id='word_1_683' title='bbox 3175 4226 3268 4271; x_wconf 90' lang='lat' dir='ltr'><strong>aut</strong></span> <span class='ocrx_word' id='word_1_684' title='bbox 3315 4228 3449 4287; x_wconf 89' lang='lat' dir='ltr'><strong>tres,</strong></span> 
     </span>
    </p>
   </div>
   <div class='ocr_carea' id='block_1_102' title="bbox 1854 4301 3456 4383">
    <p class='ocr_par' dir='ltr' id='par_1_102' title="bbox 1854 4301 3456 4383">
     <span class='ocr_line' id='line_1_103' title="bbox 1854 4301 3456 4383; baseline 0.008 -27"><span class='ocrx_word' id='word_1_685' title='bbox 1854 4301 1983 4357; x_wconf 86' lang='lat' dir='ltr'><strong>utsi</strong></span> <span class='ocrx_word' id='word_1_686' title='bbox 2008 4311 2118 4357; x_wconf 88' lang='lat' dir='ltr'><strong>tres</strong></span> <span class='ocrx_word' id='word_1_687' title='bbox 2138 4302 2403 4371; x_wconf 78' lang='lat' dir='ltr'><strong>elegerint</strong></span> <span class='ocrx_word' id='word_1_688' title='bbox 2425 4305 2770 4361; x_wconf 89' lang='lat' dir='ltr'><strong>automnium</strong></span> <span class='ocrx_word' id='word_1_689' title='bbox 2802 4309 3121 4364; x_wconf 86' lang='lat' dir='ltr'><strong>sententiam</strong></span> <span class='ocrx_word' id='word_1_690' title='bbox 3152 4319 3178 4348; x_wconf 74' lang='grc'>⁸</span> <span class='ocrx_word' id='word_1_691' title='bbox 3199 4324 3456 4383; x_wconf 88' lang='lat' dir='ltr'><strong>sequatur</strong></span> 
     </span>
    </p>
   </div>
   <div class='ocr_carea' id='block_1_103' title="bbox 1853 4397 3452 4473">
    <p class='ocr_par' dir='ltr' id='par_1_103' title="bbox 1853 4397 3452 4473">
     <span class='ocr_line' id='line_1_104' title="bbox 1853 4397 3452 4473; baseline 0.007 -23"><span class='ocrx_word' id='word_1_692' title='bbox 1853 4405 1946 4451; x_wconf 90' lang='lat' dir='ltr'><strong>aut</strong></span> <span class='ocrx_word' id='word_1_693' title='bbox 1998 4397 2260 4465; x_wconf 90' lang='lat' dir='ltr'><strong>duorum;</strong></span> <span class='ocrx_word' id='word_1_694' title='bbox 2317 4412 2345 4451; x_wconf 91' lang='lat' dir='ltr'><strong>a</strong></span> <span class='ocrx_word' id='word_1_695' title='bbox 2393 4398 2667 4469; x_wconf 88' lang='lat' dir='ltr'><strong>iudicibus</strong></span> <span class='ocrx_word' id='word_1_696' title='bbox 2725 4409 2904 4456; x_wconf 86' lang='lat' dir='ltr'><strong>autem</strong></span> <span class='ocrx_word' id='word_1_697' title='bbox 2961 4418 3097 4473; x_wconf 86' lang='lat' dir='ltr'><strong>quos</strong></span> <span class='ocrx_word' id='word_1_698' title='bbox 3153 4408 3452 4462; x_wconf 90' lang='lat' dir='ltr'><strong>communis</strong></span> 
     </span>
    </p>
   </div>
   <div class='ocr_carea' id='block_1_104' title="bbox 1852 4489 3452 4570">
    <p class='ocr_par' dir='ltr' id='par_1_104' title="bbox 1852 4489 3452 4570">
     <span class='ocr_line' id='line_1_105' title="bbox 1852 4489 3452 4570; baseline 0.009 -28"><span class='ocrx_word' id='word_1_699' title='bbox 1852 4502 2151 4544; x_wconf 90' lang='lat' dir='ltr'><strong>consensus</strong></span> <span class='ocrx_word' id='word_1_700' title='bbox 2176 4489 2405 4561; x_wconf 76' lang='lat' dir='ltr'><strong>elegerit</strong></span> <span class='ocrx_word' id='word_1_701' title='bbox 2434 4506 2539 4547; x_wconf 92' lang='lat' dir='ltr'><strong>non</strong></span> <span class='ocrx_word' id='word_1_702' title='bbox 2565 4493 2723 4547; x_wconf 88' lang='lat' dir='ltr'><strong>liceat</strong></span> <span class='ocrx_word' id='word_1_703' title='bbox 2770 4510 3061 4563; x_wconf 87' lang='lat' dir='ltr'><strong>provocare</strong></span> <span class='ocrx_word' id='word_1_704' title='bbox 3088 4514 3099 4549; x_wconf 92' lang='lat'><strong>:</strong></span> <span class='ocrx_word' id='word_1_705' title='bbox 3131 4506 3185 4552; x_wconf 93' lang='lat' dir='ltr'><strong>et</strong></span> <span class='ocrx_word' id='word_1_706' title='bbox 3214 4499 3452 4570; x_wconf 84' lang='lat' dir='ltr'><strong>quisquis</strong></span> 
     </span>
    </p>
   </div>
   <div class='ocr_carea' id='block_1_105' title="bbox 1774 4578 3454 4660">
    <p class='ocr_par' dir='ltr' id='par_1_105' title="bbox 1774 4578 3454 4660">
     <span class='ocr_line' id='line_1_106' title="bbox 1774 4578 3454 4660; baseline 0.005 -20"><span class='ocrx_word' id='word_1_707' title='bbox 1774 4578 1830 4640; x_wconf 90' lang='lat' dir='ltr'><strong><em>D</em></strong></span> <span class='ocrx_word' id='word_1_708' title='bbox 1854 4585 2115 4655; x_wconf 83' lang='lat' dir='ltr'><strong>probatus</strong></span> <span class='ocrx_word' id='word_1_709' title='bbox 2162 4584 2324 4640; x_wconf 87' lang='lat' dir='ltr'><strong>fuerit</strong></span> <span class='ocrx_word' id='word_1_710' title='bbox 2350 4600 2447 4656; x_wconf 90' lang='lat' dir='ltr'><strong>per</strong></span> <span class='ocrx_word' id='word_1_711' title='bbox 2485 4588 2876 4642; x_wconf 89' lang='lat' dir='ltr'><strong>contumaciam</strong></span> <span class='ocrx_word' id='word_1_712' title='bbox 2910 4590 3055 4643; x_wconf 91' lang='lat' dir='ltr'><strong>nolle</strong></span> <span class='ocrx_word' id='word_1_713' title='bbox 3083 4590 3454 4660; x_wconf 87' lang='lat' dir='ltr'><strong>obtemperare</strong></span> 
     </span>
    </p>
   </div>
   <div class='ocr_carea' id='block_1_106' title="bbox 1846 4677 3452 4753">
    <p class='ocr_par' dir='ltr' id='par_1_106' title="bbox 1846 4677 3452 4753">
     <span class='ocr_line' id='line_1_107' title="bbox 1846 4677 3452 4753; baseline 0.004 -20"><span class='ocrx_word' id='word_1_714' title='bbox 1846 4677 2143 4749; x_wconf 88' lang='lat' dir='ltr'><strong>iudicibus,</strong></span> <span class='ocrx_word' id='word_1_715' title='bbox 2170 4692 2291 4733; x_wconf 91' lang='lat' dir='ltr'><strong>cum</strong></span> <span class='ocrx_word' id='word_1_716' title='bbox 2323 4678 2425 4734; x_wconf 92' lang='lat' dir='ltr'><strong>hoc</strong></span> <span class='ocrx_word' id='word_1_717' title='bbox 2450 4679 2635 4749; x_wconf 75' lang='lat' dir='ltr'><strong>primae</strong></span> <span class='ocrx_word' id='word_1_718' title='bbox 2665 4680 2811 4735; x_wconf 89' lang='lat' dir='ltr'><strong>sedis</strong></span> <span class='ocrx_word' id='word_1_719' title='bbox 2840 4681 3095 4751; x_wconf 90' lang='lat' dir='ltr'><strong>episcopo</strong></span> <span class='ocrx_word' id='word_1_720' title='bbox 3135 4683 3294 4738; x_wconf 83' lang='lat' dir='ltr'><strong>fuerit</strong></span> <span class='ocrx_word' id='word_1_721' title='bbox 3327 4699 3452 4753; x_wconf 85' lang='lat' dir='ltr'><strong>pro-</strong></span> 
     </span>
    </p>
   </div>
   <div class='ocr_carea' id='block_1_107' title="bbox 1848 4771 3449 4851">
    <p class='ocr_par' dir='ltr' id='par_1_107' title="bbox 1848 4771 3449 4851">
     <span class='ocr_line' id='line_1_108' title="bbox 1848 4771 3449 4851; baseline 0.006 -25"><span class='ocrx_word' id='word_1_722' title='bbox 1848 4771 2040 4840; x_wconf 89' lang='lat' dir='ltr'><strong>latum,</strong></span> <span class='ocrx_word' id='word_1_723' title='bbox 2083 4771 2177 4827; x_wconf 88' lang='lat' dir='ltr'><strong>det</strong></span> <span class='ocrx_word' id='word_1_724' title='bbox 2226 4772 2433 4828; x_wconf 89' lang='lat' dir='ltr'><strong>litteras</strong></span> <span class='ocrx_word' id='word_1_725' title='bbox 2464 4784 2523 4828; x_wconf 92' lang='lat' dir='ltr'><strong>ut</strong></span> <span class='ocrx_word' id='word_1_726' title='bbox 2551 4773 2730 4830; x_wconf 84' lang='lat' dir='ltr'><strong>nullus</strong></span> <span class='ocrx_word' id='word_1_727' title='bbox 2770 4775 2820 4831; x_wconf 91' lang='lat' dir='ltr'><strong>ei</strong></span> <span class='ocrx_word' id='word_1_728' title='bbox 2850 4777 3211 4835; x_wconf 86' lang='lat' dir='ltr'><strong>communicet</strong></span> <span class='ocrx_word' id='word_1_729' title='bbox 3237 4781 3449 4851; x_wconf 86' lang='lat' dir='ltr'><strong>episco-</strong></span> 
     </span>
    </p>
   </div>
   <div class='ocr_carea' id='block_1_108' title="bbox 1851 4867 2630 4937">
    <p class='ocr_par' dir='ltr' id='par_1_108' title="bbox 1851 4867 2630 4937">
     <span class='ocr_line' id='line_1_109' title="bbox 1851 4867 2630 4937; baseline -0.003 -15"><span class='ocrx_word' id='word_1_730' title='bbox 1851 4881 2045 4936; x_wconf 88' lang='lat' dir='ltr'><strong>porum</strong></span> <span class='ocrx_word' id='word_1_731' title='bbox 2073 4867 2247 4922; x_wconf 90' lang='lat' dir='ltr'><strong>donec</strong></span> <span class='ocrx_word' id='word_1_732' title='bbox 2272 4867 2630 4937; x_wconf 90' lang='lat' dir='ltr'><strong>obtemperet.</strong></span> 
     </span>
    </p>
   </div>
   <div class='ocr_carea' id='block_1_109' title="bbox 2277 4981 3017 5057">
    <p class='ocr_par' dir='ltr' id='par_1_109' title="bbox 2277 4981 3017 5057">
     <span class='ocr_line' id='line_1_110' title="bbox 2277 4981 3017 5057; baseline 0.007 -21"><span class='ocrx_word' id='word_1_733' title='bbox 2277 4981 2448 5037; x_wconf 80' lang='lat' dir='ltr'><strong>XXV.</strong></span> <span class='ocrx_word' id='word_1_734' title='bbox 2490 4982 2569 5036; x_wconf 91' lang='lat' dir='ltr'><strong>De</strong></span> <span class='ocrx_word' id='word_1_735' title='bbox 2613 4983 2799 5052; x_wconf 82' lang='lat' dir='ltr'><strong>quibus</strong></span> <span class='ocrx_word' id='word_1_736' title='bbox 2843 5001 3017 5057; x_wconf 81' lang='lat' dir='ltr'><strong>supra.</strong></span> 
     </span>
    </p>
   </div>
   <div class='ocr_carea' id='block_1_110' title="bbox 1919 5094 3444 5173">
    <p class='ocr_par' dir='ltr' id='par_1_110' title="bbox 1919 5094 3444 5173">
     <span class='ocr_line' id='line_1_111' title="bbox 1919 5094 3444 5173; baseline -0.001 -21"><span class='ocrx_word' id='word_1_737' title='bbox 1919 5094 1975 5152; x_wconf 85' lang='lat' dir='ltr'><strong>Si</strong></span> <span class='ocrx_word' id='word_1_738' title='bbox 2006 5096 2058 5151; x_wconf 91' lang='lat' dir='ltr'><strong>in</strong></span> <span class='ocrx_word' id='word_1_739' title='bbox 2092 5096 2401 5152; x_wconf 90' lang='lat' dir='ltr'><strong>matricibus</strong></span> <span class='ocrx_word' id='word_1_740' title='bbox 2429 5096 2698 5153; x_wconf 87' lang='lat' dir='ltr'><strong>cathedris</strong></span> <span class='ocrx_word' id='word_1_741' title='bbox 2724 5099 3011 5172; x_wconf 88' lang='lat' dir='ltr'><strong>episcopus</strong></span> <span class='ocrx_word' id='word_1_742' title='bbox 3025 5103 3299 5173; x_wconf 85' lang='lat' dir='ltr'><strong>negligens</strong></span> <span class='ocrx_word' id='word_1_743' title='bbox 3328 5097 3444 5153; x_wconf 85' lang='lat' dir='ltr'><strong>fue-</strong></span> 
     </span>
    </p>
   </div>
   <div class='ocr_carea' id='block_1_111' title="bbox 1846 5191 3441 5261">
    <p class='ocr_par' dir='ltr' id='par_1_111' title="bbox 1846 5191 3441 5261">
     <span class='ocr_line' id='line_1_112' title="bbox 1846 5191 3441 5261; baseline -0.001 -14"><span class='ocrx_word' id='word_1_744' title='bbox 1846 5191 1918 5248; x_wconf 91' lang='lat' dir='ltr'><strong>rit</strong></span> <span class='ocrx_word' id='word_1_745' title='bbox 1945 5193 2203 5247; x_wconf 83' lang='lat' dir='ltr'><strong>adversus</strong></span> <span class='ocrx_word' id='word_1_746' title='bbox 2245 5191 2548 5260; x_wconf 87' lang='lat' dir='ltr'><strong>haereticos,</strong></span> <span class='ocrx_word' id='word_1_747' title='bbox 2578 5197 2929 5252; x_wconf 89' lang='lat' dir='ltr'><strong>conveniatur</strong></span> <span class='ocrx_word' id='word_1_748' title='bbox 2956 5211 2987 5251; x_wconf 91' lang='lat' dir='ltr'><strong>a</strong></span> <span class='ocrx_word' id='word_1_749' title='bbox 3013 5194 3204 5251; x_wconf 89' lang='lat' dir='ltr'><strong>vicinis</strong></span> <span class='ocrx_word' id='word_1_750' title='bbox 3230 5193 3441 5261; x_wconf 82' lang='lat' dir='ltr'><strong>episco-</strong></span> 
     </span>
    </p>
   </div>
   <div class='ocr_carea' id='block_1_112' title="bbox 1845 5284 3442 5360">
    <p class='ocr_par' dir='ltr' id='par_1_112' title="bbox 1845 5284 3442 5360">
     <span class='ocr_line' id='line_1_113' title="bbox 1845 5284 3442 5360; baseline -0.004 -19"><span class='ocrx_word' id='word_1_751' title='bbox 1845 5285 1931 5356; x_wconf 91' lang='lat' dir='ltr'><strong>pis</strong></span> <span class='ocrx_word' id='word_1_752' title='bbox 1983 5284 2349 5355; x_wconf 87' lang='lat' dir='ltr'><strong>diligentibus,</strong></span> <span class='ocrx_word' id='word_1_753' title='bbox 2383 5295 2439 5341; x_wconf 86' lang='lat' dir='ltr'><strong>et</strong></span> <span class='ocrx_word' id='word_1_754' title='bbox 2485 5286 2534 5342; x_wconf 92' lang='lat' dir='ltr'><strong>ei</strong></span> <span class='ocrx_word' id='word_1_755' title='bbox 2563 5302 2658 5342; x_wconf 89' lang='lat' dir='ltr'><strong>sua</strong></span> <span class='ocrx_word' id='word_1_756' title='bbox 2697 5288 3014 5360; x_wconf 85' lang='lat' dir='ltr'><strong>negligentia</strong></span> <span class='ocrx_word' id='word_1_757' title='bbox 3044 5288 3442 5341; x_wconf 87' lang='lat' dir='ltr'><strong>demonstretur</strong></span> 
     </span>
    </p>
   </div>
   <div class='ocr_carea' id='block_1_113' title="bbox 1846 5376 3437 5449">
    <p class='ocr_par' dir='ltr' id='par_1_113' title="bbox 1846 5376 3437 5449">
     <span class='ocr_line' id='line_1_114' title="bbox 1846 5376 3437 5449; baseline -0.002 -18"><span class='ocrx_word' id='word_1_758' title='bbox 1846 5386 1908 5431; x_wconf 90' lang='lat' dir='ltr'><strong>ut</strong></span> <span class='ocrx_word' id='word_1_759' title='bbox 1938 5391 1999 5432; x_wconf 91' lang='lat' dir='ltr'><strong>se</strong></span> <span class='ocrx_word' id='word_1_760' title='bbox 2027 5391 2288 5432; x_wconf 82' lang='lat' dir='ltr'><strong>excusare</strong></span> <span class='ocrx_word' id='word_1_761' title='bbox 2325 5394 2430 5432; x_wconf 92' lang='lat' dir='ltr'><strong>non</strong></span> <span class='ocrx_word' id='word_1_762' title='bbox 2474 5380 2683 5448; x_wconf 89' lang='lat' dir='ltr'><strong>possit;</strong></span> <span class='ocrx_word' id='word_1_763' title='bbox 2715 5383 2857 5449; x_wconf 88' lang='lat' dir='ltr'><strong>quod</strong></span> <span class='ocrx_word' id='word_1_764' title='bbox 2882 5379 2928 5435; x_wconf 87' lang='lat' dir='ltr'><strong>si</strong></span> <span class='ocrx_word' id='word_1_765' title='bbox 2958 5393 3023 5432; x_wconf 84' lang='lat' dir='ltr'><strong>ex</strong></span> <span class='ocrx_word' id='word_1_766' title='bbox 3053 5376 3140 5431; x_wconf 85' lang='lat' dir='ltr'><strong>die</strong></span> <span class='ocrx_word' id='word_1_767' title='bbox 3167 5390 3275 5445; x_wconf 91' lang='lat' dir='ltr'><strong>quo</strong></span> <span class='ocrx_word' id='word_1_768' title='bbox 3304 5387 3437 5428; x_wconf 87' lang='lat' dir='ltr'><strong>con-</strong></span> 
     </span>
    </p>
   </div>
   <div class='ocr_carea' id='block_1_114' title="bbox 1846 5468 3440 5544">
    <p class='ocr_par' dir='ltr' id='par_1_114' title="bbox 1846 5468 3440 5544">
     <span class='ocr_line' id='line_1_115' title="bbox 1846 5468 3440 5544; baseline -0.002 -18"><span class='ocrx_word' id='word_1_769' title='bbox 1846 5471 2060 5527; x_wconf 91' lang='lat' dir='ltr'><strong>venitur</strong></span> <span class='ocrx_word' id='word_1_770' title='bbox 2083 5472 2220 5527; x_wconf 91' lang='lat' dir='ltr'><strong>intra</strong></span> <span class='ocrx_word' id='word_1_771' title='bbox 2246 5486 2338 5527; x_wconf 84' lang='lat' dir='ltr'><strong>sex</strong></span> <span class='ocrx_word' id='word_1_772' title='bbox 2369 5487 2583 5529; x_wconf 91' lang='lat' dir='ltr'><strong>menses</strong></span> <span class='ocrx_word' id='word_1_773' title='bbox 2629 5474 2682 5529; x_wconf 90' lang='lat' dir='ltr'><strong>in</strong></span> <span class='ocrx_word' id='word_1_774' title='bbox 2709 5474 2826 5544; x_wconf 90' lang='lat' dir='ltr'><strong>ejus</strong></span> <span class='ocrx_word' id='word_1_775' title='bbox 2856 5471 3127 5542; x_wconf 87' lang='lat' dir='ltr'><strong>provincia</strong></span> <span class='ocrx_word' id='word_1_776' title='bbox 3156 5468 3440 5525; x_wconf 88' lang='lat' dir='ltr'><strong>exsecutio</strong></span> 
     </span>
    </p>
   </div>
   <div class='ocr_carea' id='block_1_115' title="bbox 1845 5563 3440 5633">
    <p class='ocr_par' dir='ltr' id='par_1_115' title="bbox 1845 5563 3440 5633">
     <span class='ocr_line' id='line_1_116' title="bbox 1845 5563 3440 5633; baseline -0.001 -13"><span class='ocrx_word' id='word_1_777' title='bbox 1845 5564 2025 5633; x_wconf 85' lang='lat' dir='ltr'><strong>fuerit,</strong></span> <span class='ocrx_word' id='word_1_778' title='bbox 2061 5574 2116 5621; x_wconf 93' lang='lat' dir='ltr'><strong>et</strong></span> <span class='ocrx_word' id='word_1_779' title='bbox 2154 5581 2259 5621; x_wconf 92' lang='lat' dir='ltr'><strong>non</strong></span> <span class='ocrx_word' id='word_1_780' title='bbox 2289 5582 2384 5623; x_wconf 90' lang='lat' dir='ltr'><strong>eos</strong></span> <span class='ocrx_word' id='word_1_781' title='bbox 2430 5568 2497 5622; x_wconf 90' lang='lat' dir='ltr'><strong>ad</strong></span> <span class='ocrx_word' id='word_1_782' title='bbox 2542 5568 2799 5623; x_wconf 88' lang='lat' dir='ltr'><strong>unitatem</strong></span> <span class='ocrx_word' id='word_1_783' title='bbox 2846 5563 3162 5621; x_wconf 89' lang='lat' dir='ltr'><strong>catholicam</strong></span> <span class='ocrx_word' id='word_1_784' title='bbox 3210 5578 3440 5619; x_wconf 86' lang='lat' dir='ltr'><strong>conver-</strong></span> 
     </span>
    </p>
   </div>
   <div class='ocr_carea' id='block_1_116' title="bbox 1843 5653 3438 5726">
    <p class='ocr_par' dir='ltr' id='par_1_116' title="bbox 1843 5653 3438 5726">
     <span class='ocr_line' id='line_1_117' title="bbox 1843 5653 3438 5726; baseline -0.004 -14"><span class='ocrx_word' id='word_1_785' title='bbox 1843 5657 2035 5714; x_wconf 89' lang='lat' dir='ltr'><strong>tendos</strong></span> <span class='ocrx_word' id='word_1_786' title='bbox 2063 5663 2353 5726; x_wconf 89' lang='lat' dir='ltr'><strong>curaverit,</strong></span> <span class='ocrx_word' id='word_1_787' title='bbox 2387 5674 2495 5714; x_wconf 90' lang='lat' dir='ltr'><strong>non</strong></span> <span class='ocrx_word' id='word_1_788' title='bbox 2542 5660 2593 5712; x_wconf 86' lang='lat' dir='ltr'><strong>ei</strong></span> <span class='ocrx_word' id='word_1_789' title='bbox 2643 5656 3073 5713; x_wconf 90' lang='lat' dir='ltr'><strong>communicetur</strong></span> <span class='ocrx_word' id='word_1_790' title='bbox 3111 5657 3287 5712; x_wconf 90' lang='lat' dir='ltr'><strong>donec</strong></span> <span class='ocrx_word' id='word_1_791' title='bbox 3330 5653 3438 5707; x_wconf 85' lang='lat' dir='ltr'><strong>im-</strong></span> 
     </span>
    </p>
   </div>
   <div class='ocr_carea' id='block_1_117' title="bbox 1842 5746 3440 5833">
    <p class='ocr_par' dir='ltr' id='par_1_117' title="bbox 1842 5746 3440 5833">
     <span class='ocr_line' id='line_1_118' title="bbox 1842 5746 3440 5833; baseline -0.003 -28"><span class='ocrx_word' id='word_1_792' title='bbox 1842 5749 2030 5820; x_wconf 85' lang='lat' dir='ltr'><strong>pleat:</strong></span> <span class='ocrx_word' id='word_1_793' title='bbox 2064 5750 2109 5808; x_wconf 91' lang='lat' dir='ltr'><strong>si</strong></span> <span class='ocrx_word' id='word_1_794' title='bbox 2136 5761 2333 5833; x_wconf 35' lang='lat' dir='ltr'><strong>autem,</strong></span> <span class='ocrx_word' id='word_1_795' title='bbox 2367 5749 2646 5821; x_wconf 89' lang='lat' dir='ltr'><strong>probatum</strong></span> <span class='ocrx_word' id='word_1_796' title='bbox 2697 5746 2856 5803; x_wconf 85' lang='lat' dir='ltr'><strong>fuerit</strong></span> <span class='ocrx_word' id='word_1_797' title='bbox 2907 5763 3030 5807; x_wconf 91' lang='lat' dir='ltr'><strong>eum</strong></span> <span class='ocrx_word' id='word_1_798' title='bbox 3075 5749 3146 5808; x_wconf 91' lang='lat' dir='ltr'><strong>de</strong></span> <span class='ocrx_word' id='word_1_799' title='bbox 3192 5760 3440 5805; x_wconf 85' lang='lat' dir='ltr'><strong>commu-</strong></span> 
     </span>
    </p>
   </div>
   <div class='ocr_carea' id='block_1_118' title="bbox 229 5868 1759 5957">
    <p class='ocr_par' dir='ltr' id='par_1_118' title="bbox 229 5868 1759 5957">
     <span class='ocr_line' id='line_1_119' title="bbox 229 5868 1759 5957; baseline 0.008 -30"><span class='ocrx_word' id='word_1_800' title='bbox 229 5874 254 5905; x_wconf 80' lang='grc' dir='ltr'>ι</span> <span class='ocrx_word' id='word_1_801' title='bbox 292 5868 364 5928; x_wconf 86' lang='lat' dir='ltr'><strong>Ex</strong></span> <span class='ocrx_word' id='word_1_802' title='bbox 390 5871 505 5944; x_wconf 54' lang='grc' dir='ltr'><strong>ιλ,</strong></span> <span class='ocrx_word' id='word_1_803' title='bbox 538 5874 602 5931; x_wconf 82' lang='lat' dir='ltr'><strong>s.</strong></span> <span class='ocrx_word' id='word_1_804' title='bbox 632 5874 726 5946; x_wconf 66' lang='grc' dir='ltr'><strong>Β..</strong></span> <span class='ocrx_word' id='word_1_805' title='bbox 764 5877 914 5945; x_wconf 67' lang='lat'><strong>13.3,</strong></span> <span class='ocrx_word' id='word_1_806' title='bbox 942 5877 1010 5935; x_wconf 82' lang='lat' dir='ltr'><strong>&#39;r.</strong></span> <span class='ocrx_word' id='word_1_807' title='bbox 1043 5878 1096 5936; x_wconf 73' lang='grc' dir='ltr'><strong>ι.</strong></span> <span class='ocrx_word' id='word_1_808' title='bbox 1126 5878 1186 5938; x_wconf 90' lang='lat' dir='ltr'><strong>In</strong></span> <span class='ocrx_word' id='word_1_809' title='bbox 1215 5882 1308 5954; x_wconf 83' lang='lat' dir='ltr'><strong>A.,</strong></span> <span class='ocrx_word' id='word_1_810' title='bbox 1350 5881 1418 5942; x_wconf 80' lang='grc' dir='ltr'><strong>Τ.</strong></span> <span class='ocrx_word' id='word_1_811' title='bbox 1448 5881 1507 5956; x_wconf 79' lang='lat'><strong>2,</strong></span> <span class='ocrx_word' id='word_1_812' title='bbox 1549 5882 1643 5957; x_wconf 90' lang='lat' dir='ltr'><strong>U.,</strong></span> <span class='ocrx_word' id='word_1_813' title='bbox 1672 5881 1759 5955; x_wconf 68' lang='grc' dir='ltr'><strong>θη,</strong></span> 
     </span>
    </p>
   </div>
   <div class='ocr_carea' id='block_1_119' title="bbox 1870 5868 2077 5957">
    <p class='ocr_par' dir='ltr' id='par_1_119' title="bbox 1870 5888 2077 5945">
     <span class='ocr_line' id='line_1_120' title="bbox 1870 5888 2077 5945; baseline 0.01 -2"><span class='ocrx_word' id='word_1_814' title='bbox 1870 5888 2077 5945; x_wconf 79' lang='lat' dir='ltr'><strong>utentia.</strong></span> 
     </span>
    </p>
   </div>
   <div class='ocr_carea' id='block_1_120' title="bbox 507 5970 1188 6043">
    <p class='ocr_par' dir='ltr' id='par_1_120' title="bbox 507 5970 1188 6043">
     <span class='ocr_line' id='line_1_121' title="bbox 507 5970 1188 6043; baseline 0.006 -9"><span class='ocrx_word' id='word_1_815' title='bbox 507 5970 784 6043; x_wconf 65' lang='lat' dir='ltr'><strong>Panos.</strong></span> <span class='ocrx_word' id='word_1_816' title='bbox 829 5971 1188 6040; x_wconf 79' lang='lat' dir='ltr'><strong>LXXXIV.</strong></span> 
     </span>
    </p>
   </div>
   <div class='ocr_carea' id='block_1_121' title="bbox 2922 5978 2964 6041">
    <p class='ocr_par' dir='ltr' id='par_1_121' title="bbox 2922 5978 2964 6041">
     <span class='ocr_line' id='line_1_122' title="bbox 2922 5978 2964 6041; baseline 0 0"><span class='ocrx_word' id='word_1_817' title='bbox 2922 5978 2964 6041; x_wconf 90' lang='lat'><strong>8</strong></span> 
     </span>
    </p>
   </div>
  </div>
