4024 6350
1205 351 1582 412 COLLECTIO
1617 346 1947 409 CANONUM
1985 349 2045 409 S.
2083 349 2356 411 iSIDORO
2393 347 2666 409 HISPAL.
2709 347 3069 408 ABGRIPTA.

3665 339 3794 404 9.30

495 478 654 532 nione
679 475 890 531 illorum
924 471 1086 532 fuisse
1127 475 1428 536 mentitum,
1460 471 1689 527 dicendo
1715 484 1811 526 eos
1840 485 2084 526 commu-
2112 476 2165 535 Α
2188 487 2346 528 verso
2371 471 2602 526 concilio
2623 467 2832 539 jndiees
2877 473 3060 521 ternos
3101 462 3172 520 de
3219 461 3446 534 singulis
3479 461 3793 530 provinciis

496 570 706 624 nicasse
727 584 861 640 quos
904 583 971 624 eo
1023 569 1224 623 sciente
1283 567 1443 638 189
1495 581 1600 622 non
1654 566 2085 621 communicasse

499 653 818 724 constiterit,
849 659 1009 714 etiam
1039 659 1406 726 episcopatum
1438 657 1669 711 amittat.

567 750 759 806 XXVI.
801 752 877 806 De
919 751 1196 821 virginibus
1224 766 1340 820 qua?
1368 749 1508 820 infra
1538 749 1719 817 viginti
1745 750 1966 819 quinque
1993 764 2086 802 an-

813 839 906 877 nos
933 822 1228 874 necessitate
1255 831 1466 892 cogente
1510 821 1762 874 velantur.

565 915 693 970 lteut
725 914 938 982 placuit,
964 923 1020 966 ut
1042 913 1345 981 quicunque
1359 913 1738 980 episcoporum
1759 910 2086 966 necessitate

498 1006 850 1073 periclitantis
883 1006 1147 1075 pudicitia:
1175 1005 1474 1076 virginalis,
1495 1019 1616 1060 cum
1649 1007 1732 1060 vel
1768 1006 1965 1074 petitor
1993 1019 2089 1074 po-

498 1107 616 1154 tens
639 1097 720 1154 vel
744 1107 922 1166 raptor
951 1096 1145 1167 aliquis
1173 1097 1506 1162 lormidatur,
1536 1097 1622 1152 vel
1656 1098 1703 1151 si
1725 1098 1886 1151 etiam
1910 1096 2090 1165 aliquo

497 1191 549 1244 in
576 1190 762 1247 mortis
817 1191 1054 1258 periculo
1081 1191 1318 1260 scripulo
1340 1201 1655 1260 compuncta
1682 1190 1860 1254 fuerit,
1886 1205 1952 1244 ne
1983 1205 2088 1244 non

494 1285 664 1340 velata
709 1285 988 1352 moriatur,
1019 1295 1111 1341 aut
1149 1285 1484 1355 exigentibus
1507 1285 1846 1356 parentibus,
1869 1295 1962 1338 aut
2008 1283 2090 1337 his
2139 1322 2141 1324 -

495 1378 560 1433 ad
590 1395 819 1448 quorttm
851 1394 1034 1434 curam
1089 1379 1349 1448 pertinet,
1381 1379 1638 1433 velaverit
1668 1377 1927 1446 virginem
1953 1376 2090 1430 intra

501 1470 701 1538 vigenti
732 1472 967 1539 quinque
997 1485 1166 1526 annos
1195 1471 1391 1538 aetatis,
1425 1485 1529 1524 non
1560 1471 1608 1524 ei
1634 1469 1778 1524 ohsit
1803 1467 2090 1523 concilium

498 1562 640 1629 quod
662 1563 728 1618 de
762 1563 865 1619 isto
891 1579 1114 1619 numero
1143 1579 1404 1619 annorum
1431 1564 1781 1618 constitutum
1811 1572 1912 1617 est.

571 1675 788 1731 XXVII.
833 1677 908 1750 De
949 1680 1201 1747 episcopis
1247 1680 1332 1747 qui
1377 1688 1489 1750 post
1538 1690 1652 1733 acta
1701 1675 2094 1748 Carthagineusi

675 1749 866 1819 synodi
905 1752 1083 1806 retenti
1108 1761 1225 1806 sunt
1246 1752 1315 1806 ad
1358 1749 1555 1822 reliqua
1599 1758 1910 1822 peragenda.

573 1858 700 1911 item
736 1860 954 1926 placuit,
1007 1874 1075 1915 ne
1117 1861 1317 1914 diutius
1362 1860 1597 1916 universi
1643 1859 1880 1928 episcopi
1933 1859 2093 1928 190
2127 1848 2176 1908 Β

497 1951 585 2020 qui
610 1951 675 2004 ad
705 1953 989 2008 concilium
1015 1954 1325 2024 congregati
1357 1963 1481 2008 sunt
1505 1963 1839 2020 tenerentur,
1863 1951 1930 2005 ab
1965 1953 2090 2004 uni-

2187 564 2351 634 eligi:
2378 563 2610 618 etelectl
2637 572 2759 616 sunt
2787 561 2854 613 de
2893 556 3162 627 provincia
3195 553 3605 623 Carthaginensi
3653 554 3798 610 Viu-

2188 657 2422 721 ceutius,
2455 653 2870 709 Fortunatianns
2893 660 2943 704 et
2967 649 3200 704 Clarus:
3244 648 3312 702 de
3346 646 3619 715 provincia
3660 643 3787 700 Nu-

2190 747 2369 802 midiae
2391 746 2626 816 Aliplus,
2655 745 2982 812 Augustinus
3010 749 3064 796 et
3093 739 3390 796 Restitutus
3420 753 3434 794 t
3465 736 3535 794 de
3566 739 3796 808 provin-

2189 836 2273 892 cia
2322 838 2596 907 Bysacena
2650 849 2771 890 cum
2814 842 3004 888 sancto
3049 845 3181 892 sene
3219 829 3518 885 Donatiano
3556 832 3800 898 primatu

2191 932 2532 998 Cresconius,
2585 930 2859 986 Jucundus
2899 939 2955 984 et
2998 927 3323 984 Emiiianus
3375 943 3391 982 :
3437 925 3507 981 de
3538 925 3802 981 Ilaurita-

2193 1027 2278 1082 nia
2306 1026 2600 1094 Sitipitensi
2642 1025 2966 1084 Severianus
3003 1023 3088 1096 ιτ.
3146 1023 3196 1090 ι.
3227 1019 3322 1088 G.,
3359 1019 3798 1092 Ssvsrinlsuus],

2191 1117 2511 1173 Casiatticus
2565 1125 2622 1171 et
2670 1115 2904 1170 Donatus
2951 1133 2965 1168 :
3009 1113 3079 1169 de
3131 1113 3410 1183 provincia
3460 1111 3800 1180 Tripolitana

2197 1209 2458 1275 I‘iautius,
2505 1209 2594 1278 qui
2647 1222 2717 1263 ex
2758 1221 2910 1264 more
2956 1209 3162 1276 legatus
3219 1219 3360 1258 unus
3401 1214 3486 1258 est
3545 1204 3797 1257 missus:

2195 1306 2284 1374 qui
2315 1316 2504 1357 omnes
2555 1316 2677 1356 cum
2731 1308 2920 1356 sancto
2976 1313 3108 1354 sene
3159 1297 3380 1352 Aurelio
3420 1296 3670 1352 universa
3704 1309 3804 1349 eoo

2112 1450 2123 1463 ,
2196 1405 2472 1468 gnoscaut,
2503 1410 2535 1450 a
2555 1409 2661 1465 quo
2681 1395 2832 1464 petiit
2862 1393 3167 1450 universum
3187 1390 3472 1447 concilium
3504 1401 3558 1444 ut
3579 1391 3798 1445 cunctis

2197 1491 2309 1544 sive
2332 1489 2498 1558 gestis
2536 1501 2655 1556 quin
2682 1486 2928 1546 conlecta
2952 1486 3060 1555 jam
3099 1494 3224 1539 sunt
3261 1497 3360 1540 seu
3404 1483 3648 1552 epistolis
3681 1483 3802 1552 ipse

2197 1579 2519 1636 subscribat.

2269 1670 2522 1727 Aurelius
2542 1672 2827 1740 episcopus
2869 1667 3113 1728 ecclesiis
3164 1666 3610 1739 Carthagineusis
3664 1666 3798 1722 sub-

2198 1763 2435 1834 scripsit.

2281 1854 2610 1908 Donatianus
2632 1851 2967 1922 Teleptensis
2995 1851 3184 1921 prima:
3210 1851 3358 1909 sedis
3381 1850 3726 1921 subscripsit.

2274 1947 2536 2007 Similiter
2552 1955 2610 2004 et
2635 1961 2826 2004 omnes
2855 1946 3094 2017 episcOpi
3117 1946 3582 2012 subscripserunt.

498 2060 3787 2100 Μ

1343 2307 2023 2397 CONCILIUM
2063 2181 2940 2386 x'yfI‘ELEPTENSE

682 2512 838 2559 t-os'r
879 2495 906 2538 δ
949 2509 1368 2557 consummat
1413 2503 1874 2553 econtostsstm
1917 2501 2119 2547 BONOI

2236 2502 2314 2544 ET
2357 2499 2734 2545 CONITANTII
2778 2500 3070 2546 πρωιυο
3115 2501 3230 2546 VIII
3273 2500 3606 2546 IALINDAI

2008 2578 2310 2627 IAITIAB.

568 2742 906 2816 Congreg-eto
932 2740 1166 2797 concilio
1197 2740 1250 2794 in
1291 2738 1519 2795 ecclesia
1551 2735 1932 2807 Apostolorum
1973 2733 2080 2804 ple-

505 2835 588 2889 bis
613 2832 946 2903 Teleptensis
977 2832 1165 2888 beatus
1210 2827 1368 2886 Pater
1398 2832 1584 2902 prima:
1633 2827 1777 2884 sedis
1807 2827 2090 2898 episcopus

505 2929 829 2983 Donatianus
880 2924 1113 2982 civitatis
1165 2921 1505 2992 Teleptensis
1561 2938 1682 2976 cum
1752 2919 2085 2986 resedisset,

501 3019 915 3076 concedentibus
944 3032 1125 3072 secum
1156 3015 1432 3080 Januario,
1464 3013 1664 3079 Felice,
1687 3011 1958 3074 Secundo,
1987 3008 2093 3082 Cy-

502 3114 602 3184 rio,
643 3111 896 3177 Victorio,
931 3109 1291 3175 Secundiano,
1347 3107 1478 3163 Geta
1521 3107 1640 3181 [D.,
1693 3105 1865 3178 Zeta],
1917 3105 2098 3160 Euno-

502 3207 634 3273 mio,
661 3203 1006 3264 Maximiano,
1053 3203 1276 3264 Donato,
1304 3199 1618 3265 Cresconio,
1677 3197 1940 3261 iucundo,
1997 3197 2098 3252 So-

507 3306 682 3367 patro,
714 3293 1002 3359 Restituto,
1037 3293 1270 3356 Iuliano,
1321 3291 1662 3357 Maximiano,
1694 3289 1958 3352 Tertiolo,
2003 3287 2100 3342 Mi-

507 3390 632 3456 lico,
667 3389 921 3454 Maximo,
950 3385 1270 3453 Donatinno,
1304 3383 1522 3453 Basilio,
1549 3383 1864 3450 Papiniano,
1897 3380 2099 3436 Janua-

2197 2746 2318 2801 quae
2345 2729 2396 2785 in
2429 2729 2719 2801 aliquantis
2743 2745 2851 2786 non
2876 2739 3032 2792 erant
3081 2745 3260 2790 causa:
3300 2735 3395 2788 sed
3435 2730 3688 2800 crimina,
3737 2737 3794 2786 ut

2199 2821 2266 2877 de
2296 2831 2493 2878 ca‘tero
2523 2822 2830 2878 sollicitudo
2860 2833 3007 2879 esset
3027 2824 3314 2895 unicuique
3346 2825 3396 2878 in
3423 2824 3664 2878 Ecclesia
3699 2839 3791 2878 cu-

2203 2933 2314 2972 ram
2394 2915 2700 2986 huiusmodi
2755 2917 2978 2986 habere,
3023 2917 3165 2974 sicut
3217 2917 3492 2988 apostolus
3546 2915 3798 2986 praedicat

2205 3008 2400 3064 Paulus
2432 3027 2444 3064 :
2478 3008 2657 3064 Talem
2687 3009 2798 3066 Deo
2826 3008 3114 3066 Ecclesium
3159 3011 3520 3082 exhibendam,
3557 3027 3662 3065 non
3710 3011 3797 3066 lte-

2206 3099 2403 3156 bentem
2427 3103 2683 3156 maculam
2705 3112 2794 3158 aut
2816 3119 3020 3172 rugam,
3042 3119 3107 3157 ne
3138 3117 3234 3174 per
3252 3102 3274 3139 ἀ
3293 3101 3520 3172 alicujus
3541 3101 3798 3158 morbida

2203 3194 2317 3252 ovis
2347 3194 2584 3247 afﬂatum
2609 3193 2933 3248 conscientia
2961 3205 3143 3248 neStra
3187 3193 3548 3248 contaminata
3589 3194 3798 3252 videre-

2205 3295 2310 3353 tur,
2345 3301 2447 3357 qua
2471 3287 2537 3340 de
2568 3301 2626 3341 re
2658 3285 2866 3340 meliori
2913 3285 3141 3340 consilio
3172 3285 3223 3340 id
3249 3285 3388 3341 sedit
3431 3293 3653 3356 prepter
3709 3297 3800 3340 eos

2205 3380 2458 3445 maxime,
2482 3379 2573 3450 qui
2602 3380 2654 3434 in
2683 3379 2931 3452 praesenti
2963 3379 3271 3434 valetudine
3294 3380 3542 3448 corporis
3569 3389 3665 3434 aut
3693 3379 3798 3435 fes-

507 3482 610 3546 rio,
659 3478 981 3549 Porphyrio,
1026 3477 1156 3532 item
1209 3475 1525 3548 Porphyrio,
1567 3474 1774 3530 Donato
1799 3515 1813 3539 ,
1863 3472 2096 3535 Juliano,
2125 3459 2172 3524 C
2202 3486 2277 3528 sai
2306 3473 2480 3530 anatis
2503 3486 2660 3528 causa
2688 3472 2878 3528 adesse
2925 3473 3146 3530 minime
3178 3481 3493 3544 potuerunt,
3525 3488 3632 3543 quo
3677 3487 3798 3545 per-

509 3573 666 3635 Tuto,
699 3571 974 3634 Fortunio,
1006 3568 1318 3635 Quintiano,
1371 3568 1610 3636 (Iapione
1656 3575 1712 3622 et
1737 3567 1949 3620 caeteris
1978 3563 2099 3632 epi-

511 3665 712 3735 scopis,
740 3677 951 3718 necnon
1003 3661 1168 3718 etiam
1201 3661 1482 3716 Vincentio
1511 3671 1566 3716 et
1607 3659 1988 3714 Fortunatiano
2018 3657 2098 3711 le-

509 3759 648 3826 gatis
688 3755 978 3825 provinciae
1035 3753 1431 3824 proconsularis
1481 3752 1550 3808 ad
1599 3753 1932 3822 Bysacenum
1979 3748 2098 3822 [D.,

511 3845 850 3920 Byzantium]
875 3848 1159 3902 concilium
1191 3845 1410 3902 directis
1463 3855 1518 3901 et
1574 3845 1826 3915 reliquis;
1873 3844 2099 3898 Vincen-

513 3943 620 3998 tius
644 3951 701 3997 et
757 3939 1174 3996 Fortunatianus
1218 3940 1509 3995 dixerunt:
1558 3940 1734 3992 Etiam
1782 3952 1903 3994 cum
1928 3935 2102 3991 Thus-

513 4035 669 4088 drum
718 4033 1005 4088 fuissemus
1031 4077 1046 4102 ,
1090 4033 1229 4089 sicut
1274 4047 1484 4087 mecum
1541 4031 1731 4086 recolit
1777 4030 2104 4085 memorialis

514 4125 716 4179 auditio
745 4136 941 4191 vestra,
975 4133 1030 4178 et
1080 4123 1336 4193 epistolas
1365 4133 1564 4178 sancta:
1615 4123 1886 4177 memoriae
1927 4122 2104 4178 Siricii

513 4217 657 4272 sedis
684 4218 993 4286 apostolicae
1031 4216 1270 4285 episcopi
1319 4215 1639 4270 dederemus
1669 4214 1992 4279 recitandae,
2038 4229 2106 4267 ex

515 4313 709 4382 quibus
728 4327 852 4368 cum
883 4326 1042 4364 unam
1071 4310 1276 4378 legeret
1296 4307 1705 4361 sanctimoniam
1739 4307 1916 4360 fratris
1936 4306 2106 4359 nostri

515 4405 752 4474 episcopi
786 4403 1020 4466 Latonii,
1053 4413 1306 4468 utrasque
1347 4413 1445 4453 nos
1490 4413 1630 4452 nunc
1675 4399 1880 4452 referre
1909 4409 2105 4466 sugge-

516 4497 622 4552 stio
651 4496 892 4551 indicat:
920 4493 1018 4547 bas
1049 4492 1262 4544 recitari
1291 4490 1506 4544 donate.
1535 4489 1786 4558 Episcopi
1807 4489 2059 4543 dixerunt
2092 4505 2105 4540 :

517 4589 836 4644 llecitentur
855 4584 1096 4651 epistolae
1129 4582 1446 4637 venerabilis
1491 4581 1768 4636 memoria:
1803 4583 1954 4653 191
1987 4597 2109 4636 san-

517 4683 590 4737 cti
616 4679 818 4744 Siricii,
847 4687 904 4731 ut
928 4677 1232 4731 noverimus
1255 4677 1377 4746 quid
1405 4691 1588 4731 earum
1614 4685 1790 4731 textus
1815 4678 2107 4733 contineat.

519 4771 653 4826 Cum
711 4769 1075 4834 traderentur,
1117 4768 1359 4823 Privatus
1399 4769 1639 4824 notarius
1691 4768 1866 4824 dixit:
1913 4770 2108 4826 Exem-

522 4863 667 4932 plum
697 4862 1018 4914 tractatoria:
1044 4859 1282 4930 episi-upi
1314 4859 1461 4916 urbis
1481 4863 1699 4916 ﬂorum:
1735 4857 2108 4917 Dilectissimis

519 4955 778 5010 fratribus
808 4963 862 5009 et
905 4954 1236 5028 coepiscopis
1289 4970 1385 5027 per
1433 4953 1668 5012 Africam
1712 4953 1957 5010 Sinicius.
2026 4955 2113 5008 Di-

517 5061 671 5103 versa
706 5047 726 5075 ο
755 5047 1018 5117 quamvis,
1043 5061 1161 5100 cum
1184 5045 1237 5100 in
1261 5062 1420 5102 unum
1445 5045 1637 5102 fratres
1663 5047 2112 5101 eonvenissemus

518 5138 585 5193 ad
614 5137 788 5193 sancti
812 5136 1038 5208 apostoli
1069 5138 1210 5194 Petri
1237 5138 1516 5208 reliquias,
1550 5154 1645 5209 per
1683 5153 1840 5208 quem
1875 5147 1931 5194 et
1978 5153 2111 5207 apo-

520 5231 750 5286 stolatus
791 5239 846 5286 et
892 5231 1232 5303 episcopatus
1262 5231 1315 5287 in
1351 5229 1567 5287 Christo
1603 5233 1769 5302 cepit
1811 5231 2113 5302 exordium,

520 5326 885 5396 placueritque
912 5335 1130 5398 propter
1182 5335 1520 5400 emergentes
1567 5325 1832 5396 plurimas
1887 5339 2101 5391 causas,

589 5507 612 5534 ³³
654 5499 1006 5575 Desumptum
1035 5514 1120 5561 est
1163 5506 1266 5559 hoc
1312 5504 1596 5559 concilium
1649 5519 1713 5558 ex
1754 5503 1953 5560 Codice
1983 5499 2097 5566 £43.,

513 5585 635 5645 curn
668 5573 807 5629 desit
833 5573 884 5629 in
918 5580 984 5632 Α.
1011 5577 1325 5645 etreliquis.
1357 5575 1623 5631 Collatum
1653 5584 1735 5630 est
1781 5577 1942 5628 etiam
1974 5588 2097 5627 cum

515 5644 732 5710 omits-ae
762 5655 904 5701 notae
928 5646 1124 5704 Codice
1139 5644 1235 5716 qui
1276 5649 1330 5701 iu
1369 5647 1693 5704 Bibliotheca
1721 5645 1886 5714 Regia
1909 5660 2095 5700 asser-

513 5718 802 5789 vaturrsub
833 5718 935 5774 hoc
965 5719 1115 5771 titulo
1132 5735 1155 5789 _:
1212 5717 1475 5789 Opus-cuia
1520 5719 1688 5789 sancti
1722 5717 1943 5789 Martini
1995 5716 2102 5768 Du-

509 5786 751 5910 Etiensis;
777 5789 930 5858 cujus
955 5797 1007 5843 et
1033 5786 1300 5842 variantes
1326 5789 1581 5845 lectiones
1633 5787 1911 5842 littcra'D.
1944 5797 2099 5842 nola-

552 5871 710 5910 ttnus.

552 5871 710 5913 unus.

2204 3573 2364 3634 petua
2397 3563 2696 3620 istiusmodi
2728 3564 2902 3619 forma
2938 3573 3186 3626 servetur
3240 3565 3447 3620 litteras
3500 3565 3632 3619 tales
3683 3562 3799 3626 dari

2207 3657 2423 3726 placuit,
2452 3673 2555 3713 non
2579 3673 2698 3726 qua
2729 3673 2867 3712 nova
2899 3657 3190 3728 praeferant
3236 3655 3356 3730 [D.,
3402 3653 3796 3730 praestiterant],

2205 3752 2301 3807 sed
2331 3752 2455 3823 quia
2477 3768 2597 3822 quae
2622 3752 2923 3823 aliquorum
2948 3752 3157 3823 ignavia
3191 3753 3432 3823 neglecta
3465 3759 3594 3806 sunt
3622 3752 3800 3806 obser-

2161 3835 2166 3841 ’
2207 3843 2322 3898 vari
2365 3848 2684 3916 cupiamus,
2741 3859 2862 3915 qua:
2922 3853 3097 3902 tamen
3154 3845 3451 3916 apostolica
3491 3853 3548 3900 et
3595 3852 3799 3915 patrum

2208 3934 2592 4010 constitutione
2648 3945 2776 3990 sunt
2825 3937 3137 4001 constituta,
3188 3937 3327 3990 sicut
3368 3934 3626 4005 scriptum
3677 3943 3798 3989 est:

2210 4029 2376 4100 State,
2395 4038 2441 4083 et
2465 4037 2626 4084 tenete
2649 4029 2944 4084 traditiones
2965 4040 3189 4093 nostras,
3215 4029 3318 4084 sive
3337 4045 3427 4098 per
3445 4031 3680 4093 verbum,
3703 4029 3803 4083 sive

2210 4140 2299 4193 per
2335 4125 2628 4192 epistolam.
2669 4122 2802 4178 Illud
2851 4132 2996 4179 certe
3039 4133 3274 4178 vestram
3330 4123 3492 4178 debet
3543 4132 3800 4190 mentem,

2209 4217 2544 4273 dilectissimi
2601 4218 2825 4284 fratres,
2870 4219 3240 4272 vehementius
3294 4219 3532 4274 excitare
3562 4259 3576 4284 ,
3633 4226 3691 4271 ut
3741 4214 3803 4270 ab

2210 4309 2356 4363 omni
2383 4309 2505 4365 labe
2526 4310 2706 4364 saeculi
2731 4309 2885 4364 istius
2911 4310 3179 4364 immunes
3229 4308 3294 4363 ad
3327 4308 3420 4364 Dei
3453 4318 3802 4377 conspectum

2211 4404 2493 4471 securique
2529 4403 2842 4470 veniamus;
2877 4418 2981 4456 non
3013 4405 3155 4457 enim
3178 4406 3378 4457 erimus
3422 4405 3688 4458 immunes
3716 4401 3800 4475 qui

2214 4494 2333 4567 [D.,
2366 4491 2512 4566 quia]
2561 4509 2858 4562 praesumus
2913 4493 3180 4564 plebibus,
3213 4510 3334 4548 cum
3379 4495 3636 4564 scriptum
3684 4495 3799 4548 sit:

2210 4587 2307 4644 Cui
2329 4589 2544 4641 multum
2574 4586 2817 4640 creditum
2849 4587 3026 4658 fuerit,
3055 4587 3169 4657 plus
3202 4590 3262 4640 ab
3293 4588 3469 4640 eodem
3498 4587 3800 4656 requiratur.

2215 4683 2356 4753 Ergo
2382 4681 2632 4750 quoniam
2666 4696 2769 4734 non
2804 4696 2898 4749 pro
2929 4681 3081 4735 nobis
3111 4691 3316 4735 tantum
3343 4680 3436 4734 sed
3474 4694 3572 4748 pro
3606 4677 3801 4748 populo

2213 4775 2417 4829 credito
2447 4774 2745 4845 cogitamus
2773 4785 3029 4842 praestare
3049 4774 3332 4838 rationem,
3363 4773 3617 4845 populum
3643 4771 3803 4828 disci-

2215 4865 2558 4936 plinadeiliea
2589 4865 2842 4921 humilem
2869 4866 3083 4920 erudire
3133 4865 3419 4924 debemus.
3470 4865 3804 4920 Exstiterunt

2212 4959 2354 5013 enim
2399 4958 2659 5027 nonnulli,
2689 4958 2780 5028 qui
2823 4968 3020 5012 statuta
3075 4958 3340 5029 majorum
3391 4974 3495 5013 non
3557 4969 3803 5013 tenentes

2212 5054 2510 5107 castitatem
2542 5051 2798 5108 Ecclesiae
2827 5055 3244 5126 praesumptione
3272 5052 3574 5123 violarunt,
3604 5052 3798 5108 volun-

2213 5150 2374 5197 tatem
2407 5144 2587 5216 populi
2615 5153 2924 5213 sequentes,
2952 5144 3046 5200 Dei
3071 5144 3330 5216 judicium
3389 5160 3497 5202 non
3525 5147 3796 5202 timentes.

2213 5236 2353 5307 Ergo
2379 5251 2444 5288 ne
2477 5235 2591 5304 pari
2616 5250 2764 5291 more
2794 5237 3011 5292 silentio
3037 5239 3328 5294 connivere
3353 5248 3513 5308 atque
3543 5240 3800 5294 adhibere

2208 5340 2528 5381 consensum
2561 5325 2753 5382 talibus
2784 5328 3086 5398 videamur,
3142 5329 3286 5387 unde
3311 5330 3576 5404 gehennae
3614 5344 3799 5400 poenas

2274 5502 2305 5544 ι’
2345 5503 2409 5560 D.
2440 5506 2822 5576 proconsulibus
2851 5507 3233 5579 gloriosissimis
3284 5506 3524 5564 Honorio
3572 5516 3620 5562 et
3662 5506 3795 5563 Conv

2204 5579 2391 5631 stantia
2414 5580 2652 5631 secundo.

2279 5661 2301 5686 ο
2332 5652 2408 5705 iis
2433 5651 2493 5704 υ.
2519 5650 2574 5707 lsi
2603 5649 2724 5713 ΑΞ..
2757 5649 2976 5705 Diversi.

2282 5719 2305 5759 ἀ
2340 5721 2431 5790 D.,
2459 5738 2553 5796 pro
2583 5723 2803 5795 alicujus
2823 5722 3071 5778 morbida:
3097 5725 3206 5780 ouis
3231 5722 3434 5796 αριστι.
