4024 6350
208 353 304 413 237
1171 352 1443 414 ΕΔΗ,ιῶ
1479 348 1793 411 CONCILIA

1897 384 1927 394 —
1966 350 2424 412 ARELATENSE
2465 352 2505 412 t.
3380 349 3486 411 επ

210 454 463 545 possimus
493 468 789 543 incurrere,
814 471 1028 529 dicente
1058 470 1285 528 Domino
1317 488 1329 525 :
1356 467 1550 523 Furem
1580 466 1785 523 uidebas
1814 471 1865 531 Α
1893 482 2013 523 cum
2043 466 2245 523 dictum
2276 469 2382 525 sit:
2415 466 2625 524 Omnia
2647 469 2841 525 munda
2877 469 3103 540 mundis,
3141 469 3490 551 coinquinatis

209 577 252 624 et
275 565 511 620 currebat:
540 580 656 619 cum
680 581 739 620 eo
784 575 835 621 et
861 581 981 621 cum
1010 564 1260 621 adulteris
1308 564 1597 633 partionem
1658 574 1798 618 tuam
1899 572 2070 615 autem
2100 572 2147 617 et
2176 563 2475 632 inﬁdelibus
2506 564 2638 619 nihil
2665 565 2955 621 mundum?
2979 564 3092 635 Qua
3116 565 3183 621 de
3213 582 3272 623 re
3301 567 3491 624 hortor

207 662 419 733 ponebas
452 676 473 717 :
519 661 636 718 haec
658 673 807 731 sunt,
839 680 959 735 qua:
984 661 1239 732 deinceps
1294 658 1487 714 intuitu
1515 656 1683 713 divini
1709 656 1797 729 ju-
1901 666 1955 712 et
1984 674 2177 713 moneo
2201 668 2257 714 et
2280 674 2413 731 rogo
2437 660 2655 715 tollatur
2707 662 2810 717 hoc
2840 660 3189 739 opprobrium
3217 661 3363 733 quod
3402 675 3494 731 po-

204 754 323 810 dicii
344 769 536 811 omnes
566 758 858 812 catholicos
915 757 1198 828 episcopos
1226 750 1442 823 expedit
1495 750 1792 808 custodire.
1902 757 2006 803 test
2023 749 2150 819 jure
2182 750 2345 805 etiam
2392 751 2666 821 gentilitas
2720 754 2992 815 incusare.
3038 754 3201 810 Forte
3250 752 3495 810 creditur

274 848 311 903 Ι.
344 848 409 903 Ut
432 859 588 904 extra
621 849 1005 905 conscientiam
1055 848 1200 903 sedis
1221 847 1551 919 apostolicus,
1585 844 1685 899 hoc
1713 853 1797 899 est
1897 844 2021 913 quia
2050 847 2305 915 scriptum
2331 854 2412 900 est
2445 863 2458 899 :
2496 843 2661 901 Unius
2690 849 2866 902 uxoris
2899 849 3104 903 virum:
3148 863 3255 902 non
3282 863 3496 918 perma-

202 942 479 1011 pritnatis,
533 957 690 996 nemo
740 943 933 996 audeat
998 940 1289 995 ordinare:
1335 939 1597 1010 integrum
1651 936 1793 992 enim
1898 946 2115 992 nentem
2191 938 2247 992 in
2312 936 2746 1008 concupiscentia
2808 939 3100 1010 generandi
3156 939 3329 1007 dixit,
3396 937 3492 993 sed

189 1033 454 1105 judicium
514 1043 599 1090 est
649 1034 793 1106 quod
847 1034 1210 1111 plurimorum
1274 1033 1541 1088 sententia
1590 1044 1793 1087 conse-
1898 1039 2115 1099 propter
2167 1029 2557 1086 continentiam
2612 1029 2863 1088 futuram.
2921 1033 3105 1103 Neque
3160 1033 3304 1089 enim
3352 1032 3493 1087 inte-

190 1130 384 1198 quitur.
1894 1138 2266 1193 groscorporc
2314 1141 2421 1180 non
2482 1125 2699 1181 admisit
2753 1126 2842 1196 qui
2887 1128 3005 1183 ait:
3069 1124 3267 1182 Vellem
3316 1136 3488 1181 autem

256 1218 319 1273 II.
353 1218 440 1274 Ne
470 1235 607 1275 unus
634 1219 918 1291 episcopus
940 1219 1255 1292 episcopum
1287 1219 1541 1276 ordinare
1590 1235 1795 1289 prmsu-
1895 1230 2067 1269 omnes
2084 1215 2310 1270 homines
2337 1218 2411 1271 sic
2430 1233 2560 1283 esse,
2586 1218 2739 1272 siculi
2767 1227 2813 1272 et
2838 1235 2930 1289 ego
2959 1235 2979 1285 ;
3007 1227 3063 1274 et
3117 1218 3352 1287 apertius
3401 1218 3497 1273 de-

190 1320 293 1366 mat
326 1320 556 1382 propter
586 1314 967 1383 arrogantiam,
994 1329 1064 1369 ue
1113 1312 1364 1367 furtivum
1423 1314 1581 1389 192
1630 1313 1794 1368 bene-
1894 1307 2082 1374 clarat,
2116 1309 2342 1369 dicens:
2380 1311 2482 1378 Qui
2509 1318 2679 1366 autem
2704 1311 2760 1367 in
2788 1328 2942 1367 carne
2992 1321 3109 1367 sunt
3142 1311 3250 1366 Deo
3281 1316 3483 1383 placere

195 1401 369 1457 ﬁcium
397 1405 697 1473 praestitum
729 1404 979 1462 videatur
1010 1424 1024 1460 :
1050 1404 1151 1461 hoc
1181 1405 1324 1462 enim
1349 1405 1400 1461 in
1446 1405 1652 1476 synodo
1690 1405 1792 1460 Ni-
1892 1418 1999 1456 non
2022 1412 2232 1473 possunt
2264 1418 2390 1463 :vos
2416 1415 2588 1463 autem
2607 1408 2723 1477 jam
2754 1422 2855 1461 non
2888 1407 3005 1460 estis
3026 1406 3079 1459 in
3106 1400 3281 1477 carne,
3308 1406 3397 1461 sed
3425 1407 3482 1461 in

193 1508 337 1561 caena
365 1505 582 1552 constat
608 1513 728 1554 esse
749 1497 1051 1553 definitum.
1890 1495 2096 1561 spiritu.

259 1581 348 1639 ΙΙΙ.
407 1584 539 1642 item
583 1587 628 1642 si
686 1588 805 1657 quis
846 1597 969 1659 post
1010 1589 1381 1646 remissionem
1446 1596 1787 1659 peccatorum
1966 1587 2120 1669 193
2150 1587 2275 1653 Haec
2321 1590 2519 1671 itaque,
2554 1591 2772 1659 fratres,
2803 1592 2850 1649 si
2875 1592 3030 1672 plena
3068 1593 3338 1661 vigilantia
3365 1591 3488 1655 iue—

187 1676 461 1747 cingu’lutn
487 1679 693 1735 militiae
719 1681 995 1736 saecularis
1025 1682 1291 1751 habuerit,
1327 1682 1393 1738 ad
1437 1682 1644 1747 clerum
1689 1680 1787 1747 ad-
1887 1678 1995 1732 rint
2019 1681 2085 1732 ab
2113 1680 2362 1736 omnibus
2400 1684 2707 1751 observata.
2743 1685 2975 1745 cessabit
3002 1686 3243 1753 ambitio,
3274 1685 3490 1740 dissen-

185 1767 324 1825 mitti
358 1786 467 1845 non
488 1764 668 1827 debet.
1884 1768 1970 1835 sio
1989 1774 2370 1842 conquiescet,
2393 1774 2630 1835 haereses
2659 1786 2714 1837 et
2739 1778 3027 1839 schismata
3058 1792 3165 1840 non
3194 1786 3490 1847 emergant,

153 1938 159 1947 ‘
255 1860 444 1931 1V.,Ut
468 1864 771 1933 mulierem,
795 1865 851 1929 id
874 1873 960 1923 est
983 1866 1220 1937 viduam,
1242 1868 1470 1935 clericus
1486 1883 1594 1935 non
1619 1867 1779 1935 ducat
1809 1849 1860 1910 Β
1884 1860 2059 1927 iocum
2082 1878 2185 1921 non
2211 1866 2440 1935 accipiet
2459 1866 2706 1925 diabolus
2725 1869 3004 1936 saeviendi,
3032 1869 3272 1933 manebit
3298 1868 3496 1929 unaniv

156 1967 436 2037 (uxorem.
1883 1956 2064 2022 mitas.
2093 1958 2345 2029 iniquitas
2369 1971 2617 2030 superata
2639 1962 2951 2029 calcabitur,
2979 1963 3213 2023 charilas
3236 1963 3491 2032 spiritua—

252 2045 318 2101 ν.
352 2046 422 2103 Ut
451 2049 494 2104 is
518 2048 609 2120 qui
642 2048 813 2117 laicus
838 2050 1054 2115 viduam
1084 2050 1302 2117 duxerit
1329 2064 1438 2117 non
1465 2049 1783 2117 admittatur
1883 2050 1921 2106 li
1952 2049 2161 2115 [crvore
2190 2052 2453 2121 ﬂagrabit,
2499 2068 2606 2122 pax
2655 2054 2937 2121 prredicata
2966 2054 3119 2113 labiis
3144 2068 3264 2117 cum
3297 2053 3487 2109 volun-

170 2137 241 2192 ad
291 2138 525 2194 clerum.
1884 2149 1993 2205 tate
2020 2140 2141 2215 [D.,
2164 2139 2464 2212 voluptate]
2489 2142 2651 2205 animi
2673 2144 3041 2212 concordabit,
3059 2160 3163 2214 pax
3193 2147 3374 2214 utique
3396 2145 3499 2201 Dei

248 2228 344 2284 Vl.
380 2229 449 2285 Ut
471 2230 538 2286 de
566 2230 742 2286 aliena
771 2230 1003 2289 ecclesia
1026 2232 1279 2289 ordinare
1298 2231 1555 2287 clericum
1601 2231 1780 2287 nullus
1881 2232 2053 2291 nostri
2085 2248 2248 2302 quam
2275 2234 2519 2295 Salvator
2556 2236 2671 2304 ipse
2719 2235 2833 2307 jam
2890 2237 3163 2305 proximus
3230 2237 3498 2307 passionis

171 2332 433 2408 usurpet.
1879 2326 2194 2387 servandam
2224 2343 2346 2392 esse
2377 2330 2649 2399 praecepit,
2700 2338 2757 2385 et
2801 2329 3141 2385 hereditario
3188 2343 3309 2386 eam
3340 2327 3482 2391 nubi

244 2412 362 2470 γη.
419 2413 488 2471 Ut
519 2415 790 2489 abjectum
823 2418 1083 2479 clericum
1128 2417 1235 2483 alia
1275 2418 1511 2477 ecclesia
1540 2433 1652 2483 non
1680 2418 1779 2474 sd-
1876 2413 2001 2483 jure
2034 2418 2338 2488 dereliquit,
2367 2419 2553 2474 dicens
2583 2438 2597 2474 :
2630 2418 2824 2475 Pacem
2863 2436 3032 2474 meam
3056 2422 3288 2490 relinquo
3311 2422 3488 2491 vobis,

163 2506 376 2563 mittat.
1878 2519 1935 2569 et
1960 2508 2159 2575 dictum
2186 2510 2460 2582 Apostoli:
2489 2508 2559 2567 Ut
2599 2513 2865 2571 unanimes
2892 2529 3053 2569 unum
3083 2514 3355 2573 sentientes
3372 2531 3492 2587 per-

238 2601 379 2661 Vlll.
422 2602 489 2660 Ut
518 2604 796 2690 venientes
822 2621 855 2665 a
912 2605 1223 2673 Novatianis
1268 2606 1352 2675 vel
1406 2606 1775 2675 Montensibus
1878 2617 2177 2657 maneamus
2203 2604 2258 2656 in
2280 2601 2503 2669 Christo,
2528 2602 2660 2658 nihil
2684 2620 2776 2677 per
2803 2607 3177 2661 contentionem
3205 2607 3370 2671 nobis,
3396 2622 3490 2659 ne-

161 2708 258 2765 per
288 2712 488 2752 manus
514 2698 911 2769 impositionem
943 2702 1304 2781 suscipiantur
1322 2716 1390 2761 ex
1426 2717 1493 2759 eo
1521 2701 1663 2775 quod
1686 2716 1773 2767 re-
1877 2712 1975 2765 (Ιυε
2019 2712 2111 2771 ρετ
2160 2696 2367 2752 inanem
2422 2698 2640 2767 Mariam
2668 2699 3004 2764 vindicantes,
3035 2715 3125 2755 nec
3170 2700 3485 2762 hominibus.

162 2788 472 2860 baptizant.
1884 2784 2044 2857 194
2069 2786 2160 2843 sed
2193 2785 2301 2842 Deo
2333 2798 2505 2842 nostro
2534 2788 2777 2847 salvatori
2806 2790 3122 2863 placeamus.
3166 2791 3258 2845 His
3289 2806 3492 2862 praece-

228 2880 324 2937 lX.
363 2883 638 2940 Praeterea
663 2927 679 2952 ,
720 2885 861 2959 quod
914 2885 1138 2957 dignum
1182 2893 1241 2942 et
1292 2884 1545 2957 pudicum
1579 2894 1635 2940 et
1678 2885 1775 2938 Ιιο-
1879 2880 1982 2949 ptis
2035 2880 2285 2943 omnibus
2333 2879 2377 2933 si
2408 2881 2640 2939 ﬁdeliter
2667 2884 2993 2941 voluerimus
3023 2882 3282 2950 obedire,
3312 2892 3496 2939 custo-

158 2988 379 3031 nestum
414 2986 520 3044 est,
547 2980 837 3037 suademus
868 2980 961 3057 |D.
987 2977 1310 3051 studemus].
1353 2987 1411 3034 ut
1464 2978 1773 3041 sacerdotes
1877 2970 1987 3033 diei
2016 2970 2276 3027 Dominus
2298 2987 2521 3051 corpora
2546 2984 2725 3033 nostra
2758 2983 2813 3029 et
2834 2976 3041 3031 animas
3068 2983 3277 3039 nostras
3312 2977 3365 3033 in
3399 2976 3489 3032 die

155 3076 210 3123 et
242 3068 430 3124 levitae
460 3086 585 3125 cum
618 3072 879 3127 uxoribus
907 3072 1018 3127 suis
1048 3087 1153 3133 non
1184 3079 1399 3133 coeant,
1425 3070 1547 3144 quia
1592 3072 1643 3125 in
1674 3069 1775 3129 mi-
1877 3076 1981 3134 qua
2012 3062 2316 3123 redditurus
2369 3074 2451 3123 est
2477 3066 2766 3143 unicuique
2808 3068 3099 3125 secundum
3150 3084 3312 3139 opera
3367 3085 3483 3125 sua.

156 3158 387 3217 nisterio
422 3162 650 3219 ministri
680 3165 1010 3237 quotidianis
1056 3163 1470 3227 necessitatibus
1511 3177 1772 3231 occupan-
1801 3215 1845 3237 η
1876 3152 1934 3212 Si
1981 3158 2100 3229 quis
2166 3173 2297 3215 sane
2355 3160 2572 3215 inﬂatus
2627 3169 2807 3223 mente
2875 3162 3054 3218 carnis
3108 3176 3219 3216 sua:
3271 3162 3339 3217 ab
3392 3161 3493 3218 hac

152 3264 275 3325 tur;
306 3259 377 3313 ad
406 3215 719 3316 Corinthio;
742 3274 976 3329 namque
995 3260 1194 3316 Paulus
1214 3260 1295 3315 sic
1322 3255 1531 3322 scribit,
1555 3256 1767 3313 dicens:
1799 3215 1845 3278 ϐ
1875 3250 2098 3303 canonis
2153 3252 2362 3305 ratione
2431 3252 2659 3313 voluerit
2715 3252 2928 3327 evagari
2956 3296 2971 3325 ,
3028 3256 3163 3315 sciat
3238 3268 3297 3310 se
3353 3263 3408 3311 et
3459 3270 3491 3311 a

152 3349 450 3420 Abstinele,
481 3364 534 3408 ut
568 3356 759 3410 vacetis
807 3356 1052 3412 orationi.
1119 3355 1176 3411 Si
1227 3368 1354 3425 ergo
1400 3351 1553 3413 laicis
1598 3348 1737 3409 absti

1899 3349 2053 3394 lustra
2073 3342 2448 3397 communione
2469 3343 2736 3398 seclusum
2761 3354 2813 3397 et
2836 3344 3097 3415 gelteunte
3122 3359 3305 3416 poenas
3331 3344 3488 3400 babi-

150 3444 340 3497 nemia
406 3444 708 3514 imperatur
765 3455 820 3501 αι
874 3446 1086 3525 possim
1143 3445 1500 3521 deprecantes
1553 3440 1765 3505 audiri,
1870 3432 2356 3489 turum.Praeterea
2383 3433 2746 3490 misericordia
2779 3436 3117 3505 cumjudicio
3157 3451 3278 3491 esse
3301 3436 3485 3505 debet;

148 3547 362 3603 quanto
393 3542 566 3608 magis
592 3540 849 3597 sacerdos
882 3541 1065 3613 utique
1102 3540 1252 3599 omni
1284 3545 1560 3599 momento
1611 3550 1737 3609 para

1896 3525 2068 3580 alibus
2093 3526 2236 3582 enim
2277 3536 2492 3596 oportet
2517 3543 2706 3583 manus
2732 3528 3024 3599 porrigere,
3050 3529 3138 3595 qui
3162 3529 3239 3582 sic
3264 3543 3485 3583 currun-

147 3632 237 3693 tus
268 3645 404 3685 esse
427 3629 613 3702 debet,
640 3642 697 3687 ut
728 3633 1007 3693 munditia:
1052 3633 1283 3703 puritate
1336 3645 1563 3688 securus
1593 3630 1736 3686 sacri

1897 3632 1986 3672 em
2011 3633 2119 3673 non
2144 3618 2461 3687 pertrahant
2481 3619 2534 3673 in
2566 3620 2801 3674 ruinam.
2843 3620 3034 3675 Datum
3059 3620 3242 3675 Roma:
3272 3618 3326 3672 in
3356 3636 3486 3674 con-

146 3717 337 3775 ﬁcium
365 3720 568 3777 oﬁ'erat
590 3734 687 3782 aut
743 3724 1021 3797 baptizare
1050 3724 1311 3803 cogatur?
1342 3722 1433 3794 qui
1481 3723 1527 3778 si
1581 3731 1762 3778 conta-
1870 3710 1996 3803 (filio
2016 3712 2395 3803 ςρὶεοοροτιιπι
2420 3713 2688 3782 οοιοκίηιι
2718 3714 2819 3768 “ub
2859 3712 2949 3768 die
2988 3729 3041 3769 ³³
3090 3712 3213 3768 ldus
3240 3712 3485 3769 Januarii

145 3807 400 3865 minatus
428 3811 591 3866 fuerit
614 3814 816 3869 carnali
865 3799 1333 3885 concupiscentia,
1367 3813 1495 3887 quid
1552 3812 1712 3867 faciet

1904 3802 1967 3858 ι).
1982 3844 1999 3870 ,
2014 3802 2283 3860 Kalendas
2299 3802 2608 3880 Januarias]
2632 3812 2756 3877 post
2775 3806 3113 3864 consulatum
3130 3805 3354 3871 lionorii
3376 3808 3488 3865 Au-

141 3902 277 3972 quid
314 3906 653 3959 excusabit?
682 3922 788 3975 quo
819 3907 1047 3977 pudore,
1078 3923 1181 3980 qua
1236 3917 1413 3962 mente
1444 3904 1765 3974 usurpabit?
1873 3895 2011 3963 Βυεῑί
2041 3906 2094 3951 ei
2141 3897 2415 3957 Ballionis-

136 4008 255 4063 qua
289 3994 666 4058 conscientia,
698 4010 804 4063 quo
832 3996 1024 4049 merito
1074 3997 1159 4050 hic
1184 3996 1425 4050 exaudiri
1478 4010 1538 4049 se
1574 3993 1763 4056 credit,

920 4174 1667 4416 cum
1759 4279 2722 4421 CONCILIA.

1772 4597 1967 4672 XXI
3498 4636 3517 4677 [

809 4766 1489 4854 CONCILIUM
1567 4766 2332 4851 ARELATENSE
2410 4766 2904 4851 PRIMUM

153 4938 189 4993 Α
231 4926 564 4991 ηυιιΜιῧ
608 4923 920 4977 Εριεοοιιιε
956 4924 1237 4979 auarum,
1285 4924 1348 4967 IN
1380 4923 1683 4968 (πίνη-,ηε
1728 4939 1742 4966 λ

1901 4925 2047 4980 ΔΤΟ,
2076 4925 2243 4967 APUD
2289 4924 2592 4965 MARINU“
2642 4922 3023 4980 EPISCOPUM,
3074 4925 3486 4971 TEMPORIBUS

230 5000 679 5063 cuivs'rm'rmt
724 5004 1284 5064 IMPERATOBIS,EO
1332 5004 1637 5046 TEMPORE
1683 5002 1810 5055 QUO
1861 5004 2059 5047 arum
2103 5001 2453 5048 CONCILIUM
2486 5002 2796 5050 meassent
2840 5004 3132 5050 usurum
3182 5008 3294 5049 ηδτ
3324 5007 3491 5048 ΤΒΕ-ο

231 5090 612 5141 CIN‘I‘OBUM
656 5087 876 5132 DECEM
920 5087 1002 5129 ET
1046 5084 1211 5130 OCTO
1255 5081 1724 5129 EPISCOPORUM.

217 5244 470 5301 Domino
499 5247 559 5295 et
599 5238 944 5299 sanctissimo
991 5236 1252 5294 Silvestro
1304 5236 1557 5307 episeopo
1625 5244 1798 5293 coetus
1823 5246 1884 5308 Β
1906 5251 2017 5293 uno
2058 5247 2415 5308 temporeper
2441 5249 2657 5292 omnem
2685 5236 2871 5292 orbem
2914 5234 3229 5290 observetur
3256 5238 3309 5283 et
3339 5229 3489 5297 juxta

151 5338 575 5407 episcoporum,
595 5334 686 5404 qui
710 5330 929 5388 adunati
950 5328 1225 5385 lueruntin
1249 5329 1445 5399 oppido
1469 5325 1787 5394 Arelatensi.
1900 5326 2340 5386 consuetudinem
2364 5326 2568 5384 litteras
2586 5327 2654 5382 ad
2678 5343 2869 5383 omnes
2898 5337 2953 5381 tu
2972 5323 3193 5392 dirigas.

223 5433 276 5478 itl
302 5429 728 5478 decreverimus
748 5424 1018 5478 communi
1061 5422 1285 5477 consilio
1311 5421 1556 5477 cbaritati
1582 5420 1789 5478 tumsi-
1938 5467 2090 5478 --η
2120 5465 2160 5478 ..
2223 5462 2286 5478 ...
2359 5463 2403 5478 ..
2506 5465 2517 5477 .
2681 5461 2747 5478 η..
2802 5461 2835 5478 η
3016 5455 3267 5478 “and
3319 5474 3364 5478 η
3393 5460 3425 5478 ,.

223 5433 235 5444 ·
815 5429 1018 5479 mmuni
1061 5429 1285 5477 consilto
1311 5429 1686 5478 cbaritatiture
1741 5429 1789 5476 i-
2390 5463 2403 5477 .
2506 5465 2517 5477 .
3129 5456 3143 5468 .
3415 5462 3425 5473 .

150 5429 813 5595 gzizcﬁﬁmiﬁm
838 5521 1010 5574 sciant
1035 5515 1160 5587 quid
1183 5515 1239 5570 in
1260 5512 1495 5569 futurum
1531 5435 1788 5571 observ:-
1936 5467 2094 5545 195
2120 5465 2185 5522 n'
2220 5462 2287 5521 Ut
2316 5465 2403 5518 ub.
2429 5460 2990 5605 qztawfpg5£333
3012 5455 3267 5533 m‘msm]
3308 5460 3453 5515 md“

153 5618 524 5743 ι’θεόθιῖεειῗξ·
679 5727 711 5743 μ
1082 5722 1265 5743 ΜΛ*
1318 5719 1580 5743 “MM”
1962 5672 2148 5728 ιηιιίε
2170 5671 2348 5743 quia“
2389 5669 2794 5741 quibuscunqtle
2840 5660 2972 5715 locis
3016 5658 3249 5720 ordinati
3286 5664 3484 5725 fuerint

334 5733 386 5790 Ιο
424 5728 507 5787 υτ
537 5744 639 5785 ³⁸³⁸⁸
658 5727 1045 5798 “mm?”
1308 5719 1600 5785 “Ima”
1634 5832 1666 5837 __
1774 5836 1777 5837 ί
1893 5719 2374 5837 ιιιίᾎῇιίξῖίῖἷρξίε
2393 5719 2911 5833 ilicis—personuit.

230 5845 315 5904 Do
367 5838 760 5903 observatione
812 5838 1026 5909 paschae
1066 5834 1371 5905 dominicae,
1400 5842 1458 5890 ut
1482 5848 1591 5891 uno
1615 5832 1704 5890 die
1731 5836 1788 5889 et
