4024 6350
484 367 608 457 .539

1204 357 1589 421 COLLEC‘I‘IO
1625 355 1959 416 CANONUM
1999 356 2058 414 S.
2103 352 2384 413 ISIDORO
2425 351 2696 412 BISPAL.
2736 351 3100 410 ASCRIPTA.

3703 354 3811 412 2&0

537 490 630 544 Ill.
659 482 728 564 Ut
748 486 835 560 qui
861 485 915 565 in
936 496 1059 556 pace
1089 494 1234 535 arma
1260 476 1545 550 projiciunt
1569 475 2093 529 excommunicentur.
2125 475 2180 536 Α
2203 468 2356 524 bensi
2386 477 2440 522 et
2495 467 2563 524 de
2610 467 2694 522 his
2748 481 2885 538 quos
2924 465 3312 522 ordinaverunt
3359 464 3496 522 ratio
3545 465 3811 527 subsistit,

575 585 654 641 De
685 583 768 637 his
795 580 884 652 qui
915 592 1059 633 arma
1086 572 1371 644 projiciunt
1420 572 1472 626 in
1522 584 1676 641 pace,
1711 568 1908 638 placuit
1933 567 2102 622 absti-

505 681 621 739 neri
655 694 749 734 eos
778 693 806 730 a
831 672 1228 731 communione.

649 771 738 828 IV.
765 770 827 826 Ut
849 781 1043 838 aurigis
1065 765 1189 817 dum
1213 762 1408 833 agitant
1439 755 1962 813 excommunicentur.

586 866 661 921 De
690 849 1028 934 agitatoribus
1059 856 1143 926 qui
1177 854 1360 909 lideles
1389 860 1536 916 sunt,
1592 847 1789 918 placuit
1812 860 1904 901 eos
1932 856 2104 914 quan-

509 957 600 1014 diu
623 958 844 1027 agitant,
869 969 898 1006 a
928 949 1306 1007 communione
1335 944 1593 1016 separari.
2027 934 2029 938 ⁴

581 1049 645 1104 ν.
674 1048 740 1102 Ut
764 1047 850 1117 qui
876 1046 929 1098 in
951 1041 1165 1096 ineatris
1187 1039 1493 1093 conveniunt
1510 1031 2029 1090 excommunicentur.

582 1141 658 1196 De
684 1139 980 1203 theatricis,
1034 1145 1088 1190 et
1138 1135 1284 1202 ipsos
1325 1128 1533 1202 placuit
1586 1125 1824 1199 quandiu
1853 1132 2037 1195 agunt,
2078 1135 2110 1175 a

508 1235 890 1293 communione
921 1226 1181 1298 separari.

579 1330 668 1390 VI.
695 1330 760 1385 In
788 1326 1087 1399 inﬁrmitate
1111 1322 1337 1378 conversi
1376 1333 1555 1372 manus
1581 1312 1958 1385 impositionent
1977 1306 2112 1360 acci-

1234 1396 1398 1464 piant.

583 1495 661 1551 De
704 1494 786 1548 bis
812 1491 902 1562 qui
935 1491 988 1544 in
1045 1487 1356 1543 inﬁrmitate
1407 1479 1628 1536 credere
1655 1476 1860 1540 volunt,
1905 1470 2106 1542 placuit

513 1589 713 1645 debere
738 1586 822 1642 bis
845 1597 1059 1639 manum
1084 1577 1309 1648 imponi.

583 1683 694 1738 VII.
725 1681 799 1735 De
847 1675 1146 1749 prtesidibus
1171 1682 1224 1724 ut
1246 1685 1363 1750 cuin
1393 1663 1700 1720 conscientia
1752 1658 1986 1730 episcopi
2033 1655 2116 1711 sui

579 1753 583 1757 ’
848 1747 855 1749 ⁷
1106 1747 1496 1798 communicent.

588 1849 665 1903 De
695 1843 1008 1916 praesidibus
1045 1839 1134 1909 qui
1160 1837 1342 1890 litleles
1363 1833 1426 1887 ad
1457 1829 1799 1901 praesidatum
1833 1821 2118 1922 prosiliunt
2146 1861 2196 1922 Β

514 1943 586 2001 ita
618 1942 834 2011 placuit,
865 1945 924 1992 ut
951 1949 1070 1990 cum
1101 1933 1327 2002 promoti
1377 1928 1574 1981 iuerint
1619 1923 1824 1976 litteras
1854 1916 2119 1986 accipiant

515 2031 912 2091 ecclesiasticas
938 2019 1464 2082 communicatorias,
1523 2017 1594 2069 ita
1622 2022 1803 2067 tamen
1834 2017 1891 2064 ut
1917 2007 1970 2062 in
1999 2005 2122 2077 qui-

521 2131 837 2194 buscu'nque
865 2123 998 2177 locis
1027 2119 1313 2192 gesserint,
1336 2115 1406 2170 ab
1461 2111 1718 2183 episcopo
1743 2107 1985 2179 ejusdem
2019 2102 2123 2159 loci

518 2237 646 2280 cura
668 2219 772 2274 illis
801 2226 1011 2286 agatur,
1045 2222 1102 2265 ut
1129 2225 1250 2265 cum
1279 2206 1544 2276 cmperint
1569 2213 1755 2259 contra
1787 2198 2124 2267 disciplinam

514 2315 781 2388 publicam
805 2323 985 2381 agere,
1025 2317 1135 2360 tum
1166 2304 1383 2357 demum
1428 2314 1459 2353 a
1517 2294 1894 2353 communione
1937 2289 2126 2346 exclu-

516 2411 708 2466 dantur
739 2424 752 2459 :
783 2403 1027 2461 similiter
1047 2407 1097 2455 el
1127 2397 1192 2452 de
1213 2395 1296 2451 his
1321 2393 1411 2464 qui
1434 2388 1816 2460 rempublicam
1852 2396 2012 2454 agere
2030 2395 2126 2436 vo-

516 2504 655 2560 lunt.

554 2596 688 2653 VIII.
733 2595 883 2652 Utea:
907 2595 1102 2644 hwrese
1137 2579 1448 2655 conversisi
1483 2577 1537 2632 in
1568 2568 2094 2655 Trinitntebaptizati

770 2647 912 2731 sunt,
955 2673 1134 2715 manus
1164 2652 1542 2724 impositionent
1577 2647 1854 2714 accipiant.

602 2786 682 2843 De
707 2783 917 2840 Arianis
944 2778 1034 2851 qui
1062 2773 1278 2847 propria
1327 2771 1444 2841 lege
1467 2784 1564 2826 sua
1611 2775 1832 2822 utuntur
1886 2771 1946 2819 ut
1973 2764 2130 2819 reba-

526 2881 817 2952 ptizentur,
848 2870 1105 2943 placuitsi
1131 2866 1198 2922 ad
1212 2863 1492 2921 ecclesiam
1524 2859 1688 2930 aliqui
1711 2857 1778 2913 de
1802 2857 1902 2910 hac
1925 2856 2133 2910 htcrese

520 2949 789 3031 verterint,
823 2968 1155 3032 interrogent
1211 2975 1304 3013 eos
1344 2955 1670 3029 symbolum,
1703 2960 1756 3007 et
1788 2951 1835 3006 si
1883 2949 2132 3019 pervideo

521 3067 630 3122 rint
669 3076 762 3120 eos
807 3061 863 3115 itt
902 3058 1059 3114 Patre
1086 3065 1140 3110 et
1162 3052 1299 3108 Filio
1325 3061 1381 3106 et
1405 3051 1458 3104 in
1510 3046 1711 3117 Spiritu
1769 3051 1957 3099 sancto
2012 3055 2133 3097 esse

520 3159 842 3228 baptizatos,
875 3165 1066 3207 manus
1102 3148 1180 3206 eis
1205 3154 1409 3202 tantum
1445 3144 1750 3212 imponatur
1784 3145 1844 3192 ut
1871 3136 2139 3205 accipiant

2207 575 2313 615 non
2343 559 2446 614 illis
2474 559 2697 613 obsistat
2729 558 3018 613 ordinatio.
3049 558 3310 627 Quoniam
3355 558 3510 614 multi
3565 568 3696 616 sunt
3723 562 3816 630 qui

2206 663 2394 710 contra
2450 651 2750 707 Ecclesiam
2805 668 3103 724 repugnare
3133 653 3385 708 videntur
3440 663 3494 710 et
3525 669 3621 726 per
3657 664 3818 715 testes

2208 747 2519 815 redemptos
2577 755 2763 816 putant
2817 761 2876 800 se
2929 747 3275 802 excusatione
3329 745 3542 802 admitti
3594 747 3858 818 debere,

2210 842 2432 898 omnino
2451 855 2555 895 non
2582 840 2960 910 permittantur
2983 840 3108 909 nisi,
3137 848 3195 897 ut
3214 855 3375 912 supra
3398 841 3659 910 diximus,
3685 841 3819 900 actis

2210 935 2437 1006 publicis
2466 935 2770 990 docuerint.

2210 1028 2352 1085 XIV.
2411 1026 2479 1084 Ut
2524 1029 2645 1100 falsi
2683 1038 3001 1083 accusatores
3038 1032 3274 1111 fratrum
3315 1044 3474 1101 usque
3514 1029 3584 1084 ad
3633 1028 3823 1085 exitum

2727 1110 3249 1155 excommuntcentur.

2285 1193 2363 1248 De
2389 1193 2470 1248 his
2507 1193 2597 1263 qui
2629 1192 2762 1247 falso
2791 1201 3052 1248 accusant
3091 1192 3283 1248 fratres
3321 1207 3470 1263 suos,
3504 1194 3707 1265 placuit
3734 1209 3826 1250 eos

2213 1302 2383 1357 usque
2405 1288 2470 1341 ad
2504 1285 2706 1342 exitum
2765 1301 2871 1340 non
2920 1286 3341 1354 communicare,
3369 1286 3465 1344 sed
3505 1287 3701 1344 falsum
3750 1297 3828 1344 te-

2213 1391 2350 1436 stem
2367 1379 2519 1449 juxta
2556 1379 2886 1448 Scripturam
2917 1378 3233 1447 impunitum
3262 1395 3371 1434 nou
3401 1381 3562 1437 licere
3587 1394 3730 1437 esse.

2609 1470 2727 1525 XV.
2765 1470 2833 1527 Ut
2857 1471 3017 1526 levitte
3046 1489 3150 1527 non
3176 1471 3423 1539 o/ferant.

2289 1565 2367 1621 De
2387 1563 2723 1630 diaconibus,
2753 1579 2886 1635 quos
2921 1565 3272 1635 cognovimus
3309 1566 3491 1623 multis
3511 1564 3645 1623 locis
3669 1562 3830 1622 oller-

2220 1671 2302 1726 re,
2334 1657 2532 1727 placuit
2565 1656 2784 1712 minime
2810 1655 2930 1711 ﬁeri
2954 1656 3177 1713 debere.

2217 1749 2358 1807 XVI.
2397 1749 2466 1809 Ut
2493 1751 2790 1822 paenitentes
2827 1750 2913 1806 ubi
2942 1753 3230 1833 acceperint
3276 1751 3558 1809 orationem
3605 1752 3676 1807 ibi
3698 1766 3832 1806 eont-

2934 1835 3220 1880 munirent.

2293 1915 2370 1971 De
2392 1915 2476 1971 his
2496 1915 2585 1988 qui
2609 1931 2705 1984 pro
2726 1915 2920 1972 delicto
2959 1929 3058 1971 suo
3083 1931 3113 1970 a
3161 1917 3540 1973 communione
3584 1930 3834 1988 separam-

2227 2018 2351 2066 turll
2375 2011 2448 2066 ita
2463 2012 2681 2081 placuit,
2707 2017 2766 2065 ut
2786 2010 2838 2064 in
2851 2009 3254 2080 quibuscunque
3273 2009 3404 2065 locis
3426 2007 3832 2067 luerantexclu-

2225 2102 2296 2172 si,
2338 2105 2525 2158 eodem
2557 2104 2673 2157 loco
2701 2101 3132 2157 communionem
3163 2110 3584 2172 consequantur.

2234 2218 2389 2290 197
2419 2215 2586 2272 XVII.
2625 2214 2883 2271 Utnullus
2925 2217 3193 2285 cpiscopus
3234 2214 3396 2270 alium
3433 2215 3695 2271 conculcet
3730 2213 3835 2286 epi-

2929 2304 3160 2358 scopum.

2304 2382 2374 2439 Ut
2400 2381 2579 2437 nullus
2603 2381 2891 2452 episcopus
2926 2381 3087 2435 alium
3118 2381 3434 2452 episcopum
3463 2380 3768 2437 conculcet.

2301 2474 2491 2531 XVIII.
2526 2472 2591 2530 Ut
2615 2474 2860 2528 diaconus
2899 2472 3028 2527 nihil
3057 2475 3165 2528 sine
3189 2473 3478 2544 presbytero
3505 2470 3687 2540 σπίναι
3715 2467 3768 2526 ι’.

2301 2568 2379 2623 De
2406 2566 2718 2623 diaConibus
2768 2566 2966 2621 urbicis
3001 2574 3060 2621 ut
3105 2581 3213 2621 non
3246 2574 3450 2621 tantum
3498 2565 3604 2620 sibi
3634 2579 3837 2635 praesu-

2232 2672 2415 2728 mant,
2456 2659 2550 2716 sed
2585 2659 2844 2715 honorem
2891 2661 3222 2731 presbyteris
3276 2667 3600 2726 reservent,
3633 2667 3690 2714 ut
3732 2657 3842 2715 sine

2234 2755 2566 2814 conscientia
2593 2757 2830 2824 ipsorum
2864 2755 2994 2808 nihil
3026 2753 3132 2808 tale
3159 2752 3376 2808 iaciant.

2270 2849 2416 2905 XIX.
2444 2847 2514 2904 Ut
2538 2849 2808 2920 peregrino
2835 2848 3072 2918 episcOpo
3104 2846 3248 2901 locus
3272 2844 3602 2916 sacriﬁcandi
3633 2845 3808 2901 detur.

2313 2946 2389 3000 De
2415 2941 2712 3016 peregrinis
2739 2943 3005 3012 episcopis
3034 2941 3128 3011 qui
3157 2941 3211 2996 in
3243 2944 3433 2996 urbem
3463 2941 3646 2996 solent
3679 2938 3828 2994 veni-

2239 3051 2319 3105 re,
2353 3037 2554 3106 placuit
2582 3036 2686 3090 illis
2710 3035 2885 3090 locum
2907 3034 3023 3090 dari
3053 3045 3109 3089 ut
3132 3034 3383 3090 oll'erant.

2243 3127 2360 3184 XX.
2389 3128 2458 3184 Ut
2477 3130 2584 3184 sine
2603 3129 2763 3183 tribus
2795 3127 3043 3200 episcopis
3073 3128 3247 3182 nullus
3270 3120 3841 3196 episcopus'ordinetur.

523 3219 783 3320 Spiritum
828 3219 1082 3301 sanctum
1119 3258 1134 3308 ;
1167 3238 1311 3310 quod
1333 3238 1376 3293 si
1409 3233 1723 3304 interrogati
1753 3245 1860 3287 non
1911 3231 2210 3302 respon-c
2313 3225 2390 3280 De
2422 3223 2504 3278 his
2549 3224 2639 3294 qui
2687 3230 2950 3291 usurpant
2994 3219 3096 3276 sibi
3149 3220 3250 3276 soli
3289 3220 3487 3277 debere
3538 3220 3844 3290 episcopum

525 3328 704 3397 derint
735 3339 872 3393 hanc
908 3335 1247 3397 Trinitatem,
1279 3327 1636 3400 baptizeutur.

524 3456 618 3512 IX.
655 3455 722 3512 Ut
748 3455 838 3526 qui
865 3453 1212 3524 confessorum
1234 3448 1428 3502 litteras
1458 3451 1663 3518 portant
1691 3442 1824 3497 alias
1860 3439 2132 3512 recipiant.

529 3615 544 3629 .
597 3572 674 3627 De
692 3569 773 3625 bis
795 3567 916 3639 quis
940 3565 1306 3620 confessorqu
1337 3561 1543 3616 litteras
1561 3559 1810 3621 all‘erunt,
1833 3554 2028 3626 placuit
2055 3560 2132 3620 ut,

529 3661 754 3720 sublatis
779 3661 857 3716 eis
888 3657 1102 3722 litteris,
1131 3655 1266 3710 alias
1305 3653 1574 3724 accipiant
1607 3644 2131 3706 communicatorias.

535 3778 694 3849 196
705 3774 772 3830 X.
796 3774 836 3829 U
845 3783 862 3828 t
871 3772 918 3826 si
933 3772 1081 3843 cujus
1092 3784 1223 3824 uxor
1234 3767 1598 3822 adulteraserit
1609 3765 1766 3819 aliam
1780 3779 1882 3818 non
1891 3759 2132 3832 accipiat.

601 3887 678 3942 De
702 3887 783 3940 his
800 3884 890 3957 qui
910 3882 1166 3952 conjuges
1193 3893 1318 3936 suas
1340 3879 1392 3934 in
1416 3879 1678 3933 adulterio
1698 3873 2132 3946 deprehendunt,

530 3996 580 4042 et
613 3987 750 4040 idem
780 3991 905 4039 sunt
943 3981 1312 4038 adolescentes
1353 3976 1538 4032 ﬁdeles
1565 3984 1620 4030 et
1657 3973 2006 4044 prohibentur
2037 3987 2140 4025 nu-

529 4082 676 4147 bere,
706 4081 903 4149 placuit
952 4085 1209 4150 quantum
1243 4073 1410 4143 possit
1438 4069 1722 4126 consilium
1754 4068 1830 4122 eis
1867 4066 2042 4131 detur,
2070 4079 2137 4120 ne

531 4174 828 4228 viventibus
853 4174 1012 4228 etiam
1040 4169 1294 4225 uxoribus
1331 4164 1465 4236 suis,
1495 4164 1622 4220 licet
1641 4163 1897 4219 adulterae
1919 4163 2048 4224 sint,
2079 4167 2138 4213 ut

531 4280 636 4322 non
665 4267 800 4321 alias
830 4266 1114 4334 accipiant.

565 4360 658 4418 XI.
704 4361 772 4418 Ut
823 4331 1029 4431 {einunc
1077 4353 1255 4424 fideles
1299 4349 1732 4431 qumﬁentilibus
1760 4363 1812 4402 se
1833 4345 2101 4418 junxerint
2187 4331 2190 4336 ’

1115 4424 1638 4481 excomntunicentur.

605 4530 680 4588 De
709 4525 902 4598 puellis
932 4520 1175 4577 ﬁdelibus
1203 4533 1323 4588 quae
1353 4514 1651 4571 Gentilibus
1683 4511 1999 4582 junguntur,
2023 4511 2137 4582 pla-

2236 3315 2528 3381 ordinare,
2559 3315 2762 3384 placuit
2804 3322 2863 3369 ut
2890 3315 3066 3369 nullus
3106 3312 3210 3368 hoc
3263 3313 3364 3368 sibi
3404 3321 3716 3383 prmsumat,
3748 3308 3846 3366 nisi

2237 3407 2526 3476 assumptis
2556 3405 2660 3462 sibi
2692 3405 2812 3462 aliis
2843 3418 3050 3476 septem
3097 3403 3397 3475 episcopis;
3449 3403 3495 3458 si
3531 3415 3711 3459 tamen
3743 3416 3846 3458 non

2239 3517 2307 3573 po
2321 3504 2443 3556 terit
2471 3510 2680 3570 septem
2700 3541 2716 3568 ,
2750 3500 2890 3555 infra
2919 3511 3026 3554 tres
3052 3514 3158 3552 non
3183 3497 3380 3552 audeat
3400 3495 3676 3552 ordinare.

2310 3590 2454 3646 XXI.
2483 3589 2552 3646 Ut
2570 3591 2788 3646 clericus
2824 3589 2946 3643 alibi
2976 3589 3231 3642 transiens
3257 3586 3752 3642 excommunicetur.

2309 3687 2385 3742 De
2413 3685 2745 3757 presbyteris
2765 3692 2857 3738 aut
2883 3681 3202 3738 diaconibus
3230 3681 3323 3752 qui
3355 3681 3534 3736 solent
3571 3681 3847 3737 dimittere

2239 3785 2356 3842 loca
2387 3800 2484 3841 sua
2521 3785 2577 3839 in
2605 3783 2798 3854 quibus
2825 3780 3057 3837 ordinati
3085 3788 3212 3836 sunt
3232 3788 3286 3834 et
3305 3779 3369 3834 ad
3394 3779 3498 3833 alia
3522 3779 3638 3833 loca
3672 3787 3847 3832 trans-

2243 3881 2481 3938 tulerunt
2512 3895 2591 3946 se,
2625 3877 2821 3948 placuit
2845 3885 2901 3931 ut
2923 3874 3007 3929 bis
3030 3874 3162 3930 locis
3191 3872 3496 3928 ministrent
3525 3880 3582 3925 ut
3618 3868 3690 3935 si,
3727 3868 3850 3926 reli-

2241 3979 2341 4031 ctis
2359 3975 2492 4030 locis
2513 3972 2649 4042 suis,
2671 3971 2740 4026 ad
2765 3969 2933 4025 alium
2965 3969 3142 4024 locum
3171 3981 3230 4022 se
3260 3962 3553 4022 transferre
3582 3962 3849 4019 voluerint

2246 4072 2605 4142 deponantur.

2241 4166 2408 4222 XXII.
2437 4164 2506 4220 Ut
2533 4171 2785 4236 apostatte
2807 4161 2892 4243 qui
2922 4159 3124 4243 tardius
3161 4163 3478 4243 revertuntur
3505 4155 3605 4210 nisi
3650 4170 3744 4226 per
3769 4153 3845 4208 di-

2527 4253 2680 4307 gnam
2696 4238 3041 4304 pwnitentiam
3068 4247 3170 4285 non
3199 4238 3531 4298 recipiantur.

2314 4333 2391 4389 De
2412 4332 2494 4387 his
2521 4333 2608 4401 qui
2657 4338 2963 4400 apostatant
2987 4335 3042 4382 et
3062 4337 3335 4394 nunquam
3366 4336 3427 4378 se
3455 4320 3522 4375 ad
3551 4319 3844 4376 ecclesiam

2243 4430 2650 4497 reprtesentant,
2669 4437 2767 4478 nec
2784 4420 3000 4492 quidem
3018 4420 3251 4492 poeniten
3261 4416 3385 4471 tiam
3407 4429 3566 4485 agere
3579 4420 3848 4483 quierunt,

2244 4531 2299 4575 et
2348 4529 2532 4590 postea
2581 4516 2890 4571 infirmitate
2915 4512 3116 4582 arrepti
3163 4519 3351 4582 petunt
3378 4507 3844 4575 communionem,

533 4625 644 4683 ουίξ
675 4631 731 4678 III.
755 4620 1026 4688 aliquanto
1073 4621 1310 4680 IeIIIIlOI‘e
1334 4624 1364 4663 8
1394 4605 1767 4664 communione
1793 4612 2131 4674 separentur.
2167 4613 2221 4673 D
2249 4613 2450 4682 placuit,
2475 4610 2556 4666 eis
2588 4625 2696 4665 non
2723 4609 2954 4664 dandam
2987 4604 3424 4662 communionem
3461 4601 3566 4658 nisi
3597 4602 3848 4657 revalne-

678 4733 794 4789 XII.
831 4729 899 4786 Ut
931 4727 1101 4782 clerici
1136 4727 1450 4796 feneratores
1472 4719 1992 4776 excommunicentur.

616 4829 690 4883 De
723 4824 983 4880 ministris
1024 4819 1115 4890 qui
1162 4817 1426 4881 Ienerant,
1471 4816 1670 4884 placuit
1701 4827 1796 4868 eos
1847 4813 1994 4883 juxta
2027 4811 2136 4866 Ior-

537 4935 678 4978 mam
703 4917 954 4972 divinitus
984 4913 1159 4967 datam
1191 4927 1220 4964 a
1253 4907 1630 4965 communione
1675 4905 1957 4961 abstineri.

539 5034 677 5093 XIII.
716 5031 781 5088 Ut
803 5029 1086 5103 proditores
1116 5021 1718 5103 fratrum,tvel.uasorum
1743 5032 2028 5084 sacrorum,
2050 5032 2140 5072 seu

720 5092 1128 5172 Scripturarum,
1155 5112 1267 5149 cum
1287 5092 1572 5148 verberibus
1595 5094 1943 5162 deponantur.

611 5201 686 5256 De
735 5197 814 5252 his
866 5195 954 5264 qui
1005 5190 1356 5261 Scripturas“
1409 5184 1694 5238 tradidisse
1745 5183 2012 5245 dicuntur,
2057 5178 2142 5234 vel

539 5311 666 5351 vasa
693 5291 979 5354 dominica,
1012 5285 1095 5340 vel
1142 5283 1355 5338 nomina
1385 5281 1609 5336 fratrum
1643 5292 1887 5341 suorum,
1947 5273 2142 5344 placuit

543 5391 698 5444 nobis
727 5396 783 5442 ut
827 5381 1128 5452 quicunque
1177 5393 1360 5434 eorum
1407 5375 1460 5428 in
1518 5373 1655 5427 actis
1707 5371 1934 5441 publicis
1983 5367 2144 5422 luerit

543 5484 806 5546 detectus,
840 5490 943 5531 non
991 5471 1169 5528 verbis
1196 5468 1376 5533 nudis,
1404 5466 1470 5519 ab
1499 5464 1691 5519 ordine
1741 5461 1870 5515 cleri
1897 5472 2143 5513 amovea-

547 5585 669 5632 tur:
717 5587 838 5628 nam
867 5570 909 5625 si
960 5569 1102 5624 idem
1147 5563 1356 5632 aliquos
1396 5558 1678 5613 ordinasse
1727 5552 1924 5608 fuerint
1952 5552 2144 5620 depre—

619 5744 646 5772 ⁸
676 5732 800 5800 18.,
818 5731 880 5785 Β.
908 5725 1000 5800 8,,
1031 5722 1177 5800 E,§,
1209 5720 1273 5774 Τ.
1302 5719 1356 5785 I,
1382 5716 1439 5784 2,
1471 5716 1565 5784 0.,
1587 5713 1888 5783 Scripturas
1914 5715 2136 5764 sanctas.

618 5804 647 5841 ³³
685 5804 747 5858 Τ.
779 5793 807 5868 ’,
836 5802 896 5862 ‘2,
919 5796 985 5851 U.
1023 5793 1198 5868 I,_G._,
1228 5802 1370 5868 agat.

621 5889 643 5914 ο
697 5850 1400 5930 Qitbiriitium'Arelaténsis
1455 5855 1675 5916 secundi
1713 5854 2056 5930 inveniuntur
2086 5850 2144 5930 in

547 5923 801 6004 omnibus
842 5923 1133 5997 Codicibus
1179 5935 1397 5991 nomina
1450 5932 1824 6003 episcoporum
1865 5926 1956 5998 qui
2014 5923 2145 5982 huic

2246 4709 2352 4762 rint
2384 4704 2504 4777 [U.,
2551 4703 2644 4772 G.,
2678 4697 3079 4775 przevaluerintf
3101 4710 3156 4757 et
3179 4697 3392 4771 egerint
3417 4697 3610 4768 dignos
3641 4697 3849 4752 fructus

2244 4797 2594 4872 paenitentiae.

2317 4896 2394 4949 Ex
2414 4895 2592 4951 Sicilia
2611 4902 2632 4932 ο
2662 4892 3122 4962 Syracusanorum
3146 4885 3332 4942 Sixtus
3348 4883 3636 4954 episcopus
3657 4890 3714 4937 et
3727 4881 3850 4937 Flo-

2244 5005 2339 5045 rus
2353 4988 2636 5051 diaconus;
2651 5001 2717 5040 ex
2737 4983 3007 5053 provincia
3020 4979 3330 5048 Campaniae
3341 4976 3572 5032 civitatis
3599 4970 3850 5029 Protinus

2245 5083 2533 5152 episcopus
2550 5086 2604 5133 et
2623 5076 2860 5145 Agrippa
2873 5073 3163 5142 Tutilaque
3176 5071 3435 5125 diacones
3453 5084 3466 5122 :
3484 5082 3551 5122 ex
3572 5064 3852 5137 provincia

2247 5175 2454 5244 Apulia:
2488 5172 2687 5227 Pardus
2729 5167 3019 5238 episcopus
3067 5176 3121 5221 et
3159 5163 3424 5220 Crescens
3451 5160 3740 5226 diaconus;
3783 5171 3853 5213 ex

2246 5269 2522 5342 provincia
2548 5264 2834 5321 Dalmacite
2851 5262 3172 5318 Theodorus
3201 5257 3488 5328 episcopus
3517 5261 3574 5310 et
3599 5249 3852 5322 Agathon

2247 5363 2543 5418 diaconus:
2575 5375 2640 5414 ex
2666 5358 2801 5413 urbe
2844 5357 3015 5412 Roma
3072 5366 3208 5423 quos
3247 5348 3854 5426 Sylvesterepiseopus

2253 5456 2415 5527 198
2444 5452 2590 5508 misit
2608 5450 2932 5506 Claudianus
2953 5456 3009 5503 et
3037 5445 3226 5500 Avitus
3267 5438 3856 5527 presbyteres,Eog_e-

2247 5525 2370 5604 nius
2382 5543 2708 5616 etCyriacus
2728 5543 2980 5599 diacones
3013 5553 3122 5596 :ex
3150 5531 3424 5609 provincia
3446 5525 3854 5587 ltalianrosius

2247 5703 2548 5760 Arelatensi
2573 5699 2760 5771 prima;
2784 5695 2992 5770 synodo
3020 5691 3408 5771 interfuerunt;
3434 5685 3491 5741 in
3523 5678 3857 5771 hutteigittir

2248 5758 2424 5831 locum
2451 5758 2977 5834 transferride'bere,
3005 5776 3058 5820 et
3087 5765 3464 5834 episcoporum
3515 5765 3775 5834 numerus
3788 5758 3858 5834 Aet

2247 5847 2523 5930 sequentis
2551 5842 2767 5902 concilii
2789 5831 2970 5898 canon
2993 5831 3232 5895 decimus
3257 5831 3482 5896 Octavus
3503 5832 3694 5898 aperte
3713 5831 3856 5880 cou-

2249 5926 2488 5977 vincunt.
