4024 6350
222 314 310 372 2H

1169 299 1455 358 GM..le
1493 298 1839 358 CONCILIA.
1877 329 1949 343 -—
1985 301 2445 363 ARELATENSE
2487 306 2553 363 II.

3392 316 3504 374 243

219 402 527 500 episcopus,
601 421 871 479 Nazareus
933 420 1103 477 lector
1138 435 1154 475 :
1199 434 1267 476 ex
1311 418 1587 491 provincia
1637 418 1801 475 Vien-
1827 428 1883 489 Α
1906 433 1974 475 ex
2021 420 2237 477 civitate
2267 424 2704 496 Lugdunensium
2734 422 3035 481 Restitutus
3077 428 3363 500 episcopus
3393 449 3408 485 :
3434 446 3503 490 ex

219 521 449 578 nensium
496 513 729 569 civitatis
762 513 996 570 Arelate:
1041 512 1276 568 Marinus
1301 511 1584 581 episcopus
1606 554 1621 577 ,
1650 512 1807 567 Sala-

219 627 324 671 mas
366 608 668 681 presbyter,
720 605 980 676 Nicatius,
1031 604 1182 671 Afer,
1237 602 1464 660 Ursinus
1518 612 1572 660 et
1604 605 1807 661 ‘Petrus

219 707 465 762 diacones
515 717 531 757 :
588 715 651 755 ex
699 698 974 769 provincia
1018 711 1123 768 qua
1193 710 1357 764 supra
1420 695 1807 752 Viennensium

217 795 377 850 Verus
433 791 718 862 episcopus
750 830 766 857 ,
829 787 1018 843 Beclas
1076 786 1414 845 exorcista.:
1472 800 1538 841 ex
1592 787 1810 843 civitate

217 878 453 940 Vasione‘
490 882 721 937 Damnas
772 879 1053 948 episcopus
1110 886 1164 931 et
1219 875 1405 931 Victor
1460 877 1728 932 exorcista
1790 894 1805 932 :

216 993 273 1034 cx
288 977 500 1033 civitate
518 973 894 1030 Arausicorum
926 968 1209 1040 Laustinus
1229 967 1543 1041 presbyter:
1560 984 1623 1024 ex
1648 970 1807 1025 Porta

215 1068 551 1127 Innocentius
579 1068 863 1135 diaconus,
895 1066 1129 1137 Agapius
1148 1065 1418 1121 exorcista
1452 1082 1466 1119 :
1492 1080 1557 1121 ex
1590 1064 1809 1135 provin—

215 1162 290 1218 cia
319 1161 507 1216 Galliae
531 1160 761 1215 civitatis
794 1159 1126 1214 Rhemorum
1157 1157 1554 1214 Imbethausius
1587 1157 1676 1231 [Β.
1711 1159 1805 1226 R.,

217 1249 551 1324 Bethausius]
574 1253 880 1323 episcopus,
914 1249 1275 1322 Primigenius
1307 1249 1566 1305 diaconus
1595 1266 1610 1303 :
1637 1265 1701 1303 ex
1729 1248 1808 1303 ci-

213 1350 369 1406 vitate
387 1347 903 1421 Rotbomagcnsium
933 1347 1226 1403 Avidianus
1251 1346 1557 1416 episcopus,
1576 1345 1810 1401 Nicetius

216 1444 468 1500 diaconus
494 1459 508 1497 :
548 1457 617 1497 ex
648 1440 863 1496 civitate
886 1440 1256 1510 Augustuduni
1290 1440 1471 1494 Pelius
1502 1439 1808 1509 episcOpus,

217 1535 487 1590 Amandus
517 1532 824 1605 presbyter,
857 1530 1210 1587 Philomatius
1249 1531 1557 1586 diaconus:
1582 1545 1649 1585 ex
1675 1530 1809 1584 civi-

220 1633 323 1680 tate
353 1624 607 1680 Leudona
639 1622 830 1679 Votius
851 1632 880 1661 ι
906 1622 1213 1691 episcopus,
1240 1621 1480 1677 Petulius
1502 1620 1766 1677 exorcista
1791 1638 1806 1676 :

215 1731 278 1772 ex
318 1717 539 1771 civitate
577 1715 870 1785 Agrippina
913 1712 1181 1769 Maternus
1223 1712 1524 1782 episcopus,
1577 1712 1810 1768 Marinus

1909 513 2122 568 civitate
2144 514 2331 569 Clunia
2364 517 2637 587 Adelphus
2656 518 2964 588 episcOpus,
2994 518 3154 574 Soter
3181 521 3464 592 presbyter
3482 538 3502 578 :

1908 623 1977 662 ex
2008 607 2221 676 civitate
2254 608 2583 664 Rhemorum
2633 611 2878 667 Liberius
2918 613 3199 682 episc0pus
3224 657 3240 681 ,
3276 613 3506 669 Floren-

1910 703 2012 758 tius
2034 702 2294 757 diaconus
2327 720 2339 756 :
2371 717 2439 757 ex
2469 703 2681 759 civitate
2712 705 2908 761 Baetica
2939 705 3504 778 Sabinuspresbyter:

1908 809 1973 850 ex
1998 794 2213 850 civitate
2239 796 2607 851 Ursulentium
2637 797 2841 853 Natalis
2873 799 3181 871 presbyter,
3218 799 3507 869 Cytherius

1908 887 2166 944 diaconus
2197 904 2299 944 :ex
2325 889 2540 944 civitate
2566 889 2870 945 Tarracona
2898 891 3180 946 Probatius
3202 890 3505 962 presbyter,

1909 979 2184 1036 Castorius
2213 981 2471 1037 diaconus
2507 998 2518 1035 :
2554 996 2620 1036 ex
2669 981 2886 1037 civitate
2937 981 3329 1053 Cesaraugusta
3381 983 3508 1037 Cle-

1910 1074 2142 1131 mentius
2196 1075 2501 1144 presbyter,
2535 1072 2764 1127 Ruﬁnus
2802 1075 3073 1129 exorcista
3125 1092 3242 1131 :ex
3290 1075 3510 1131 civitate

1911 1166 2295 1237 Bastigentium
2321 1165 2630 1221 Termarius
2659 1164 2961 1236 presbyter,
2990 1165 3175 1221 Victor
3206 1167 3376 1222 lector
3402 1186 3415 1219 :
3441 1158 3525 1225 exi

1911 1259 2187 1330 provincia
2205 1260 2535 1314 Mauritaniae
2557 1257 2905 1315 Caesariensis
2949 1258 3270 1315 Fortunatus
3298 1264 3509 1331 episco-

1910 1366 2029 1421 pus,
2049 1351 2332 1407 Deuterius
2356 1351 2615 1405 diaconus
2635 1371 2645 1404 :
2664 1366 2729 1404 ex
2749 1350 3016 1418 provincia
3049 1350 3312 1405 Sardinia:
3343 1348 3531 1420 Quin?

1912 1450 1992 1497 tus
2016 1440 2102 1514 [Τ.
2129 1444 2185 1509 ‘2,
2211 1442 2520 1513 Quintinusj
2537 1442 2843 1511 episcopus,
2868 1440 3165 1496 Aumonius
3187 1443 3467 1515 presbyter
3490 1461 3509 1499 :

1910 1547 1976 1588 ex
1996 1533 2266 1602 provincia
2299 1532 2497 1588 Africa:
2532 1532 2850 1588 Cascilianus
2871 1531 3179 1604 episcopus,
3196 1533 3515 1603 Sperantius

1911 1614 2285 1681 diaconus:ex
2303 1629 2707 1683 civitateOuina
2726 1627 3047 1697 Lampadius
3076 1631 3360 1697 episcopus
3394 1646 3409 1681 :
3439 1632 3531 1684 ex'

1910 1717 2123 1772 civitate
2140 1716 2286 1773 Utica
2305 1718 2486 1773 Victor
2502 1720 2785 1789 epiSCOpus
2804 1738 2818 1774 :
2838 1737 2904 1776 ex
2918 1720 3137 1775 civitate
3149 1719 3515 1777 Beneventina

215 1808 473 1865 diaconus
504 1826 520 1865 :
548 1824 616 1864 ex
638 1808 911 1880 provincia
942 1807 1256 1877 Aquitanica
1285 1807 1515 1862 civitatis
1549 1806 1802 1876 Vagalum
1830 1797 1882 1861 Β
1910 1809 2228 1865 Anastasius
2251 1813 2533 1881 epis‘cOpus
2560 1831 2571 1866 :
2597 1829 2663 1868 ex
2691 1813 2905 1868 civitate
2928 1813 3263 1867 Turbustana
3284 1812 3516 1869 Faustus

215 1902 453 1959 Genialis
493 1902 776 1975 episcopus
809 1921 821 1957 :
851 1918 916 1959 ex
938 1902 1153 1959 civitate
1186 1902 1479 1973 Burdegala
1520 1902 1809 1958 Orientalis

213 1997 523 2068 episcopus,
555 1996 770 2052 Flavius
799 1996 1056 2051 diaconus
1081 2013 1094 2049 :
1125 2010 1193 2050 ex
1214 1994 1436 2050 civitate
1465 1992 1810 2049 Trevirorum

210 2088 333 2163 [U.,
369 2086 754 2159 Treverorum]
788 2089 1032 2157 Agricius
1078 2087 1389 2156 episcopus,
1418 2084 1571 2140 Felix
1601 2086 1812 2139 exorci-
1848 2122 1849 2129 η

207 2189 295 2239 sta
329 2198 345 2236 :
370 2196 438 2237 ex
457 2180 674 2236 civitate
701 2179 898 2234 Tolosa
916 2176 1176 2233 Martinus
1205 2179 1511 2247 episcopus,
1550 2174 1813 2231 Leoncius

207 2273 476 2330 diaconus
498 2290 515 2328 :
536 2287 605 2329 ex
632 2271 903 2342 provincia
919 2270 1205 2326 Britanniae
1226 2269 1456 2325 Eburius
1483 2267 1770 2339 episcopus
1795 2285 1808 2323 :

282 2398 313 2428 ⁸
344 2388 464 2457 ΛΕη
490 2388 701 2444 Notius.
728 2367 862 2456 BIL,
895 2385 985 2453 U.,
1020 2385 1108 2453 G.,
1136 2384 1409 2441 Nuvotiue.

1916 1907 2234 1975 episcopus:
2254 1922 2319 1961 ex
2333 1906 2548 1961 civitate
2565 1907 2851 1961 Cocoleltis
2867 1906 3184 1975 Surgentius
3196 1906 3479 1976 episc0pus
3494 1892 3537 1959 τ’

1920 2011 1988 2051 ex
2015 1997 2285 2065 provincia
2315 1998 2575 2053 Numidia
2597 1999 2776 2053 Victor
2790 2000 3097 2067 episcopus;
3111 2014 3177 2052 ex
3194 1996 3410 2051 civitate
3427 1997 3518 2051 Vi-

1918 2089 2156 2143 rensium
2176 2089 2363 2143 Vitatis
2379 2091 2662 2160 episcopus
2687 2106 2703 2145 :
2728 2105 2793 2144 ex
2818 2100 2973 2158 porto
2996 2091 3144 2143 urbis
3168 2088 3353 2142 Romae
3381 2084 3539 2143 Gre!

1920 2182 2102 2251 gorius
2113 2184 2397 2254 episcopus
2415 2202 2427 2237 :
2442 2199 2508 2239 ex
2521 2182 2899 2239 Centumcellis
2915 2181 3186 2251 Epictetus
3198 2183 3513 2251 episcopus:

1921 2285 1987 2326 ex
2014 2271 2233 2332 civitate
2257 2276 2489 2332 Ostiensi
2508 2276 2766 2333 Leontius
2782 2283 2836 2333 et
2861 2274 3125 2333 Macarius
3153 2274 3514 2346 presbyteres.

1744 2618 1983 2693 XXII

729 2789 1405 2877 CONCILIUM
1478 2729 2247 2873 ARELATENSE
2323 2780 3030 2881 SECUNDUM.

386 2958 551 3033 199
575 2955 617 3012 I.
651 2953 730 3011 De
747 2954 1014 3026 neaphytis
1042 2952 1215 3007 clerici
1242 2968 1307 3006 ne
1336 2950 1676 3020 ordinenturg

209 3050 471 3109 Ordinari
494 3048 559 3104 ad
580 3047 897 3103 diaconatus
918 3059 983 3100 ac
1010 3040 1298 3100 sacerdotii
1323 3039 1563 3096 ofﬁcium
1586 3039 1827 3110 neophy-

213 3153 330 3201 tum
365 3159 480 3199 non
508 3142 727 3197 debere.

250 3241 315 3298 Il.
346 3238 591 3307 Qualiter
627 3231 893 3306 conjugati
920 3231 990 3286 ad
1029 3227 1373 3286 sacerdotium
1403 3233 1788 3297 promouantur.

286 3328 515 3386 Assutni
544 3328 776 3397 aliquem
800 3323 867 3378 ad
900 3320 1259 3379 sacerdotium
1290 3334 1395 3373 non
1423 3332 1582 3385 posse
1607 3320 1661 3371 in
1691 3329 1822 3370 con-

210 3424 353 3497 jugii
386 3421 611 3477 vinculo
632 3418 983 3475 constitutum
1002 3455 1019 3483 ,
1068 3411 1174 3468 nisi
1204 3411 1365 3467 luerit
1388 3409 1665 3481 praemissa
1696 3422 1826 3463 con-

214 3515 434 3570 versio.

215 3606 304 3663 Ill.
344 3606 422 3661 Ut
465 3605 637 3660 nullus
668 3603 881 3658 clericus
930 3605 1021 3654 aut
1049 3599 1294 3653 diaconus
1315 3595 1371 3648 in
1391 3593 1579 3648 solatio
1609 3605 1703 3647 suo
1733 3605 1827 3645 ea:-

651 3685 884 3729 traneam
912 3672 1094 3725 habent
1125 3670 1413 3723 mulierem.

288 3769 353 3827 Si
377 3769 506 3839 quis
531 3768 763 3824 clericus
792 3782 822 3820 a
867 3765 1034 3836 gradu
1086 3762 1399 3818 diaconatus
1425 3759 1480 3813 in
1510 3756 1704 3814 solatio
1732 3769 1829 3811 suo

213 3864 517 3919 mulierem
550 3869 748 3930 praeter
786 3857 985 3922 aviam,
1016 3862 1242 3911 matrem
1271 3894 1287 3920 ,
1325 3865 1566 3907 sororem
1594 3892 1609 3917 ,
1640 3848 1827 3915 ﬁliam,

209 3962 453 4023 neptem
482 3951 568 4005 vel
598 3962 914 4005 conversam
957 3959 1139 4000 secum
1182 3956 1428 4006 uxorem,
1461 3940 1660 3995 habere
1690 3952 1832 4006 prae-

209 4041 551 4111 sumpserit,
572 4055 602 4094 a
628 4037 1005 4095 communione
1030 4036 1235 4089 alienus
1256 4033 1553 4087 habeatur:
1585 4046 1681 4098 par
1702 4044 1837 4100 quo-

206 4150 326 4209 que
348 4140 414 4189 et
436 4131 738 4196 mulierem,
767 4129 811 4185 si
841 4142 901 4184 se
924 4139 1174 4197 separare
1210 4123 1467 4188 noluerit,
1516 4134 1674 4190 pcena
1705 4133 1829 4190 per-

208 4226 413 4284 cellat.

211 4318 308 4378 IV.
337 4316 416 4374 Ut
440 4314 612 4371 nullus
636 4310 851 4369 clericus
879 4310 934 4365 in
961 4307 1171 4387 cellario
1198 4308 1278 4363 uel
1301 4311 1496 4363 secreto
1521 4304 1831 4361 intromittat
1853 4324 1908 4387 Β

945 4381 1156 4437 uellam.

945 4399 1156 4437 uetiam.

289 4482 494 4555 Nullus
534 4479 809 4544 diaconus,
836 4399 1255 4544 velppresbyter,
1286 4469 1375 4525 vel
1424 4468 1710 4538 episcopus
1762 4464 1831 4521 ad

216 4574 437 4636 cellarii
478 4580 753 4630 secretum
782 4566 1102 4624 intromittat
1132 4563 1384 4634 puellam,
1405 4560 1491 4617 vel
1521 4561 1828 4631 ingenuam,

218 4674 308 4731 vel
328 4669 620 4729 ancillam.

219 4765 287 4823 V.
322 4765 399 4823 Ut
426 4761 827 4833 episcopuscum
848 4753 1139 4833 ordinatur,
1172 4766 1287 4833 cum
1313 4763 1558 4831 consensu
1574 4752 1832 4814 metrapo-

558 4823 710 4884 litani
745 4840 842 4881 tres
866 4842 979 4879 eum
1009 4824 1241 4877 ordinent
1270 4823 1513 4889 episc0pi.

292 4929 366 4987 Ut
394 4924 717 4997 episcopum
740 4921 854 4975 sine
894 4915 1329 4985 metropolitano,
1360 4912 1443 4968 vel
1467 4909 1690 4981 epistola
1724 4921 1836 4963 me-

220 5019 578 5093 tropolitani,
599 5014 686 5070 vel
725 5013 894 5069 tribus
939 5007 1478 5078 comprovincialibus
1530 5018 1635 5058 non
1678 5001 1838 5057 liceat

222 5110 504 5180 ordinari,
535 5110 607 5164 ita
653 5115 713 5162 ut
734 5107 823 5161 alii
853 5102 1333 5174 comprovinciales
1376 5099 1622 5171 epistolis
1651 5099 1835 5153 admo-

220 5217 499 5269 neantur,
522 5211 581 5256 ut
608 5214 668 5257 se
688 5213 786 5254 suo
825 5211 1086 5267 responso
1107 5195 1453 5249 consensisse
1491 5192 1833 5262 signiﬁcent;

223 5299 370 5372 quod
403 5296 456 5353 si
494 5295 633 5350 inter
652 5297 834 5363 partes
855 5288 1031 5358 aliqua
1060 5294 1179 5341 nata
1209 5285 1368 5339 fuerit
1397 5282 1660 5338 dubitatio
1686 5322 1703 5348 ,
1726 5295 1840 5335 ma-

223 5392 332 5464 jori
362 5399 604 5447 numero
632 5379 1074 5452 metropolitanus
1105 5378 1159 5432 in
1187 5376 1452 5432 electione
1477 5374 1799 5429 consentiat.

301 5483 399 5541 Vl.
438 5480 523 5538 De
558 5480 793 5551 ψίαθορο
833 5470 1419 5551 guiuineucomciettlia
1463 5464 1840 5535 metmpolitani

819 5546 968 5619 fuerit
982 5544 1267 5601 ordinatus.
1340 5592 1350 5603 ,

305 5645 457 5705 Illud
483 5649 661 5701 autem
686 5648 809 5697 ante
828 5637 1007 5696 omnia
1043 5638 1261 5703 ctareat,
1295 5646 1418 5691 eum
1440 5630 1527 5702 qui
1544 5629 1661 5686 sine
1716 5641 1842 5684 con-

1852 2959 1899 3023 c
1930 2948 2154 3003 scientia
2172 2947 2568 3017 metropolitani
2593 2946 2915 3001 constitutus
2928 2946 3087 3001 fuerit
3106 2946 3388 3014 episcOpus
3397 2940 3525 3018 jux-V

1931 3047 1983 3094 ta
2009 3054 2256 3110 magnam
2288 3039 2553 3108 synodum
2583 3052 2703 3092 esse
2725 3038 3037 3107 episcopum
3064 3053 3169 3092 non
3194 3037 3414 3095 debere.
3478 3058 3483 3063 ‘

2145 3130 2308 3201 200
2345 3129 2454 3184 VII.
2480 3129 2557 3182 De
2583 3130 2661 3183 his
2699 3130 2786 3199 qui
2814 3129 3007 3195 seipsos
3029 3130 3316 3195 abscidunt.
3378 3196 3379 3199 η

2003 3222 2114 3279 llos
2143 3227 2230 3292 qui
2259 3238 2317 3275 se
2348 3221 2547 3276 carnali
2579 3220 2709 3274 vitio
2728 3234 3042 3297 repugnare.
3081 3221 3383 3275 nescientes
3428 3222 3529 3277 ab-
3562 3266 3570 3277 .

1929 3314 2245 3379 scidunt,ad
2274 3314 2587 3367 clericatum
2620 3313 2901 3379 pervenire
2923 3326 3026 3364 non
3063 3326 3239 3379 posse.
3315 3360 3318 3369 .

1968 3405 2105 3461 VIII.
2134 3404 2214 3460 De
2240 3406 2318 3459 his
2340 3405 2428 3473 qui
2457 3403 2920 3457 excommunicatas
2941 3401 3150 3457 alterius
3174 3402 3485 3474 suscipiant.
3564 3462 3568 3466 Α

2002 3496 2059 3554 Si
2090 3498 2210 3567 quis
2240 3496 2765 3552 cxcommunicatum
2818 3496 3060 3561 alterius,
3101 3493 3218 3547 sive
3246 3495 3527 3562 clericum,

1931 3592 2050 3646 sive
2080 3589 2416 3652 saecularem,
2447 3587 2690 3656 recipere
2733 3594 2852 3654 post
2882 3586 3228 3644 interdictum
3268 3601 3532 3655 praesum-

1932 3682 2119 3752 pserit,
2178 3680 2388 3735 noverit
2427 3694 2486 3733 se
2515 3675 2665 3734 reum
2702 3676 3053 3734 fraternitatis
3082 3678 3280 3734 iactum
3311 3691 3528 3732 causam
3573 3722 3579 3729 .
3622 3726 3629 3729 _

1932 3774 1987 3830 in
2011 3774 2240 3829 concilio
2269 3772 2625 3829 redditurum.

1978 3888 2071 3944 IX.
2106 3887 2177 3942 Ut
2198 3886 2482 3942 Nouatiani
2511 3886 2564 3938 in
2594 3884 3003 3938 communionem
3030 3900 3133 3937 non
3156 3882 3491 3951 recipiantur.
3578 3910 3581 3921 ι

2003 4001 2355 4056 Novatianum
2383 4001 2435 4054 in
2486 3999 2916 4053 communionem
2960 3996 3125 4065 recipi
3164 4011 3269 4051 non
3306 3997 3527 4066 debere,

1936 4094 2037 4149 nisi
2066 4104 2313 4161 suscepta
2337 4093 2667 4163 paenitentiae
2691 4091 3006 4147 credulitate
3027 4091 3357 4160 praeteritum
3378 4074 3531 4145 dam-
3560 4158 3583 4163 __

1936 4194 2028 4242 net
2056 4200 2318 4242 errorem.
3566 4172 3575 4175 ι

2045 4278 2112 4334 Χ.
2144 4277 2222 4332 De
2247 4277 2325 4331 his
2351 4276 2442 4345 qui
2470 4275 2522 4329 in
2551 4274 2900 4344 persecutione
2928 4275 3250 4344 praevaricati
3281 4282 3419 4330 sunt.

2008 4374 2088 4430 De
2109 4374 2192 4428 his
2218 4372 2307 4443 qui
2341 4372 2392 4426 in
2435 4369 2806 4439 persecutione
2828 4370 3156 4437 prrevaricati
3179 4378 3337 4437 sunt,
3361 4369 3409 4424 si
3428 4385 3530 4427 vo-

1934 4468 2164 4522 luntarie
2197 4465 2355 4520 iidem
2389 4471 2743 4534 negaverunt,
2786 4461 2887 4515 hoc
2908 4460 2975 4515 de
3001 4462 3080 4515 eis
3119 4461 3347 4515 Niczena
3361 4477 3530 4532 syno-

1934 4564 2034 4619 dus
2083 4563 2293 4629 statuit,
2354 4569 2413 4615 ut
2466 4557 2884 4628 quinqueannis
2925 4557 3065 4610 inter
3115 4556 3531 4612 catechumenos

1936 4665 2150 4721 exeant,
2177 4663 2232 4708 et
2258 4653 2467 4707 duobus
2500 4652 2638 4705 inter
2663 4648 3145 4714 communicantes,
3179 4650 3247 4701 ita
3278 4658 3337 4702 ut
3380 4663 3531 4703 com-
3568 4626 3585 4659 τ

1936 4750 2275 4811 munionem,
2329 4748 2468 4800 inter
2508 4744 2833 4813 pmnitentes
2884 4755 2988 4795 non
3041 4750 3401 4809 prmsumant;
3459 4741 3522 4796 in

1938 4852 2202 4914 potestate
2234 4851 2423 4913 tamen
2464 4838 2547 4891 vel
2578 4836 2800 4890 arbitrio
2827 4834 2897 4886 sit
2950 4831 3209 4903 episcopi,
3264 4835 3387 4888 utsi
3434 4846 3529 4887 eos

1938 4951 2007 4990 ex
2036 4936 2218 5009 animo
2247 4945 2482 4987 errorem
2508 4930 2706 4984 dellere
2727 4937 2781 4983 et
2808 4941 2966 4996 agere
2996 4928 3358 4996 ptenitentiam
3378 4926 3529 4979 vide—
3590 4950 3597 4957 ’

1939 5027 2029 5097 rit,
2048 5028 2112 5081 ad
2162 5024 2590 5081 communionem
2634 5036 2734 5093 pro
2785 5022 3149 5078 ecclesiastica
3199 5017 3530 5074 humanitate
3596 5048 3599 5051 -

1942 5121 2218 5191 suscipiat.

1977 5232 2069 5288 XI.
2101 5230 2178 5285 De
2196 5230 2279 5283 Itis
2301 5228 2388 5299 qui
2407 5228 2569 5298 poenis
2593 5228 2713 5282 victi
2740 5228 3036 5298 sacriﬁcare
3066 5222 3318 5293 compulsi
3345 5200 3487 5278 sunt.

2018 5348 2073 5403 Si
2107 5345 2197 5416 qui
2226 5359 2357 5400 vero
2406 5344 2593 5400 dolore
2630 5344 2759 5400 victi
2789 5353 2845 5399 et
2872 5342 3109 5413 pondere
3138 5337 3527 5409 persecutionis

1945 5454 2141 5513 negare
2190 5438 2275 5494 vel
2304 5436 2603 5493 sacriﬁcare
2647 5434 2909 5504 compulsi
2936 5439 3079 5497 sunt,
3124 5426 3332 5483 duobus
3373 5430 3530 5484 annis

1944 5533 2087 5589 inter
2113 5530 2548 5595 catechumenos,
2573 5536 2626 5583 et
2648 5524 2880 5583 triennio
2909 5524 3050 5579 inter
3079 5518 3401 5593 pmnitentes
3428 5520 3527 5576 hao

1943 5624 2171 5682 beantur
2195 5636 2224 5678 a
2255 5622 2631 5677 communione
2659 5612 2923 5683 suspensi.

316 5820 344 5850 ι
377 5810 506 5882 5.,
534 5815 735 5866 centum
759 5800 1143 5875 quatuordecim
1162 5796 1538 5870 episcOporum.
1566 5793 1629 5851 Β.
1659 5789 1751 5859 Β..
1780 5786 1846 5846 Τ.
1878 5786 1930 5857 l,
1961 5794 2159 5843 centum
2185 5786 2441 5843 tredecim,
2459 5782 2831 5854 episcoporum.
