4024 6350
471 365 589 428 945

1171 365 1556 424 COLLEC’I‘IO
1589 364 1920 425 CANONUM
1962 369 2016 426 S.
2058 369 2330 427 ISIDOBO
2367 369 2635 432 HISPAL.
2676 375 3039 437 ASCRIPTA.

3656 384 3763 444 244

513 483 631 542 XII.
658 484 738 540 De
764 484 846 542 his
867 483 955 555 qui
981 483 1036 538 in
1064 483 1356 554 paenitentia
1376 480 1531 553 positi
1560 481 1662 535 vita
1690 491 2034 536 excesserunt.
2091 489 2144 546 Α
2170 482 2439 539 ﬁrmitatis
2467 500 2624 542 causa
2656 477 2909 556 defuerit,
2945 507 3226 561 personam
3268 469 3362 549 sua
3403 481 3524 550 vice
3547 495 3759 570 dirigat.

552 579 632 634 De
679 577 763 635 his
789 578 879 650 qui
929 577 983 633 in
1032 574 1341 644 ptenitentia
1374 574 1531 643 positi
1561 575 1669 628 vita
1699 580 2068 642 excesserunt,

475 670 686 743 placuit
729 671 934 725 nullum
965 665 1342 723 communione
1370 681 1596 721 vacuum
1623 666 1822 720 debere
1850 665 2068 731 dimitti,

480 762 578 820 sed
606 778 704 833 pro
730 777 796 818 eo
823 759 966 833 quod
995 759 1278 816 honoravit
1303 759 1674 829 paenitentiam
1703 760 1903 816 oblatio
1933 760 2073 816 illius

479 852 792 917 recipiatur.

480 946 590 1018 20
599 947 640 1015 ι
660 944 795 1002 XIII.
813 943 880 1000 Ut
899 958 964 1001 nc
978 944 1097 1016 quis
1107 942 1640 1071 q'e‘cessitate
1652 959 1799 998 suam
1817 944 2073 1015 relinquat

549 1109 737 1164 Nullus
785 1107 1046 1182 cujusque
1098 1108 1302 1165 ordinis
1350 1108 1597 1179 clericus,
1631 1123 1740 1164 non
1785 1109 2070 1176 diaconus,

479 1217 586 1259 non
640 1202 945 1275 presbyter,
979 1218 1085 1257 non
1123 1203 1403 1272 episcopus
1431 1218 1749 1273 quacunque
1791 1204 2074 1261 occasione

477 1293 710 1350 faciente
735 1297 1002 1366 propriam
1027 1297 1296 1354 relinquat
1320 1296 1635 1362 Ecclesiam,
1660 1297 1755 1352 sed
1777 1299 2075 1354 omnismo-

479 1386 564 1442 dis
593 1393 685 1442 aut
713 1391 1207 1448 excommunicetur
1233 1401 1324 1446 aut
1363 1391 1541 1447 redire
1569 1403 1828 1464 cogatur:
1851 1396 1992 1463 quod
2024 1395 2070 1449 si

478 1478 662 1548 aliquo
689 1481 1134 1538 commorationis
1179 1493 1441 1550 tempore,
1473 1483 1638 1539 invito
1667 1487 1920 1554 episcopo
1950 1491 2071 1552 suo,

479 1569 538 1626 in
569 1569 743 1625 aliena
779 1573 1006 1628 ecclesia
1052 1574 1296 1630 habitans
1332 1575 1400 1629 ab
1437 1577 1690 1644 episcopo
1721 1578 1822 1631 loci
1843 1577 2072 1633 clericus

478 1659 644 1717 fuerit
665 1663 965 1730 ordinatus,
993 1665 1298 1736 huiusmodi
1321 1667 1585 1722 ordinatio
1613 1670 1760 1723 irrita
1787 1671 2068 1727 habeatur.

784 1753 922 1810 XIV.
966 1756 1050 1813 Ne
1078 1759 1292 1813 clericus
1320 1775 1502 1813 usuras
1528 1762 1765 1830 accipiat.

2248 571 2387 628 XIX.
2434 573 2502 630 Ut
2529 578 2659 631 nulli
2687 580 2924 651 episwpo
2950 580 3100 636 liceat
3126 601 3156 636 a
3184 585 3379 654 synodo
3411 587 3686 642 discedere.

2243 665 2300 721 Si
2333 671 2453 735 quis
2475 679 2655 725 autem
2684 672 2876 728 adesse
2908 676 3224 745 neglexerit,
3256 687 3346 732 aut
3372 689 3571 734 costum
3603 683 3756 758 202

2174 757 2395 813 fratrum
2437 763 2721 831 antequam
2771 766 3062 822 concilium
3101 769 3425 826 dissolvatur
3469 775 3760 834 crediderit

2173 848 2563 916 deserendum,
2594 855 2880 912 alienatum
2924 874 2982 914 se
3027 874 3058 914 a
3103 859 3329 918 fratrum
3381 869 3761 927 communione

2172 945 2496 1012 cognoscat,
2527 961 2624 1000 nec
2651 953 2771 1002 eum
2812 949 2976 1022 recipi
3001 943 3159 1009 liceat
3183 953 3284 1010 nisi
3315 953 3370 1034 in
3399 959 3644 1029 sequenti
3671 977 3761 1034 sy-

2172 1033 2316 1090 nodo
2345 1035 2506 1092 fuerlt
2534 1031 2831 1096 absolutus.

2410 1124 2531 1188 XX.
2566 1131 2644 1189 De
2669 1136 2863 1208 aurigis
2899 1147 2950 1192 et
2987 1137 3242 1195 theatricis
3267 1127 3523 1212 ﬁdelibus.

2245 1223 2321 1278 De
2341 1221 2691 1295 agitalutibus
2719 1230 2828 1285 sive
2859 1229 3131 1287 tbeatricis
3157 1234 3244 1302 qui
3273 1233 3456 1289 fideles
3477 1246 3623 1301 sunt,
3650 1238 3761 1308 pla-

2173 1317 2284 1373 cuit
2309 1333 2404 1373 eos
2430 1324 2660 1390 quandin
2684 1335 2867 1393 agunt,
2899 1339 2926 1378 a
2956 1328 3331 1383 communione
3358 1334 3616 1400 separari.

2244 1407 2385 1467 X-XI.
2412 1413 2472 1470 Si
2494 1426 2607 1484 post
2637 1427 2896 1486 acceptam
2928 1421 3273 1489 ptenitentiam
3300 1425 3410 1493 quis
3440 1428 3688 1496 nupserit.

2243 1501 2602 1577 Ptenitentes,
2637 1526 2754 1580 qua:
2793 1511 3043 1566 defuncto
3075 1513 3189 1569 viro
3218 1517 3334 1570 aliis
3374 1519 3575 1574 nubere
3620 1536 3757 1590 prte-

2172 1601 2529 1668 sumpserint,
2566 1601 2645 1656 vel
2677 1611 2922 1672 suspecta
2957 1605 3037 1660 vel
3087 1606 3370 1662 interdicta
3403 1609 3762 1669 familiaritate

2173 1706 2292 1746 cum
2319 1704 2574 1750 extraneo
2605 1697 2856 1765 'vixeri'nt,
2885 1714 3004 1753 cum
3027 1701 3216 1756 eodem
3246 1707 3311 1756 ab
3339 1693 3596 1761 Ecclesia:
3623 1690 3760 1762 limi-

2173 1777 2330 1837 nibus
2360 1795 2644 1842 arceantur
2674 1806 2688 1842 :
2723 1788 2824 1843 hoc
2852 1793 3015 1846 etiam
3047 1799 3101 1848 et
3130 1792 3196 1847 de
3223 1793 3336 1849 viro
3366 1795 3419 1849 in
3451 1799 3763 1867 poenitentia

552 1845 760 1948 Siquis
797 1848 1025 1948 clericus
1055 1853 1331 1948 pecuniam
1361 1853 1571 1909 dederit
1608 1856 1674 1909 ad
1705 1872 1943 1923 usuram,
1974 1869 2068 1914 aut
2098 1857 2149 1916 B
2174 1878 2347 1948 ροείιο
2384 1879 2580 1947 piam"
2610 1882 2910 1938 observari.

482 1939 781 1995 conductor
807 1941 997 1998 aliena:
1046 1945 1120 2000 rei
1155 1943 1380 1999 voluerit
1409 1959 1562 2013 esse,
1592 1956 1686 2001 aut
1718 1949 1890 2017 turpis
1935 1949 2069 2006 lucri

479 2035 649 2105 gratia
677 2051 846 2106 genus
883 2036 1097 2106 aliquod
1143 2039 1524 2108 negotiationis
1553 2043 1876 2109 exercuerit,
1906 2044 2072 2113 depod-

477 2127 616 2184 situs
643 2144 673 2182 a
703 2129 850 2185 clero
879 2144 910 2185 a
936 2133 1316 2188 communione
1341 2134 1550 2190 alienus
1580 2137 1689 2190 list.

477 2220 599 2279 XV.
639 2222 725 2282 Ne
752 2225 998 2280 diaconus
1033 2244 1205 2282 coram
1241 2230 1532 2299 presbytero
1573 2230 1744 2286 sedeat
1781 2230 1859 2286 uel
1887 2231 2072 2287 circiniai

1061 2299 1261 2353 ristiam
1289 2301 1481 2354 tradat.

550 2385 608 2442 In
639 2391 930 2444 secretario
959 2388 1184 2446 diacono
1215 2392 1354 2447 inter
1383 2378 1722 2466 presbyteres
1751 2395 1940 2450 sedere
1963 2411 2067 2451 non

476 2480 674 2547 liceat,
712 2483 793 2537 vel
837 2498 1032 2553 corpus
1061 2482 1260 2539 Christi
1305 2496 1572 2556 praesente
1613 2486 1926 2557 presbytero
1957 2497 2067 2541 tra-

476 2573 608 2629 dere
636 2589 741 2629 non
771 2587 1091 2645 praesumat;
1115 2573 1258 2646 quod
1287 2578 1331 2630 si
1357 2576 1564 2644 iecerit,
1587 2577 1654 2631 ab
1682 2578 1862 2632 ofﬁcio
1890 2579 2070 2634 diaco-

474 2675 633 2721 natus
662 2667 936 2722 abscedat.

575 2757 714 2813 XVI.
760 2757 827 2814 Ut
856 2757 1159 2814 Photiniani
1183 2769 1229 2813 et
1261 2759 1604 2816 Panlianistte
1631 2763 1971 2830 baptisentur.

547 2847 898 2904 Photinianos
929 2855 1059 2904 vero
1103 2851 1215 2906 sive
1247 2847 1600 2906 Paulianistas
1637 2851 1932 2910 secundum
1965 2843 2068 2910 Pa-

472 2945 616 2995 trum
646 2948 844 2998 statuta
869 2941 1129 3010 baptizari
1157 2951 1430 3010 oportere.

824 3033 991 3089 XVII.
1032 3033 1111 3087 De
1133 3033 1383 3088 haereticis
1413 3033 1704 3104 baptizatis.

547 3125 854 3181 Bonltiacos
879 3133 1056 3181 autem
1086 3139 1148 3180 ex
1179 3123 1367 3180 eadem
1394 3141 1580 3181 errore
1610 3125 1903 3194 Venientes,
1933 3145 2066 3198 quos

2245 1967 2410 2027 XXII.
2442 1971 2508 2028 Ut
2541 1977 2832 2043 paenitentia
2858 1977 3149 2051 conjugatis
3171 1995 3233 2034 ea:
3253 1985 3498 2034 consensu
3523 1981 3690 2036 detur.

2173 2133 2206 2190 ὁ
2245 2057 2618 2190 sznitenliatn
2676 2070 2977 2140 conjngatis
3036 2087 3142 2126 non
3209 2072 3312 2127 nisi
3367 2089 3434 2128 ex
3499 2089 3760 2130 consensu

2209 2151 2273 2189 an
2317 2151 2426 2190 am.

2172 2228 2363 2284 XXIII.
2405 2228 2483 2284 De
2501 2230 2846 2286 sacerdotibus
2867 2232 2955 2300 qui
2975 2223 3322 2288 idololatriam
3347 2237 3449 2288 uolt
3475 2237 3759 2291 everterint.

2243 2321 2300 2376 Si
2343 2322 2396 2378 in
2446 2323 2671 2392 alicujus
2721 2324 3016 2397 presbyteri
3058 2325 3329 2381 territorio
3377 2325 3621 2382 infideles
3668 2335 3759 2384 aut

2172 2414 2393 2486 faculas,
2421 2417 2722 2472 accendunt
2741 2429 2834 2472 aut
2861 2418 3103 2484 arbores,
3139 2419 3312 2474 fontes
3335 2420 3416 2475 vel
3435 2431 3561 2474 saxa
3593 2420 3729 2477 vene

2172 2518 2391 2572 rantur,
2422 2510 2469 2563 si
2519 2508 2619 2564 hoc
2665 2525 2856 2566 eruere
2900 2509 2988 2584 [T.
3027 2509 3084 2576 Ως
3123 2508 3390 2582 evertere]
3442 2513 3758 2580 iieglcaerit,

2171 2599 2436 2674 sacrilegii
2465 2615 2615 2655 reum
2647 2616 2706 2656 se
2735 2617 2857 2658 esse
2888 2613 3180 2674 cognoscat
3210 2620 3224 2657 :
3252 2604 3502 2659 dominus
3541 2616 3634 2659 aut
3670 2620 3760 2660 or-

2169 2673 2384 2743 dinator
2419 2691 2496 2745 rei
2536 2689 2705 2760 ipsius
2731 2735 2745 2758 ,
2778 2693 2823 2746 si
2861 2673 3170 2749 admonitus
3197 2695 3484 2751 emendare
3513 2693 3760 2764 noluerit,

2169 2784 2546 2840 communione
2577 2787 2839 2853 privetur.

2472 2873 2664 2936 XXIV.
2708 2877 2786 2934 De
2813 2883 3195 2936 accusaturibu's
3226 2881 3470 2952 fratrum.

2241 2967 2350 3023 Eos
2373 2971 2462 3040 qui
2492 2971 2626 3027 falso
2653 2973 2909 3029 fratribus
2934 2977 3048 3031 suis
3068 2976 3318 3046 capitalia
3344 2975 3613 3046 objecisse
3636 2990 3763 3032 con~

2168 3058 2293 3114 victi
2325 3061 2524 3117 fuerint
2553 3071 2601 3130 λ,
2635 3065 2836 3134 placuit
2864 3081 3032 3135 usque
3060 3051 3127 3123 ad
3153 3068 3357 3122 exitum
3385 3080 3492 3121 non
3522 3080 3762 3122 commn-

2170 3151 2370 3218 nicare,
2401 3155 2540 3209 sicut
2570 3171 2759 3227 magna
2800 3159 3037 3228 synodus
3067 3172 3191 3216 ante
3219 3160 3516 3229 constituit,
3549 3160 3655 3216 nisi
3680 3160 3760 3217 di-

469 3223 615 3279 sicut
654 3221 884 3278 Arianos
915 3213 1173 3292 baptlz'ari
1207 3222 1257 3275 ln
1286 3219 1547 3278 Trinitate
1591 3221 1928 3308 manichtum
1961 3236 2062 3291 est,
2091 3224 2139 3286 C
2169 3259 2272 3313 sua
2309 3213 2688 3304 εέιίδεειοιίοηξ
2703 3213 3068 3319 “mima-im,

468 3313 598 3369 dum
640 3313 951 3384 interrogati
995 3313 1151 3367 Iidem
1199 3313 1435 3368 nostram
1483 3330 1548 3368 ex
1591 3323 1702 3369 toto
1737 3303 1898 3370 corde
1939 3332 2065 3372 con-

466 3405 596 3461 fessi
628 3406 850 3474 fuerint,
881 3421 1000 3461 cum
1031 3407 1319 3462 chrismate
1341 3403 1393 3460 et
1423 3422 1612 3462 manus
1644 3407 1981 3478 impositiOne
2010 3407 2062 3466 in

465 3495 712 3553 Ecclesia
747 3498 913 3566 recipi
940 3497 1157 3553 sofﬁcit.

466 3587 654 3645 XVIII.
703 3587 772 3645 Ut
800 3592 1176 3659 metropolitani
1206 3593 1415 3649 arbitrio
1449 3596 1678 3666 synodus
1706 3606 2059 3671 congregetur.

541 3679 622 3734 Ad
655 3673 981 3738 Arelatensis
1008 3685 1241 3754 episcopi
1265 3685 1542 3740 arbitrium
1572 3685 1807 3759 synodus
1837 3705 2060 3759 congre-

463 3771 638 3842 ganda
662 3816 675 3839 ,
706 3773 775 3828 ad
818 3777 975 3844 quam
1019 3777 1204 3832 urbem
1235 3795 1300 3833 ex
1332 3780 1578 3835 omnibus
1610 3781 1792 3835 mundi
1823 3782 2061 3852 partibus

464 3865 568 3919 sub
596 3867 763 3921 sancti
797 3869 982 3922 Marini
1013 3879 1254 3940 tempore
1285 3871 1507 3941 legimus
1538 3871 1865 3926 celebratum
1896 3871 2062 3929 fuisse

461 3957 748 4012 concilium
776 3969 936 4030 atque
961 3967 1286 4017 conventum
1318 3968 1334 4017 ὲ
1367 3963 1410 4017 sl
1453 3965 1572 4031 quis
1595 3966 1953 4018 commonitus
1980 3965 2059 4018 in-

537 4093 568 4130 ‘
592 4090 680 4156 U..
709 4097 955 4163 capitalia
983 4095 1225 4170 abjecisse
1252 4100 1469 4154 crimina
1498 4100 1714 4154 convicti
1744 4101 1955 4174 fuerint.

2391 3339 2558 3397 XXV.
2601 3341 2680 3397 De
2718 3345 2968 3410 apostatis
2997 3345 3041 3399 si
3069 3361 3172 3399 non
3201 3353 3541 3400 revertentur.

2241 3429 2306 3485 ili
2335 3431 2429 3502 qtti
2459 3440 2581 3501 post
2608 3444 2849 3488 sanctam
2881 3434 3159 3505 religionis
3189 3433 3578 3505 professionem
3631 3448 3732 3503 apo

2167 3529 2370 3576 statant
2397 3534 2450 3576 et
2473 3524 2539 3578 ad
2570 3527 2824 3580 saiculum
2857 3528 3099 3593 redeunt,
3121 3537 3176 3581 et
3217 3527 3554 3596 postmodum
3586 3525 3756 3595 pleni-

2170 3611 2349 3666 tentia.-
2381 3615 2614 3670 remedia
2643 3629 2748 3670 non
2780 3618 3080 3687 requirunt,
3121 3618 3241 3672 sine
3265 3617 3581 3686 pamitemia
3609 3631 3751 3670 com-

2167 3703 2479 3758 munionem
2500 3706 2712 3775 penitus
2731 3722 2838 3762 non
2859 3711 3123 3778 acclpitint
3139 3727 3151 3762 :
3167 3722 3305 3780 quos
3324 3710 3485 3763 etiam
3505 3706 3754 3777 jubemus

2166 3794 2234 3849 ad
2262 3794 2501 3852 officium
2529 3799 2815 3855 clericatus
2843 3817 2949 3857 non
2980 3803 3212 3869 admitti,
3240 3812 3294 3858 et
3333 3802 3635 3872 quicunque
3665 3799 3755 3854 ille

2167 3896 2286 3954 post
2307 3889 2676 3955 panitentiam
2706 3891 2943 3947 habitum
2968 3895 3279 3948 surcularem
3304 3907 3409 3946 non
3433 3897 3750 3961 praesumat;

2167 3977 2310 4042 quod
2340 3978 2386 4032 si
2417 3982 2841 4050 pras‘umpserit,
2873 3984 2942 4037 ab
2971 3983 3209 4040 Ecclesia
3236 3986 3444 4039 alienus
3475 3983 3752 4037 habeatur.

470 4242 3752 4288 m

1977 4361 2260 4436 ΧΧΙΠ

1023 4524 1691 4610 CONCILIUM
1767 4523 2537 4618 ARELATENSE
2613 4525 3171 4628 TERTIUM

467 4695 802 4740 DUODECIM
848 4689 871 4715 ί¹
921 4695 1354 4741 EPISCOPORUM
1384 4725 1399 4752 ,
1448 4700 1739 4746 ηΑΒιτυιι
1786 4705 1927 4748 EBA
1976 4706 2064 4750 CCI

2177 4708 2265 4761 XI,
2315 4709 2645 4754 mancum
2691 4715 2980 4760 suous'ro
3025 4721 3361 4765 uacuum
3389 4749 3405 4779 ,
3452 4711 3754 4770 omnium

1291 4778 1370 4820 BI‘
1417 4777 1870 4826 VINCOMALONE
1917 4786 2330 4846 CONSULIBUS,
2383 4788 2502 4834 VIII
2545 4792 2691 4838 IDUS
2735 4795 2986 4844 ,ιυιιΑθι

530 4906 887 4980 203-204
923 4906 1057 4962 Cum
1100 4907 1152 4961 in
1195 4908 1468 4964 voluntate
1510 4909 1606 4964 Dei
1652 4910 1718 4965 ad
1759 4910 2052 4968 dedicatio—
2079 4919 2352 4978 Dstatuta
2400 4933 2505 4973 non
2547 4919 2612 4973 ad
2662 4920 2963 4991 integrum,
3004 4922 3143 4978 sicut
3189 4926 3436 4994 expedit,
3470 4930 3753 4991 observata

456 5019 582 5060 nem
637 5002 870 5059 basilica!
919 5012 1122 5058 sanetae
1169 5003 1348 5058 Maria
1395 5003 1448 5060 in
1492 5006 1790 5062 Arelatensi
1839 5007 2053 5063 civitate

455 5099 770 5153 sacerdmes
810 5096 1019 5151 Domini
1070 5099 1479 5164 convenissent,
1523 5107 1819 5169 congruum
1867 5099 1946 5154 eis
1997 5107 2052 5153 et

458 5189 780 5244 rationabile
836 5190 1008 5243 visum
1050 5198 1134 5244 est
1194 5198 1252 5243 ut
1304 5190 1533 5258 primum
1582 5190 1650 5244 de
1695 5183 2050 5244 observandis

458 5279 758 5336 canonibus
803 5279 1159 5338 attentissima
1211 5279 1574 5336 sollicitudine
1632 5288 2044 5346 pertractantes,

456 5372 686 5440 qualiter
723 5371 790 5426 ab
838 5371 966 5441 ipsis
1007 5372 1388 5428 ecclesiasticae
1433 5371 1633 5443 regulae
1682 5383 2046 5440 servarentur,

395 5533 398 5535 Α
454 5453 654 5514 salubri
688 5463 912 5516 consilio
941 5462 1245 5518 deﬁnirem.

524 5552 565 5606 I.
613 5549 680 5608 Ut
707 5552 954 5626 diaconus
990 5567 1107 5626 ante
1135 5556 1313 5626 uiginti
1341 5555 1560 5624 quinque
1586 5571 1768 5622 annos,
1797 5565 1845 5610 et
1875 5571 2043 5611 sacer-

693 5619 784 5675 dos
807 5621 923 5678 ante
954 5625 1164 5695 triginta
1184 5619 1365 5678 annos
1385 5619 1486 5677 non
1517 5619 1799 5680 ordinetur.

530 5712 598 5767 Et
633 5715 755 5782 quia
792 5716 844 5769 in
873 5714 1182 5770 ordinandis
1211 5715 1420 5771 clericis
1451 5717 1790 5787 antiquorum
1823 5713 2038 5775 Patrum

527 5855 553 5884 ³
592 5849 649 5905 In
674 5851 894 5919 reliquis
924 5859 1119 5919 praeter
1147 5851 1211 5907 Α.
1243 5853 1644 5919 quatuordeoint.

2158 5021 2278 5062 esse
2307 5012 2670 5080 cognoscitur,
2712 5027 2779 5065 ne
2819 5012 2957 5076 forte
3001 5029 3443 5087 quorumcunque
3491 5021 3752 5092 importu-

2155 5095 2241 5150 nis
2284 5105 2340 5152 et
2378 5099 2695 5155 inordinatis
2734 5102 2983 5171 precibus
3024 5107 3334 5164 sacerdotes
3383 5109 3592 5166 Domini
3634 5112 3750 5170 lati-

2152 5207 2365 5267 gentur,
2396 5208 2452 5255 et
2493 5183 2714 5271 ea.qua:
2758 5203 2876 5278 [U.,
2920 5220 3039 5272 quae
3085 5207 3374 5265 constituta
3414 5208 3562 5282 sunt]
3593 5212 3750 5268 toties

2152 5309 2276 5354 sunt
2317 5315 2585 5374 praecepta
2619 5307 2916 5378 transgredi
2947 5310 3360 5380 compellantur,
3391 5311 3494 5368 hoc
3526 5315 3664 5371 inter
3690 5328 3750 5375 se

2152 5411 2545 5468 observandum
2579 5430 2700 5470 esse
2740 5415 3003 5471 deliniant
3030 5434 3044 5471 :
3076 5427 3134 5473 ut
3163 5418 3338 5472 nullus
3366 5420 3746 5489 episcoporum

2151 5513 2456 5583 diaconem,
2499 5526 2788 5588 antequam
2827 5520 3012 5588 viginti
3054 5530 3112 5575 et
3149 5524 3384 5592 quinque
3427 5519 3596 5578 annos
3640 5521 3744 5578 ini:

2150 5617 2315 5687 pleat,
2344 5619 2595 5675 ordinare
2626 5627 2952 5689 praesumat:
2982 5624 3323 5692 episcopatus
3351 5638 3478 5678 vero
3508 5626 3590 5679 vel
3622 5640 3742 5695 prc-

2150 5725 2454 5802 sbyteratus
2502 5729 2763 5785 honorem
2810 5729 2987 5786 nullus
3027 5731 3197 5787 laicus
3239 5741 3366 5787 ante
3405 5733 3738 5801 prmmiSSam
