4024 6350
720 282 779 292 μω

241 367 341 425 2ιό

1222 356 1501 419 GALLIB
1543 355 1882 417 CONCILIA.
1923 387 1994 401 —-
2033 354 2511 415 VALENTINUBI.

3410 342 3521 418 sic

238 443 832 555 conversionem.[£.,
874 478 1016 546 BIL,
1062 478 1155 547 (1.,
1188 473 1684 547 conversationem]
1732 474 1823 532 vel
1851 480 1905 540 Α
2008 474 2093 529 IV.
2138 475 2216 529 De
2250 475 2447 529 clericis
2475 473 2658 530 alienis
2677 459 2783 543 ’φὶ
2816 470 2936 529 sunt
2971 475 3036 527 es
3076 473 3197 528 aliis
3227 476 3449 546 defensi.

238 582 360 629 ante
390 572 603 643 triginta
634 572 807 627 aetatis
834 586 1009 628 anime
1043 571 1291 640 accipiat.

240 664 301 722 ll.
347 662 417 720 Ut
446 663 604 719 laicus
633 676 754 718 ante
791 681 984 718 mum
1021 664 1361 718 causarium
1398 676 1504 716 non
1533 663 1821 716 ordinetur.

307 756 378 812 Et
406 756 531 811 licet
553 755 623 811 de
646 755 796 812 laicis
824 756 1115 826 prolixiora
1148 766 1391 825 tempore
1421 756 1624 825 antiqui
1650 762 1827 824 patres

237 847 610 905 ordinaverint
660 847 1031 915 observanda,
1089 858 1264 903 tamen
1313 849 1436 918 quia
1489 856 1829 904 accrescente

237 942 588 997 ecclesiarum
604 952 834 997 numero
857 954 1078 997 necesse
1102 950 1187 997 est
1214 941 1369 997 nobis
1395 942 1575 1010 plures
1601 941 1830 997 clericus

238 1033 520 1097 ordinare.
563 1034 666 1089 hoc
716 1032 856 1091 inter
898 1048 999 1089 nos
1041 1034 1160 1090 sine
1201 1032 1517 1106 praiudicio
1572 1033 1831 1090 duntaxat

238 1136 507 1184 sentinam
534 1125 776 1183 constitit
810 1126 1149 1196 antiquorum
1162 1162 1181 1191 -,
1209 1133 1269 1181 ut
1307 1127 1483 1182 nullus
1511 1126 1830 1195 metropoli-

239 1227 491 1275 tanorum
518 1217 819 1289 cuicunque
849 1218 988 1275 laico
1011 1218 1325 1287 dignitatem
1355 1220 1698 1287 episcopatus
1731 1219 1830 1273 tri-

238 1310 398 1380 buat,
435 1310 528 1368 sed
562 1326 660 1369 nec
688 1312 881 1385 reliqui
927 1312 1210 1382 pontiﬁces
1247 1311 1566 1384 presbyterii
1599 1313 1681 1373 vel
1710 1312 1831 1368 dia-

236 1412 465 1458 conatus
495 1403 754 1461 honorem
779 1404 1031 1461 conferre
1062 1413 1413 1476 praesumant,
1444 1404 1551 1460 nisi
1578 1419 1723 1460 anno
1754 1405 1834 1461 in-

237 1504 385 1566 tegro
420 1494 583 1551 fuerit
613 1497 889 1564 prtemisse
920 1500 1221 1553 ουηνθτείο.

233 1586 315 1648 ill.
360 1584 436 1644 Ut
462 1589 658 1662 digami
687 1591 764 1645 sel
800 1592 1093 1660 praenitentes
1132 1590 1211 1646 vel
1246 1591 1635 1661 repudiaturum
1663 1590 1837 1644 mariti

538 1663 608 1714 ad
637 1662 985 1716 sacerdotium
1012 1680 1114 1716 non
1142 1673 1552 1733 promoveantur.

308 1748 502 1808 Niﬂlus
544 1755 936 1822 .poenitentem,
994 1754 1174 1809 nullus
1220 1755 1490 1824 digamum
1537 1753 1621 1809 vel
1674 1752 1839 1807 inter-

2003 568 2141 623 Etsi
2174 569 2307 623 forte
2344 568 2536 638 aliquis
2582 568 2901 624 clericorum
2947 568 3187 637 regulam
3224 570 3523 640 disciplina:

1928 661 2090 733 Q05
2105 660 2484 716 ecclesiasticae
2504 661 2902 732 subterfugiens
2925 661 3080 716 fuerit
3104 672 3381 732 evagatus,
3407 668 3527 735 qui-

1930 740 2140 821 cunque
2183 768 2303 807 eum
2345 754 2673 821 susceperit,
2707 762 2761 809 et
2790 771 2894 808 non
2933 754 3107 809 solum
3157 755 3397 823 pontitici
3429 770 3528 808 suo

1930 857 2036 899 non
2056 844 2499 911 reconciliarem,
2526 846 2621 899 sed
2664 847 2832 915 magis
2856 847 3139 902 defensare
3170 858 3533 917 pmsumpse-

1930 939 2019 1005 rit,
2052 940 2118 993 ab
2146 938 2395 994 Ecclesiae
2422 941 2801 995 communione
2834 943 3092 1009 privetur.

2001 1030 2267 1088 Caesarius
2311 1036 2361 1087 in
2390 1032 2590 1088 Christi
2615 1034 2827 1088 nomine
2848 1036 3132 1106 episcopus
3157 1033 3526 1091 deﬁnitionem

1932 1122 2071 1182 hanc
2094 1140 2397 1184 sanctorum
2430 1127 2651 1183 fratrum
2684 1145 2925 1185 meorum
2959 1132 3043 1187 vel
3088 1147 3260 1187 meam
3291 1131 3451 1202 relegi
3476 1140 3532 1186 et

1932 1223 2247 1293 subscripsi.

2003 1314 2433 1371 Contumeliosus
2486 1315 2768 1387 episcopus
2813 1316 3065 1371 consensi
3106 1325 3161 1372 ct
3218 1315 3532 1387 subscripsi.

2005 1409 2302 1466 Phiiacrius
2332 1418 2358 1448 ι
2381 1410 2662 1480 cpiscopus
2679 1410 2993 1481 subscripsi.
3030 1416 3042 1458 θ

2007 1504 2355 1560 Praetextatus
2382 1508 2665 1575 episcopus
2709 1505 2997 1575 subscripsi

2010 1590 2274 1644 Maximus
2301 1592 2587 1659 episcopus
2616 1588 2932 1660 subscripsi.

2009 1684 2249 1737 Julianus
2278 1686 2561 1755 episcopus
2590 1683 2903 1754 subscripsi.

2014 1772 2314 1829 Flnretttius
2516 1774 2589 1844 5,
2658 1773 3023 1850 Florentinus]
3077 1778 3362 1849 episcopus
3412 1778 3538 1833 sub-

237 1853 528 1917 nuptarum
560 1848 783 1902 maritos
810 1846 862 1901 in
906 1848 1174 1919 praedictis
1205 1849 1504 1902 honoribus
1533 1847 1725 1902 audeat
1754 1863 1843 1901 or-
1873 1859 1921 1919 Β
1946 1866 2159 1935 scripsi,

238 1934 543 1992 (linere-Et
560 1938 700 1994 licet
723 1938 838 1993 haec
856 1939 965 2009 jam
996 1957 1163 2012 prope
1184 1943 1423 1995 omnium
1454 1940 1539 2014 [Τ.
1564 1942 1615 2005 l,
1637 1940 1837 2011 omnia]

236 2040 504 2083 canonum
547 2027 790 2085 instituta
837 2033 1166 2093 contineant,
1198 2044 1375 2088 tamen
1433 2050 1498 2087 ne
1542 2031 1839 2103 cuicunque

236 2121 584 2177 sacerdotum
612 2125 1031 2193 supplicantum,
1056 2126 1193 2181 sicut
1214 2128 1323 2196 jam
1353 2127 1606 2194 diximus,
1636 2128 1839 2196 impor-

235 2214 443 2266 ttmitas
466 2214 550 2268 vel
573 2217 845 2285 suggestio
869 2217 1046 2286 iniqua
1068 2216 1189 2290 [U.,
1214 2218 1304 2282 6.,
1329 2217 1528 2291 aliqua]
1558 2221 1837 2289 subripiat,

238 2317 471 2359 necesse
516 2302 616 2359 fuit
656 2315 711 2361 ut
743 2323 884 2363 nunc
919 2306 1243 2364 severiorem
1275 2310 1517 2380 regulam
1547 2311 1645 2364 sibi
1679 2312 1842 2366 velint

238 2394 458 2451 Domini
506 2401 815 2456 sacerdotes
846 2402 1125 2472 imponere
1158 2421 1171 2456 :
1206 2415 1258 2458 et
1291 2403 1410 2458 ideo
1438 2404 1743 2474 quicunque
1773 2406 1839 2460 ab

241 2488 345 2544 itec
377 2488 464 2545 die
506 2501 695 2545 contra
742 2508 803 2549 ea
844 2510 965 2566 qua:
995 2496 1239 2564 superius
1285 2508 1408 2551 sunt
1449 2498 1838 2567 comprehensa

239 2579 497 2636 clericum
528 2582 778 2637 ordinare
810 2587 1231 2655 prtesumpserit,
1264 2585 1332 2641 ab
1360 2604 1420 2643 ea
1463 2588 1551 2643 die
1594 2605 1695 2659 qua
1738 2590 1839 2645 hoc

242 2673 293 2728 ei
356 2673 592 2742 potuerit
640 2676 927 2745 approbari
974 2694 1115 2732 anno
1163 2680 1370 2750 integro
1423 2681 1615 2735 missas
1661 2681 1839 2737 facere

240 2760 327 2835 [Τ.
362 2761 421 2830 2,
452 2764 633 2836 agere]
680 2782 784 2821 non
827 2779 1114 2838 praesumat
1146 2788 1161 2828 :
1189 2788 1348 2842 quam
1378 2788 1491 2826 rem
1525 2774 1566 2827 si
1597 2775 1716 2841 quis
1745 2774 1839 2828 ob—

241 2870 462 2912 servare
494 2859 757 2925 noluerit,
788 2870 843 2915 et
882 2874 1067 2916 contra
1116 2880 1439 2918 consensum
1490 2850 1709 2919 {Patrum
1758 2866 1837 2919 fa-

242 2951 427 3017 ciens,
460 2950 651 3006 missas
704 2953 981 3009 celebrare
1025 2958 1453 3024 prmsumpserit,
1485 2957 1553 3010 ab
1600 2958 1838 3013 omnium

234 3038 471 3097 fratrum
497 3043 762 3100 charitate
804 3046 1024 3101 noverit
1056 3062 1122 3101 se
1160 3048 1424 3114 alienum;
1455 3049 1578 3117 quia
1618 3049 1841 3118 dignum

240 3144 323 3190 est
371 3145 431 3190 ut
476 3141 823 3194 severitatem
877 3140 1259 3196 ecclesiasticae
1303 3140 1600 3209 disciplina:
1649 3143 1843 3198 sentiat

2010 1961 2312 2031 Cyprianus
2342 1961 2626 2034 episcopus
2649 1961 2966 2033 subscripsi.

2013 2055 2174 2124 206
2214 2053 2490 2107 Montanus
2543 2056 2829 2124 episcopus
2902 2052 3218 2124 subscripsi.

2014 2142 2367 2209 Florentius“,
2396 2145 2678 2216 episcopus
2707 2145 3023 2217 subscripsi.

2014 2238 2309 2307 Cyprianus
2337 2240 2622 2308 episcOpus
2647 2238 2963 2307 subscripsi.

2013 2328 2334 2384 C(Biestinus
2372 2328 2495 2405 [ΑΞ.
2539 2329 2678 2397 BR.,
2731 2329 3035 2404 Caelestius]
3080 2329 3365 2403 episcopus
3415 2331 3542 2387 sub-

1942 2420 2155 2490 scripsi.

2012 2510 2303 2566 Porcianus
2333 2511 2617 2584 episcOpus
2646 2511 2959 2585 subscripsi.

2012 2601 2311 2658 Eucherius
2340 2603 2628 2674 episcopus
2666 2605 2986 2676 subscripsi.

2012 2694 2404 2767 Cataphronius
2462 2698 2739 2768 presbyter
2794 2697 3031 2753 directus
3063 2712 3091 2751 a
3122 2696 3355 2753 dominis
3404 2701 3540 2755 meis

1939 2784 2154 2856 Agricio
2175 2798 2229 2841 et
2259 2788 2460 2843 Severo
2490 2791 2759 2859 episcopis
2805 2790 3056 2844 consensi
3112 2799 3168 2845 et
3229 2792 3545 2863 subscripsi-

2014 2876 2126 2947 Ego
2152 2876 2460 2932 Desiderius
2490 2880 2771 2950 presbyter
2810 2881 3046 2935 directus
3075 2896 3105 2935 a
3155 2881 3375 2935 domino
3425 2896 3547 2936 meo

1942 2965 2150 3023 Joanne
2179 2970 2431 3039 episc0po
2459 2972 2706 3025 consensi
2736 2980 2790 3025 et
2820 2973 3132 3041 subscripsi.

2012 3060 2270 3114 Leontius
2312 3062 2595 3131 presbyter
2621 3062 2858 3117 directus
2896 3077 2926 3117 a
2960 3063 3181 3117 domino
3231 3077 3353 3118 meo
3400 3063 3545 3119 Con-

1938 3151 2180 3209 Stantino
2211 3152 2328 3224 [ΑΕ.
2365 3153 2424 3207 ’1‘.
2458 3154 2506 3217 l,
2531 3152 2868 3225 Constantio]
2895 3155 3144 3225 episcOpo
3165 3156 3473 3226 subscripsi.

240 3226 328 3295 qui
369 3228 661 3286 salubriter
690 3247 719 3285 a
749 3231 952 3287 sanctis
1006 3232 1243 3302 patribus
1282 3233 1527 3287 instituta
1557 3235 1845 3290 observare
1869 3216 1921 3281 (ἶ
2024 3241 2136 3310 Ego
2166 3216 2501 3298 Henieterius
2520 3244 2759 3299 directus
2801 3261 2830 3299 a
2849 3216 3225 3301 ddoinindmeo
3254 3216 3550 3303 Galliciano

240 3323 565 3377 contemnit.

317 3448 344 3516 ξι
502 3441 731 3516 Filarius
761 3442 823 3500 Β.
854 3442 920 3500 R.
952 3443 1198 3516 E.,3.U.
1217 3442 1507 3516 Filagrius.

312 3507 343 3547 ι’
377 3510 567 3597 Repeti
597 3513 849 3597 videntur
902 3507 1118 3597 nomina
1164 3507 1419 3597 Floreiitii
1440 3526 1505 3597 et
1522 3515 1787 3597 .Cypriani
1818 3532 1832 3569 :

238 3584 596 3651 quambbrem
624 3584 906 3640 duodecim
927 3587 1209 3656 episcopos
1232 3586 1357 3642 huic
1376 3584 1685 3642 interfuisse
1705 3601 1836 3642 con-

1950 3331 2208 3404 episcopo
2236 3334 2487 3389 consensi
2518 3344 2570 3389 et
2601 3335 2916 3407 subscripsi.

1942 3449 2068 3525 cilio
2095 3467 2162 3507 ex
2196 3451 2667 3525 7A,,Codicerecte
2704 3451 2956 3525 diximus,
2988 3456 3245 3525 quamvis
3290 3447 3563 3525 quatuor?

1946 3522 2120 3577 decim
2153 3521 2386 3579 adfuisse
2412 3523 2727 3594 scripserint
2755 3523 2947 3594 reliqui
2975 3521 3224 3579 codices.

264 3714 3527 3746 Ἁ-

1750 3835 1955 3908 XXI
1972 3837 2047 3906 V

1111 4000 1783 4090 CONCILIUM
1858 4004 2651 4090 VALENTINUM

244 4180 506 4231 YIGINTI
553 4177 995 4222 EPISCOPORUM
1024 4205 1043 4237 ,
1088 4162 1383 4221 BABITUM
1428 4178 1569 4219 EBA
1614 4178 1919 4235 CCCCXIII,
1967 4179 2293 4223 GRATIANO
2336 4181 2958 4243 ETA_VALENTINIAN0
3014 4185 3552 4243 ωρειΑΤοιυΒυε,

413 4259 530 4303 sun
573 4259 679 4302 me
725 4258 790 4301 tv
832 4256 976 4301 mus
1022 4258 1261 4313 muas,
1306 4257 1627 4300 GRATIANO
1670 4259 1906 4301 TERTIO
1953 4258 2034 4300 ET
2081 4260 2343 4312 EQUXTIO
2386 4239 2525 4319 [E.,
2560 4244 2624 4317 3,
2655 4248 2942 4323 eumne]
2986 4264 3391 4309 consumens.

318 4362 696 4420 Dilectissimis
727 4362 981 4417 fratribus
1014 4377 1111 4433 per
1142 4361 1343 4419 Gallias
1365 4371 1421 4418 et
1447 4364 1683 4434 quinque
1718 4380 1840 4435 pro-
1868 4371 1923 4431 1)
1946 4377 2093 4420 certe
2119 4380 2223 4421 non
2246 4367 2365 4422 sine
2393 4368 2708 4423 verecundia
2759 4383 2944 4425 eorum
3005 4386 3141 4442 quos
3166 4387 3325 4427 causa
3375 4342 3554 4431 conti-

248 4456 453 4512 vincias
481 4454 787 4510 constitutis
839 4452 1105 4526 episcopis
1151 4454 1433 4527 Fmgadius
1462 4464 1487 4490 ει
1546 4457 1848 4522 Eumerius,

248 4548 578 4614 Florentius,
628 4549 919 4616 Artemius,
950 4545 1098 4620 [/E.,
1135 4546 1475 4620 Anthemius]
1506 4546 1849 4615 )Emilianus,

251 4642 446 4708 Britto,
474 4641 679 4707 Justus,
714 4640 1028 4711 Euphoditts
1058 4638 1204 4710 [ίΕη
1239 4640 1599 4711 Euphrodius.
1650 4639 1717 4706 U,
1747 4640 1854 4694 Eu-

253 4732 471 4805 fomius]
507 4733 867 4801 Rhodatnius,
918 4734 1169 4799 Eortius,
1228 4733 1441 4799 Cretus,
1495 4732 1851 4800 Concordius,

254 4826 623 4892 Constantius,
683 4827 895 4891 Paulus,
944 4825 1269 4893 Antherius,
1323 4828 1501 4891 Felix,
1548 4827 1851 4895 Neoterius,

257 4922 527 4986 Urbanus,
551 4920 855 4989 Simplicius
884 4930 938 4974 et
963 4918 1274 4974 Vincentius
1302 4920 1543 4990 episcopi
1570 4920 1622 4974 in
1676 4919 1856 4975 Domi-

256 5032 325 5072 no
354 5014 614 5071 salutem.
649 5012 955 5070 Transactis
984 5013 1284 5069 Valentinre
1305 5014 1557 5068 omnibus
1586 5023 1641 5069 et
1681 5014 1733 5068 in
1760 5014 1855 5069 Dei

258 5104 479 5159 nomine
542 5102 594 5155 in
647 5108 787 5156 statu
839 5100 1047 5156 meliori
1103 5084 1417 5172 compositis
1473 5117 1592 5169 quae
1648 5100 1859 5156 fuerant

258 5206 437 5269 cmpta
460 5210 619 5250 causa
668 5195 1277 5264 discidii,quorumtlam
1320 5194 1420 5251 l'uit
1448 5205 1655 5266 patrum
1711 5195 1859 5249 utilis

260 5300 311 5346 et
332 5290 583 5359 religiosa
605 5288 897 5359 suggestio,
924 5290 1319 5345 retractandum
1348 5292 1510 5345 etiam
1539 5293 1605 5347 de
1636 5291 1718 5345 his
1740 5306 1859 5361 quae

261 5397 361 5439 nec
396 5382 637 5450 recipere
668 5395 951 5451 possumus
981 5382 1049 5435 ob
1079 5382 1330 5436 Ecclesia:
1373 5382 1729 5447 sanctitatem,
1763 5395 1861 5437 nec

267 5480 444 5529 tamen
504 5480 769 5541 usurpatae
828 5470 1229 5527 consuetudinis
1272 5486 1427 5526 causa
1456 5471 1730 5527 damnare.
1785 5472 1860 5527 ita

267 5564 411 5619 enim
440 5580 533 5634 per
558 5579 746 5619 omnes
778 5564 1044 5619 Ecclesias
1076 5563 1337 5632 ejusmodi
1361 5564 1611 5619 vitiorum
1640 5580 1861 5635 germen

270 5654 511 5725 inolevit,
537 5670 593 5712 ut
611 5656 678 5713 ad
724 5658 879 5727 plena
906 5656 1141 5713 remedia
1167 5672 1274 5712 non
1296 5657 1467 5713 facilis
1491 5658 1561 5714 sit
1588 5674 1859 5727 recursus,

1952 4460 2030 4528 git
2061 4460 2352 4528 :quocirca
2385 4459 2575 4515 fratres
2602 4462 2795 4517 librato
2818 4463 2912 4517 diu
2946 4464 3328 4536 moderatoque
3372 4469 3555 4524 consi-

1954 4550 2026 4606 lio
2068 4567 2129 4607 ea
2179 4553 2400 4607 cautelae
2432 4553 2572 4608 ratio
2617 4566 2826 4611 servata
2876 4566 2981 4622 est,
3035 4575 3156 4629 qua:
3201 4572 3253 4613 et
3308 4563 3559 4617 scandala

1953 4645 2296 4701 submoveret
2322 4654 2379 4701 et
2401 4650 2741 4705 sanctitatem
2775 4647 3032 4709 Ecclesiae
3061 4654 3376 4713 custodiret.

2201 4763 2362 4833 Μ
2395 4762 2436 4820 Ι.
2464 4762 2541 4817 De
2564 4765 2786 4835 dignmis
2811 4781 2877 4819 ne
2910 4778 3284 4823 consecrantur.

2018 4852 2181 4909 Sedit
2210 4853 2390 4921 igitur,
2440 4854 2707 4909 neminem
2742 4866 2865 4924 post
2909 4857 3045 4912 hanc
3100 4858 3387 4929 synodum,
3444 4874 3555 4929 qua

1948 4941 2219 5009 ejusmodi
2266 4942 2474 4997 illicitis
2512 4943 2598 4999 vel
2627 4958 2752 4999 sero
2801 4947 3150 5012 succurritur,
3199 4948 3441 5025 digamos
3467 4958 3561 5002 aut

1959 5033 2383 5101 internuptarum
2418 5034 2648 5093 maritos
2687 5035 2928 5091 ordinari
2970 5039 3196 5094 clericos
3240 5053 3427 5107 posse;
3456 5052 3559 5092 nec

1957 5124 2339 5195 requirendum
2385 5136 2636 5183 utrumne
2695 5128 2890 5184 initiati
2930 5130 3281 5186 sacramentis
3330 5128 3557 5196 divinis,

1946 5232 2097 5272 anne
2118 5217 2363 5274 Gentiles
2391 5217 2491 5274 hac
2514 5233 2575 5277 ee
2602 5220 2799 5277 infelici
2840 5233 2988 5278 sorte
3030 5221 3350 5277 necessitate
3374 5232 3560 5273 macu-

1961 5308 2143 5363 ierint.

1958 5400 2023 5456 ll.
2060 5401 2128 5457 Ut
2153 5401 2396 5459 Deoeota
2425 5404 2563 5476 [E.,
2589 5407 2793 5480 deuota]
2812 5409 2861 5461 si
2887 5404 3199 5459 mritoverit
3223 5404 3301 5457 vel
3337 5404 3561 5459 macha-

2344 5480 2490 5548 verit,
2513 5479 2818 5548 paenitentia!
2845 5479 3130 5546 deputetur.

2036 5565 2112 5623 De
2143 5567 2334 5637 puellis
2362 5584 2489 5625 vero
2534 5587 2653 5641 qnze
2692 5586 2752 5626 se
2795 5568 3063 5631 voverint.
3118 5567 3166 5624 si
3196 5569 3261 5625 ad
3319 5580 3563 5626 terrenas

1961 5659 2175 5731 nuptias
2202 5672 2393 5732 sponte
2422 5663 2752 5727 transierint,
2785 5661 2839 5717 id
2866 5660 3271 5721 custodiendum
3317 5679 3439 5725 esse
3468 5663 3565 5723 de‘

343 5847 369 5877 ι
402 5836 479 5891 Ex
507 5834 623 5902 ιε..
647 5836 706 5892 Β.
731 5838 822 5907 R.,
850 5840 911 5895 Ε.
942 5837 1021 5906 5.,
1053 5836 1119 5894 Τ.
1142 5838 1197 5903 1.
1222 5834 1293 5895 U.
1343 5838 1401 5894 ln
1420 5837 1487 5893 Α.
1514 5846 1570 5895 et
1595 5837 1858 5911 reliquis:

1972 5840 2142 5896 adius.
2167 5841 2221 5897 In
2255 5840 2318 5899 τ.
2347 5842 2404 5907 2,
2436 5842 2696 5913 Fegatius.
