4024 6350
489 320 595 379 247
1193 308 1572 369 οοιιεοτιο
1612 306 1946 367 CANONUM
1986 307 2047 365 S.
2090 306 2106 363 1

2193 306 2369 367 DORO
2405 306 2677 402 HlSi’AL.
2718 308 3083 371 ASCRIPTA.
3695 316 3803 377 248

488 438 779 506 crevimus,
802 442 860 489 ut
880 430 1194 504 poenitentia
1222 429 1305 487 his
1334 442 1435 486 nec
1472 429 1653 485 statim
1679 426 1853 492 detur,
1886 435 2092 485 etcum
2122 431 2176 495 Α
2199 427 2301 485 sibi
2331 428 2493 485 fuerit
2526 430 2715 487 mortis
2738 444 2899 487 causa
2948 430 3120 503 major
3162 431 3429 490 homicida
3468 431 3561 490 sit.
3612 434 3803 495 Divina

488 534 614 588 data
656 530 834 596 fuerit,
868 529 969 584 nisi
1000 529 1156 599 plene
1199 524 1559 581 satisfecerint
1589 525 1718 592 Deo,
1743 526 1794 578 in
1828 532 2085 589 quantum
2190 522 2362 593 pietas
2391 537 2487 579 vos
2534 524 2586 579 in
2612 533 2872 582 aeternum
2902 525 3191 593 custodiat,
3221 524 3559 582 dilectissimi
3588 530 3800 589 fratres.

489 624 625 678 ratio
649 621 951 692 poposcerit
988 634 1169 673 earum
1226 615 1373 690 [/E.,
1407 615 1544 683 BIL,
1576 614 1646 672 E.
1669 617 1724 683 5,
1746 612 2084 685 earumdem]

487 717 796 773 communio
818 713 1115 769 diﬂ'eratur.

488 812 576 867 Ill.
608 810 676 867 Ut
697 810 784 881 qui
801 808 1042 877 baptizati
1057 805 1200 861 idola
1222 805 1398 881 colunt
1419 804 1496 881 vel
1519 806 1711 860 incesto
1737 804 1925 875 polluti
1940 812 2084 874 sunt,

1006 888 1160 949 agant
1206 878 1568 947 panitentiam.

558 976 712 1031 Circa
750 988 934 1030 eorum
964 987 1094 1028 vero
1138 986 1415 1041 personas,
1446 972 1535 1040 qui
1566 984 1625 1025 se
1678 978 1796 1038 post
1839 983 2003 1024 unum
2034 974 2088 1023 et

485 1080 726 1126 sanctum
755 1068 1023 1123 lavacrum
1055 1065 1142 1120 vel
1174 1063 1410 1134 profanis
1452 1061 1732 1118 sacrificiis
1778 1061 2086 1116 daemonum

486 1165 567 1218 vel
594 1163 794 1217 incesta
844 1159 1109 1214 lavatioue
1136 1156 1441 1225 pollueriut,
1518 1170 1637 1211 eam
1695 1169 1938 1209 censuras
1970 1154 2087 1209 lor-

484 1270 626 1310 mam
654 1253 907 1308 duximus
931 1260 1053 1305 esse
1081 1249 1422 1316 servandam,
1456 1257 1511 1303 ut
1535 1249 1617 1302 his
1642 1248 1794 1317 juxta
1821 1247 2087 1319 synodum

482 1349 753 1406 Nioeuam
806 1345 1187 1402 satisfactionis
1241 1344 1454 1414 quidem
1484 1342 1659 1397 aditus
1689 1358 1795 1396 non
1840 1350 2086 1411 negetur,

482 1457 582 1498 nec
612 1440 914 1496 infelicibus
941 1438 1191 1507 lacrymis
1220 1435 1303 1490 vel
1330 1435 1504 1489 solatii
1546 1434 1712 1504 janua
1756 1433 2089 1504 desperatio-

482 1550 553 1591 ne
607 1532 929 1598 claudatur,
979 1530 1152 1584 acturi
1196 1526 1568 1599 paenitentiam
1619 1540 1791 1597 usque
1844 1524 1899 1578 in
1946 1524 2089 1579 diem

483 1626 692 1692 mortis,
720 1640 824 1679 non
848 1624 965 1677 sine
993 1638 1088 1692 spe
1129 1630 1305 1677 tamen
1337 1620 1688 1684 remissionis,
1717 1633 1877 1689 quam
1930 1618 1998 1671 ab
2026 1632 2091 1672 eo

462 1719 645 1790 plene
670 1731 891 1788 sperare
917 1714 1189 1770 debebunt
1237 1714 1327 1784 qui
1350 1712 1440 1783 jus
1464 1714 1582 1781 ejus
1611 1720 1665 1767 et
1696 1711 1843 1766 solus
1888 1711 2093 1765 obtinet

484 1822 540 1868 et
570 1820 674 1866 tam
722 1810 877 1865 dives
928 1808 1312 1865 misericordia:
1363 1816 1446 1863 est
1492 1816 1547 1861 ut
1600 1821 1760 1861 nemo
1810 1806 2089 1876 desperet;

487 1904 627 1959 Deus
650 1903 791 1957 enim
834 1909 1059 1956 mortem
1108 1914 1212 1954 non
1237 1898 1359 1954 fecit
1384 1912 1485 1955 nec
1506 1897 1718 1953 laetatur
1746 1896 1798 1952 in
1831 1896 2089 1966 perditio-

484 2010 551 2048 ne
581 2008 846 2048 "verum.

482 2083 572 2139 IV.
606 2084 673 2141 Ut
694 2083 931 2140 sacerdos
959 2085 1037 2140 vel
1066 2084 1233 2149 levita,
1255 2084 1300 2138 si
1320 2085 1383 2137 de
1409 2100 1463 2138 se
1492 2083 1683 2137 crimen
1726 2082 1935 2155 aliquod
1963 2098 2088 2136 con-

1036 2156 1229 2224 ﬁtetur,
1261 2156 1568 2224 deponatur.

551 2247 660 2304 Nec
705 2247 857 2313 illud,
906 2246 1118 2310 fratres,
1167 2245 1405 2301 scribere
1455 2246 1689 2300 alienum
1721 2244 1788 2298 ab
1820 2244 2077 2301 Ecclesiae

480 2339 708 2395 utilitate
736 2342 1063 2405 censuimus,
1097 2347 1155 2392 ut
1177 2337 1407 2403 sciretis,
1457 2338 1759 2406 quicunque
1790 2336 1950 2407 208
1979 2336 2081 2390 sub

483 2432 823 2487 ordinatione
844 2432 928 2486 vel
950 2430 1288 2496 diaconatus,
1314 2428 1395 2482 vel
1417 2426 1757 2497 presbyterii,
1774 2429 1856 2481 vel
1874 2427 2081 2495 episco-

483 2534 661 2595 patus,
708 2526 920 2581 mortali
950 2525 1175 2579 crimine
1202 2523 1440 2578 dixerint
1490 2536 1547 2576 se
1596 2535 1717 2577 esse
1769 2520 2021 2589 pollutos,
2051 2535 2081 2575 a

482 2618 805 2689 supradictis
832 2617 1256 2674 ordinationibus
1280 2614 1702 2680 submovendos,
1754 2628 1876 2668 reos
1932 2614 2083 2669 scili-

482 2720 569 2766 cet
595 2713 679 2766 vel
702 2714 810 2767 veri
843 2712 1179 2767 confessione
1205 2711 1287 2766 vel
1318 2709 1597 2767 mendacio
1644 2708 1896 2763 falsitatis
1928 2724 1945 2765 :
1992 2724 2090 2765 ne-

2472 616 2501 671 1
2507 627 2605 672 tem
2627 618 2733 672 alia
2757 620 3055 675 earumdem
3075 636 3295 690 quorum
3320 636 3509 688 supra.

2258 710 2632 768 Dilectissimis
2664 712 2914 770 fratribus
2965 714 3113 769 clero
3140 722 3197 769 et
3243 713 3383 784 plebi
3411 714 3663 770 ecclesia:
3693 715 3799 771 Fo-

2188 802 2494 874 rojuliensis
2544 803 2847 875 Faegadius,
2903 805 3205 872 Eumerius,
3258 805 3585 874 Florentius,
3643 807 3803 865 Arte-

2189 897 2350 963 mius,
2381 894 2728 964 Emilianus,
2758 898 2949 965 Britto,
2982 897 3190 965 Justus,
3215 898 3549 969 Euphodius,
3576 898 3807 966 Rhoda;

2189 989 2351 1058 mius,
2384 989 2624 1056 Eortius,
2661 990 3029 1057 Constantius,
3061 990 3275 1057 Paulus,
3303 989 3527 1056 Cretus,
3561 991 3802 1049 Concor-

2188 1085 2331 1152 dius,
2360 1085 2669 1151 Antherius,
2694 1086 2995 1153 Neoterius,
3021 1087 3277 1153 Nicetius,
3320 1088 3590 1156 Urbanus,
3626 1087 3799 1156 Felix,

2191 1179 2499 1250 Simplicius
2526 1188 2582 1236 et
2613 1181 2921 1237 Vincentius
2944 1181 3183 1252 episcopi
3214 1182 3267 1237 in
3297 1181 3526 1237 Domino
3546 1182 3797 1238 salutem.

2261 1294 2518 1360 Quamvis
2540 1309 2604 1348 ea
2628 1294 2945 1349 Benedictus
2968 1293 3131 1349 frater
3152 1295 3220 1350 de
3233 1295 3557 1350 sanctissimi
3578 1296 3800 1365 Accepti

2192 1400 2419 1455 persona
2450 1387 2773 1456 suggesserit
2799 1401 2919 1458 quas
2949 1387 3196 1457 prudenti
3246 1396 3302 1443 et
3342 1386 3653 1443 Christiano
3683 1390 3794 1445 viro

2191 1479 2348 1551 digna
2379 1480 2511 1548 sint,
2541 1496 2770 1550 cumque
2815 1496 2921 1552 quo
2971 1481 3151 1537 studio
3188 1483 3427 1537 omnium
3466 1493 3704 1538 vestrum
3732 1482 3796 1539 ad

2194 1572 2455 1629 honorem
2482 1574 2769 1630 sacerdotii
2802 1582 3056 1645 poscatur
3092 1575 3361 1643 edixerit;
3393 1584 3568 1631 tamen
3593 1578 3719 1647 quia
3744 1577 3796 1635 in

2191 1666 2399 1737 synodo
2436 1665 2546 1737 jam
2580 1667 2795 1722 sederat
2824 1668 3189 1724 ordinationes
3234 1668 3536 1739 hujusmodi
3585 1671 3803 1727 submo-

2194 1758 2395 1813 vendas
2423 1773 2542 1828 quse
2572 1759 2688 1814 sine
2718 1760 2973 1815 seandalo
3022 1776 3145 1817 esse
3173 1777 3279 1817 non
3308 1763 3535 1833 possint,
3569 1779 3676 1819 non
3709 1780 3801 1833 po-

2122 1831 2171 1891 Β
2202 1851 2400 1905 tuimus
2430 1856 2801 1919 prmstare.uni
2833 1852 2974 1923 quod
3017 1857 3227 1911 ceteris
3257 1831 3583 1925 negabatur.
3647 1831 3722 1912 Et
3744 1858 3804 1913 lio

2194 1951 2395 1997 cetnon
2411 1944 2993 2013 ignoraremusmultos
3007 1947 3328 2003 verecundia
3344 1948 3697 2019 etnonnujlos
3710 1965 3803 2006 su-

2192 2034 2450 2105 scipiendi
2480 2036 2766 2092 sacerdotii
2793 2048 2937 2095 metu
2970 2039 3229 2109 trepidos,
3275 2056 3393 2111 quas
3437 2042 3625 2112 utique
3647 2044 3797 2113 signa

2194 2136 2318 2182 sunt
2346 2130 2665 2197 sanctitatis,
2718 2130 2844 2185 falsa
2877 2131 2929 2186 in
2970 2146 3030 2187 se
3077 2132 3354 2200 rejiciendi
3400 2134 3620 2190 honoris
3642 2149 3803 2193 causa

2181 2219 2423 2277 dixisse:
2482 2230 2657 2277 tamen
2707 2224 2828 2293 quia
2855 2222 3094 2279 omnium
3134 2224 3245 2280 fere
3291 2227 3357 2279 ad
3414 2239 3479 2280 ea
3523 2242 3643 2296 quae
3676 2232 3801 2282 sunt

2185 2313 2367 2385 pejora
2394 2315 2630 2383 proclive
2669 2315 2930 2386 judicium
2958 2325 3061 2383 est,
3106 2324 3163 2372 et
3193 2316 3446 2373 materies
3475 2317 3803 2387 disputatio-

2188 2424 2315 2462 num
2342 2409 2736 2465 obtrectatione
2763 2412 3104 2465 sacerdotum
3142 2412 3233 2466 Dei
3255 2410 3536 2481 quaeritur,
3566 2411 3711 2465 sedit
3743 2412 3802 2470 in

2185 2500 2414 2571 synodo,
2440 2511 2497 2554 ut
2527 2503 2765 2573 quisquis
2790 2504 2859 2558 de
2887 2517 2946 2557 se
2971 2504 3054 2559 vel
3082 2518 3208 2559 vera
3245 2504 3329 2558 Vel
3377 2501 3505 2557 falsa
3549 2504 3798 2569 dixisset,

2190 2592 2327 2649 fides
2354 2592 2403 2648 ei
2445 2608 2603 2664 quam
2650 2594 2875 2649 suismet
2912 2594 3235 2650 testimoniis
3258 2595 3607 2651 confirmaret
3636 2594 3802 2651 habe-

2192 2700 2363 2756 retur,
2404 2692 2803 2745 submovendus
2857 2692 3102 2761 protinus
3129 2692 3197 2746 ab
3218 2706 3285 2747 eo
3338 2691 3503 2761 gradu
3548 2705 3711 2762 quem
3736 2691 3800 2749 ab

483 2821 585 2877 que
613 2808 755 2863 enim
785 2808 989 2864 absolvi
1014 2818 1188 2877 pom,
1213 2808 1263 2862 in
1297 2807 1403 2873 bis,
1435 2806 1536 2862 nisi
1568 2806 1621 2862 in
1669 2820 1727 2861 se
1768 2806 1914 2876 ipsos
1942 2804 2093 2862 αξη,
2194 2781 2339 2835 omui
2364 2781 2619 2838 seandalo
2658 2782 2883 2840 liberum
2914 2798 3035 2840 esse
3058 2783 3203 2840 licet.
3228 2784 3417 2840 Divina
3432 2799 3530 2840 vos
3550 2785 3728 2854 pietas
3750 2787 3801 2842 in

484 2897 613 2966 rint,
644 2914 747 2969 quo
778 2897 980 2954 dictum
1012 2899 1063 2953 in
1095 2899 1229 2954 alios
1268 2896 1570 2968 puniretur,
1601 2909 1723 2951 cum
1778 2895 1953 2949 omnis
1988 2894 2091 2965 qui

2196 2880 2461 2929 aeternum
2493 2884 2760 2947 protegat.

497 3027 3798 3084 Μ

2021 3147 2252 3225 XXV

1318 3294 1991 3384 CONCILIUM
2065 3294 2224 3379 TA
2240 3292 2909 3381 URITANUM.

561 3442 840 3499 Fratribus
868 3438 1233 3497 dilectissimis
1258 3452 1355 3508 per
1384 3436 1588 3492 Gallias
1617 3444 1673 3491 et
1702 3435 1937 3504 quinque
1970 3446 2095 3501 pro-
2120 3430 2168 3495 C
2203 3432 2349 3489 tione
2398 3433 2548 3504 pacis
2597 3443 2758 3506 atque
2797 3437 3125 3507 concordiae,
3169 3448 3228 3495 ut
3275 3455 3382 3498 non
3438 3450 3547 3499 tam
3590 3446 3800 3509 civitati

485 3537 690 3592 vincias
739 3535 1041 3589 constitutis
1089 3538 1273 3585 saneta
1304 3528 1539 3601 synodus
1593 3540 1713 3595 quas
1756 3524 2009 3580 convenit.
2037 3525 2091 3579 in
2196 3522 2333 3593 ejus,
2369 3539 2490 3595 qua:
2517 3526 2569 3580 in
2614 3526 2785 3581 altera
2814 3528 3088 3597 provincia
3133 3529 3237 3587 sita
3275 3541 3361 3588 est
3389 3533 3543 3603 cujus
3582 3538 3792 3607 magni-

491 3631 624 3687 urhe
655 3626 1087 3684 Taurinantium.

556 3721 918 3794 209-210
942 3720 1073 3775 Cum
1114 3716 1180 3772 ad
1223 3713 1637 3785 postulationem
1686 3709 2087 3782 provinciarum

492 3818 678 3874 Galliae
721 3816 1034 3871 sacerdotes
1078 3809 1522 3865 convenissemus
1564 3806 1631 3861 ad
1677 3805 2088 3861 Taurinantium

487 3911 759 3966 civitatem
805 3914 963 3975 atque
998 3904 1053 3958 in
1101 3900 1343 3970 ejusdem
1389 3899 1541 3954 urbis
1593 3897 1822 3953 ecclesia
1864 3904 2089 3951 auctore

484 4005 570 4060 vel
598 4002 776 4059 medio
815 3998 1045 4053 Domino
1076 3995 1411 4059 sederemus,
1448 3992 1646 4047 auditis
1670 3990 2088 4061 allegationibus

490 4097 891 4165 episcoporum,
940 4102 1127 4144 eorum
1163 4085 1414 4141 videlicet
1443 4084 1533 4155 qui
1585 4082 1653 4139 ad
1680 4082 1946 4152 judicium
1989 4094 2089 4135 uo-

500 4199 669 4244 strum
716 4184 927 4239 fuerant
970 4181 1302 4253 congregati,
1334 4180 1403 4235 de
1444 4177 1668 4252 singulis
1708 4176 1940 4247 negotiis
1971 4178 2089 4231 haec

497 4277 783 4336 sententiae
826 4274 997 4329 forma
1024 4273 1286 4344 processit
1307 4270 1360 4339 ι’,
1390 4273 1463 4327 ita
1506 4280 1566 4328 ut
1607 4269 1754 4340 pacis
1793 4272 1934 4325 bono
1978 4275 2089 4323 sta-

494 4380 602 4426 tuta
639 4372 908 4424 canonun’t
952 4375 1315 4430 servarentur,
1351 4375 1405 4419 et
1430 4363 1782 4434 plurimorum
1830 4361 2090 4417 intentio-

498 4462 656 4517 nibus
677 4460 1025 4515 adhiberetur
1051 4457 1200 4512 utilis
1232 4456 1518 4511 medicina.

491 4572 532 4628 1.
591 4572 660 4628 Ut
713 4572 802 4642 qui
851 4571 1212 4642 approbaverit
1253 4586 1401 4624 suam
1454 4569 1710 4624 civitatem
1762 4567 2087 4639 metropolt'm

940 4644 1120 4713 fuisse,
1144 4651 1309 4697 teneat
1337 4642 1637 4711 primatum.

2196 3616 2435 3671 tudinem
2466 3617 2679 3688 penitus
2706 3620 3061 3691 nesciremus,
3098 3638 3258 3694 quam
3298 3624 3397 3695 ipsi
3447 3626 3796 3695 potissimum

2193 3706 2520 3776 deferretur,
2564 3718 2622 3764 ut
2651 3718 2902 3781 tanquam
2933 3724 3085 3782 pater
3116 3713 3239 3770 filiis
3283 3714 3489 3771 honore
3529 3719 3796 3787 primatus

2193 3800 2491 3857 assisteret.
2535 3802 2761 3873 Dignum
2789 3806 2934 3860 enim
2965 3806 3138 3862 visum
3178 3816 3263 3864 est
3308 3818 3366 3865 ut
3402 3813 3645 3881 quamvis
3674 3814 3797 3871 uni-

2193 3899 2303 3947 tate
2332 3894 2623 3961 provincia‘.
2660 3895 2887 3953 minime
2916 3905 3251 3969 tenerentur,
3284 3905 3792 3975 constringerentur

2195 3990 2373 4039 tamen
2404 3984 2616 4054 pietatis
2644 3984 2862 4043 ali'ectu.
2899 3988 3026 4045 Hzee
3060 3992 3160 4061 ipsi
3202 4000 3407 4049 tantum
3440 3996 3493 4049 in
3532 3995 3678 4052 diem
3706 3997 3790 4052 vi-

2193 4083 2260 4131 tae
2291 4076 2405 4145 ejus
2434 4077 2604 4133 forma
2647 4081 2974 4147 servabitur,
3019 4083 3157 4138 utin
3204 4086 3449 4141 ecclesiis
3488 4068 3793 4157 provincia-

2190 4169 2440 4225 secundae
2484 4170 2869 4239 Narbonensis,
2898 4189 3032 4245 quas
3073 4176 3159 4231 vel
3186 4192 3313 4232 suas
3350 4180 3657 4248 parochias,
3701 4180 3786 4237 vel

2189 4275 2317 4317 suos
2349 4263 2641 4331 discipulos
2683 4264 2849 4321 fuisse
2893 4267 3201 4325 constiterit
3251 4271 3551 4340 ordinatos,
3589 4274 3789 4344 prima-

2190 4369 2276 4414 tus
2300 4360 2497 4416 habeat
2522 4360 2859 4433 dignitatem.
2893 4362 3026 4419 Illud
3057 4380 3087 4420 a
3116 4366 3356 4437 partibus
3386 4368 3785 4427 observandum

2188 4456 2332 4524 quod
2377 4455 2504 4512 licet
2552 4470 2621 4512 ex
2654 4455 2926 4526 superﬂuo
2957 4472 3063 4513 non
3111 4467 3288 4513 tamen
3340 4460 3606 4516 inutiliter
3635 4477 3788 4517 com-

2189 4558 2465 4618 monetur,
2511 4558 2570 4603 ut
2616 4549 2731 4619 ipse
2776 4560 2995 4607 sanctus
3043 4548 3308 4607 Proculus
3357 4561 3614 4624 tanquam
3666 4555 3787 4624 pius

2189 4652 2342 4714 pater
2380 4644 2801 4700 consacerdotes
2848 4658 2977 4700 suos
3013 4643 3246 4700 honoret
3290 4654 3351 4700 ut
3378 4643 3538 4712 filios,
3566 4656 3620 4701 et
3666 4663 3781 4705 me-

560 4735 693 4790 Nam
735 4750 855 4791 cum
903 4736 1079 4806 primo
1123 4736 1362 4791 omnium
1416 4734 1500 4789 vir
1543 4743 1767 4791 sanctus
1822 4735 2148 4806 Proeulus__
2186 4744 2411 4789 moratae
2467 4736 2757 4805 provincia:
2822 4734 3137 4790 sacerdotes
3193 4744 3449 4805 tanquam
3506 4738 3632 4793 boni
3689 4740 3788 4797 ﬁlii

494 4826 848 4882 Massiliensis
875 4799 1161 4897 episcopus
1191 4828 1420 4884 civitatis
1440 4841 1501 4883 se
1526 4836 1782 4898 tanquam
1810 4839 2081 4899 metropo-
2105 4799 2161 4862 D
2187 4830 2439 4886 eumdem
2470 4799 2705 4886 habeant
2736 4838 2797 4886 ut
2828 4840 3124 4897 parentem,
3154 4836 3209 4884 et
3235 4831 3465 4886 invicem
3492 4833 3593 4887 sibi
3625 4834 3788 4889 exhi-

490 4920 715 4975 litanum
749 4921 1014 4985 ecclesiis,
1048 4936 1177 4989 quas
1214 4920 1268 4975 in
1311 4919 1545 4975 secunda
1570 4921 1844 4988 provincia
1878 4920 2083 4975 Narbo-

491 5009 645 5072 nensi
670 5011 857 5079 positm
900 5008 1239 5075 videbantur,
1267 5009 1474 5067 diceret
1501 5023 1736 5079 praeesse
1764 5008 1965 5064 debere
1992 5019 2078 5064 at-

488 5110 593 5171 que
621 5117 715 5172 per
744 5118 804 5157 se
833 5103 1197 5158 ordinationes
1225 5104 1277 5158 in
1308 5110 1602 5160 memorata
1634 5100 1907 5172 provincia
1930 5116 2079 5155 sum-

492 5212 701 5251 morum
735 5195 850 5250 fieri
880 5195 1243 5261 sacerdotum,
1274 5195 1542 5266 siquidem
1563 5202 1833 5250 assereret
1858 5193 2078 5250 easdem

490 5292 759 5345 ecclesias
796 5289 883 5345 vel
932 5304 1058 5345 suas
1097 5289 1377 5361 parochias
1405 5289 1599 5356 fuisse,
1628 5289 1714 5344 vel
1747 5289 2085 5361 episcoposa

499 5392 562 5434 se
590 5382 642 5433 in
685 5380 874 5437 iisdem
906 5382 1150 5438 ecclesiis
1179 5382 1481 5449 ordinatos;
1513 5396 1545 5437 e
1590 5380 1809 5438 diverso
1837 5382 2083 5452 ejusdem

496 5475 723 5544 regionis
766 5479 1002 5547 episcopi
1046 5477 1193 5533 aliud
1232 5475 1581 5532 defensarent
1628 5490 1694 5532 ac
1728 5476 1830 5532 sibi
1860 5476 2085 5535 alterius

494 5570 779 5637 provincias
804 5572 1142 5626 sacerdotem
1166 5585 1402 5642 praeesse
1428 5585 1533 5625 non
1561 5569 1764 5627 debere
1785 5571 2080 5628 contende-

487 5669 652 5714 rent:
680 5662 732 5717 id
758 5661 1053 5732 judicatum
1082 5672 1167 5719 est
1205 5678 1235 5718 a
1264 5672 1446 5719 sancta
1492 5664 1702 5735 synodo
1746 5667 2081 5735 contempla-

2186 4924 2354 4979 beant
2400 4923 2683 4979 charitatis
2731 4922 3035 4987 affectum,‘
3065 4922 3290 4990 impleto
3344 4922 3448 4978 hoc
3507 4924 3656 4995 quod
3712 4925 3791 4982 ait

2186 5015 2375 5072 beatus
2425 5016 2712 5085 Apostolus
2741 5030 2757 5070 :
2786 5014 2999 5069 Honore
3046 5026 3228 5070 mutuo
3258 5021 3642 5086 prtevenientes,
3685 5034 3793 5075 non

2183 5107 2293 5161 alta
2357 5107 2637 5175 sapientes,
2677 5106 2768 5160 sed
2848 5104 3128 5160 humilibus
3192 5108 3581 5162 consentientes.
3654 5109 3789 5165 illud

2183 5195 2384 5251 deinde
2413 5196 2554 5249 inter
2584 5194 2865 5265 episcopos
2915 5195 3128 5250 urbium
3164 5195 3501 5253 Arelatensis
3540 5206 3595 5252 et
3623 5196 3793 5255 Vien-

2196 5290 2400 5349 nensis,
2431 5288 2521 5360 qui
2549 5286 2617 5343 de
2645 5288 2905 5357 primatus
2927 5286 3134 5343 honore
3172 5287 3313 5358 apud
3340 5303 3439 5345 nos
3482 5291 3789 5360 certabant,

2193 5397 2224 5438 a
2256 5389 2441 5438 sancta
2471 5381 2683 5454 synodo
2712 5380 2991 5436 definitum
3032 5388 3135 5447 est,
3167 5390 3225 5436 ut
3255 5382 3345 5453 qui
3379 5396 3445 5439 ex
3476 5380 3560 5438 his
3590 5397 3790 5455 appro-

2193 5475 2402 5531 baverit
2449 5487 2600 5531 suam
2633 5472 2913 5527 civitatem
2946 5485 3067 5528 esse
3113 5474 3478 5543 metrOpolim,
3530 5473 3578 5529 is
3621 5476 3788 5531 totius

2192 5568 2485 5640 provincias
2521 5566 2776 5620 honorem
2810 5564 3073 5636 primatus
3102 5566 3364 5631 obtineat.
3409 5576 3463 5624 et
3491 5567 3608 5638 ipse
3633 5568 3785 5638 juxta

2192 5677 2454 5719 canonum
2486 5672 2812 5733 praeceptum
2860 5660 3264 5719 ordinationum
3316 5660 3511 5717 habeat
3539 5668 3787 5732 potestne

561 5774 707 5861 ζμ,
734 5774 1073 5861 Tauritanuin
1117 5779 1375 5861 octoginta
1422 5776 1796 5861 apiscerentur.
1836 5776 1927 5860 6.,
1951 5777 2292 5861 Tauritanum
2329 5777 2651 5851 septuaginta
2686 5775 3064 5851 episcoporum.

560 5841 588 5883 δ
610 5844 701 5913 U.,
730 5847 838 5901 haec
863 5848 1105 5903 sententia
1133 5841 1308 5904 nostra
1334 5841 1592 5919 processit,
