4024 6350
184 338 284 398 949

1197 331 1475 390 ϐΔῐιιΙᾹζ
1514 329 1850 389 CONCILIA.
1895 363 1964 373 —
2004 330 2367 402 REQIENSE.

3344 348 3446 409 950

187 471 308 516 tem.
349 453 507 510 Certe
544 451 613 508 a‘d
660 451 810 524 pacis
859 449 1136 510 vinculum
1184 454 1609 509 conservandum
1658 455 1758 509 hoc
1786 454 1836 514 Α
1865 453 1952 508 IV.
1981 453 2056 510 De
2079 456 2274 511 clericis
2303 457 2392 527 qui
2416 473 2503 526 per
2533 457 2741 534 culpam
2769 458 2832 515 ab
2853 459 3093 534 episcopo
3112 479 3208 522 suo
3240 483 3450 527 caecam.

184 549 400 609 consilio
421 546 632 601 utiliore
661 545 940 602 decretum
978 555 1081 610 est,
1115 553 1174 600 ut
1210 547 1255 601 si
1290 548 1463 616 placet
1492 561 1761 602 memora-

186 657 346 699 tarum
378 639 593 695 urbium
635 639 906 708 episcopis
941 653 1274 708 unaquaeque
1305 637 1372 692 de
1423 638 1506 694 his
1535 639 1759 693 vicinio-

185 751 265 793 res
303 733 404 790 sibi
449 734 587 788 intra
637 731 973 802 provinciam
1005 729 1235 786 vindicet
1277 731 1546 799 civitates,
1595 739 1758 800 atque

182 847 264 886 cas
293 828 552 885 ecclesias
601 826 883 891 vindicet'I
907 840 1040 896 quas
1084 824 1295 894 oppidis
1346 824 1460 881 suis
1489 824 1757 894 proximas

182 921 338 993 magis
366 933 488 975 esse
516 917 835 982 constiterit,
869 917 940 972 ita
980 925 1058 979 ut,
1084 931 1355 973 memores
1385 917 1757 973 unanimitatis

137 1012 141 1014 ’
179 1024 327 1083 atque
346 1011 675 1078 concordiae,
698 1026 802 1066 non
824 1012 961 1066 alter
987 1010 1212 1066 alterum
1237 1011 1449 1081 longius
1475 1012 1579 1067 sibi
1600 1027 1757 1068 usur-

180 1107 342 1180 pando
368 1106 515 1177 quod
543 1114 628 1160 est
648 1106 738 1160 alii
767 1108 1043 1176 proprium
1074 1105 1356 1174 inquietet.
1428 1152 1439 1158 -

241 1221 303 1277 ll.
347 1220 418 1276 Ut
447 1220 674 1291 episcopi
711 1219 799 1290 qui
828 1227 1009 1302 contra
1046 1226 1238 1274 statuta
1265 1219 1459 1291 faciunt
1489 1219 1678 1275 honore

819 1299 1012 1363 privent
1018 1307 1097 1345 ur.

242 1384 524 1442 Gestorum
559 1399 770 1454 quoque
810 1384 952 1440 serie
999 1384 1264 1441 conscribi
1293 1386 1494 1455 placuit
1538 1385 1604 1442 ad
1635 1400 1754 1456 per-

177 1491 339 1548 petem
371 1478 715 1548 disciplinam
753 1477 896 1548 quod
924 1479 1067 1534 circa
1098 1479 1399 1543 Octavium,
1443 1479 1750 1548 Ursionem,

178 1571 467 1641 Remigium
523 1586 586 1628 ac
627 1570 926 1642 Tryferium
963 1573 1244 1643 episcopos
1288 1573 1526 1646 synodus
1570 1584 1752 1631 sancta

173 1664 422 1732 decrevit,
473 1664 644 1734 quiin
687 1665 1051 1732 usurpationis
1091 1667 1378 1736 quamdam
1423 1668 1491 1723 de
1532 1668 1753 1723 ordina-

175 1758 309 1812 tione
345 1757 685 1812 sacerdotum
719 1757 973 1814 invidiam
1002 1759 1352 1825 vocabantur,
1386 1761 1528 1831 quod
1573 1763 1753 1819 hacte-

171 1868 264 1909 nus
291 1853 380 1926 [T.
417 1855 469 1918 1,
513 1853 571 1917 2,
621 1854 866 1927 eatenus]
921 1855 1005 1910 his
1035 1856 1244 1910 videtur
1275 1856 1556 1924 indultum,
1593 1868 1650 1913 ut
1683 1858 1750 1914 de
1783 1855 1831 1914 B

171 1957 363 2003 cattero
422 1947 521 2002 hac
569 1949 888 2004 auctoritate
935 1949 1248 2005 commoniti
1308 1950 1440 2005 nihil
1493 1968 1754 2020 usurpare

171 2046 450 2105 conentur,
506 2039 768 2109 siquidem
801 2057 860 2097 ea
890 2057 949 2096 se
977 2043 1045 2098 ab
1091 2045 1189 2097 hac
1219 2058 1377 2098 causa
1411 2045 1756 2100 excusatione

169 2130 508 2186 defenderint
534 2146 636 2200 qua
669 2133 911 2186 dicerent
950 2133 1099 2201 prius
1131 2149 1188 2189 se
1231 2150 1337 2188 non
1365 2150 1487 2190 esse
1523 2151 1756 2191 conven-

168 2231 266 2278 tos.
304 2223 543 2276 Proinde
568 2222 829 2293 judicavit
857 2226 1115 2294 synodus,
1150 2235 1208 2280 ut
1237 2227 1278 2280 si
1311 2229 1429 2297 quis
1449 2242 1515 2282 ex
1547 2229 1648 2284 hoc
1680 2228 1756 2284 fe.

163 2315 303 2368 cerit
332 2325 524 2368 contra
557 2323 758 2370 statuta
792 2315 1079 2385 majorum,
1112 2319 1248 2372 sciat
1284 2318 1328 2372 is
1359 2320 1446 2388 qui
1479 2321 1755 2376 ordinatus

161 2403 314 2459 fuerit
370 2404 660 2459 sacerdotii
706 2421 763 2460 se
794 2405 998 2462 honore
1042 2408 1380 2476 privandum,
1422 2417 1475 2465 et
1526 2411 1612 2466 ille
1663 2412 1753 2482 qui

167 2495 497 2550 ordinaverit
536 2499 910 2553 auctoritatem
944 2514 1004 2553 se
1047 2500 1097 2554 in
1130 2501 1557 2556 ordinationibus
1588 2504 1669 2558 vel
1697 2503 1752 2559 in

165 2584 403 2641 conciliis
427 2588 647 2642 minime
671 2597 1023 2644 retenturum.
1054 2589 1169 2646 Non
1193 2593 1364 2647 solum
1396 2604 1576 2650 autem
1606 2597 1749 2652 circa

166 2688 490 2734 memoratos
531 2680 812 2750 episcopos
843 2683 957 2738 haec
987 2686 1251 2740 sententia
1284 2688 1613 2757 praevalebit,
1655 2691 1749 2746 sed

169 2776 218 2823 et
241 2769 382 2824 circa
411 2784 600 2825 omnes
629 2771 718 2842 qui
741 2772 902 2829 simili
935 2789 1119 2831 errore
1145 2776 1354 2847 decepti
1384 2781 1750 2840 ordinationes

167 2860 466 2932 huiusmodi
497 2868 879 2936 perpetrarint.

257 2976 347 3034 111.
390 2976 470 3032 De
501 2979 649 3033 laicia
685 2981 776 3050 qui
806 2983 857 3034 in
889 2981 1097 3037 clericos
1121 2984 1314 3038 crimen
1344 2986 1639 3042 intendunt.

228 3089 300 3145 De
338 3090 587 3147 Palladio
633 3101 811 3148 autem
859 3094 1022 3163 laico,
1073 3097 1160 3166 qui
1204 3097 1384 3166 Spano
1435 3101 1752 3173 presbytero

161 3195 261 3237 non
303 3185 420 3239 leve
464 3186 668 3241 crimen
726 3187 1056 3257 intenderat,
1111 3191 1254 3246 inter
1285 3207 1420 3262 quos
1465 3195 1750 3264 episcopus
1781 3227 1826 3289 ο

161 3275 428 3349 Tryferius
465 3280 708 3350 ejusdem
758 3283 1001 3338 criminis
1042 3298 1232 3341 causas
1271 3301 1331 3342 se
1372 3290 1749 3360 recognovisse

162 3379 380 3426 testatus
408 3381 512 3439 est,
549 3372 598 3428 id
628 3375 843 3430 concilii
890 3377 1133 3433 decrevit
1161 3379 1473 3447 auctoritas,
1501 3390 1560 3436 ut
1605 3383 1745 3438 idem

161 3457 426 3518 Palladius
448 3464 500 3517 in
521 3464 709 3519 eadem
731 3468 994 3522 sententia
1020 3481 1282 3536 maneret,
1307 3487 1409 3541 qua
1432 3473 1748 3543 cognitionis

159 3556 394 3621 tempore
444 3569 474 3609 a
520 3555 769 3626 Tryferio
820 3558 993 3613 fuerat
1020 3562 1303 3616 sacerdote
1354 3564 1659 3635 mulctatus,
1695 3567 1746 3622 in

159 3638 254 3697 hoc
283 3645 334 3698 ei
365 3644 708 3704 humanitate
738 3659 948 3705 servata
977 3652 1208 3716 concilii,
1248 3662 1303 3708 ut
1335 3653 1449 3726 ipse
1477 3656 1748 3730 Tryferius

159 3732 207 3786 in
240 3744 503 3802 potestate
536 3739 733 3796 habeat
762 3745 975 3811 quando
1000 3744 1230 3800 voluerit
1259 3747 1307 3802 ei
1351 3748 1614 3805 relaxare.

230 3848 394 3918 §£.,
426 3849 486 3905 Β.
510 3851 604 3918 8.,
638 3853 728 3917 U.,
762 3856 944 3911 visitet.

2440 543 2780 587 mumcantur.

1931 619 2129 676 Statuit
2166 635 2380 690 quoque
2409 620 2476 677 de
2507 624 2866 694 Exuperantio
2903 626 3219 698 presbytero
3258 641 3447 688 sancta

1861 711 2117 783 synodus,
2151 711 2240 781 qui
2270 711 2322 765 in
2357 710 2604 782 injuriam
2633 715 2803 770 san'cti
2833 715 3068 786 episcopi
3100 719 3183 771 sui
3215 717 3448 790 Tryferil

1860 803 2039 874 gravia
2091 813 2144 859 et
2190 804 2358 858 multa
2414 815 2758 875 congesserat
2807 815 2862 863 et
2919 808 3285 878 frequentibus
3325 828 3446 868 cum

1859 894 2200 950 contumeliis
2230 905 2568 964 provocarat,
2602 897 2674 951 ita
2715 906 2774 953 ut
2815 900 3068 956 nonnulla
3099 901 3286 959 fecerit
3316 920 3449 960 con-

1860 997 1939 1043 tra
1962 988 2387 1045 ecclesiasticam
2410 989 2772 1060 disciplinam,
2801 1004 3022 1064 propter
3050 1012 3204 1065 quam
3228 1014 3445 1055 causam

1859 1081 1925 1137 ab
1961 1095 2028 1137 eo
2068 1082 2238 1137 fuerat
2264 1082 2532 1137 dominica
2573 1083 2952 1142 communione
2999 1087 3255 1155 privatus,
3300 1099 3356 1144 ttt
3391 1092 3446 1147 in

1859 1172 1976 1241 ejus
2006 1172 2076 1227 sit
2111 1172 2338 1228 arbitrio
2387 1173 2650 1228 restitutio
2695 1173 2863 1244 ipsius
2894 1176 2946 1230 in
2988 1177 3140 1243 cujus
3183 1189 3450 1248 potestate

1857 1260 1957 1317 fuit
1985 1262 2102 1333 ejus
2127 1263 2360 1333 abjectin
2388 1281 2402 1331 ;
2431 1265 2532 1320 hoc
2555 1272 2659 1330 est,
2692 1273 2751 1318 ut
2775 1267 2992 1336 quando
3022 1269 3104 1323 vel
3136 1270 3276 1325 idem
3309 1273 3451 1328 Exu-

1857 1357 2136 1425 perantius
2183 1356 2531 1423 satisfecerit,
2579 1357 2666 1412 vel
2696 1358 2950 1427 episcopo
3001 1359 3247 1430 Tryferio
3277 1364 3450 1421 visum

1858 1447 2037 1514 fuerit,
2072 1457 2182 1501 tum
2211 1449 2436 1519 gratiam
2469 1449 2864 1504 communionis
2909 1452 3159 1520 accipiat.

1856 1542 2015 1611 211
2061 1539 2124 1595 V.
2165 1538 2242 1594 De
2294 1558 2350 1595 eo
2377 1541 2465 1611 qui
2496 1559 2549 1596 se
2577 1542 2638 1596 ab
2669 1543 2920 1599 heretici:
2958 1561 3198 1611 separare
3234 1548 3451 1604 voluerit

2127 1621 2182 1666 ut
2210 1612 2272 1666 ab
2303 1612 2535 1667 Ecclesia
2565 1613 2818 1668 catholica
2845 1618 3180 1687 suscipiatur.

1935 1704 2065 1759 illud
2113 1713 2372 1774 praeterea
2417 1706 2660 1761 decrevit
2700 1717 2887 1764 sancta
2915 1710 3176 1781 synodus,
3211 1721 3269 1766 ut
3311 1727 3446 1782 quo-

1855 1794 1997 1850 niam
2030 1796 2231 1866 legatos
2254 1797 2492 1867 episcopi
2526 1796 2842 1868 Galliarum,
2879 1801 2976 1871 qui
3006 1801 3168 1858 Felici
3201 1817 3453 1860 commu-

1857 1890 2060 1958 nicant,
2095 1891 2450 1959 destinarunt,
2493 1901 2554 1947 ut
2580 1893 2768 1963 siquis
2811 1895 2878 1950 ab
2927 1895 3044 1964 ejus
3073 1898 3452 1956 communione

1856 1991 1916 2033 se
1957 1981 2184 2035 voluerit
2236 1991 2601 2049 sequestrare,
2655 1984 2708 2039 in
2763 1998 2962 2042 nostrte
2987 1981 3140 2056 pacis
3178 1991 3452 2047 consortio

1856 2073 2181 2140 suscipiatur
2210 2073 2363 2144 juxta
2409 2073 2615 2129 litteras
2642 2077 2965 2132 venerabilis
3008 2080 3281 2134 memorias
3321 2080 3453 2136 Am-

1857 2161 2025 2217 brosii
2063 2147 2301 2234 episcOpi
2331 2165 2417 2220 vel
2448 2165 2710 2220 Romanas
2746 2166 3002 2225 Ecclesiae
3031 2170 3326 2225 sacerdotis
3352 2170 3450 2226 du-

1856 2258 1983 2312 dum
2014 2258 2174 2326 latas,
2206 2275 2326 2330 quae
2359 2260 2411 2315 in
2443 2261 2671 2316 concilio
2703 2261 2894 2332 legatis
2928 2265 3278 2334 praesentibus
3305 2265 3452 2320 reci-

1858 2359 1980 2406 tatae
2009 2360 2154 2410 sunt.

1897 2443 1978 2498 Vl.
2026 2444 2094 2499 Ut
2133 2444 2347 2500 alterius
2383 2446 2626 2501 clericum
2657 2463 2758 2501 non
2796 2456 3086 2513 promoveat
3122 2448 3273 2515 alter,
3322 2464 3411 2504 nec

2390 2519 2641 2588 abjectum
2677 2519 2910 2590 recipiat.

1925 2607 2033 2664 Nec
2061 2607 2191 2662 illud
2219 2607 2736 2678 praetermittendum
2766 2610 2866 2665 fuit
2893 2610 3032 2680 quod
3064 2611 3254 2682 synodi
3284 2614 3446 2685 212

1851 2703 2118 2757 sententia
2149 2703 2430 2758 definitum
2464 2712 2568 2769 est,
2610 2713 2666 2758 ut
2694 2703 2952 2759 clericum
2993 2705 3212 2759 alterius
3257 2718 3450 2760 secun-

1851 2793 1977 2848 dum
2015 2803 2216 2849 statuta
2269 2810 2536 2850 canonum
2585 2810 2745 2850 nemo
2788 2796 3069 2865 suscipiat,
3119 2811 3298 2866 neque
3339 2812 3451 2853 sua)

1853 2884 2100 2939 ecclesiae
2125 2885 2178 2938 in
2217 2885 2323 2940 alio
2351 2885 2520 2954 gradu
2552 2885 2747 2940 audeat
2781 2884 3062 2953 ordinare,
3093 2900 3267 2956 neque
3292 2886 3449 2958 abie-

1852 2985 1994 3029 ctum
2021 2977 2248 3043 recipiat
2278 2979 2330 3031 in
2360 2980 2759 3033 communione.

1853 3086 1963 3142 Vll.
2006 3085 2084 3142 De
2115 3088 2193 3142 his
2223 3090 2310 3158 qui
2350 3099 2531 3143 contra
2575 3090 2905 3143 interdictum
2946 3098 3068 3144 sunt
3107 3091 3332 3145 ordinati
3369 3091 3448 3147 uel

2256 3159 2312 3213 in
2346 3163 2539 3214 honore
2563 3161 2700 3229 ﬁlios
2729 3169 3036 3231 genuerunt.

1930 3270 2246 3328 [libantem
2284 3275 2375 3346 qui
2423 3283 2606 3330 contra
2650 3275 2993 3332 interdictum
3038 3285 3164 3334 sunt
3192 3276 3446 3348 ordinati,

1857 3365 1942 3421 vel
1982 3364 2036 3420 in
2071 3367 2370 3422 ministerio
2420 3366 2558 3423 filios
2607 3379 2926 3438 genuerunt,
2974 3385 3043 3426 ne
3097 3371 3165 3426 ad
3208 3371 3443 3443 majores

1856 3457 2056 3528 gradus
2086 3459 2333 3515 ordinum
2359 3463 2740 3532 permittantur
2777 3463 2968 3533 synodi
2994 3463 3233 3521 decrevit
3262 3476 3448 3522 aucto-

1856 3551 2008 3603 ritas.

1929 3649 2229 3705 incolumes
2281 3647 2376 3706 ves
2425 3650 2684 3708 Dominus
2735 3664 2917 3712 noster
2965 3672 3082 3714 aevo
3130 3658 3447 3730 longissimo

1855 3750 2180 3796 conservare
2202 3739 2474 3813 dignetur,
2503 3742 2705 3799 domini
2735 3744 3066 3803 dilectissimi
3098 3747 3316 3807 fratres.

223 3915 250 3956 ιι
272 3917 462 3973 Canon
495 3915 599 3977 iste
628 3925 678 3976 in
702 3915 766 3978 ll.
797 3941 919 3980 cum
945 3929 1266 3996 prtecedenti
1299 3933 1553 3989 confusus
1583 3945 1741 4006 atque
1783 3952 2092 4012 compactus
2121 3955 2222 4002 est.

156 4053 3447 4132 Ἠ

1654 4215 1921 4294 ΧΧνι
3398 4200 3400 4202 ’

1125 4347 1800 4444 CONCILIUM
1877 4358 2480 4456 REGIENSE

161 4494 484 4540 TBEDECIM
528 4495 972 4544 EPISCOPORUM
1003 4528 1023 4562 ,
1067 4505 1365 4552 HABITUM
1412 4514 1552 4558 EBA
1600 4516 1978 4565 CCCCLXXVII
2011 4549 2027 4576 ,
2074 4525 2190 4568 SUB
2235 4527 2750 4574 IMPERATORIBUS
2793 4527 3151 4575 Τηεοοοειο
3196 4534 3441 4586 MINORE

554 4579 634 4620 ET
679 4580 1178 4642 VALENTINIANO,
1225 4588 1594 4637 TEEODOSIO
1637 4598 1751 4639 SEP

1869 4601 1896 4643 8
1945 4604 2166 4650 DECIES
2211 4607 2294 4651 ET
2336 4609 2538 4653 FESTO
2581 4603 2992 4656 GONBULIBUS.

221 4666 350 4738 Cum
382 4683 434 4737 in
484 4683 759 4788 voluntate
787 4686 998 4742 Domini
1024 4690 1163 4760 apud
1208 4691 1528 4764 Regiensem
1565 4700 1741 4755 eccle-
1771 4706 1824 4766 Β
1849 4705 2082 4761 studium
2106 4717 2234 4763 nutu
2251 4710 2461 4766 Domini
2484 4713 2856 4770 universorum
2882 4726 3092 4785 pectora
3117 4735 3337 4790 prorsus
3356 4739 3444 4781 sa-

164 4772 284 4828 siam
316 4775 784 4846 convenissemus,
831 4788 885 4834 et
913 4784 1358 4851 transgressionis
1387 4789 1528 4858 apud
1569 4791 1741 4846 Ebru-

165 4863 443 4922 dunensem
490 4867 778 4923 ecclesiam
807 4868 1001 4925 habita:
1042 4874 1340 4931 remedium
1381 4890 1736 4948 quaereretur,

165 4971 254 5025 qua
279 4962 445 5016 sacris
480 4960 740 5018 Ecclesiae
767 4965 1066 5022 canonibus
1096 4976 1152 5023 et
1178 4972 1491 5027 reverendis
1522 4973 1741 5030 Patrum

166 5051 625 5109 constitutionibus
656 5056 804 5111 omni
836 5067 986 5128 parte
1030 5061 1308 5129 neglectis,
1352 5064 1553 5135 absque
1584 5067 1739 5123 trium

169 5148 451 5215 praesentia,
507 5148 710 5219 absque
755 5153 1290 5222 comprovincialium
1350 5157 1564 5224 litteris,
1622 5161 1742 5216 sine

169 5239 546 5308 metropolitani
585 5244 920 5309 auctoritate,
965 5245 1170 5300 irritam
1212 5248 1568 5306 ordinationis
1619 5267 1741 5320 spe-

168 5325 288 5382 ciem
318 5346 347 5386 a
370 5332 582 5387 duobus
634 5343 834 5390 temere
873 5338 1317 5395 convenientibus
1358 5352 1738 5413 praesumptam

169 5427 272 5472 esse
307 5422 545 5479 clarebat
569 5441 582 5490 ;
609 5439 714 5478 non
762 5425 939 5480 minus
969 5427 1170 5481 doloris
1206 5429 1274 5484 de
1303 5434 1737 5499 praesumentium

169 5503 302 5574 lapsu
335 5529 498 5584 quam
523 5516 591 5572 de
622 5517 862 5573 ecclesiae
892 5519 1055 5587 ipsius
1096 5521 1443 5580 convulsione
1473 5524 1524 5579 in
1558 5535 1738 5595 pecto-

174 5597 301 5654 ribus
329 5607 565 5660 omnium
611 5607 812 5663 diutina
860 5610 1148 5666 collatione
1174 5623 1446 5668 versatum
1493 5625 1594 5670 est.
1624 5617 1738 5671 Pri-

175 5700 300 5746 mum
344 5696 542 5765 itaque,
577 5699 700 5769 quia
765 5714 870 5755 non
918 5697 1212 5760 ulciscendi
1266 5705 1363 5760 sed
1406 5707 1736 5764 remediandi

1843 4796 2105 4852 cerdotali
2129 4801 2356 4856 consilio
2384 4803 2680 4870 insederat,
2711 4821 2974 4863 canonum
3007 4811 3060 4865 in
3101 4817 3442 4874 sermonibus

1843 4889 2064 4958 singulis
2108 4895 2436 4962 proprietate
2487 4907 2762 4966 perspecta
2787 4938 2806 4967 ,
2857 4902 3055 4971 placuit
3078 4912 3102 4940 ⁸
3131 4910 3271 4978 quod
3301 4910 3442 4966 sicut

1845 4984 2070 5050 reproba
2095 4999 2216 5054 qua:
2240 4994 2566 5058 praesumpta
2594 5002 2777 5047 essent
2799 4993 2852 5048 in
2873 4995 3077 5054 irritum
3101 5000 3433 5070 devocanda,

1847 5072 1917 5126 ita
1945 5089 2039 5129 eos
2060 5078 2149 5145 qui
2180 5080 2406 5147 reproba
2431 5088 2923 5154 praesumpsissent,
2947 5096 3188 5162 quamvis
3216 5097 3439 5149 contun-

1843 5165 1972 5221 dere
2018 5183 2241 5224 censura
2296 5183 2533 5242 cogeret,
2565 5174 2813 5234 charitati
2867 5181 3056 5238 liceret
3110 5163 3435 5240 absolvere:

1847 5259 2147 5324 praesertim
2194 5275 2313 5316 cum
2362 5263 2436 5333 bi,
2469 5267 2559 5336 qui
2595 5275 2701 5322 tam
2736 5285 2983 5336 perversa
3027 5273 3362 5337 incidissent,
3393 5290 3424 5329 a

1849 5350 2021 5417 primo
2049 5349 2230 5420 lapsus
2252 5354 2420 5421 ipsius
2443 5356 2529 5413 die
2551 5359 2804 5416 adhibitis
2827 5364 3020 5430 passim
3047 5364 3290 5431 precibus
3318 5365 3434 5420 cul-

1850 5457 1970 5512 pam
2003 5447 2326 5513 ptenitentes
2355 5459 2445 5506 aut
2474 5451 2788 5523 ignorantiae
2833 5462 2926 5509 aut
2953 5456 3436 5527 circumscriptioni

1845 5534 2226 5602 imputassent:
2251 5542 2395 5612 quia,
2424 5544 2525 5599 etsi
2557 5545 2878 5602 inveniabile
2898 5547 3210 5602 crederetur
3255 5562 3436 5605 sacer-

1844 5621 2024 5680 dotem
2069 5630 2420 5689 sacerdotalia
2469 5643 2666 5689 statuta
2723 5634 2999 5701 nescisse,
3056 5635 3229 5694 levius
3253 5648 3434 5695 tamen

1843 5723 1961 5772 erat
1982 5704 2139 5788 quam
2167 5720 2211 5776 si
2237 5736 2330 5778 ore
2356 5723 2649 5795 impudenti
2674 5722 2934 5781 fateretur
2957 5740 3018 5786 se
3033 5737 3158 5786 nota
3179 5729 3434 5789 calcasse.

235 5813 257 5841 ⁸
279 5807 350 5864 Ex
397 5811 454 5867 Β.
487 5811 581 5881 8.,
622 5812 686 5870 T.
720 5813 774 5882 1.
805 5813 859 5874 2.
905 5814 962 5872 In
1005 5816 1073 5877 Δ.
1109 5826 1164 5873 et
1203 5819 1414 5876 cmteris
1439 5819 1764 5881 Codiclbus:
1797 5827 1983 5898 patuit.
