4024 6350
530 296 631 365 251

1219 302 1603 363 COLLECTIO
1643 297 1979 357 CANONUM
2019 296 2080 352 S.
2124 285 2394 354 ISIDORO
2436 299 2703 357 HISPAL.
2745 299 3102 357 ASCRIPTA.

3722 295 3828 362 252

533 425 696 500 213
719 424 763 483 1.
798 421 869 482 ω
896 427 926 464 ⁸
949 425 1052 479 itan
1074 421 1314 500 habeatur
1327 420 1637 492 episcopusa
1657 415 1857 472 duobus
1886 413 2138 484 episcopis
2163 411 2213 468 Α
2241 413 2515 471 sOcietatis
2573 417 2942 484 respexerant,
2991 414 3133 468 velut
3175 411 3517 500 innocentem
3571 415 3822 472 eumdem

1193 492 1482 547 ordinatus.

614 634 796 702 Itaque
819 646 914 689 eos
936 630 1026 700 qui
1047 640 1151 685 tam
1175 627 1449 684 incondita
1470 634 1664 684 actam
1688 623 1956 679 instabilia
1983 638 2131 677 usur-

545 736 834 796 paverant,-
859 724 1070 796 placuit-
1088 721 1472 778 misericordia:
1506 728 1561 777 et
1583 719 1861 774 cltaritatis
1906 733 2132 772 occursu

546 821 613 875 ita
636 821 688 875 in
709 817 1139 875 communionem
1162 812 1831 884 dilectionemque'recipi,
1854 821 1912 866 ut
1935 811 2134 866 scirent

541 911 833 970 secundum
858 917 1124 965 recentem
1142 915 1195 964 et
1215 905 1621 962 saluberrimam
1643 904 1947 959 Taurinatis
1976 901 2133 976 [1”.8,

545 999 913 1074 Taurinensis]
939 999 1130 1074 synodi
1151 999 1538 1065 definitionem,
1570 998 1640 1053 ad
1660 1006 1966 1068 perpetuam
2010 995 2136 1051 vitas

540 1097 696 1154 istius
723 1094 1074 1151 suﬂ'usionem
1108 1093 1272 1148 nullis
1299 1107 1357 1148 se
1377 1091 1445 1146 de
1471 1100 1668 1147 canere
1687 1088 2132 1154 ordinationibus,

541 1187 704 1243 nullis
731 1185 1022 1241 ordinariis
1050 1183 1397 1252 interfuturus
1412 1197 1536 1238 esse
1560 1182 1828 1249 conciliis,
1849 1181 1975 1252 quia
2005 1179 2138 1238 nihil

541 1281 756 1336 salubre
780 1280 849 1334 ab
878 1279 984 1336 illis
1009 1277 1350 1332 statuendum
1390 1283 1820 1344 exspectaretur,
1851 1274 1973 1346 quia
2023 1271 2135 1345 [A.,

542 1369 656 1443 qui]
681 1379 840 1426 tautae
868 1369 1228 1440 corruptionis
1258 1378 1366 1424 tam
1386 1368 1704 1424 detestanda
1734 1369 1976 1438 exempla
2003 1382 2140 1436 pra:-

543 1463 790 1517 buerant.
833 1458 1208 1515 Ebrudunensi
1247 1459 1494 1516 ecclesia:
1534 1469 1660 1516 ante
1706 1460 1886 1514 omnia
1934 1469 2140 1514 mature

545 1553 718 1607 visutn
748 1559 835 1608 est
863 1550 1277 1616 cumulandum,
1307 1552 1430 1622 quia
1479 1561 1710 1621 quatuor
1751 1551 1818 1606 de
1867 1551 2139 1606 biennium

544 1645 820 1702 meu‘sibus
877 1645 1157 1700 sacerdote
1212 1643 1451 1715 legitimo
1491 1644 1746 1700 destituta
1789 1644 1891 1699 hoc
1929 1643 2144 1714 gravius

542 1747 920 1810 cgrdtaverat,
947 1740 1004 1792 ut
1030 1739 1208 1793 clerus
1236 1739 1494 1793 innocens
1518 1752 1582 1794 ac
1610 1737 1929 1808 disciplinas,
1946 1747 2002 1791 ut
2025 1751 2138 1806 pro-

543 1833 728 1889 batum
773 1841 875 1899 est,
909 1847 1116 1887 memor
1163 1832 1516 1902 quorumdam
1565 1833 1821 1887 laicorum
1858 1831 2144 1886 insolentia

529 1938 609 1984 'ac
631 1927 775 1981 varia
802 1925 1173 1996 pertubatione
1197 1936 1446 1991 vexatus,
1477 1926 1643 1982 etiam
1671 1926 1724 1980 iu
1756 1923 2134 1981 sacerdotibus

543 2034 612 2075 ac
640 2017 898 2073 ministris
926 2017 1099 2072 minas
1123 2032 1188 2072 ac
1209 2017 1384 2088 jurgia
1412 2027 1467 2074 et
1489 2019 1596 2073 ‘vim
1626 2019 2031 2074 acerbissimam
2057 2031 2148 2087 pe-

545 2109 782 2168 riculose
809 2111 1111 2182 perniciosa
1137 2125 1308 2181 nuper
1335 2111 1485 2167 cte'de
1514 2111 1828 2182 pertulerat,
1864 2121 1965 2168 nec
1995 2120 2148 2183 potes

544 2213 631 2259 rat
649 2201 855 2259 tliﬂerri
878 2203 1142 2259 bonorum
1173 2217 1236 2259 ac
1263 2203 1561 2268 disciplinae
1597 2217 1895 2259 memorum
1934 2215 2147 2274 specta-

548 2299 642 2365 tio,
671 2314 738 2354 ue
767 2299 1080 2354 viderentur
1106 2286 1510 2354 contumacium
1533 2311 1587 2356 et
1615 2299 1974 2370 inquietorum
2025 2305 2146 2354 vota

553 2392 779 2462 palpari,
809 2398 1040 2462 quorum
1069 2392 1500 2462 conspirationes
1525 2393 2056 2462 machinationesque
2094 2405 2150 2448 et

559 2486 613 2542 in
649 2486 976 2556 praeteritum
1007 2481 1263 2554 quantum
1294 2483 1626 2556 deprehendi
1657 2488 1864 2556 possint
1913 2487 2151 2540 animad-

554 2577 804 2633 versione
825 2577 1188 2633 eCclesiastica
1220 2579 1524 2648 punieudae,
1549 2590 1602 2635 et
1624 2580 1675 2635 in
1709 2581 1939 2634 futurum
1963 2582 2151 2635 antici-

551 2665 741 2740 panda:
784 2677 957 2724 erant.
1002 2671 1183 2740 Itaque
1240 2669 1657 2737 ordinationem,
1707 2686 1866 2740 quam
1917 2686 2152 2728 canones

552 2759 761 2816 irritam
791 2758 1073 2827 definiunt,
1105 2763 1204 2816 nos
1233 2776 1447 2832 quoque
1492 2762 1822 2816 vacuandam
1867 2778 1988 2819 esse
2027 2779 2152 2819 cen-

554 2855 781 2920 suimus,
807 2855 977 2926 inqua
997 2855 1356 2926 pra-terruissa
1377 2857 1535 2912 trium
1555 2859 1842 2928 praesentia
1867 2875 1966 2914 nec
1990 2873 2154 2927 cXpe-

567 2947 676 3002 titis
705 2948 1239 3018 comprovincialium
1272 2945 1485 3016 litteris,
1518 2950 1913 3020 metropolitani
1941 2965 2154 3021 quoque

557 3038 834 3095 voluntate
860 3041 1125 3112 neglecta,
1159 3046 1379 3113 prorsus
1411 3041 1542 3096 nittll
1570 3042 1712 3113 quod
1738 3042 2050 3112 episcopum
2077 3043 2156 3096 fa-

551 3142 698 3188 ceret
718 3141 994 3188 ostensum
1017 3143 1119 3188 est.

554 3265 619 3324 ll.
654 3268 731 3323 De
758 3265 785 3305 ι)
821 3268 1100 3322 remotione
1129 3270 1239 3344 ejus
1283 3283 1435 3338 quem
1467 3267 1704 3321 ordinare
1742 3283 2008 3338 perperam
2043 3265 2150 3321 duo

1130 3349 1585 3410 prtcsumpserunt.

631 3451 812 3520 Itaque
842 3452 1040 3522 placuit
1071 3451 1125 3506 in
1149 3453 1423 3507 voluntate
1453 3449 1664 3506 Domini
1696 3461 1902 3506 remoto
1929 3453 2031 3508 hoc
2060 3453 2153 3523 qui

561 3560 839 3616 perperam
885 3557 1192 3618 assumptus
1252 3555 1373 3600 erat
1417 3547 1726 3617 episcopus,
1775 3546 1890 3602 fieri
1937 3549 2156 3606 omnino

559 3621 784 3694 fratrum
830 3637 1291 3706 constitutionem,
1343 3637 1704 3693 ecclesiastica
1733 3637 2018 3693 traditione
2045 3653 2161 3694 ser-

561 3739 714 3797 vata;
745 3746 930 3785 verum
959 3731 1080 3800 quia
1109 3730 1224 3786 haec
1246 3741 1428 3785 sancta
1460 3730 1696 3802 synodus
1719 3747 1823 3784 non
1857 3730 2158 3800 disciplinae

562 3834 764 3881 tantum
787 3839 992 3892 curam,
1017 3825 1110 3880 sed
1134 3835 1188 3881 et
1210 3825 1591 3881 misericordiae
1612 3826 1794 3896 geSsit,
1815 3840 2043 3896 cumque
2073 3841 2167 3880 oc-

563 3933 814 3974 currerer
834 3920 974 3990 quod
1004 3934 1064 3973 se
1093 3918 1468 3973 Armentarius
1498 3918 1686 3973 diebus
1703 3917 1959 3986 proximis
1989 3917 2166 3973 cidem

561 4013 808 4070 ecclesia:
847 4012 1015 4068 inuita
1061 4021 1462 4067 assentatorum
1505 4011 1798 4067 insolentia
1868 4011 2168 4077 retulisset,

563 4106 846 4160 occurehat
862 4113 1039 4159 tamen
1060 4104 1202 4172 quod
1216 4115 1341 4159 ante
1357 4103 1780 4158 admonitionem
1798 4104 2167 4159 discessisset:

573 4194 715 4264 quod
739 4209 766 4247 a
798 4196 1072 4249 nonnullis
1099 4197 1440 4249 sacerdotum
1471 4196 1522 4249 in
1551 4197 1654 4251 hoc
1680 4197 1854 4266 ipsum
1879 4196 2170 4251 conﬁrma-

569 4296 653 4342 tus
679 4302 739 4342 se
783 4287 944 4342 etiam
975 4288 1196 4357 privatae
1239 4289 1420 4343 domui
1459 4289 1804 4356 reddidisset,
1846 4291 1988 4362 quod
2055 4292 2170 4362 epi-

571 4380 738 4437 stolas
768 4379 836 4436 ad
867 4382 1072 4436 clerum
1103 4381 1278 4451 ipsum
1305 4382 1559 4437 emiserat
1588 4384 1777 4451 quibus
1802 4384 2167 4454 episcopatum
2237 4400 2240 4403 λ

2234 507 2510 576 praeterire
2552 507 2860 562 sacerdotes
2904 503 3111 560 Domini
3151 505 3238 576 qui
3283 491 3405 560 huic
3440 507 3671 562 concilio
3699 507 3826 562 ade-

2234 609 2354 654 rant
2382 599 2727 654 damnatione
2757 609 2982 654 vacuum
3007 597 3311 653 maluerunt
3327 597 3396 653 de
3423 596 3638 653 indultu
3651 599 3826 654 eidem

2235 692 2503 764 peregrini
2530 693 2613 747 vel
2642 693 2950 763 coepiscopi
2978 692 3219 749 nomine.

2233 849 2324 906 lllt
2344 847 2423 905 De
2436 847 2691 905 heretici}
2705 857 2753 903 et
2767 847 3100 903 schismaticis
3117 846 3368 915 episcopis
3380 845 3424 900 si
3440 845 3508 900 ad
3522 846 3832 901 catholicam

2590 920 2745 989 ﬁdem
2767 920 3011 986 venerint,
3041 917 3166 990 quid
3193 918 3471 972 observent.

2307 1055 2462 1124 Quod
2491 1068 2620 1125 ergo
2647 1053 2702 1109 in
2738 1052 3052 1124 quihusdam
3095 1050 3454 1107 uhlsmatlcls
3499 1051 3832 1119 recipiendis

2236 1147 2509 1205 Nictenum
2531 1146 2818 1203 concilium
2858 1144 3044 1201 statuit
3077 1157 3110 1198 a
3151 1143 3380 1214 singulis
3423 1158 3519 1214 per
3559 1144 3830 1198 territoria

2237 1255 2334 1296 sua
2375 1240 2476 1295 hoc
2516 1238 2678 1294 etiam
2716 1247 2954 1308 praesens
2981 1247 3279 1292 conventus
3309 1236 3363 1292 in
3395 1237 3498 1294 hoc
3540 1238 3731 1293 statuit
3771 1238 3834 1293 ab

2237 1334 2488 1390 omnibus
2513 1334 2714 1390 debere
2743 1333 2970 1399 servari,
2998 1333 3051 1387 id
3077 1339 3162 1388 est
3189 1341 3248 1386 ut
3280 1333 3581 1402 cuicunque
3617 1332 3690 1387 de
3728 1333 3833 1386 ira-

2241 1426 2410 1482 tribus
2432 1424 2537 1480 tale
2557 1426 2750 1495 aliquid
2773 1424 3051 1480 Charitatls
3073 1424 3306 1479 consilia
3332 1423 3660 1479 dictaverlnt
3682 1424 3835 1478 liceat

2240 1519 2291 1575 ei
2308 1533 2466 1574 unam
2497 1517 2869 1588 parochiarum
2891 1529 3109 1571 suarum
3137 1516 3417 1572 ecclesiam
3439 1516 3638 1571 cedere
3663 1511 3752 1587 [Τ.
3781 1513 3835 1580 2,

2242 1609 2559 1681 concedere]
2592 1611 2646 1665 in
2671 1625 2774 1680 qua
2803 1619 2895 1663 aut
2923 1609 3224 1676 coepiscopi
3259 1617 3284 1648 ο
3324 1608 3563 1672 nomine,
3597 1615 3658 1660 ut
3702 1607 3836 1661 idem

2250 1709 2418 1759 canon
2450 1705 2703 1774 loquitur,
2728 1711 2822 1758 aut
2873 1697 3154 1771 peregrina
3185 1709 3246 1755 ut
3284 1702 3428 1756 aiunt
3461 1701 3839 1759 communione

2179 1775 2224 1834 Β
2253 1798 2517 1853 frueretur
2541 1797 2686 1870 [/E.,
2719 1794 2969 1867 fruatur].
2994 1794 3230 1850 Primum
3273 1795 3451 1864 itaque
3489 1775 3764 1859 statuitur,
3788 1803 3842 1848 ut

2252 1891 2352 1946 hoc
2384 1893 2435 1946 in
2460 1891 2699 1960 qualibet
2727 1891 3001 1959 provincia
3037 1898 3395 1957 praeterquam
3430 1887 3482 1940 in
3512 1885 3705 1955 Alpina
3736 1901 3841 1940 ma-

2251 1984 2427 2039 ritima
2457 1983 2632 2046 liceat,
2664 1997 2825 2050 quam
2872 1981 2918 2034 si
2958 1980 3133 2049 aliqua
3167 1980 3221 2032 in
3263 1988 3412 2047 parte
3445 1977 3760 2046 accesserit,-
3790 1985 3842 2030 ut

2251 2078 2518 2130 malorutn
2560 2076 2814 2130 incitator
2843 2083 2898 2128 et
2937 2073 3133 2144 quietis
3185 2073 3470 2142 impatiens
3516 2071 3840 2126 damnationi

2249 2189 2406 2244 quam
2430 2174 2481 2227 in
2500 2184 2561 2227 se
2592 2171 2974 2241 provocaverat
2999 2167 3334 2237 subiacebit:
3367 2165 3461 2219 sed
3490 2165 3608 2219 etsi
3638 2165 3758 2233 quis
3771 2165 3842 2219 ei-

2251 2268 2370 2322 dem
2402 2268 2689 2336 quidquam
2722 2275 2788 2319 ex
2820 2262 2900 2317 his
2919 2275 3040 2333 quae
3064 2271 3260 2316 statuta
3283 2267 3410 2314 sunt
3432 2256 3841 2326 transgredienti

2251 2357 2751 2419 communicaverit,
2777 2369 2803 2407 a
2827 2352 3204 2410 communione
3225 2351 3466 2406 omnium
3486 2349 3577 2403 let
3611 2349 3840 2402 alienus.

2256 2447 2476 2519 Deinde,
2520 2459 2580 2504 ut
2619 2448 2858 2519 quolibet
2904 2449 2956 2502 in
2990 2447 3108 2502 loco
3146 2453 3500 2515 praeterquam
3541 2442 3596 2497 in
3635 2441 3847 2512 publico

2255 2554 2522 2616 ageretur,
2553 2559 2621 2599 ne
2649 2543 2928 2613 quisquam
2955 2543 3004 2595 ei
3032 2540 3184 2594 locus
3203 2539 3524 2593 decernatur
3551 2549 3713 2604 quem
3757 2547 3847 2587 cu-

2254 2640 2353 2694 ria:
2385 2647 2438 2693 et
2459 2637 2694 2693 civitatis
2724 2636 2935 2700 Species
2957 2642 3049 2688 aut
3069 2632 3204 2688 ordo
3225 2630 3499 2696 nobilitat,
3521 2628 3760 2693 additur,
3783 2641 3846 2682 ne

2255 2736 2492 2799 unquam
2528 2730 2580 2782 in
2625 2726 2933 2782 civitatibus
2968 2725 3050 2780 vel
3078 2723 3181 2778 sub
3204 2723 3583 2793 episcoporum
3611 2719 3847 2774 absentia

2257 2822 2455 2878 oli‘erre
2485 2830 2794 2891 prassumat,
2825 2832 2925 2874 nec
2971 2816 3222 2870 ordinare
3268 2815 3354 2869 vel
3399 2813 3657 2868 ultimum
3699 2811 3847 2866 cieri-

2259 2931 2404 2981 cum,
2429 2929 2527 2969 nec
2552 2913 2606 2968 in
2640 2926 2703 2967 ea
2731 2909 2947 2980 quidem
2979 2908 3210 2964 ecclesia
3235 2921 3358 2977 qua:
3390 2905 3468 2960 illi
3487 2903 3847 2974 cujuscunque

2259 3007 2628 3066 misericordia
2675 3005 2837 3061 fuerit
2877 3002 3148 3068 attributa,
3193 3015 3293 3056 nec
3338 2999 3434 3053 ulli
3478 3000 3846 3070 episcoporum

2175 3135 2224 3200 ο
2260 3102 2346 3158 vel
2388 3099 2712 3158 succedente
2751 3105 2909 3151 aetate
2953 3101 3232 3163 assumpto
3277 3093 3330 3146 in
3375 3088 3698 3148 rudimentis
3748 3087 3849 3142 suis

2256 3194 2379 3249 huic
2397 3195 2448 3247 in
2472 3193 2647 3262 aliquo
2669 3191 2816 3258 quasi
2841 3202 2939 3259 pro
2953 3186 3122 3240 :etatis
3145 3184 3445 3240 reverentia
3469 3181 3662 3237 cedere
3680 3181 3848 3243 liceat,

2258 3301 2358 3342 nec
2387 3298 2609 3354 usquam
2640 3281 2741 3350 ipsi
2773 3279 3063 3350 quidquam
3095 3276 3163 3332 de
3203 3273 3605 3345 episcopalibus
3655 3268 3850 3325 ofﬁciis

2261 3395 2541 3450 usurpare,
2587 3386 2943 3446 praeterquam
2977 3374 3027 3427 in
3063 3371 3293 3426 ecclesia
3335 3383 3496 3438 quam
3543 3365 3850 3435 cujusquam

2263 3471 2629 3531 misericordia
2656 3467 2820 3524 fuerit
2850 3466 3116 3535 indeptus,
3151 3464 3205 3517 in
3223 3477 3326 3534 qua
3349 3461 3398 3515 ei
3421 3461 3595 3516 solum
3619 3459 3856 3527 neophy-

2267 3579 2350 3625 tos
2377 3566 2702 3621 confirmare
2745 3572 2800 3617 et
2827 3570 2954 3616 ante
2983 3559 3328 3630 presbyteros
3375 3554 3572 3610 offerre
3606 3550 3857 3608 concedi-

2268 3671 2374 3716 tur.
2403 3657 2558 3726 Quod
2584 3657 2628 3712 si
2675 3671 2910 3728 unquam
2935 3651 3133 3722 aliquid
3163 3651 3426 3706 cltaritate
3467 3647 3691 3704 alterius
3732 3659 3857 3714 pro-

2270 3763 2490 3808 vocatus
2512 3751 2578 3806 de
2599 3746 2946 3804 habitationis
2971 3745 3393 3800 commutatione
3421 3740 3725 3804 variaverit,
3755 3754 3857 3794 non

2272 3845 2427 3900 aliter
2457 3845 2508 3898 in
2540 3843 2643 3898 alia
2687 3839 2916 3898 ecclesia
2948 3838 3186 3908 requiem
3232 3835 3455 3905 accipiat
3492 3847 3649 3903 quam
3690 3831 3858 3902 priori

2273 3939 2686 4005 renuntiaverit,
2719 3950 2818 3990 nec
2847 3935 3068 3990 omnino
3093 3945 3330 4002 unquam
3353 3930 3577 3984 duarum
3604 3927 3859 3982 ecclesia-

2273 4051 2392 4091 rum
2419 4031 2860 4103 gubernationem
2894 4027 3156 4093 obtineat,
3187 4023 3273 4080 cui
3303 4013 3466 4079 etiam
3502 4013 3666 4094 215
3714 4021 3769 4077 in
3800 4035 3858 4074 ea

2273 4143 2394 4197 qua:
2416 4126 2514 4194 ipsi
2536 4125 2744 4180 ceditur
2769 4121 3042 4176 ministros
3063 4136 3093 4174 a
3115 4117 3344 4173 civitatis
3368 4117 3622 4183 episcopo
3644 4128 3859 4169 necesse

2275 4230 2358 4276 est
2384 4217 2641 4272 ordinari.
2669 4213 2812 4269 Sane
2838 4211 2962 4282 quia
2988 4210 3355 4264 ministrorum
3385 4207 3589 4261 mentio
3617 4207 3753 4261 facta
3781 4213 3861 4261 est

2277 4319 2334 4366 et
2361 4305 2601 4366 nonnulli
2623 4304 2695 4362 ab
2713 4304 2834 4373 ipSo
2865 4302 3065 4356 inventi
3093 4299 3543 4356 excommunicati
3580 4308 3785 4352 temere
3808 4295 3859 4350 in

2278 4406 2423 4460 clero
2461 4399 2699 4469 provecti
2737 4398 3068 4462 dicerentur,
3107 4401 3362 4449 statutum
3403 4402 3484 4448 est
3533 4407 3627 4447 eos
3656 4391 3749 4462 qui
3792 4391 3860 4445 ita

565 4487 724 4541 quem
751 4475 812 4528 se
835 4481 938 4527 non
963 4474 1243 4543 indeptum
1292 4477 1618 4544 agnoscebat
1643 4475 1905 4546 appetere
1943 4481 2155 4534 nuutia-

2269 4496 2532 4564 assumpti
2553 4502 2737 4550 essent
2756 4487 3103 4562 deponendos
3125 4505 3140 4558 ;
3163 4484 3360 4560 quibus
3377 4500 3443 4540 an
3453 4495 3558 4539 tem
3583 4484 3724 4538 nulla
3738 4498 3862 4538 cou-

567 4575 742 4635 verat,
775 4567 921 4622 eradi
955 4581 1150 4622 nomen
1178 4581 1330 4620 suum
1359 4565 1570 4636 petens,
1599 4569 1778 4626 ethoc
1811 4570 1984 4642 ipsum
2019 4574 2161 4642 quod

569 4659 890 4716 instabiliter
929 4659 1171 4732 zlﬁin
1207 4669 1265 4714 se
1297 4669 1686 4730 pmoumptum
1730 4673 1848 4719 erat
1878 4664 1988 4734 jam
2036 4674 2162 4720 tunc

569 4753 930 4810 inordinatum
947 4755 1224 4810 etirrit‘um
1247 4755 1488 4810 futurum
1509 4760 1865 4825 pr‘oteStatum
1889 4773 2011 4813 esse
2031 4762 2163 4812 con-

569 4847 822 4914 ﬁrmans;
853 4849 905 4901 in
939 4849 1087 4902 iliam
1139 4847 1313 4917 potius
1351 4857 1553 4917 partem
1599 4848 1864 4904 declinata
1897 4849 2163 4904 sententia

573 4952 677 5008 est,
711 4952 770 4997 nt
791 4941 974 5012 juveni
1005 4943 1232 4997 educato
1261 4942 1313 4997 in
1357 4944 1551 4999 timore
1579 4943 1792 4999 Domini
1819 4945 1938 5014 plus
1973 4942 2165 4997 suffra-

572 5047 813 5110 garetur,
836 5039 978 5109 quod
1000 5039 1051 5092 in
1075 5047 1208 5093 actu
1237 5037 1582 5094 vitiosissime
1603 5038 1871 5096 interdum
1894 5053 2020 5095 sana
2041 5055 2167 5095 sen-

574 5127 755 5195 sisset,
781 5135 940 5200 qnam
971 5130 1112 5200 quod
1139 5130 1464 5201 juvenilibus
1489 5131 1882 5188 titillationibus
1910 5133 2086 5198 aliqua
2112 5133 2164 5187 in

575 5231 727 5293 parte
755 5225 1032 5278 cessisset.
1062 5223 1243 5292 Itaque
1269 5224 1647 5294 praetermissis
1673 5223 1755 5280 his
1776 5239 1892 5295 qua!
1924 5239 2168 5294 regressu

582 5319 746 5387 ipsius
777 5333 901 5376 eum
925 5321 1130 5390 absque
1173 5320 1335 5375 ullius
1372 5320 1731 5376 excusationis
1771 5321 1968 5393 elTugio
1997 5321 2170 5391 culpre

653 5511 681 5540 ι
713 5504 767 5558 1η
802 5503 1088 5560 Codicibus
1116 5502 1312 5572 duplex
1359 5503 1577 5575 titulus:
1613 5504 1703 5571 qui
1747 5506 2085 5575 exprimitur,
2117 5517 2173 5563 et

585 5574 728 5630 alter
763 5577 854 5642 qui
896 5576 978 5630 sic
1019 5590 1081 5630 se
1118 5575 1310 5630 habet:
1359 5572 1440 5627 De
1469 5576 1796 5630 mulctatione
1819 5572 2174 5646 'daonnm’qui

586 5647 965 5716 ordinationem
987 5655 1447 5716 prtcsnmpserunt;
1471 5659 1770 5714 expunctus
1787 5663 1856 5702 ne
1878 5658 2168 5715 repetatur.

655 5713 683 5751 δ
728 5718 782 5768 In
814 5713 1100 5771 Codicibus
1131 5716 1326 5786 duplex
1357 5713 1573 5770 titulus:
1621 5717 1708 5785 qui
1753 5713 2088 5786 exprimitur,
2122 5731 2178 5776 et

586 5784 721 5842 alter
746 5788 826 5842 sic
850 5802 910 5842 se
947 5789 1187 5842 habens:
1231 5785 1298 5842 Ut
1335 5803 1369 5840 α
1400 5787 1598 5842 duobus
1633 5784 1880 5860 episcopis
1910 5784 2177 5850 ordinanti

2265 4588 2586 4645 versationis
2615 4585 2825 4642 macula
2854 4583 3249 4654 praejudicaret,
3283 4589 3442 4651 prout
3486 4578 3861 4634 Ebrudunensi

2265 4681 2533 4738 sacerdoti
2557 4676 2938 4734 constituendo
2957 4676 3129 4729 visum
3155 4683 3260 4741 est,
3284 4683 3376 4726 aut
3401 4672 3454 4726 in
3483 4671 3730 4726 ecclesia:
3752 4683 3861 4724 suae

2266 4772 2568 4827 ministerio
2600 4759 2885 4830 tenendos,
2917 4775 3006 4821 aut
3043 4755 3108 4821 ad
3138 4766 3315 4835 ipsum
3353 4748 3675 4832 quocunque
3715 4761 3869 4815 habi-

2268 4869 2435 4920 tasset
2465 4860 2894 4926 transferendos,
2924 4859 3064 4930 plebi
3089 4873 3249 4929 quam
3271 4857 3541 4924 acciperet
3571 4871 3634 4910 ex
3667 4853 3852 4908 consti-

2269 4959 2490 5012 tutionis
2521 4955 2678 5024 hujus
2711 4953 3070 5023 permissione
3103 4950 3443 5015 benedicere,
3477 4953 3538 5000 ut
3570 4961 3732 5014 supra
3773 4947 3860 4999 des

2270 5048 2478 5102 finitum
2536 5055 2639 5109 est,
2690 5046 2742 5098 in
2795 5058 2897 5097 una
2954 5043 3249 5110 eademque
3294 5037 3523 5095 ecclesia
3566 5038 3866 5110 neopitytos

2270 5140 2615 5202 confirmare,
2639 5138 2691 5190 in
2716 5134 2951 5191 castellis
2974 5149 3037 5189 ac
3059 5133 3188 5187 vicis
3217 5141 3384 5186 totum
3410 5130 3486 5184 illi
3524 5127 3614 5202 [Τ.
3636 5125 3697 5196 2,
3717 5127 3866 5199 illud]

2271 5239 2395 5283 ante
2425 5226 2768 5298 presbyteros
2797 5225 2964 5280 sicubi
2994 5226 3205 5280 venerit
3239 5226 3420 5289 liceat,
3450 5221 3592 5294 quod
3633 5218 3692 5275 in
3739 5222 3869 5274 civi-

2271 5323 2470 5378 tatibus
2493 5323 2711 5375 omnino
2742 5317 3104 5390 prazscrihitur
3125 5313 3174 5371 ἀ.

2275 5509 2554 5582 aliquando
2603 5507 2866 5582 episcopus
2907 5517 3012 5555 esse
3065 5499 3259 5571 possit;
3291 5500 3588 5564 expunctus
3633 5490 3758 5562 quia
3805 5488 3871 5544 ad

2276 5599 2389 5638 rem
2415 5595 2518 5634 non
2550 5581 2755 5633 attinet.

2353 5665 2375 5693 ε
2411 5653 2487 5706 Ex
2517 5651 2767 5704 omnibus
2793 5644 3101 5702 Codicibus.
3133 5641 3190 5697 lu
3225 5642 3320 5709 A..
3341 5639 3594 5710 episcopi.

2352 5723 2376 5764 ἀ
2407 5725 2470 5784 Τ.
2502 5721 2557 5790 2,
2589 5721 2792 5775 omnino
2823 5734 2924 5772 non
2943 5723 3235 5788 primumut.
