4024 6350
165 374 267 439 183

642 564 847 636 ctiﬁcetI
887 566 1214 637 neaphgtum.

225 660 290 716 Et
317 658 457 714 inter
493 658 726 713 minutas
758 658 854 713 has
877 659 1244 714 discussiones
1275 659 1446 712 visum
1479 668 1561 714 est
1589 658 1737 712 ornni

160 752 467 826 presbytero
494 765 588 820 per
628 747 880 813 familias,
908 766 1003 819 per
1030 750 1207 817 agros,
1229 760 1325 819 per
1366 745 1601 819 priva'tas
1639 748 1739 803 do-

158 860 286 910 mos,
314 859 414 914 pro
455 842 723 898 desiderio
752 842 985 897 fidelium
1009 842 1312 897 facultatem
1347 842 1738 897 benedictionis

158 938 377 1011 aperire,
393 938 534 1007 quod
557 936 840 991 nonnullas
857 933 969 1005 jam
993 934 1299 1004 provincias
1320 934 1518 990 habere
1558 948 1738 989 oecur-

157 1033 237 1099 rit,
271 1029 392 1085 huic
421 1028 584 1085 etiam
612 1027 667 1081 in
688 1028 1035 1083 ecclesiarum
1088 1025 1330 1094 plebibus
1364 1042 1459 1096 per
1502 1026 1619 1080 loca
1659 1035 1740 1080 ta-

157 1138 269 1179 men
299 1120 473 1191 magis
500 1133 658 1190 quam
686 1134 778 1187 per
812 1114 971 1173 ii'rbes
997 1110 1102 1173 hoc
1133 1102 1272 1173 idem
1302 1119 1472 1171 visum
1505 1127 1588 1172 est
1617 1132 1739 1172 esse
1769 1152 1775 1159 ε

101 1199 108 1221 ³
158 1210 482 1269 tribuendum
509 1229 521 1265 :
548 1210 600 1266 in
629 1209 854 1267 ecclesia
892 1226 1107 1281 quoque
1139 1227 1242 1280 qua
1276 1202 1554 1267 ordinatus
1578 1208 1739 1267 fuerit

155 1303 498 1363 consecrandi
527 1303 807 1374 virginem.
840 1302 979 1358 sicut
1011 1302 1363 1357 confirmandi
1411 1302 1737 1373 neopltylum

152 1398 233 1472 jus
252 1396 495 1464 habebit,
525 1403 581 1452 et
621 1413 717 1464 per
761 1396 939 1452 omnia
971 1405 1031 1451 ut
1073 1396 1119 1451 si
1165 1396 1350 1451 multae
1396 1395 1739 1467 indulgentiae

153 1492 529 1554 testimonium,
560 1505 775 1560 semper
810 1504 872 1546 se
910 1489 1217 1545 inferiorem
1261 1489 1541 1558 episcopo,
1580 1502 1740 1556 supe-

152 1580 339 1640 riorem
373 1580 693 1653 presbytero
730 1588 875 1653 agat,
927 1580 1195 1637 mandatis
1238 1580 1484 1651 votisque
1523 1590 1740 1638 sancto-

150 1690 257 1732 rum
290 1676 532 1731 omnium
560 1675 1006 1745 prosequentibus
1030 1674 1172 1729 vivat
1195 1674 1246 1728 in
1282 1674 1474 1728 timore
1497 1673 1733 1741 Domini,

150 1771 371 1841 quietem
398 1754 560 1837 colat,
594 1769 706 1825 Deo
746 1770 967 1834 serviat,
1001 1768 1190 1840 synodi
1222 1768 1364 1823 circa
1416 1781 1475 1822 se
1505 1766 1739 1821 benevo-

1249 376 1524 439 GALle
1564 366 1904 433 coactus.
1947 342 2313 437 REGIENSE.

163 494 243 554 iV.
265 490 332 553 Ut
353 498 381 530 ⁸
400 490 662 566 presbyter
680 488 1009 566 e‘tbene'dicat
1037 501 1083 549 et
1105 492 1367 560 conﬁrmet
1406 491 1514 564 [T.,
1537 491 1592 559 2,
1625 507 1744 546 san-
1768 476 1823 550 Α

3326 383 3433 444 ibi

2130 487 2268 545 Vill.
2299 488 2368 545 Ut
2391 489 2463 545 bis
2490 493 2543 547 in
2558 509 2695 548 anno
2718 477 2988 548 concilium
3018 480 3132 564 fiat.

1914 578 2175 637 Sufficere
2203 582 2375 636 visum
2398 592 2482 638 est
2504 584 2583 639 his
2603 587 2655 641 in
2678 602 2817 641 anno
2840 602 2934 656 per
2953 588 3190 658 singulas
3212 592 3432 657 provin-

1844 674 1953 731 cias
1981 674 2353 745 episcoporum
2382 679 2667 733 concilium
2698 680 2834 747 ﬁeri,
2864 682 3029 737 semel
3058 683 3269 750 quidem
3312 692 3435 756 post

1843 771 2054 827 tartiam
2120 770 2506 828 hebdomadam
2573 777 2838 845 paschalis
2875 779 3195 846 festivitatis,
3244 780 3316 835 ita
3378 788 3435 835 ut

1843 864 1897 918 in
1928 874 2114 933 quarta
2139 881 2349 936 quaque
2380 867 2711 924 ltebdoinada
2736 886 2853 941 qua:
2879 875 3243 943 consequitur,
3276 872 3328 927 id
3350 880 3437 929 est

1842 958 2018 1013 media
2045 959 2361 1015 Pentecoste
2391 961 2679 1016 concilium
2710 964 3066 1033 compleatur.
3100 966 3435 1021 Admoneant

1841 1062 2021 1109 autem
2043 1055 2523 1124 comprovinciales
2542 1056 2777 1127 episcOpi
2803 1059 2838 1112 ii
2859 1060 2946 1127 qui
2964 1061 3430 1130 peramplioribus,

1844 1148 1897 1203 id
1926 1149 2075 1204 estin
2100 1148 2524 1218 metmpolitanis
2554 1149 2860 1205 civitatibus
2882 1152 3097 1222 degunt.
3128 1153 3430 1210 Secundum

1846 1255 1972 1297 vero
1998 1242 2280 1297 cuncilium
2309 1242 2490 1297 Idibus
2519 1243 2840 1299 Octobribus
2868 1259 2963 1311 pro
2994 1245 3277 1301 vindemiae
3304 1255 3431 1301 temt

1844 1337 2060 1406 poribus
2086 1337 2376 1393 habeatur:
2407 1337 2495 1408 qui
2528 1338 2644 1394 dies
2673 1339 2810 1406 apud
2840 1338 3058 1394 Grmcos
3099 1339 3435 1410 Hyperbere-

1843 1431 1929 1485 teei
1969 1431 2172 1485 mensis
2201 1431 2440 1485 decimus
2465 1431 2753 1487 invenitur.
2788 1430 2843 1485 In
2886 1432 3013 1500 ipsis
3045 1443 3223 1487 autem
3255 1435 3433 1489 conci-

1843 1524 1930 1579 liis
1956 1533 2010 1579 et
2039 1523 2382 1594 presbyteros
2410 1534 2463 1579 et
2504 1524 2757 1579 diacones
2792 1535 2845 1579 et
2870 1522 3081 1594 judices
3111 1525 3223 1579 sive
3263 1524 3439 1579 curiae

1842 1617 1921 1675 les
1966 1633 2029 1673 ac
2080 1620 2313 1686 privatos
2358 1627 2657 1689 prresentes
2701 1632 2820 1672 esse
2856 1626 3093 1684 oportet:
3139 1625 3193 1671 et
3247 1631 3435 1671 omnes

1841 1720 2103 1781 quotquot
2130 1725 2189 1765 se
2216 1711 2373 1766 laesus
2394 1710 2704 1766 existimant
2723 1722 2913 1763 causas
2937 1714 3187 1762 enarrent
3202 1716 3254 1761 et
3276 1720 3439 1775 syno-

1841 1805 2015 1861 dicam
2054 1814 2371 1875 exspectent
2404 1806 2750 1860 sententiam.
2802 1802 2907 1856 Nec
2961 1802 3115 1856 liceat
3170 1798 3435 1870 aliquibus

147 1860 317 1965 him“:
345 1862 546 1965 agas
586 1869 729 1933 agat’
752 1876 1074 1965 δθωῗθωυθ
1104 1860 1381 1931 indignum
1412 1873 1473 1915 se
1512 1858 1732 1913 indultis
1764 1872 1812 1931 Β
1840 1858 1978 1965 apud
2007 1858 2325 1964 se'nielipsos
2358 1858 2607 1949 concilia
2673 1893 3213 1961 metropolitanorum
3260 1858 3434 1960 lqueat

147 1959 190 2007 el
218 1954 425 2033 negatis
446 1952 705 2023 imparem
730 1969 851 2009 esse
874 1954 1121 2009 fateatur.

146 2045 207 2105 Υ.
235 2044 341 2102 Uth
356 2048 623 2119 episcOpus
642 2049 726 2119 qui
742 2048 993 2116 sepelierit
1030 2048 1329 2118 episcOpum
1351 2062 1527 2101 curam
1550 2045 1733 2099 habeat

712 2119 937 2173 ecclesia:
984 2120 1161 2189 ipsius.

208 2209 266 2265 In
297 2212 593 2266 commune
623 2218 800 2266 autem
831 2224 1021 2264 omnes
1049 2208 1140 2278 qui
1168 2197 1533 2264 convenerant
1560 2222 1737 2263 sacer-

139 2300 295 2358 dOtes
326 2300 681 2372 sibimetipsis
711 2310 899 2358 contra
924 2299 1231 2372 hujusmodi
1262 2298 1510 2355 scandala
1537 2315 1738 2370 praeca-

141 2393 372 2451 vendum
404 2404 751 2451 censuerunt.
786 2394 967 2464 Itaque
998 2403 1215 2464 propter
1239 2394 1541 2464 hujusmodi
1571 2402 1737 2448 teme-

142 2476 322 2545 ritates
368 2486 460 2542 tali
493 2476 803 2543 definitione
847 2488 1149 2543 consultum
1198 2482 1301 2552 est,
1338 2496 1394 2540 ut
1434 2483 1500 2540 de
1541 2494 1734 2540 (κείω-ο

144 2570 522 2635 observaretur
545 2594 611 2635 ne
638 2579 757 2650 quis
787 2577 851 2634 ad
882 2595 1002 2634 eam
1048 2572 1353 2645 ecclesiam,
1380 2595 1497 2647 qua:
1525 2578 1736 2647 episco-

143 2668 260 2744 potis
293 2668 752 2742 perdidisset,7nisi
780 2669 971 2727 vicinae
992 2671 1235 2727 ecclesiae
1265 2671 1549 2741 cpiscopus
1579 2684 1734 2724 exse-

143 2764 379 2836 quiarum
413 2774 655 2835 tempore
677 2764 981 2830 accederet,
1015 2769 1104 2836 qui
1137 2775 1316 2820 tamen
1351 2762 1532 2819 statim
1556 2763 1735 2819 eccle-

143 2856 227 2914 sia:
256 2856 427 2929 ipsius
455 2856 637 2914 euram
664 2860 1066 2916 districtissime
1104 2867 1335 2930 gereret,
1360 2876 1426 2913 ne
1446 2842 1573 2929 quid
1612 2866 1737 2914 ante

142 2952 531 3014 ordinationem
570 2957 1000 3015 discordantium
1045 2960 1097 3012 in
1146 2950 1473 3031 novitatibus
1515 2953 1738 3009 clerico-

142 3046 250 3102 rum
271 3036 610 3125 subversioni
637 3046 800 3121 216
822 3048 1042 3103 liceret:
1077 3048 1257 3117 itaque
1281 3061 1401 3101 cum
1421 3047 1524 3101 tale
1537 3043 1737 3114 aliquid

143 3138 349 3211 cecidit,
378 3134 574 3195 vicinis
603 3141 901 3195 vicinarum
949 3138 1299 3195 ecclesiarum
1338 3134 1621 3208 inspectio,
1646 3136 1739 3191 de-

143 3226 354 3299 scriptio
381 3230 738 3299 recensioque
768 3229 1074 3286 mandatur.

207 3306 295 3379 Vl.
331 3306 402 3379 Ut
428 3322 450 3364 δ
479 3312 666 3395 absque
708 3323 1099 3407 metropolitano
1126 3322 1301 3378 nullus
1326 3320 1593 3377 ordinetur
1628 3319 1735 3391 epi-

812 3410 1019 3465 scapus.

208 3485 333 3542 Haec
378 3488 563 3543 autem
592 3472 770 3543 omnia
800 3488 1178 3558 exsequiarum
1205 3490 1447 3557 tbmpd're
1470 3486 1639 3556 usque
1666 3485 1733 3540 ad

142 3579 415 3647 septimam
439 3578 674 3634 defuncti
698 3580 844 3635 diem
874 3578 1017 3651 aget,
1044 3580 1257 3634 eximite
1306 3577 1556 3633 ecclesia:
1598 3575 1733 3631 refe-

142 3666 257 3724 réns
287 3668 597 3727 mandatum
627 3670 1025 3741 metropolitani
1051 3690 1064 3725 :
1119 3658 1280 3726 simul
1311 3686 1431 3725 cum
1481 3668 1733 3723 omnibus

138 3763 330 3819 sanctis
363 3749 510 3841 [.E.,
545 3754 732 3839 scciis]
762 3769 1027 3838 episcopis
1065 3760 1409 3838 sepeliretur.
1441 3754 1549 3820 Nec
1589 3765 1734 3833 quis-

135 3877 287 3931 quam
319 3864 389 3921 ad
434 3867 719 3924 ecclesiam
749 3880 870 3937 quae
897 3864 1163 3918 summum
1197 3864 1451 3918 amiserat
1482 3858 1734 3916 sacerdo-

132 3962 255 4021 tem,
287 3956 394 4012 nisi
424 3958 822 4026 metropolitani
864 3955 1057 4013 litteris
1098 3955 1371 4020 invitatus,
1406 3970 1469 4007 ne
1501 3968 1528 4005 a
1578 3938 1734 4020 plebe

127 4045 459 4114 decipiatur,
488 4049 709 4102 accedat
736 4057 791 4102 et
815 4032 919 4100 vim
952 4051 1058 4115 pati
1090 4046 1329 4099 voluisse
1361 4042 1624 4097 videatur.

127 4136 239 4194 VH.
271 4136 352 4193 De
386 4138 415 4177 ἀ
442 4138 521 4193 his
561 4140 650 4210 qui
680 4137 1006 4193 ecclesiarum
1035 4137 1112 4210 uel
1144 4152 1317 4191 earum
1340 4134 1635 4204 cultoribus,
1679 4135 1733 4190 id

397 4210 473 4264 est
493 4208 867 4275 sacerdotibus,
903 4208 1131 4264 seditiosi
1156 4209 1460 4263 exstiterint.

197 4300 526 4356 Perventum
588 4308 671 4355 est
713 4299 838 4357 huic
872 4298 1074 4356 sancta:
1118 4295 1327 4371 synodo
1382 4300 1523 4370 quod
1570 4299 1732 4370 aliqui

141 4391 299 4462 ignoti
341 4391 708 4448 institutiones
744 4405 1010 4446 canonum
1056 4391 1193 4446 fastu
1222 4390 1492 4459 superbiae
1540 4390 1730 4446 editio-

144 4497 235 4539 nes
256 4492 278 4520 ε
308 4484 508 4554 antiqui
540 4484 715 4539 hostis
741 4483 965 4539 consilio
999 4483 1281 4538 emutilare
1323 4483 1589 4549 nituntur;
1636 4482 1727 4553 qui

1758 3236 1806 3299 C

1835 2004 1956 2044 esse
1987 1989 2269 2056 praesentia
2306 1985 2351 2051 ί,
2383 1996 2436 2042 et
2467 1988 2668 2055 absque
2734 1985 3262 2052 metropolitanorum
3323 1981 3438 2050 cpi-

1836 2093 2121 2147 sceporum
2136 2078 2463 2132 conscientia
2489 2077 2683 2141 facere,
2708 2074 2901 2145 quibus
2921 2075 2987 2128 de
3018 2075 3176 2145 217
3191 2073 3437 2128 omnibus

1840 2169 2014 2224 causis
2028 2169 2315 2223 veridicum
2340 2184 2401 2222 ac
2425 2167 2794 2223 fidelissimum
2816 2175 3026 2221 constat
3044 2166 3298 2220 emissum
3315 2179 3437 2220 esse

1837 2259 2130 2315 sanctionis
2156 2257 2440 2328 judicium.

1908 2351 2022 2420 Ego
2074 2348 2300 2403 Hilarius
2346 2349 2627 2417 episcopus
2671 2346 2820 2417 juxta
2880 2344 2933 2402 id
2972 2346 3113 2417 quod
3167 2346 3434 2401 universis

1837 2442 2037 2497 sanctis
2087 2440 2354 2510 episcopis
2404 2439 2539 2494 meis
2586 2439 2673 2507 qui
2726 2451 2937 2493 mecum
2998 2437 3435 2507 subscripserunt

1838 2534 2076 2605 placuit,
2123 2538 2317 2589 statuta
2360 2531 2576 2587 Patrum
2626 2538 2839 2587 secutus
2886 2531 2968 2584 his
3023 2529 3431 2584 definitionibus

1835 2627 2124 2699 subscripsi
2142 2628 2238 2683 Sub
2253 2627 2340 2683 die
2357 2632 2447 2681 itm
2467 2622 2731 2681 Kalendas
2755 2624 3060 2680 Decembris
3076 2632 3101 2671 8
3124 2621 3433 2678 Theodosio

1836 2722 2077 2794 Augusto
2119 2722 2315 2792 Septies
2336 2722 2513 2778 decies
2555 2729 2609 2777 et
2657 2721 2818 2777 Festo
2858 2720 3079 2776 consule
3120 2725 3346 2772 honesto
3376 2713 3426 2770 ³.

1909 2815 2019 2886 Ego
2042 2815 2361 2871 Severianus
2391 2817 2675 2884 episcopus
2725 2815 2849 2869 huic
2892 2812 3186 2868 definitioni
3214 2809 3432 2866 interfui

1838 2914 1894 2963 et
1911 2908 2199 2976 Subscri‘psi
2221 2907 2307 2961 die
2336 2906 2645 2961 consulatus
2663 2919 2824 2974 supra
2854 2905 3040 2973 scripti
3076 2903 3119 2959 ί.

1911 3000 2020 3069 Ego
2057 2999 2354 3055 Audentius
2393 3000 2679 3069 episcOpus
2720 2998 2801 3053 his
2846 2997 3057 3052 statutis
3084 2995 3302 3051 interfui
3341 2993 3431 3049 die

1839 3092 2147 3147 consulatus
2169 3103 2330 3159 supra
2359 3091 2567 3159 scripti.

1912 3183 2024 3253 Ego
2045 3180 2217 3237 Julius
2256 3180 2341 3254 [Τ.
2380 3182 2435 3246 2,
2469 3179 2735 3253 Julianus]
2788 3179 3072 3249 episcopus
3111 3178 3195 3233 bis
3214 3177 3430 3233 statutis

1841 3276 2054 3333 interfui
2087 3281 2141 3331 et
2165 3274 2461 3345 subscripsi
2485 3274 2575 3329 die
2594 3274 2901 3329 consulatus
2928 3286 3087 3342 supra
3115 3271 3322 3341 scripti.

1908 3373 2023 3442 Ego
2047 3372 2305 3427 Arcadius
2333 3372 2616 3442 episcopus
2654 3368 2737 3424 his
2771 3367 3173 3423 definitionibus
3210 3365 3430 3424 interfui

1837 3474 1892 3523 et
1919 3464 2207 3533 subscripsi
2236 3464 2323 3518 die
2340 3464 2648 3517 consulatus
2677 3475 2836 3530 supra
2866 3460 3068 3529 scripti.

1906 3556 2020 3627 Ego
2051 3555 2332 3625 Auspicius
2360 3557 2643 3623 episc0pus
2673 3553 2757 3608 bis
2780 3549 3181 3607 definitionibus
3206 3547 3421 3605 interfui

1836 3660 1889 3708 et
1916 3650 2204 3723 subscripsi
2226 3649 2313 3704 die
2341 3650 2647 3703 consulatus
2676 3663 2832 3716 supra
2862 3645 3065 3716 scripti.

1906 3742 2019 3813 Ego
2059 3743 2288 3797 Severus
2319 3740 2601 3810 episcopus
2648 3739 2730 3794 bis
2766 3738 3161 3793 definitionibus
3212 3734 3427 3791 interfui

1836 3834 2001 3905 218
2024 3842 2077 3887 et
2101 3833 2393 3901 subscripsi
2416 3833 2503 3887 die
2532 3833 2842 3887 consulatus
2864 3845 3021 3899 supra
3046 3828 3250 3898 scripti.
3392 3897 3409 3903 δ’

1905 3926 2020 3997 Ego
2050 3926 2360 3982 Valerianus
2392 3927 2674 3994 episcopus
2706 3923 2788 3978 bis
2832 3922 3232 3977 definitionibus
3261 3920 3428 3973 inter-

1799 4011 1909 4072 ‘fui
1937 4028 1991 4072 et
2019 4018 2308 4085 subscripsi
2340 4018 2426 4072 die
2454 4016 2764 4070 consulatus
2791 4028 2949 4082 supra
2982 4012 3186 4080 scripti.

1906 4110 2021 4180 Ego
2065 4110 2345 4165 Nectarius
2383 4110 2669 4178 episcopus
2700 4108 2783 4160 bis
2829 4104 3230 4162 delinitionibus
3262 4103 3431 4159 inter-

1836 4203 1911 4259 fui
1942 4213 1996 4258 et
2022 4202 2315 4272 subscripsi
2344 4203 2431 4257 die
2462 4199 2775 4256 consulatus
2799 4215 2960 4269 supra
2990 4198 3192 4267 scripti.

1906 4276 2017 4366 Ego
2047 4296 2327 4366 Asclepius
2354 4294 2639 4363 episcopus
2668 4295 2749 4348 bis
2776 4288 3174 4347 definitionibus
3206 4282 3425 4345 interfui

1834 4398 1887 4445 et
1906 4388 2198 4467 subscripsi
2224 4387 2310 4443 die
2339 4388 2647 4443 consulatus
2672 4400 2831 4455 supra
2857 4384 3063 4454 scripti.

1904 4484 2015 4555 Ego
2046 4482 2362 4538 Theodorus
2396 4482 2677 4551 episcopus
2708 4479 2795 4535 his
2816 4477 3223 4533 definitionibus
3253 4475 3425 4532 inter-

148 4589 243 4631 non
270 4576 500 4632 humiles
529 4577 624 4632 sed
655 4576 873 4646 superbi
913 4575 1347 4645 seditionemque
1391 4576 1723 4633 ecclesiabus
1752 4602 1808 4662 ι)
1832 4574 1907 4630 fui
1935 4586 1989 4630 et
2014 4574 2306 4643 subscripsi
2331 4574 2419 4629 die
2439 4572 2750 4628 consulatus
2779 4585 2941 4640 supra
2966 4569 3173 4662 scripti.

148 4662 233 4721 Dei
258 4669 336 4724 vel
360 4668 479 4737 ejus
501 4670 865 4725 sacerdotibus
890 4670 1216 4738 persistunt;
1243 4668 1601 4737 placuitomni
1632 4684 1722 4740 sy-

146 4757 275 4812 nodo
311 4758 414 4814 hos
442 4760 572 4815 tales
618 4761 685 4815 ab
713 4760 951 4816 Ecclesia
983 4760 1078 4815 Dei
1103 4769 1157 4815 et
1192 4774 1222 4811 a
1245 4771 1389 4814 cmtu
1431 4759 1724 4815 catholico-

147 4858 251 4903 rum
289 4853 585 4921 segregari,
616 4867 680 4907 ac
719 4852 1223 4927 excommunicatos
1256 4852 1448 4907 exsilio
1471 4852 1719 4923 relegari,

148 4950 198 4996 ut
219 4956 332 5012 post
354 4948 589 5003 correcti
621 4947 983 5003 satisfactione
1012 4946 1341 5017 poenitentiae
1370 4944 1436 4999 ad
1483 4956 1721 5001 sanctam

147 5040 564 5096 communionem
596 5036 802 5110 pOSSint
829 5038 971 5095 idem
1003 5039 1240 5109 admitti,
1273 5038 1461 5095 nonad
1490 5040 1718 5095 clerum.

209 5192 305 5249 alu
345 5193 639 5266 (Iudicibus
676 5194 873 5266 duplex
914 5196 1129 5253 titulus:
1171 5196 1259 5266 qui
1298 5195 1619 5265 exprimitur
1662 5204 1717 5251 et

147 5260 357 5337 altersic
376 5281 442 5337 se
472 5260 712 5337 habens:
754 5260 835 5337 :Ut
877 5268 1154 5337 presbyteri
1189 5260 1433 5336 "privatim
1480 5268 1715 5334 ﬁdelibus

148 5334 535 5405 desiderantibus
589 5334 918 5401 benedicant;
963 5334 1260 5400 expunctus
1300 5354 1367 5391 ne
1416 5348 1714 5405 repetatur.

208 5403 234 5443 δ
256 5407 308 5461 In
327 5408 617 5463 Codicibus
639 5409 834 5473 duplex
872 5408 1086 5461 titulus:
1109 5408 1196 5476 qui
1221 5403 1536 5474 exprimitur
1559 5419 1616 5463 ct
1636 5410 1719 5463 al—

149 5480 222 5529 ter
241 5478 311 5533 sic
334 5496 397 5535 se
424 5479 653 5533 habens:
678 5477 755 5533 De
784 5479 1073 5532 ordinanda
1098 5478 1309 5532 ecclesia
1333 5480 1575 5548 defuncto
1603 5481 1715 5550 epi-

150 5559 318 5623 scopo;
346 5560 647 5623 expunctus
667 5564 744 5623 ne
761 5558 1065 5623 repetatur.

215 5628 234 5655 ε
264 5619 313 5672 In
341 5618 624 5675 (Iudicibus
647 5619 845 5686 duplex
873 5622 1088 5675 titulus:
1122 5618 1212 5689 qui
1232 5620 1545 5688 exprimitur
1565 5628 1617 5676 et
1638 5620 1716 5675 al-

151 5694 222 5741 ter
244 5690 315 5743 sic
334 5708 392 5747 se
426 5694 658 5756 habens:
688 5691 772 5744 Ne
799 5694 912 5761 quis
950 5692 1016 5744 ad
1041 5692 1591 5746 ordinationemveniat
1619 5694 1719 5746 nisi

151 5764 507 5831 metropolitani
527 5763 706 5815 litteris
726 5764 965 5818 invitatus
981 5782 998 5829 ;
1016 5774 1313 5831 expunctus
1338 5778 1405 5817 ne
1425 5773 1713 5830 repetatur.

210 5826 236 5866 ⁴
263 5835 349 5886 llic
376 5850 546 5887 canon
574 5842 629 5888 et
655 5850 882 5905 sequens
912 5826 1060 5894 exVU.
1091 5826 1225 5890 'sunt
1266 5826 1533 5905 dcsumpti
1561 5850 1574 5889 :
1617 5835 1716 5891 de-

150 5908 260 5955 sunt
287 5919 508 5973 namque
537 5904 587 5959 in
615 5904 851 5974 reliquis.

1696 6030 1735 6037 οη..
1753 6032 1759 6037 .

1899 4668 2013 4737 Ego
2042 4665 2305 4720 Maximus
2330 4666 2617 4735 episcopus
2650 4664 2734 4719 his
2771 4660 3177 4718 definitionibus
3202 4657 3426 4716 interfui

1827 4766 1883 4814 et
1902 4758 2196 4828 subscripsi
2225 4758 2311 4812 die
2339 4757 2645 4812 consulatus
2672 4770 2832 4824 supra
2853 4754 3061 4823 scripti.

1900 4853 2017 4923 Ego
2052 4852 2365 4908 Vincentius
2407 4851 2691 4921 presbyter
2722 4848 2966 4918 episc0pi
3003 4845 3381 4904 Constantiani
3403 4884 3424 4912 ,

1828 4947 1896 5003 ab
1922 4948 2110 5002 eodem
2138 4946 2445 5008 ordinatus,
2474 4943 2690 4999 interfui
2722 4946 2736 4993 l
2777 4952 2830 4997 et
2854 4942 3144 5012 subscripsi
3175 4942 3264 4997 die
3293 4954 3424 4996 con-

1828 5040 2034 5096 sulatus
2061 5054 2225 5110 supra
2245 5038 2452 5107 scripti.

1895 5204 1919 5232 ο
1936 5194 2097 5271 Forte
2115 5195 2350 5249 editiore:
2371 5191 2709 5279 ait.Baluzius
2734 5211 2745 5245 :
2770 5208 2868 5248 nos
2888 5203 3063 5249 autem
3081 5192 3180 5246 hoc
3196 5187 3418 5245 verbum

1820 5278 2274 5334 supervacaneum
2306 5276 2701 5321 existimamus.

1897 5334 1920 5376 ί
1952 5336 2249 5403 Corruptus
2280 5347 2427 5392 certe
2448 5335 2633 5392 locus:
2669 5336 2969 5391 redundare
3011 5334 3260 5387 videntur
3302 5331 3419 5389 haec

1819 5408 1986 5479 verba
2012 5426 2026 5463 :
2058 5410 2565 5479 metropolitanorum
2588 5420 2736 5479 queat
2752 5425 2869 5479 esse
2892 5406 3180 5479 pregsentia.

1897 5488 1922 5547 β
1953 5478 2013 5533 Β.
2046 5479 2135 5544 Β..
2166 5472 2229 5533 Ti
2257 5478 2307 5547 1,
2337 5478 2393 5542 2,
2424 5480 2507 5534 die
2538 5472 2620 5532 Juv
2652 5472 2918 5547 Kalendas
2950 5472 3274 5547 Decembres.

1824 5622 1847 5672 Ι
1893 5546 1922 5586 ιι
1953 5550 2066 5633 Ait,
2098 5549 2161 5605 Β.
2196 5549 2260 5605 R.
2288 5546 2303 5618 ,
2338 5550 2400 5606 υ.
2425 5594 2438 5619 ,
2475 5548 2630 5604 Festo
2658 5552 2767 5602 viro
2792 5546 3098 5609 clarissimo,
3123 5547 3418 5602 consulibus

1842 5632 2072 5678 tonestts.

2095 5693 2157 5749 Β.
2181 5694 2269 5760 lt,
2294 5695 2376 5748 die
2407 5704 2454 5747 et
2484 5689 2775 5761 consulibus
2802 5688 3167 5761 suprascriplis
3192 5705 3211 5743 :
3231 5689 3416 5759 sicque
3503 5658 3513 5681 Al

1824 5764 1880 5819 in
1905 5758 2156 5848 omnibus
2174 5758 2691 5835 subscriptionibus.
2723 5759 2785 5813 Τ.
2822 5758 2878 5824 2,
2920 5759 3004 5811 die
3026 5761 3227 5815 concilii
3256 5758 3416 5824 supra

1822 5848 2070 5975 Eriphi?”
2093 5908 2154 5962 Β.
2179 5907 2271 5974 8.,
2300 5905 2364 5961 E.
2390 5906 2443 5973 5,
2474 5902 2563 5972 U.,
2594 5899 2800 5971 interfui
2820 5905 2922 5960 vita
2944 5902 3124 5973 ipsius.
