4024 6350
541 332 648 389 s55
1267 327 1646 386 COLI.EC'I'IO
1682 326 2017 387 CANONUM
2058 330 2119 387 S.

2223 329 2430 390 IDORO
2469 333 2729 397 IIISPArL.
2772 335 3129 396 ASCRIP’I‘A.‘
3723 353 3832 414 250

541 446 3830 500 Μ

2008 544 2336 619 XXVII

1353 686 2022 773 CONCILIUM
2087 643 2968 784 ARAUSICANUM

540 848 862 895 IBXDECIM
905 843 1344 890 EPISCOPORUM
1377 871 1392 901 ,
1440 846 1732 888 HABITUM
1783 845 1924 887 EBA
1969 842 2355 901 CCCCLXXIX,
2402 848 2749 893 THEODOS"
2793 853 3060 898 MINOIUS
3105 856 3511 908 TBMPORIBUS
3555 865 3674 911 SUB
3718 871 3830 917 Dll

1083 927 1146 969 νι
1186 925 1327 969 IDUS
1375 925 1755 978 NOVEMBRIS,
1803 925 1965 969 CYRO
2009 923 2313 982 CONSULB,
2363 928 2427 971 IN
2473 929 2770 975 ECCLESIA
2814 934 3319 984 JUBTINIANBNII.

1677 476 3831 516 Ἣ

538 1053 578 1107 Ι.
615 1052 687 1105 De
714 1049 964 1105 hmreticis
991 1050 1038 1102 si
1083 1049 1138 1102 in
1184 1049 1363 1104 mortis
1409 1049 1701 1102 discrimine
1739 1055 2116 1102 convertantur.
2151 1045 2206 1105 Α
2426 1048 2515 1106 ΙΧ.
2546 1052 2620 1108 De
2646 1054 2720 1110 bis
2746 1058 2838 1127 qui
2861 1059 2990 1116 cives
3019 1061 3219 1120 alienos
3244 1067 3632 1131 ordinaverunt.

608 1163 896 1218 Hmreticos
926 1162 979 1216 in
1007 1160 1192 1215 mortis
1231 1139 1546 1217 discrimine
1575 1160 1776 1229 positos
1807 1161 1850 1215 si
1871 1159 2124 1216 catholici

535 1269 654 1309 esse
673 1254 999 1317 desiderant,
1035 1254 1080 1308 si
1107 1254 1247 1307 desit
1266 1253 1567 1323 episcopus,
1602 1269 1632 1308 a
1660 1253 1977 1326 presbytero
2000 1267 2122 1308 cum

534 1350 822 1405 chrismate
857 1359 908 1404 et
935 1348 1307 1404 benedictione
1335 1349 1638 1418 consignari
1672 1349 1868 1417 placet.

571 1443 631 1497 Il.
670 1442 735 1498 Ut
774 1442 948 1496 nullus
992 1442 1220 1495 minister
1246 1441 1357 1495 sine
1393 1441 1662 1495 chrismate
1702 1441 2078 1510 proﬁciscatur.

603 1535 812 1590 Nullum
856 1533 1261 1600 ministrarum,
1303 1535 1389 1604 qui
1430 1533 1730 1602 baptizandi
1770 1533 1962 1602 recipit
1996 1533 2120 1588 offi-

531 1628 695 1695 cium,
727 1627 843 1680 sine
880 1626 1168 1681 chrismate
1199 1640 1421 1697 usquam
1449 1626 1645 1680 debere
1677 1626 1922 1696 progredi
1948 1667 1962 1692 ,
1997 1625 2120 1697 quia

532 1719 672 1775 inter
713 1733 809 1773 nos
849 1718 1045 1786 placuit
1081 1718 1248 1774 semel
1290 1718 1594 1772 chrismari.
1631 1718 1706 1771 De
1730 1733 1795 1772 eo
1822 1729 2001 1774 autem
2029 1720 2119 1788 qui

531 1811 849 1881 baptismate
871 1825 1185 1882 quacunque
1212 1813 1375 1884 219
1400 1811 1720 1866 necessitate
1748 1811 1979 1867 faciente
2014 1829 2120 1868 non

529 1904 850 1958 chriSmatus
880 1903 1057 1968 fuerit,
1087 1902 1141 1958 in
1164 1903 1571 1957 conltrmatione
1600 1903 1854 1957 sacerdos
1877 1918 2118 1958 commo-

527 1998 741 2053 neliitur
773 2015 784 2049 :
830 2011 952 2052 nam
999 1997 1138 2050 inter
1177 2010 1310 2066 quos
1339 1995 1640 2050 chrismatis
1683 1996 1848 2066 ipsius
1879 2011 1985 2050 non
2017 1996 2118 2052 nisi

527 2107 630 2147 una
659 2089 957 2146 benedictio
975 2100 1077 2156 est,
1103 2105 1206 2145 non
1234 2090 1661 2160 utpraajudicans
1690 2089 2002 2160 quidquam,
2022 2090 2116 2147 sed

525 2189 583 2236 ut
609 2197 715 2236 non
749 2182 1052 2237 necessaria
1084 2182 1341 2238 habeatur
1369 2183 1593 2253 repetita
1616 2183 1952 2240 chrismatio.

657 2293 746 2351 Ill.
775 2294 850 2350 De
881 2297 1236 2364 panitentibus
1257 2299 1345 2378 qui
1376 2299 1442 2354 de
1468 2317 1678 2372 corpore
1703 2315 1887 2359 exeunt
1918 2303 1971 2358 ι).

593 2388 694 2455 Qui
725 2389 981 2445 recedunt
1025 2389 1092 2446 de
1126 2405 1352 2460 corpore
1380 2394 1690 2461 poenitentia
1722 2405 1969 2468 accepta,
2001 2397 2113 2468 pla-
2143 2409 2192 2472 Β
2221 2388 2390 2475 net-is
2421 2436 2484 2476 ου

523 2481 635 2538 cuit
663 2483 778 2539 sine
800 2485 1226 2540 reconciliatoria
1263 2502 1450 2542 manus
1482 2489 1824 2558 impositione
1851 2492 1932 2547 eis
1961 2507 2113 2547 com-

524 2575 806 2644 municari,
827 2576 979 2645 quod
1011 2577 1290 2633 morientis
1313 2579 1509 2634 sufficit
1533 2582 1888 2638 consolationi
1917 2598 2118 2638 secun-

523 2666 650 2722 dum
673 2666 1014 2724 deﬁnitiones
1051 2668 1288 2737 Patrum,
1330 2670 1418 2739 qui
1449 2670 1753 2742 hujusmodi
1778 2675 2117 2730 communio-

521 2778 645 2820 nem
674 2776 1028 2836 congruenter
1056 2766 1306 2823 viaticum
1336 2769 1711 2838 nominarunt,
1753 2781 1809 2826 ut
1848 2774 1892 2828 si
1917 2788 2114 2845 super-

520 2859 752 2914 vixeriut
781 2868 925 2916 stent
955 2861 1006 2914 in
1029 2861 1218 2918 ordine
1247 2864 1641 2932 ptenitentium,
1666 2876 1724 2920 ut
1752 2867 1986 2923 ostensis
2014 2883 2112 2924 ne-

521 2954 770 3014 cessariis
800 2957 1126 3025 poenitentiae
1156 2957 1416 3016 fructibus
1456 2959 1746 3030 legitimam
1777 2963 2114 3018 communio-

519 3062 640 3103 nem
687 3063 808 3104 cum
863 3050 1295 3106 reconciliatoria
1339 3066 1531 3107 manus
1580 3052 1922 3123 impositione
1962 3056 2107 3110 acci-

521 3136 684 3208 piant.

743 3228 834 3285 IV.
867 3230 948 3287 De
969 3232 1166 3289 clericis
1195 3234 1540 3306 paenitentiam
1565 3237 1868 3294 nolentibus.

514 3414 549 3472 ὁ
587 3343 976 3418 Paenitentiam:
1016 3347 1448 3405 desiderantibus
1494 3350 1706 3408 clericis
1750 3367 1855 3409 non
1903 3367 2110 3426 negan-

554 3429 662 3471 am.

551 3529 616 3586 ‘I.
646 3529 727 3585 De
752 3529 832 3587 Itis
860 3533 948 3602 qui
967 3532 1036 3586 ad
1059 3532 1326 3588 ecclesiam
1352 3536 1655 3608 confugiunt
1685 3541 1747 3594 ne
1775 3539 2066 3596 tradantur.

586 3646 696 3704 Eos
725 3649 814 3720 qui
855 3649 922 3705 ad
956 3649 1238 3707 ecclesiam
1281 3651 1616 3724 confugerint
1644 3654 1780 3710 tradi
1812 3671 1918 3712 non
1944 3671 2107 3726 Opor-

517 3753 655 3815 tere,
690 3745 784 3801 sed
823 3745 924 3804 loci
965 3747 1134 3802 sancti
1175 3750 1475 3805 reverentia
1505 3759 1559 3805 et
1586 3751 1972 3810 intercessione
2003 3755 2099 3811 de-
2131 3785 2176 3848 ρ

509 3837 678 3896 ιοιιιῆ.
723 3843 728 3848 ’

548 3924 550 3928 ’
636 3929 728 3989 VI.
753 3929 830 3986 De
856 3933 1125 4005 mancipiis
1151 3935 1557 4007 confugientibus
1593 3937 1662 3991 ad
1682 3938 1967 3995 ecclesiam.

577 4021 633 4077 Si
663 4021 786 4093 quis
823 4032 999 4080 autem
1033 4025 1298 4096 mancipia
1331 4028 1648 4085 clericorum
1681 4046 1778 4102 pro
1807 4033 1919 4091 suis
1949 4048 2102 4091 man-

511 4117 670 4189 cipiis
704 4121 771 4173 ad
813 4119 1094 4175 ecclesiam
1138 4121 1567 4192 confugientibus
1610 4125 1901 4184 crediderit
1938 4145 2100 4186 occu-

508 4212 703 4283 panda,
731 4227 826 4282 per
846 4228 1038 4272 omnes
1057 4216 1316 4274 ecclesias
1345 4218 1734 4278 districtissima
1757 4224 2102 4282 damnatione

507 4305 752 4362 feriatur.

598 4397 709 4453 VII.
741 4395 817 4452 De
838 4397 1030 4454 libertis
1059 4400 1147 4472 qui
1168 4403 1396 4486 ecclesia:
1421 4405 1766 4462 commendati
1794 4417 1912 4464 sunt
1942 4426 2006 4465 ne

548 4482 554 4486 '
1115 4482 1488 4542 opprimantur.

577 4557 637 4614 In
666 4560 890 4615 ecclesia
924 4565 1282 4620 manumissos
1324 4567 1406 4622 vel
1455 4582 1550 4639 per
1588 4576 1965 4628 testamentum
2009 4587 2100 4630 ec-

511 4652 692 4707 clesia:
733 4655 1132 4711 commendatos
1161 4657 1207 4711 si
1244 4658 1362 4728 quis
1386 4659 1440 4714 in
1463 4662 1776 4718 servitutem
1817 4666 1901 4719 vel
1941 4665 2100 4722 obse-

511 4747 694 4816 quium
749 4747 833 4801 vel
877 4747 942 4802 ad
995 4748 1321 4805 colonariam
1370 4753 1730 4810 conditionem
1787 4757 2099 4828 imprimere

514 4840 798 4895 tentaverit
822 4881 838 4906 ,
887 4841 1354 4900 animadversione
1375 4892 1383 4910 .
1402 4848 1768 4905 ecclesiastica
1821 4852 2098 4908 coercebi-

513 4941 617 4986 IIII'.
1367 4967 1369 4970 ‘
1713 4963 1718 4972 '
1797 4963 1800 4967 ’

669 5024 797 5083 VIII.
838 5026 917 5082 De
946 5027 1024 5083 his
1056 5029 1142 5100 qui
1162 5029 1402 5085 clericum
1428 5033 1648 5090 alienum
1679 5035 1919 5093 ordinare

1131 5115 1470 5170 prwsumunt.
1521 5162 1526 5174 ι
1548 5181 1550 5184 ν

579 5211 634 5267 Si
653 5211 872 5281 quilibet
895 5214 1276 5274 consistentem
1302 5217 1428 5274 alibi
1453 5221 1708 5277 clericum
1727 5221 2088 5280 ordinandum

507 5307 788 5374 putaverit,
822 5309 967 5378 prius
992 5309 1210 5366 deliniat
1233 5318 1292 5366 ut
1311 5327 1432 5368 cum
1461 5315 1574 5383 ipso
1608 5314 1832 5383 habitet,
1861 5317 1939 5371 sic
1959 5333 2092 5388 quo-

503 5413 608 5463 que
643 5413 746 5452 non
795 5401 914 5456 sine
955 5403 1354 5460 consultatione
1390 5406 1506 5474 ejus
1547 5407 1783 5477 episcopi
1833 5423 1950 5464 cum
1985 5424 2092 5478 quo

505 5497 626 5542 ante
650 5487 947 5559 habitavit;
989 5508 1089 5549 nec
1118 5509 1242 5550 eum
1273 5496 1364 5564 qui
1393 5495 1617 5552 fortasse
1644 5512 1748 5552 non
1773 5499 1892 5554 sine
1922 5514 2086 5555 causa

501 5577 589 5634 diu
619 5581 687 5634 ab
711 5583 818 5638 alio
849 5599 956 5640 non
978 5585 1366 5655 ordinatusjest
1393 5588 1647 5645 ordinare
1674 5600 1986 5660 praesumat.

499 5738 812 5866 Αυῖαιὲἕεὲὅ
841 5740 906 5798 'r.
932 5742 989 5809 ι,
1008 5741 1066 5811 2,
1096 5741 1420 5802 Arausicum.
1449 5745 1505 5802 In
1528 5744 1748 5818 reliquis
1774 5705 2087 5808 Codicibus.

2299 1138 2355 1194 Si
2381 1143 2499 1211 quis
2524 1157 2701 1202 autem
2735 1149 2942 1207 alienos
2985 1153 3137 1210 cives
3185 1167 3276 1214 aut
3312 1161 3439 1217 alibi
3465 1167 3826 1232 consistentes

2227 1229 2585 1302 ordinaverit,
2618 1253 2684 1293 ne
2721 1240 3006 1298 inordinati
3046 1245 3100 1300 in
3133 1249 3242 1304 ullo
3271 1255 3436 1326 22o
3471 1229 3823 1335 accuseutur,

2225 1331 2316 1375 aut
2341 1324 2406 1377 ad
2447 1339 2508 1380 se
2551 1343 2644 1383 eos
2677 1343 2932 1390 revocent
2975 1347 3067 1392 aut
3096 1342 3323 1410 gratiam
3357 1324 3469 1418 ipsi
3507 1365 3698 1411 eorum
3727 1324 3824 1414 im;

2226 1423 2437 1479 petrent
2465 1432 2586 1473 cum
2617 1421 2808 1491 quibus
2834 1426 3094 1484 habitent.

2225 1504 2291 1562 X.
2329 1505 2405 1562 De
2431 1511 2682 1601 episcopis
2701 1518 2988 1601 qui-nonin
3013 1527 3329 1591 possessione
3348 1547 3444 1588 sua
3465 1535 3557 1591 sed
3577 1538 3631 1593 in
3651 1542 3824 1601 aliena

2548 1584 2750 1641 dioecesi
2782 1584 3043 1648 basilicam
3074 1584 3494 1662 construrerunt:

2293 1671 2350 1727 Si
2392 1675 2511 1744 quis
2553 1679 2927 1752 episcoporum
2977 1687 3030 1741 in
3061 1689 3251 1748 alienae
3283 1696 3516 1755 civitatis
3546 1706 3819 1765 territorio

2222 1767 2505 1823 ecclesiam
2554 1773 2821 1830 aedificare
2852 1769 3112 1850 disponit,
3161 1787 3243 1840 vel
3275 1803 3369 1857 pro
3411 1789 3562 1846 fundi
3609 1797 3695 1852 sui
3731 1810 3820 1857 aut

2221 1860 2571 1918 ecclesiastici
2597 1867 2678 1920 vel
2710 1883 2804 1938 pro
2827 1886 3143 1944 quacunque
3168 1892 3386 1935 suorum
3415 1889 3818 1953 opportunitate

2222 1955 2482 2022 permissa
2514 1958 2728 2017 licentia
2753 1965 3086 2036 aedificandi,
3127 1973 3250 2042 quia
3281 1976 3553 2044 prohiberi
3578 1980 3682 2037 hoc
3723 1999 3815 2040 vo-

2222 2053 2330 2100 tum
2361 2049 2511 2106 nefas
2539 2062 2641 2121 est,
2671 2071 2775 2111 non
2810 2072 3098 2128 praesumat
3120 2063 3514 2125 dedicationem
3544 2113 3560 2140 ,
3587 2091 3710 2144 qua:
3741 2078 3815 2135 illi

2221 2142 2574 2198 omnismodis
2618 2160 2924 2206 reservatur
2965 2151 3019 2207 in
3067 2155 3218 2226 cujus
3269 2161 3537 2218 territorio
3586 2142 3812 2226 ecclesia

2133 2232 2143 2250 λ
2221 2237 2486 2306 assurgit,
2532 2253 2802 2296 reservata
2840 2245 3154 2304 :edilicatori
3192 2251 3446 2324 episcopo
3493 2256 3596 2313 hac
3622 2263 3816 2334 gratia,

2220 2334 2282 2380 ut
2306 2343 2438 2398 quos
2465 2330 2734 2389 desiderat
2764 2335 2986 2393 clericos
3009 2341 3060 2394 in
3091 2355 3148 2397 re
3175 2357 3270 2398 sua
3294 2345 3478 2404 videre
3501 2330 3649 2420 ipsos
3680 2330 3813 2412 ordi;

2488 2422 2574 2492 jus
2621 2427 2950 2485 territorium
2982 2441 3083 2502 est,
3113 2434 3198 2489 vel
3223 2435 3267 2490 si
3292 2437 3521 2498 ordinati
3543 2441 3659 2512 jam
3687 2455 3818 2504 sunt

2219 2513 2366 2583 ipsos
2396 2515 2598 2573 habere
2620 2523 2948 2590 acquiescat,
2983 2534 3040 2580 et
3067 2528 3239 2582 omnis
3267 2530 3702 2604 ecclesiteipsius
3728 2556 3816 2612 gu-

2219 2605 2462 2664 bernatio
2492 2611 2559 2666 ad
2581 2627 2702 2668 eum
2754 2614 2806 2670 in
2857 2617 3008 2688 cujus
3035 2621 3268 2678 civitatis
3292 2627 3564 2684 territorio
3587 2605 3816 2690 ecclesia

2216 2701 2450 2755 surrexit
2469 2703 2773 2772 pertinebit.
2793 2706 2944 2774 Quod
2965 2710 3008 2764 si
3037 2710 3197 2766 etiam
3220 2715 3558 2774 saecularium
3586 2723 3812 2790 quicun-

2214 2809 2319 2867 que
2339 2796 2619 2854 ecclesiam
2641 2800 3018 2870 azditicaverit,
3043 2813 3098 2860 et
3119 2806 3283 2862 alium
3313 2811 3482 2881 magis
3503 2827 3811 2883 quamcum

2214 2885 2267 2941 in
2319 2888 2474 2958 cujus
2523 2892 2794 2947 territorio
2842 2893 3075 2951 aedificat
3121 2899 3809 2977 invitandum'putaverit,

2214 2987 2322 3035 tam
2369 2984 2483 3051 ipse
2523 2982 2610 3038 cui
2647 2994 2834 3040 contra
2881 2989 3316 3048 constitutionem
3361 3009 3425 3051 ac
3467 2994 3806 3069 disciplinam

2210 3072 2512 3142 gratificare
2552 3076 2666 3130 vult
2711 3093 2868 3147 quam
2897 3094 3085 3137 omnes
3124 3084 3364 3155 episcopi
3395 3087 3484 3158 qui
3509 3089 3576 3144 ad
3618 3091 3807 3164 hujus—

2210 3167 2356 3224 modi
2406 3167 2798 3226 dedicationem
2845 3173 3138 3230 invitantur
3170 3192 3201 3231 a
3257 3189 3526 3237 conventu
3569 3181 3808 3242 abstine-

2210 3256 2363 3314 bunt.
2398 3259 2594 3331 Siquis
2620 3264 2933 3330 excesserit,
2977 3265 3030 3320 in
3059 3276 3266 3325 reatum
3303 3271 3662 3331 devocabitur
3701 3293 3719 3333 :
3758 3278 3808 3336 si

2207 3353 2328 3423 quis
2354 3355 2669 3423 excesserit,
2697 3355 2942 3413 ordinem
2967 3370 3339 3430 recognoscat.

2317 3445 2409 3502 XI.
2441 3447 2518 3501 De
2544 3449 2791 3520 episcOpis
2810 3451 2902 3522 qui
2930 3455 3426 3511 excommunicatum
3451 3457 3675 3516 alterius

2853 3525 3158 3594 suscipiunt.

2276 3610 2484 3667 Placuit
2512 3613 2565 3668 in
2597 3623 2804 3671 reatum
2845 3619 3030 3673 venire
3059 3620 3395 3691 episcopum,
3433 3623 3528 3695 qui
3554 3623 3806 3684 admoni-

2206 3710 2292 3758 tus
2317 3703 2383 3759 de
2414 3709 2974 3766 excommunicatione
2993 3711 3381 3785 cujuscunque,
3413 3717 3531 3773 sine
3558 3721 3809 3778 reconci-

2211 3797 2430 3852 liatione
2468 3799 2584 3868 ejus
2627 3800 2720 3871 qui
2757 3805 3284 3874 excommunicavit,
3316 3807 3364 3863 ei
3393 3811 3807 3872 communicare

2205 3893 2634 3962 praesumpserit,
2665 3903 2722 3949 ut
2752 3896 2956 3966 integra
2985 3899 3164 3954 omnia
3188 3939 3206 3967 ,
3245 3900 3291 3955 si
3318 3899 3686 3958 reconciliatio
3717 3904 3806 3960 in-

2207 3985 2537 4054 tercesserit,
2579 3987 2646 4043 de
2677 3988 2883 4058 justitia
2921 3989 3004 4046 vel
3035 3989 3317 4064 iniquitate
3362 3996 3804 4052 excommunica-

2205 4077 2364 4133 tionis
2389 4079 2646 4149 proximae
2668 4081 2877 4153 synodo
2905 4093 3268 4139 reserventur.

2205 4194 2323 4252 XII.
2357 4192 2436 4248 De
2461 4193 2540 4248 Itis
2560 4194 2646 4262 qui
2666 4194 2833 4272 subito
2860 4196 3244 4272 obmutescunt,
3267 4200 3404 4269 quod
3423 4207 3471 4255 et
3493 4184 3806 4272 baptismum

2533 4273 2584 4319 et
2613 4267 2960 4336 paenitentiam
2985 4271 3213 4341 accipere
3242 4267 3458 4340 possint.

2275 4379 2464 4435 Subito
2484 4380 2864 4440 obmutescens
2889 4427 2904 4450 ,
2930 4393 3088 4454 prout
3107 4395 3362 4442 statutum
3385 4397 3470 4443 est
3493 4431 3506 4456 ,
3534 4389 3800 4461 baptizari

2202 4482 2294 4528 aut
2338 4473 2708 4543 paenitentiam
2759 4476 3007 4545 accipere
3055 4487 3232 4547 potest
3270 4481 3316 4534 si
3367 4480 3658 4536 voluntatis
3699 4488 3804 4552 aut

2203 4565 2484 4636 praeteritae
2522 4565 2884 4622 teStimonium
2931 4568 3158 4623 aliorum
3204 4571 3384 4626 verbis
3431 4571 3652 4640 habeat,
3702 4583 3804 4632 aut

2204 4658 2485 4728 praesentis
2510 4657 2564 4712 in
2594 4672 2696 4712 suo
2713 4668 2866 4714 nutu.

2517 4772 2650 4828 xm.
2686 4771 2765 4828 De
2793 4773 2872 4828 his
2899 4773 2986 4843 qui
3015 4751 3178 4829 mea.
3199 4754 3476 4844 άεεερεέιῆιζ

2271 4891 2589 4948 Amentibus
2617 4907 2950 4963 quascunque
2981 4890 3193 4962 pietatis
3219 4898 3345 4945 sunt
3369 4890 3723 4950 conferenda.

2500 5007 2638 5062 XIV.
2671 5005 2749 5060 De
2777 5007 3127 5078 cnergumenis
3159 5004 3452 5078 baptisatis.
3713 4985 3718 4988 I

2057 5199 2061 5204 ἡ
2115 5150 2172 5213 D
2269 5122 2631 5193 Energumeni
2659 5120 2930 5191 baptizati,
2959 5121 3006 5177 si
3040 5122 3110 5208 de
3133 5121 3450 5213 purgatione
3476 5133 3573 5175 sua
3600 5130 3801 5213 curant

2195 5223 2250 5271 et
2299 5227 2419 5269 sese
2460 5212 2804 5268 sollicitudini
2849 5205 3167 5268 clericOrum
3212 5211 3433 5267 tradunt
3470 5211 3803 5282 monitisque

2195 5306 2590 5376 obtemperant,
2621 5305 2975 5360 omnismodis
3003 5308 3159 5377 221
3191 5305 3597 5362 communicent
3620 5318 3802 5358 sacra-

2195 5402 2358 5457 menti
2389 5400 2556 5470 ipsius
2592 5399 2775 5454 virtuti
2817 5400 2902 5454 vel
2934 5398 3209 5452 muniendi
3239 5398 3308 5454 ab
3339 5399 3554 5453 incursu
3584 5398 3801 5451 daemo-

2198 5495 2272 5547 nii
2311 5492 2416 5565 [U.
2439 5532 2455 5558 ,
2497 5489 2597 5558 0.,
2631 5487 2970 5562 daemonum]
3002 5505 3108 5562 quo
3137 5490 3454 5546 infestantur
3480 5530 3497 5557 ,
3539 5489 3630 5545 vel
3667 5502 3800 5560 pur-

2196 5587 2356 5660 gandi
2386 5600 2614 5655 quorum
2646 5585 2755 5655 jam
2785 5584 3086 5642 ostenditur
3115 5585 3222 5640 vita
3254 5585 3548 5656 purgatior.

2264 5742 2293 5783 δ
2323 5742 2388 5799 τ.
2417 5741 2471 5810 2,
2497 5740 2577 5799 De
2619 5757 2726 5798 non
2743 5741 3088 5799 reconciliatis
3108 5718 3464 5815 ρωηιωιιιειιιέ
3481 5740 3658 5813 quia
3677 5755 3798 5800 cor-

2193 5831 2315 5888 pore
2335 5824 2540 5874 emat.
