4024 6350
203 377 302 440 9.37

1185 374 1459 434 GM.le
1497 370 1836 432 CONCILIA.
1875 399 1947 413 —
1984 371 2511 438 ARAUSICANUM.

3372 388 3481 449 258

204 489 321 551 XV.
364 490 489 577 Utf|
549 494 877 566 energumeni
924 495 1375 583 etlcalechumeni
1426 495 1489 548 de
1538 491 1792 562 baptismo
1819 487 2040 583 ,ᾼιιιιι-ιι
2090 493 2537 553 subdiaconatum
2577 496 2662 554 vel
2706 483 3106 560 ecclesiasticas
3145 483 3360 577 capiant
3404 510 3484 566 di-

818 568 1171 635 consuluntur.

274 655 667 725 Energnmenis
714 664 772 714 et
814 657 1217 715 catechumenis
1279 657 1332 712 in
1382 663 1645 727 quantum
1709 653 1794 709 vel

210 749 508 809 necessitas
542 751 781 822 exegerit
821 752 907 806 vel
954 750 1328 823 opportunitas
1370 747 1695 820 permiserit,
1727 746 1797 803 de

210 843 531 915 baptismate
558 846 965 903 consulendum.

252 936 389 995 XVI.
437 939 508 994 Ut
534 942 856 1014 energumcni
886 946 952 995 ad
973 940 1164 996 clerum
1190 956 1290 994 non
1316 945 1731 1011 promoveantur.

1892 581 2143 652 gnitates.

2122 677 2313 736 XXVI.
2359 682 2434 737 De
2461 684 2767 743 diaconissis
2794 704 2899 744 non
2928 690 3256 749 ordinandis.
3348 672 3349 675 Ἴ

1968 768 2297 828 Diaconissae
2337 773 2689 836 omnismodis
2725 795 2837 837 non
2879 782 3193 841 ordinandas
3226 801 3243 841 :
3274 787 3319 843 si
3351 775 3480 860 quae

1891 856 2005 1005 jar:
2029 871 2177 965 sunt,
2206 862 2568 924 benedictioni
2596 886 2715 942 quae
2737 874 2935 945 popqu
2959 873 3287 948 impenditur
3308 856 3482 953 capita

1895 965 1958 1005 su
2003 963 2239 1005 mittant.
2486 977 2495 984 ·

1895 963 2239 1012 submittant.
2486 977 2495 984 ‘

278 1031 377 1100 Qui
412 1034 588 1102 palam
625 1033 913 1103 aliquando
941 1033 1143 1102 arrepti
1184 1042 1309 1089 sunt
1336 1047 1443 1087 non
1485 1031 1656 1086 solum
1689 1044 1795 1085 non

1916 1042 2060 1102 KVII.
2147 1047 2225 1105 De
2269 1052 2472 1122 feminis
2515 1069 2631 1125 qui:
2692 1057 2996 1135 viduitatem
3073 1063 3319 1135 professa:
3368 1072 3486 1119 sunt

212 1126 514 1182 assumendi
556 1126 622 1181 ad
669 1128 832 1183 ullum
873 1129 1117 1184 ordinem
1147 1127 1470 1194 clericatus,
1521 1125 1617 1181 sed
1656 1131 1715 1179 et
1752 1123 1797 1178 si

207 1217 315 1289 jam
359 1218 528 1289 aliqui
556 1219 788 1275 ordinati
828 1231 954 1277 sunt
1003 1219 1071 1275 ab
1101 1220 1353 1290 imposito
1393 1215 1576 1273 ofﬁcio
1623 1214 1800 1285 repel-

213 1309 369 1368 Ieudi.

245 1406 403 1462 XVII.
439 1405 510 1463 Ut
547 1407 601 1463 in
625 1424 786 1463 unum
812 1410 1095 1479 pr0positio
1119 1407 1427 1464 sacramenti
1452 1414 1797 1461 consecretur.

278 1502 410 1556 Eum
434 1498 463 1541 δ
498 1517 659 1572 capsa
698 1513 752 1559 et
792 1504 932 1559 calix
962 1503 1279 1559 int‘erendus
1316 1511 1439 1572 est,
1500 1497 1798 1572 et,admis—

216 1593 357 1650 tione
390 1595 734 1652 eucharistite
762 1596 1181 1653 consecrandus.

384 1685 577 1744 XVIII.
621 1687 688 1745 Ut
715 1691 981 1761 evangelia
1006 1689 1355 1744 catechumeni
1380 1687 1613 1741 audiant.

282 1778 576 1849 Evangelia
627 1779 885 1850 deinceps
958 1780 1159 1851 placuit
1229 1778 1629 1835 catecltumenis
1695 1775 1801 1848 legi

213 1870 353 1939 apud
384 1882 605 1926 omnem
631 1872 1026 1941 provinciarum
1052 1880 1355 1928 nostrarum
1379 1870 1700 1926 Ecclesium.

247 1964 389 2021 Xl-X'.
425 1965 494 2020 Ut
518 1965 866 2022 catecltumeni
896 1966 963 2020 ad
989 1966 1343 2036 baptisterium
1366 1982 1466 2019 non
1496 1962 1760 2019 accedant.

280 2058 791 2130 Ad‘baplisterium
846 2059 1225 2117 catechumeni
1275 2071 1549 2127 nunquam
1602 2053 1802 2109 admit-

211 2152 381 2207 tendi.

211 2244 336 2301 XX.
384 2243 455 2300 Ut
484 2245 830 2301 catecltumeni
857 2244 1242 2329 cum-fidelibus
1272 2240 1675 2299 benedictionem
1701 2254 1805 2293 non

885 2325 1162 2389 accipiant.

284 2406 369 2462 Ad
409 2407 649 2464 ﬁdelium
697 2408 1131 2466 benedictionem
1174 2404 1551 2464 catechumeni
1586 2414 1607 2443 ο
1642 2404 1803 2459 etiam

213 2500 355 2558 inter
382 2501 709 2559 domesticas
751 2504 1023 2558 orationes
1049 2544 1063 2568 ,
1113 2501 1167 2556 in
1195 2509 1453 2571 quantum
1492 2497 1669 2555 caveri
1710 2511 1805 2568 po-

217 2604 357 2667 test,
406 2598 729 2669 segregandi
754 2595 1187 2668 informandique
1219 2605 1276 2652 ut
1315 2612 1373 2652 se
1403 2602 1694 2659 revocent,
1749 2599 1805 2653 et

216 2689 511 2761 signandos
539 2692 626 2747 vel
654 2691 1056 2748 benedicendos
1077 2691 1324 2747 semotim
1354 2689 1603 2745 oﬁ‘erant.

299 2780 445 2838 XXI.
490 2781 560 2839 Ut
590 2784 694 2837 duo
720 2784 947 2855 episcopi
967 2784 1265 2853 episcopum
1296 2798 1396 2836 non
1426 2782 1621 2853 faciant
1648 2777 1675 2818 ἀ
1697 2821 1711 2836 .

284 2874 341 2929 ln
384 2874 587 2931 nostris
613 2873 899 2945 provinciis
940 2874 1139 2946 placuit
1164 2875 1232 2930 de
1281 2872 1802 2945 prtesumptoribus,

219 2974 273 3021 ut
297 2965 473 3022 sicubi
501 2968 789 3037 contigerit
830 2964 966 3022 duos
988 2966 1275 3037 episcopos
1309 2968 1623 3038 episcopum
1669 2966 1806 3022 invi-

217 3068 325 3117 tum
356 3062 539 3118 facere
557 3103 575 3131 ,
625 3061 935 3117 auctoribus
962 3061 1260 3129 damnatis,
1316 3061 1475 3115 unius
1500 3076 1690 3116 eorum
1718 3074 1807 3116 ec-

216 3155 395 3215 clesia:
441 3159 562 3229 ipse
588 3157 679 3229 qui
711 3157 815 3213 vim
856 3171 1049 3229 passus
1095 3154 1580 3212 est‘substituatur
1611 3173 1626 3209 :
1658 3155 1703 3210 si
1731 3166 1807 3211 ta-

1829 1878 1879 1941 Β

2451 1141 2626 1180 coram
2654 1132 2914 1201 episcopo.

1977 1207 2262 1268 Viduitatis
2292 1216 2572 1273 servandae
2606 1221 2995 1288 professionem
3022 1239 3206 1283 coram
3232 1228 3486 1299 episcopo

1907 1302 1962 1359 in
2000 1308 2297 1364 secretario
2343 1309 2612 1379 habitam,
2664 1314 2912 1385 imposita
2951 1318 3020 1374 ab
3059 1321 3313 1392 episcopo
3341 1332 3490 1378 veste

1899 1394 2135 1465 viduali,
2186 1415 2295 1455 non
2332 1416 2454 1459 esse
2500 1405 2803 1462 violandam
2836 1426 2851 1464 :
2882 1408 3001 1480 ejus
3044 1427 3173 1468 vero
3218 1426 3490 1486 raptorem

1902 1488 1988 1545 vel
2020 1490 2191 1559 ipsam
2224 1493 2347 1551 talis
2384 1497 2738 1567 professionis
2768 1500 3121 1562 desertricem
3151 1510 3345 1564 merito
3372 1521 3494 1565 esse

1901 1583 2278 1643 damnandam.

1906 1673 2140 1734 XXVIII.
2180 1675 2260 1735 De
2282 1679 2364 1771 [gis
2396 1698 2485 1771 qut
2527 1688 2748 1767 professi
2779 1698 2914 1771 sunt
2957 1693 3242 1750 castitatem
3289 1695 3335 1750 si
3363 1712 3495 1767 prte-

2412 1786 2416 1791 ο
2438 1770 2454 1780 '
2512 1770 2871 1817 varicaocrtnt.

1978 1838 2035 1895 In
2085 1850 2314 1913 utroque
2369 1860 2503 1901 sexu
2560 1848 2869 1908 desertores
2935 1854 3193 1925 professae
3238 1861 3498 1920 castitatis

1904 1934 2349 2002 praevaricatores
2380 1937 2612 1995 habendi
2639 1985 2655 2010 ,
2711 1952 2767 1999 et
2797 1944 2879 2002 Itis
2907 1949 3159 2006 omnibus
3201 1966 3299 2021 per
3328 1953 3495 2024 paeni-

1906 2027 2126 2081 tentiam
2156 2027 2455 2100 legitimam
2485 2035 2899 2095 consulendum.
3446 2040 3449 2041 ⁷

1906 2141 2067 2211 223
2108 2140 2650 2224 XXIX._.Ut_nullus
2698 2150 2964 2221 episcopus
3020 2154 3084 2206 de
3132 2156 3347 2210 concilio
3386 2159 3495 2213 sine

2014 2227 2263 2267 consensu
2289 2217 2521 2271 discedat
2550 2232 2639 2273 aut
2663 2217 2736 2273 ad
2754 2217 3030 2277 concilium
3058 2226 3133 2279 ire
3154 2237 3375 2282 excuset.

1977 2301 2106 2358 Haec
2148 2321 2266 2374 quas
2297 2308 2682 2367 subscribimus
2725 2326 2847 2367 cum
2889 2329 3074 2370 eorum
3111 2333 3327 2387 quoque
3363 2334 3498 2375 con-

1906 2396 2087 2450 cordia
2136 2398 2227 2466 qui
2268 2412 2563 2457 consensus
2591 2402 2858 2460 dederunt
2904 2415 3019 2462 rata
3064 2408 3321 2480 deinceps
3362 2412 3501 2469 inter

1906 2502 2006 2541 nos
2036 2502 2098 2541 ac
2127 2501 2341 2544 nosnos
2368 2491 2557 2548 haberi
2581 2496 2828 2552 volumus
2850 2508 2903 2553 et
2928 2498 3173 2556 habenda
3201 2502 3496 2571 sancimus,

1906 2594 2013 2634 non
2054 2580 2126 2634 ita
2176 2591 2566 2651 prmtereuntes
2605 2603 2700 2644 eos
2749 2591 2838 2659 qui
2894 2593 3102 2663 synodo
3146 2604 3239 2651 aut
3285 2611 3383 2667 per
3437 2580 3500 2655 se

1905 2686 1998 2727 aut
2026 2689 2123 2743 per
2150 2673 2447 2734 censetisus
2468 2696 2618 2748 suos,
2654 2683 2735 2738 vel
2762 2684 2826 2738 ad
2856 2689 3030 2742 vicem
3059 2689 3140 2743 sui
3172 2705 3267 2760 per
3296 2690 3503 2764 legatos

1907 2766 2228 2824 destinando
2269 2771 2461 2827 adesse
2490 2774 2828 2844 detrectant;
2881 2787 2941 2833 ut
2969 2780 3071 2835 sibi
3102 2796 3268 2851 supra
3296 2798 3395 2838 nos
3423 2784 3503 2841 illi

1908 2861 2157 2932 placeant
2180 2864 2272 2933 qui
2304 2876 2515 2934 patrum
2545 2876 2742 2923 statuta
2765 2869 3087 2943 despiciunt,
3113 2875 3307 2944 quibus
3334 2875 3419 2931 bis
3441 2876 3497 2932 in

1910 2970 2052 3012 anno
2078 2995 2094 3022 ,
2152 2961 2296 3028 quod
2347 2960 2503 3015 nobis
2531 2977 2634 3032 pro
2660 2972 2960 3033 temporum
2992 2968 3248 3038 qualitate
3278 2968 3502 3026 difﬁcile

1908 3058 1993 3107 est
2013 3094 2026 3118 ,
2059 3062 2305 3107 sanctum
2337 3063 2421 3110 est
2450 3056 2765 3125 convenire;
2795 3058 3109 3129 adjicientes
3135 3063 3279 3134 quod
3306 3064 3497 3121 simili-

1907 3147 2010 3203 bus
2039 3147 2298 3220 deinceps
2326 3152 2535 3222 paginis
2566 3168 2663 3223 pro
2692 3154 3012 3217 salubritate
3042 3173 3105 3214 ac
3135 3160 3388 3217 remediis
3412 3176 3501 3217 ec-

217 3269 336 3311 rnen
369 3255 480 3311 vita
510 3254 801 3326 respondet
823 3264 878 3310 et
904 3253 1131 3310 alterius
1157 3251 1357 3323 dejecti
1389 3251 1510 3308 loco
1538 3251 1807 3307 nihilomi-
1832 3246 1883 3310 C
1915 3242 2230 3298 οιθείθειὶοῖε
2258 3247 2619 3316 congregandi
2651 3248 2887 3318 adjicere
2918 3254 3168 3321 Optamus
3189 3294 3206 3322 ,
3237 3261 3296 3309 ut
3326 3255 3503 3312 nullus

218 3364 316 3405 nus
345 3352 653 3418 ordinetur;
698 3351 745 3409 si
772 3351 1136 3408 voluntarium
1177 3351 1285 3407 duo
1314 3349 1580 3418 fecerint,
1613 3359 1669 3406 et
1695 3352 1812 3419 ipse

219 3440 577 3510 damnabitur,
634 3458 739 3513 quo
795 3444 1006 3500 cautius
1058 3458 1121 3500 ea
1168 3458 1289 3514 qua:
1338 3449 1468 3499 sunt
1513 3442 1810 3513 antiquitus

222 3541 419 3589 statuta
448 3542 756 3591 SGI’VCIIIIII‘.

218 3653 378 3725 222
407 3651 574 3709 XXII.
639 3652 707 3709 Ut
755 3653 928 3708 clerici
980 3653 1249 3725 conjugati
1292 3652 1395 3709 nisi
1439 3654 1810 3710 continentiam

551 3726 906 3795 proﬁteantur,
943 3725 1185 3780 diacones
1207 3741 1309 3779 non
1337 3725 1489 3794 ﬁant.

288 3815 397 3872 Sed
428 3815 482 3871 id
510 3825 772 3887 praeterea
798 3826 822 3854 °
849 3824 1037 3872 utnon
1066 3816 1320 3886 deinceps
1348 3816 1669 3896 ordinentur
1697 3817 1812 3871 dia-

216 3922 385 3966 cones
415 3910 712 3979 coniugati,
739 3907 757 3947 ί
786 3910 888 3965 nisi
918 3911 1011 3981 qui
1048 3909 1192 3978 prius
1215 3907 1584 3965 conversionis
1612 3922 1812 3978 propo-

214 4002 322 4054 sito
355 3998 590 4068 professi
618 4000 816 4056 fuerint
844 4000 1170 4055 castitatem.

214 4084 410 4141 XXIII.
451 4084 530 4141 De
552 4085 633 4141 his
656 4086 745 4155 qui
792 4095 904 4154 post
933 4096 1201 4168 acceptum
1234 4084 1533 4139 diaconium
1581 4084 1809 4139 inconti-

735 4167 911 4211 nentes
938 4164 1293 4211 inveniuntur.

287 4247 349 4305 Si
372 4248 496 4319 quis
524 4256 703 4306 autem
752 4258 868 4319 post
896 4257 1171 4318 acceptam
1212 4247 1644 4303 benedictionem
1678 4245 1813 4302 levi-

221 4343 379 4399 ticam
408 4356 530 4397 cum
561 4356 730 4399 uxore
758 4355 858 4398 sua
887 4341 1228 4398 incontinens
1258 4339 1563 4410 invenitur,
1596 4340 1663 4396 ab
1690 4338 1812 4396 ofﬁ-

222 4434 305 4493 cio
330 4434 631 4506 abjiciatur.

507 4552 695 4610 XXIV.
736 4551 815 4608 De
841 4553 1270 4610 incontinentibus
1297 4551 1497 4607 clericis
1514 4591 1530 4607 .

293 4666 368 4723 De
396 4666 482 4722 his
526 4675 703 4722 autem
752 4666 845 4738 qui
886 4667 1031 4737 prius
1068 4666 1301 4722 ordinati
1329 4665 1431 4721 hoc
1462 4666 1636 4735 ipsum
1671 4665 1807 4721 inci-

226 4756 418 4814 derunt
447 4756 758 4813 Taurinatis
787 4756 876 4831 [T.
902 4758 959 4823 2,
990 4755 1317 4829 Tauritante]
1350 4756 1540 4827 synodi
1571 4772 1808 4827 sequen-

228 4850 343 4908 dam
364 4868 489 4911 esse
514 4854 859 4921 sententiam,
883 4867 987 4923 qua
1012 4852 1272 4923 iubentur
1295 4866 1407 4909 non
1432 4853 1655 4910 ulterius
1683 4868 1811 4924 pro-

230 4948 447 5005 moveri.

446 5034 471 5045 ”
663 5041 828 5098 XXV.
870 5042 948 5097 De
974 5044 1093 5097 viris
1118 5044 1366 5113 probatis.

296 5135 371 5193 De
400 5136 610 5193 idoneis
631 5145 806 5191 autem
831 5144 886 5191 et
906 5136 1304 5206 probatioribus
1334 5134 1422 5208 [T.
1454 5134 1512 5201 2,
1544 5134 1808 5208 probatis]

231 5228 384 5297 viris,
434 5242 575 5298 quos
609 5228 882 5284 clericatui
916 5224 1125 5298 alligari
1158 5227 1273 5297 ipsa
1303 5229 1427 5283 vitae
1459 5229 1694 5299 gravitas
1723 5242 1813 5283 co-

232 5318 320 5391 git,
342 5330 367 5370 !
387 5322 435 5380 si
466 5321 603 5378 forte
626 5319 929 5376 inciderunt
951 5312 1221 5389 duplicata
1240 5320 1600 5388 matrimonia,
1622 5329 1682 5374 ut
1706 5333 1811 5375 non

234 5496 326 5612 des
357 5488 434 5611 Et;
464 5485 685 5614 eriquis
731 5484 1015 5543 Codicibus
1039 5484 1355 5557 desumptus
1383 5484 1470 5540 hic
1514 5499 1687 5541 canon
1723 5486 1812 5555 qui

297 5573 352 5612 es
399 5576 451 5614 In
531 5598 545 5613 .

268 5566 377 5612 eest
399 5561 451 5614 in
480 5561 545 5614 Α.

300 5626 324 5663 δ
349 5630 422 5685 Ex
447 5631 695 5686 omnibus
719 5627 1022 5687 Codicibus.
1068 5626 1127 5684 In
1158 5628 1221 5684 Δ.
1246 5669 1262 5695 ,
1319 5644 1434 5682 cum
1462 5628 1624 5683 calice
1654 5636 1700 5682 et
1730 5644 1814 5698 pa-

240 5704 346 5752 tena
365 5701 412 5754 in
421 5702 664 5771 ferendus
688 5710 779 5757 est.

305 5780 327 5809 ο
357 5772 430 5827 Ex
479 5771 546 5829 U.
575 5774 852 5843 desumpta
879 5786 983 5829 vox
1017 5770 1387 5842 catechumeni,
1433 5786 1553 5842 qua
1574 5770 1729 5827 deest
1758 5770 1811 5827 in

243 5838 377 5917 A._et_
401 5844 620 5917 reliquis
646 5838 969 5917 (Iudicibus.

304 5910 330 5952 ἀ
361 5914 417 5973 ιιι
443 5910 728 5976 codicibus
754 5914 973 5993 duplex;
996 5916 1179 5976 titulus
1209 5915 1341 5991 :qui
1384 5915 1708 5991 exprimitur
1754 5925 1809 5974 et

1915 3347 2214 3393 conventus
2268 3340 2387 3396 sine
2443 3341 2666 3397 alterius
2737 3353 3033 3400 conventus
3099 3346 3503 3406 denuntiatione

1912 3430 2171 3486 solvatur.
2223 3430 2407 3502 Itaque
2434 3435 2681 3503 sequenti
2732 3450 2896 3504 anno,
2945 3437 2992 3493 si
3023 3437 3254 3496 Domino
3290 3455 3353 3495 ac
3391 3441 3502 3498 Deo

1914 3533 2102 3580 nostro
2150 3524 2279 3580 Jesu
2305 3525 2524 3581 Christo
2557 3528 2899 3596 permittente
2926 3531 3259 3599 conceditur,
3316 3532 3404 3589 die
3433 3550 3503 3590 xv

1912 3619 2181 3675 Kalendas
2209 3620 2529 3677 Novembris
2557 3622 2858 3679 Iustiniano
2900 3625 2954 3679 in
2982 3628 3243 3683 Arausico
3283 3629 3501 3685 territo-

1912 3717 1995 3771 rio
2026 3724 2350 3771 conventum
2383 3715 2703 3772 habebimus
2735 3735 2747 3770 :
2778 3718 2869 3787 qui
2899 3718 3022 3776 ideo
3056 3730 3204 3777 tanto
3235 3722 3383 3791 prius
3407 3738 3503 3794 per

1911 3820 2236 3865 conventum
2268 3809 2445 3879 ipsum
2476 3808 2826 3864 denuntiatur
2851 3852 2867 3879 ,
2915 3818 2973 3864 ut
3000 3820 3105 3867 tam
3130 3815 3501 3870 excusationis

1913 3904 2132 3961 libertas
2166 3919 2327 3977 quam
2356 3904 2690 3959 invitationis
2719 3905 3011 3960 necessitas
3040 3921 3146 3961 non
3178 3908 3280 3973 sit;
3322 3908 3388 3963 de
3415 3908 3504 3964 die

1913 4003 2055 4057 enim
2096 4011 2149 4056 et
2188 4002 2308 4057 loco
2350 4017 2444 4072 per
2487 4016 2586 4057 nos
2627 4002 2773 4069 ipsos
2813 4001 3281 4055 commouebimur
3309 4000 3503 4070 singuli

1914 4094 2216 4159 nobiscum,
2268 4095 2319 4148 in
2361 4091 2758 4161 exemplaribus
2801 4104 2862 4144 ea
2916 4104 3035 4159 qua:
3083 4104 3177 4159 per
3226 4104 3325 4145 nos
3375 4097 3505 4145 sunt

1915 4185 2201 4241 constituta
2226 4186 2519 4240 referentes
2551 4200 2563 4236 :
2593 4183 2830 4251 reliquos
2872 4183 2962 4251 qui
2983 4182 3269 4239 defuerunt
3299 4183 3502 4241 beatis-

1915 4278 2034 4333 simi
2080 4278 2258 4334 Iratris
2310 4278 2480 4334 nostri
2521 4277 2706 4332 Hilarii
2752 4274 3102 4331 sollicitudini
3147 4276 3499 4346 relinquimus

1916 4371 2055 4427 datis
2096 4371 2163 4426 ad
2207 4372 2351 4441 ipsos
2382 4370 2545 4443 22!.
2594 4372 2784 4425 horum
2817 4368 3217 4439 exemplaribus
3261 4384 3503 4427 commo-

1821 4474 1827 4521 1
1916 4466 2140 4521 nendos.
2183 4465 2309 4521 Post
2339 4466 2519 4519 omnia
2542 4461 2777 4520 occurrit
2804 4462 2874 4519 de
2906 4462 3367 4519 imbecillitatibus
3397 4464 3504 4519 fra-

1918 4560 2143 4632 gilitatis
2175 4562 2457 4627 humanm,
2510 4566 2569 4614 ut
2597 4558 2642 4613 si
2679 4558 2799 4629 quis
2830 4559 3114 4639 cpiscopus
3147 4573 3241 4629 per
3279 4558 3505 4614 inﬁrmi-

1920 4664 2080 4710 tatem
2108 4699 2122 4725 ,
2169 4652 2499 4708 debilitatem
2526 4653 2610 4707 vel
2641 4650 2873 4721 aliquam
2908 4650 3285 4708 hebetudinem
3311 4662 3503 4707 sensus

1915 4752 2185 4817 inciderit,
2219 4755 2311 4804 aut
2335 4748 2571 4804 ofﬁcium
2605 4745 2713 4801 oris
2736 4744 2994 4811 amiserit,
3032 4758 3093 4800 ea
3118 4761 3237 4817 qua:
3270 4761 3376 4802 non
3401 4746 3502 4802 nisi

1914 4861 2011 4915 per
2051 4844 2341 4914 episcopos
2369 4851 2631 4912 geruntur
2660 4855 2767 4895 non
2797 4839 2899 4893 sub
2940 4840 3223 4907 prtesentia
3250 4855 3345 4895 sua
3374 4854 3501 4910 pre-

1915 4940 2165 5008 sbyteros
2195 4949 2356 5003 agere
2388 4934 2662 5003 permittat
2688 4974 2703 5001 ,
2738 4932 2832 4986 sed
2862 4932 3172 5003 episcopum
3202 4941 3390 4990 evocet
3414 4930 3500 4986 cui

1915 5033 2057 5098 quod
2082 5030 2134 5084 in
2173 5020 2397 5084 ecclesia
2428 5024 2694 5094 agendum
2721 5023 2884 5081 fuerit
2909 5025 3167 5097 imponat.

1991 5126 2104 5194 Ego
2146 5121 2378 5176 Hilarius
2406 5118 2691 5191 episcopus
2718 5120 3033 5191 subscripsi.

1988 5216 2101 5285 Ego
2138 5214 2395 5270 Claudius
2417 5214 2702 5284 episcopus
2722 5214 3038 5285 subscripsi.

1976 5283 2101 5381 iEgo
2139 5310 2561 5368 Constantianus
2590 5310 2883 5383 episcopus
2912 5304 3231 5378 subscripsi.

1916 5475 2051 5530 alter
2094 5474 2174 5529 sic
2215 5487 2275 5528 se
2321 5472 2568 5529 habens:
2601 5470 2679 5527 De
2725 5471 3009 5544 abjectione
3057 5467 3166 5536 ejus
3208 5478 3358 5535 quem
3395 5464 3498 5519 duo

1917 5546 2337 5616 prazsumpserint
2363 5546 2602 5601 ordinare
2631 5546 2959 5616 episcopum;
2989 5544 3286 5608 expunctus
3313 5551 3379 5594 ne
3407 5552 3487 5592 re-

1917 5628 2147 5689 petatur.

1991 5699 2014 5767 ξ’
2185 5690 2330 5767 Sedit
2360 5699 2631 5767 praeterea.
2850 5755 2862 5765 υ
2893 5755 2905 5767 .

1993 5761 2012 5801 τ
2041 5762 2129 5829 υ.,
2158 5759 2439 5835 εοηῙιιρέιῤ,
2472 5759 2775 5835 statuimus,
2807 5759 2925 5835 nisi;

1988 5848 2013 5887 ις
2044 5822 2142 5910 ei
2174 5822 2352 5910 B_._'u.",
2383 5822 2446 5886 T.
2483 5831 2534 5910 _t,
2565 5830 2620 5883 e.
2649 5826 2821 5910 tua“,
2866 5824 2981 5899 AL,
3013 5826 3077 5887 E.
3108 5824 3165 5897 5,
3209 5822 3395 5898 gruit

1916 5912 2095 5985 egerit.
2125 5906 2184 5963 In
2213 5906 2301 5975 U.,
2328 5902 2580 5977 gratuitas
2607 5902 2764 5971 cogit.
