4024 6350
454 552 471 593 ἑ

730 434 1048 516 Audentius
1075 448 1362 531 episcotius
1389 447 1705 519 subscripsi.

600 545 716 614 Ego
754 544 1032 614 Agrestius
1055 543 1338 612 episcopus
1364 542 1687 611 subscripsi.

600 638 714 709 Ego
752 637 924 693 Julius
945 636 1230 708 episcopus
1252 635 1570 707 subscripsi.

600 732 713 802 Ego
754 728 1039 799 Auspicius
1068 714 1354 796 episcOpus
1383 726 1705 797 subscripsi.

596 822 710 893 Ego
746 820 1063 876 Theodorus
1090 819 1375 888 episcopus
1407 817 1725 889 subscripsi.

597 914 711 986 Ego
754 911 1014 967 Maximus
1046 911 1332 980 cpiscopus
1358 910 1675 979 subscripsi.

596 1008 711 1079 Ego
752 1004 1052 1061 Eucherius
1095 1006 1382 1075 episcopus
1421 1001 1757 1075 subscripsi,
1808 1009 2116 1067 sanctorum

522 1099 861 1156 sacerdotum
917 1080 1449 1169 comprovincialium
1507 1110 1751 1150 meorum
1820 1110 1983 1164 super
2036 1096 2117 1150 bis

520 1202 931 1264 exspectaturus
954 1206 1257 1255 assensum.

1216 324 1605 401 COLLEG'NQ
1641 325 1976 401 CAHQNU!
2015 331 2077 389 So

2215 329 2393 395 DORO
2430 333 2699 400 HISPAL.‘
2736 335 3110 401 ASCBIP‘I‘A.

2146 454 2201 514 Α
2301 453 2413 525 Ego
2450 455 2733 513 Nectarius
2761 457 3049 528 episcopus
3078 458 3406 530 subseripsl.

2296 545 2410 615 Ego
2448 547 2630 603 Justus
2660 549 2945 620 episcopus
2979 550 3297 623 subscripsi.

2296 637 2559 695 Gevetius
2587 641 2877 711 episcopus
2902 643 3221 715 subscripsi.

2294 731 2407 799 Ego
2446 735 2756 803 Augustalis
2785 736 3070 807 episcopus
3096 737 3419 808 subscripsi.

2294 824 2407 894 Ego
2447 825 2716 895 Ingenuus
2745 827 3031 897 episcopus
3056 829 3375 901 subscripsi.

2294 915 2407 988 Ego
2446 919 2820 987 Superventor
2842 920 3092 977 Solonius
3121 923 3407 993 episcopus
3436 925 3752 999 subscripsi.

2291 1007 2395 1063 Pro
2425 1019 2579 1078 patre
2619 1026 2742 1068 meo
2767 1013 3025 1083 episcOpo
3050 1014 3275 1071 Claudio
3318 1018 3612 1089 subscripsi
3643 1030 3698 1076 et
3726 1037 3809 1079 re-

2220 1114 2470 1171 cognovr.

520 1322 3803 1377 Μ

1968 1445 2314 1522 XXVIII

1262 1610 1933 1705 CONCILIUM
1994 1610 2513 1707 VASENSE
2589 1616 3080 1705 PRIMUM

627 1767 924 1829 HABI'I‘UM
971 1769 1112 1810 EBA
1158 1767 1520 1825 CCCCLXXX,
1566 1771 1735 1813 APUD
1784 1768 2133 1812 AUSPICIUM
2176 1768 2534 1838 EPISCOI’UM
2580 1772 2898 1819 RCCLESIB
2942 1778 3338 1835 CATHOLICB,
3386 1780 3726 1831 THEODOSII

961 1848 1222 1893 ιιιΝοιιιε
1266 1849 1701 1909 τειροωβυε,
1740 1845 2052 1892 0108⁸00Πο
2096 1847 2402 1909 οοΝευιε,
2432 1854 2549 1896 SUB
2584 1854 2692 1896 DIE
2732 1856 2876 1900 IDUS
2923 1858 3317 1904 NOVBIIBRIS.

517 1978 560 2039 I.
625 1977 693 2035 Ut
722 1976 985 2033 Gallicani
1013 1978 1238 2048 episcopi
1265 1979 1316 2034 in
1348 1976 1548 2034 Gallias
1583 1996 1684 2034 non
1732 1980 2102 2034 discutiantur.
2137 1977 2187 2038 Β
2216 1977 2359 2035 tione
2403 1982 2753 2040 fraudantur:
2793 1986 2847 2041 hi
2877 1988 3021 2044 enim
3054 1989 3188 2046 tales
3216 1994 3369 2063 quasi
3414 1997 3686 2067 egentium
3719 2015 3807 2055 ne-

589 2073 795 2128 Placuit
822 2086 951 2139 ergo
982 2079 1207 2124 tractatu
1241 2070 1418 2123 habito
1450 2071 1735 2140 episcopos
1774 2072 1842 2125 de
1867 2068 2103 2124 Gallica-

516 2167 602 2224 nis
631 2165 924 2237 provinciis
952 2165 1233 2219 venientes
1261 2162 1398 2218 intra
1431 2164 1631 2221 Gallias
1673 2178 1778 2219 non
1811 2163 2106 2219 discutien-

517 2263 637 2325 dos,
666 2257 758 2312 sed
791 2256 965 2310 solum
1001 2255 1248 2311 sufﬁcere
1274 2257 1316 2311 si
1348 2256 1524 2311 nullus
1547 2258 1909 2311 communioni
1935 2256 2105 2310 alicu-

515 2351 605 2427 jus
636 2350 1003 2415 interdixerit;
1037 2349 1161 2421 quia
1198 2350 1337 2404 inter
1366 2348 1881 2405 circumhabitantes
1908 2364 1971 2403 ac
2003 2348 2107 2405 sibi

519 2460 661 2525 pene
709 2443 938 2497 invicem
992 2452 1145 2496 notos
1206 2457 1309 2494 non
1356 2451 1460 2493 tam
1519 2440 1826 2494 testimonio
1870 2439 2108 2509 indigent

518 2536 709 2608 probi,
779 2550 937 2606 quam
982 2534 1326 2589 denotatione
1370 2542 1425 2587 et
1466 2532 1960 2588 denuntiationibus
2008 2535 2106 2588 de-

521 2627 749 2701 pravati.

516 2722 676 2795 225
708 2720 770 2775 ll.
806 2720 881 2774 De
913 2718 1270 2791 pauitantibus
1301 2718 1466 2801 subito
1496 2720 1713 2774 mortuis
1741 2728 1795 2771 ut
1823 2719 2109 2773 oblationes

636 2798 639 2803 ”
1048 2806 1225 2844 eorum
1259 2798 1589 2859 recipiantur.

592 2887 697 2942 Pro
726 2885 808 2940 his
840 2886 926 2952 qui
960 2885 1274 2954 paenitentia
1303 2892 1520 2953 accepta
1551 2884 1605 2938 in
1633 2884 1773 2939 bono
1802 2885 1924 2939 vitae
1948 2899 2111 2940 cursu

519 2979 879 3034 satisfactoria
920 2976 1332 3045 compunctioue
1370 2978 1648 3043 viventes,
1700 2978 1817 3031 sine
1866 2992 2110 3031 commu-

521 3070 685 3124 nione
716 3069 992 3139 inopinato
1040 3083 1419 3135 nonnunquam
1468 3067 1691 3121 transitu
1733 3069 1785 3121 in
1826 3068 1967 3136 agris
2019 3076 2111 3121 aut

520 3160 801 3217 itineribus
846 3160 1265 3229 prmveniuutur,
1306 3160 1631 3213 oblationem
1664 3158 2025 3228 recipiendam
2056 3168 2111 3214 et

515 3268 704 3311 eorum
755 3255 941 3308 l'unera
991 3266 1053 3307 ac
1084 3252 1338 3321 deinceps
1388 3252 1701 3305 memoriam
1744 3250 2111 3308 ecclesiastico

2209 2082 2444 2142 calores,
2490 2090 2592 2129 nec
2622 2076 2905 2132 credentes
2946 2077 3210 2150 judicium
3257 2084 3347 2138 Dei
3383 2086 3613 2142 habendi
3644 2101 3802 2158 sunt;

2210 2167 2353 2222 unde
2396 2178 2449 2222 et
2479 2170 2695 2240 quidam
2723 2180 2933 2241 patrum
2968 2174 3019 2228 in
3063 2174 3164 2230 hoc
3192 2175 3406 2247 scriptis
3436 2179 3550 2235 suis
3586 2181 3806 2238 inseruit

2208 2271 2544 2330 congruente
2586 2268 2853 2320 sententia
2898 2280 3003 2337 qua
3029 2266 3106 2325 ait
3136 2285 3148 2322 :
3179 2270 3370 2324 Amico
3398 2273 3670 2341 quippiam
3723 2290 3807 2329 ra-

2209 2370 2337 2427 pere
2366 2356 2565 2413 furtum
2594 2369 2703 2427 est,
2729 2358 2984 2416 Ecclesia:
3010 2361 3257 2425 fraudare
3280 2364 3640 2435 sacrilegium.

2208 2446 2278 2503 Υ.
2310 2443 2381 2503 Ut
2405 2449 2495 2518 qui
2516 2450 2776 2507 sententia:
2797 2453 3024 2525 ορξηορὶ
3044 2454 3125 2525 sui
3147 2470 3252 2509 non
3275 2457 3548 2525 acquiescit
3568 2466 3805 2515 recurrat

2806 2524 2874 2576 ad
2900 2524 3180 2595 synodum.

2282 2609 2340 2665 Si
2386 2608 2506 2682 quis
2534 2613 2777 2686 cpiscOpi
2805 2615 2889 2669 sui
2923 2617 3204 2672 sententia:
3230 2632 3339 2674 non
3367 2620 3685 2693 acquiescit,
3716 2638 3805 2681 re-

2207 2714 2394 2757 currat
2420 2704 2485 2759 ad
2508 2706 2795 2777 synodum.

2210 2795 2373 2869 226
2401 2794 2487 2850 VI.
2542 2796 2612 2852 Ut
2641 2799 3108 2877 excommunicatus
3136 2802 3365 2877 humiliet
3394 2805 3726 2877 semetipsum
3750 2813 3801 2861 at

2694 2874 2929 2940 [catinius
2967 2874 3341 2929 reconcilietur.

2280 2956 2361 3012 Ex
2381 2958 2607 3028 epistola
2629 2963 2800 3017 sancti
2822 2962 3115 3019 Clementis
3132 2965 3276 3019 utilia
3298 2980 3527 3037 quaeque
3547 2969 3798 3036 praesenti

2210 3056 2453 3118 tempore
2498 3053 2742 3108 ecclesiis
2786 3055 3089 3109 necessaria
3121 3066 3247 3111 sunt
3290 3056 3587 3113 honorifice
3622 3059 3800 3129 profe-

2208 3143 2375 3197 renda
2399 3183 2413 3209 ,
2463 3153 2517 3198 et
2558 3157 2681 3199 cum
2727 3145 3026 3202 reverentia
3054 3147 3123 3202 ab
3166 3149 3415 3204 omnibus
3452 3150 3708 3206 ﬁdelibus
3745 3166 3802 3207 ac

2210 3237 2480 3306 praecipue
2505 3239 2718 3295 clericis
2740 3240 3052 3312 recipienda
3081 3259 3095 3297 :
3127 3256 3193 3297 ex
3222 3243 3413 3313 quibus
3435 3245 3564 3313 quid
3592 3247 3801 3314 specia-

516 3347 708 3402 ail‘ectu
730 3344 1158 3416 prosequendum
1178 3386 1193 3410 ,
1224 3344 1347 3413 quia
1377 3342 1530 3398 nefas
1555 3353 1636 3399 est
1662 3359 1846 3399 eorum
1871 3359 2102 3400 comme-

2215 3330 2337 3386 liter
2360 3332 2560 3401 placuit
2587 3343 2783 3401 praeter
2802 3336 3163 3390 venerandam
3187 3338 3560 3407 antiquitatem
3590 3339 3801 3394 statutis

515 3441 871 3494 morationem
926 3438 1134 3492 excludi
1191 3451 1221 3490 a
1273 3437 1597 3493 salutaribus
1648 3441 1853 3506 sacris,
1901 3438 1989 3507 qui
2038 3440 2103 3494 ad

516 3530 705 3587 eadem
756 3544 905 3584 sacra
958 3529 1098 3586 fideli
1151 3528 1342 3586 affectu
1390 3532 1816 3597 contendentes,
1863 3532 1992 3585 dum
2045 3546 2105 3588 se

516 3624 715 3680 diutius
763 3638 887 3679 reos
935 3632 1200 3688 statuunt,
1233 3624 1479 3694 indignos
1508 3624 1801 3680 salutiferis
1832 3625 2104 3695 mysteriis

515 3716 755 3773 indicant
784 3732 846 3771 ac
889 3715 1223 3787 purgatiores
1269 3716 1474 3772 restitui
1512 3717 1855 3785 desiderant,
1902 3719 2103 3788 absque

515 3818 976 3879 sacramentorum
998 3812 1189 3865 viatico
1206 3809 1638 3880 intercipiuntur,
1663 3811 1857 3878 quibus
1876 3809 2104 3866 fortasse

514 3917 617 3959 nec
645 3902 1094 3956 absolutissimum
1128 3902 1618 3957 reconciliationem
1661 3902 1915 3957 sacerdos
1941 3902 2102 3956 dene-

512 3994 742 4067 gandam
766 4004 1021 4064 putasset.

548 4084 637 4141 Iﬂ.
666 4085 733 4140 Ut
759 4086 821 4140 ab
850 4086 1064 4139 alterius
1103 4085 1344 4155 episcopo
1366 4084 1591 4139 chrisma
1618 4081 1793 4137 nullus
1823 4083 2062 4152 accipiat.

589 4178 690 4233 Per
719 4179 926 4247 singula
972 4178 1238 4232 territoria
1285 4176 1584 4246 presbyteri
1626 4175 1708 4228 vel
1758 4175 1987 4229 ministri
2033 4176 2101 4230 ab

510 4268 781 4339 episcopis
807 4308 822 4333 ,
876 4284 983 4322 non
1017 4278 1176 4336 prout
1225 4268 1431 4321 libitum
1463 4267 1622 4320 fuerit
1661 4281 1691 4320 ι
1729 4265 2096 4335 vicinioribus,

510 4361 608 4415 sed
635 4376 666 4414 a
691 4360 801 4414 suis
825 4359 1058 4429 propriis
1076 4374 1169 4426 per
1193 4372 1363 4411 annos
1385 4356 1623 4426 singulos
1642 4367 1823 4426 petant
1842 4360 2097 4424 chrisma,

513 4454 982 4522 appropinquante
1010 4450 1353 4504 solemnitate
1385 4450 1643 4521 paschali,
1671 4465 1769 4505 nec
1792 4466 1886 4520 per
1914 4466 2098 4520 quem-

512 4556 725 4612 cunque
772 4542 1198 4598 ecclesiasticum
1248 4557 1264 4594 :
1306 4542 1399 4597 sed
1440 4544 1486 4597 si
1517 4558 1618 4612 qua
1670 4545 1963 4599 necessitas
2005 4551 2099 4601 aut

512 4637 880 4695 ministrorum
918 4636 1199 4702 occupatio
1233 4646 1336 4701 est,
1385 4650 1477 4704 per
1504 4636 1893 4693 subdiacouum
1916 4678 1931 4703 ,
1971 4638 2096 4706 quia

2208 3426 2565 3493 praesentibus
2595 3428 2951 3497 roboramus,
2981 3430 3123 3498 quod
3167 3431 3567 3501 suprascriptus
3616 3434 3801 3488 beatus

2207 3526 2413 3586 martyr
2440 3516 2509 3572 de
2536 3517 2835 3573 beatissimi
2865 3521 3098 3591 apostoli
3127 3521 3269 3576 Petri
3292 3522 3631 3579 institutione
3658 3539 3801 3579 com-

2206 3608 2669 3671 memoratdicens
2701 3626 2717 3664 :
2744 3610 2996 3677 Quadam
3018 3620 3199 3671 autem
3214 3616 3374 3670 etiam
3393 3630 3460 3671 ex
3489 3616 3645 3671 vobis
3674 3618 3801 3686 ipsis

2207 3696 2507 3769 intelligere
2531 3700 2763 3769 debetis,
2781 3703 2826 3756 si
2851 3717 2957 3773 qua
2985 3713 3114 3759 sunt
3136 3719 3255 3775 quas
3276 3707 3392 3775 ipse
3416 3716 3610 3776 praeter
3632 3705 3721 3779 [T.
3744 3708 3797 3774 2,

2207 3789 2446 3864 propter]
2481 3791 2705 3847 insidias
2737 3792 3011 3850 hominum
3043 3796 3305 3851 malorum
3335 3813 3442 3852 non
3469 3805 3645 3867 potest
3674 3799 3802 3853 evi-

2202 3883 2420 3940 dentius
2447 3895 2503 3940 et
2544 3886 2880 3943 manifestius
2904 3890 3169 3961 proloqui.
3201 3890 3363 3947 Verbi
3390 3891 3579 3962 gratia,
3614 3892 3802 3945 inimi-

2204 3991 2299 4032 cus
2328 3986 2409 4033 est
2434 3979 2593 4034 alicui
2623 3996 2718 4050 pro
2746 3983 2951 4038 actibus
2981 3985 3133 4040 suis?
3162 4001 3257 4041 vos
3288 3986 3455 4043 nolite
3482 3997 3800 4057 exspectare

2202 4079 2264 4126 ut
2292 4072 2408 4141 ipse
2438 4073 2589 4130 vobis
2613 4074 2759 4129 dicat
2803 4092 2818 4130 :
2848 4076 2982 4131 Cum
3018 4078 3110 4132 illo
3137 4080 3301 4135 nolite
3329 4080 3488 4135 amici
3519 4095 3672 4148 esse,
3705 4082 3797 4137 sed

2205 4167 2497 4234 prudenter
2521 4168 2818 4225 observare
2849 4170 3056 4227 debetis
3087 4183 3140 4228 et
3163 4174 3442 4244 voluntati,
3488 4175 3608 4253 ejus
3649 4175 3798 4231 vide-

2203 4258 2328 4315 licet
2356 4262 2445 4332 qui
2468 4263 2711 4319 ecclesiae
2746 4280 2928 4320 curam
2958 4266 3128 4336 gerit,
3172 4267 3375 4337 absque
3419 4271 3797 4325 communione

2201 4352 2609 4423 obsecundare,
2658 4362 2714 4410 et
2757 4358 2927 4412 averti
2957 4373 3015 4412 se
3056 4358 3123 4413 ab
3152 4374 3219 4414 eo
3248 4360 3333 4415 cui
3375 4359 3551 4441 ipsum
3583 4361 3797 4417 sentitis

2201 4450 2507 4518 adversum,
2532 4450 2624 4507 sed
2647 4465 2745 4506 nec
2775 4451 2921 4522 loqui
2949 4452 3033 4507 bis
3053 4453 3246 4522 quibus
3271 4452 3385 4522 ipse
3406 4468 3515 4509 non
3536 4455 3794 4522 loquitur,

2201 4554 2257 4599 ut
2283 4545 2656 4616 unusquisque
2684 4546 2775 4617 qui
2816 4545 2869 4600 in
2910 4544 3062 4615 culpa
3090 4555 3173 4602 est
3199 4546 3325 4601 dum
3364 4547 3511 4616 cupit
3550 4547 3792 4603 omium

2200 4645 2435 4692 vestrum
2479 4636 2584 4693 sibi
2602 4641 2829 4707 gratiam
2856 4652 3133 4706 reparare,
3161 4636 3381 4694 festinet
3408 4639 3571 4695 citius
3601 4654 3798 4695 recon-

508 4726 835 4785 inhonorum
880 4736 967 4782 est
1007 4727 1347 4783 inferioribus
1376 4743 1584 4783 summa
1615 4729 1909 4793 committi,
1958 4731 2097 4800 opti-
2130 4716 2184 4775 D
2205 4728 2803 4798 ciliarieiquiomnibus
2820 4738 3083 4800 praestet
3101 4731 3309 4800 perhoc
3329 4730 3543 4791 reditad
3563 4731 3796 4788 salutem

512 4839 663 4879 mum
704 4834 882 4879 autem
914 4832 998 4879 est
1026 4832 1085 4879 ut
1134 4824 1250 4893 ipse
1298 4827 1557 4897 suscipiat
1597 4828 1687 4896 qui
1727 4827 1781 4881 in
1840 4826 2098 4882 tradendo

510 4932 709 4972 usurus
736 4926 851 4985 est;
883 4917 927 4972 si
951 4917 1079 4987 quid
1107 4917 1313 4984 obstat,
1342 4920 1534 4974 saltem
1566 4921 1612 4974 is
1640 4918 1797 4989 cujus
1824 4919 1985 4974 officii
2016 4928 2099 4977 est

508 5009 805 5063 sacrarium
835 5007 1122 5078 disponere
1149 5016 1206 5064 et
1232 5021 1567 5066 sacramenta
1589 5010 1880 5079 suscipere.

509 5096 601 5173 IY.
638 5096 705 5152 Ut
732 5098 817 5168 qui
866 5099 1147 5159 oblationes
1176 5100 1536 5181 defunctorum
1561 5100 1782 5156 retinent
1808 5115 2099 5157 excommu-

1180 5183 1435 5233 mcenlur,

583 5260 684 5329 Qui
720 5268 747 5298 ⁸
777 5261 1074 5319 oblationes
1104 5262 1480 5319 defunctorum
1514 5264 1747 5319 retinent
1768 5271 1825 5319 et
1856 5264 2101 5321 ecclesiis

511 5353 722 5409 tradere
764 5352 1129 5419 demorautur,
1181 5366 1241 5409 ut
1286 5353 1533 5410 infideles
1577 5356 1644 5410 ab
1676 5357 1916 5411 Ecclesia
1966 5358 2101 5428 abji-

508 5447 718 5513 ciendi,
752 5448 875 5519 quia
906 5465 1079 5519 usque
1108 5449 1175 5503 ad
1207 5448 1627 5509 esinauitionem
1659 5450 1781 5507 ﬁdei
1818 5456 2102 5520 pervenire

509 5548 713 5592 eertum
742 5548 825 5594 est
855 5541 995 5596 hanc
1018 5541 1229 5610 pietatis
1248 5540 1443 5596 divine
1468 5542 1936 5597 exacerbationem
1954 5588 1968 5612 ,
1995 5558 2101 5613 qua

509 5637 563 5684 et
584 5628 769 5685 fideles
790 5631 856 5684 de
884 5646 1109 5698 corpore
1131 5632 1448 5689 recedentes
1470 5646 1714 5689 votorum
1744 5633 2098 5703 plenitudine,

506 5731 563 5777 et
592 5738 854 5794 pauperes
882 5725 1081 5781 collatu
1110 5727 1381 5789 alimoniae
1409 5739 1465 5787 et
1492 5729 1801 5787 necessaria
1830 5721 2102 5785 Sustenta-

2207 4835 2329 4879 cum
2356 4819 2575 4879 obedire
2602 4822 2833 4890 emperit
2858 4821 3078 4879 monitis
3110 4822 3447 4892 prasidentis
3471 4840 3485 4875 :
3522 4833 3579 4878 et
3596 4833 3795 4878 cratera

2207 4927 2325 4982 qua!
2392 4914 2445 4967 in
2499 4913 2847 4983 sequentibus
2891 4914 3149 4971 denotant
3195 4915 3398 4970 amicos
3458 4929 3643 4971 eorum
3701 4915 3796 4985 qui

2206 5005 2420 5060 veritati
2458 5004 2660 5061 inimici
2679 5014 2825 5065 sunt.
2856 5006 3003 5063 Sciat
3030 5009 3209 5076 itaque
3231 5006 3487 5077 deinceps
3516 5006 3694 5062 clerus
3721 5007 3791 5061 ad

2206 5109 2456 5173 reatum,
2500 5099 2593 5155 sed
2637 5110 2693 5156 et
2730 5099 2965 5163 fidelium
3012 5101 3241 5171 populus
3278 5101 3348 5158 ad
3389 5100 3638 5171 culpam,
3689 5103 3794 5159 sibi

2204 5192 2605 5258 ascribendnm,
2646 5191 2695 5248 si
2736 5193 2857 5264 quis
2884 5194 2938 5251 in
2966 5194 3071 5251 hoc
3100 5194 3285 5251 vitium
3310 5194 3572 5253 malorum
3601 5194 3796 5252 casio-

2204 5294 2345 5341 tator
2372 5294 2429 5340 et
2454 5284 2752 5356 disciplinae
2779 5286 3074 5349 subversor
3099 5286 3432 5357 agnoscitur.

2205 5377 2315 5435 VII.
2352 5377 2420 5434 Ut
2448 5389 2766 5433 accusatores
2792 5380 2854 5432 de
2883 5378 3072 5433 levibus
3118 5380 3283 5432 causis
3330 5395 3433 5433 non
3461 5377 3745 5433 audiantur
3772 5415 3793 5447 ,

2507 5451 2569 5505 de
2599 5450 2946 5509 criminalibus
2976 5465 3094 5504 vero
3119 5450 3483 5509 discutiantur.

2278 5542 2484 5597 Placuit
2538 5551 2793 5611 praeterea
2841 5542 3130 5597 accusandi
3187 5542 3459 5597 licentiam
3519 5542 3681 5597 etiam
3734 5543 3794 5601 ill

2209 5637 2378 5690 nostri
2411 5633 2613 5689 ordinis
2643 5635 2689 5689 si
2720 5648 2822 5705 qua
2853 5635 3039 5690 existit
3066 5636 3283 5690 levitate
3311 5634 3702 5705 comprimere,
3734 5647 3796 5693 ut

2208 5730 2491 5799 episcOpus
2521 5726 2568 5783 si
2616 5743 2772 5799 quem
2796 5727 3003 5799 iudicat
3028 5727 3436 5793 abstinendum.
3462 5726 3510 5791 si
3537 5742 3639 5798 pro
3686 5728 3789 5785 ltu-

583 5847 613 5876 ι
633 5839 688 5893 In
718 5840 1001 5898 Codicibus
1027 5842 1370 5911 inveniuntur
1403 5848 1561 5903 verba
1595 5864 1608 5900 :
1643 5846 1719 5901 De
1747 5845 2075 5903 damnatione
2110 5863 2306 5913 eorum,
2332 5858 2452 5916 quae
2477 5851 2742 5913 expuneta
2772 5853 2917 5909 sunt,
2950 5843 3072 5921 quia
3105 5840 3426 5901 redundant.
