4024 6350
1165 390 1445 453 ϐΑιιιλΕ
1485 391 1831 455 CONOILIA.
1871 422 1943 435 —
1983 392 2299 453 VASENSE
2336 391 2403 454 Il.

3331 403 3439 463 969

180 515 456 575 miliatiuno
481 516 536 567 ot
577 512 917 579 correctione
965 510 1147 573 fratris
1184 512 1420 581 assurgit
1459 512 1669 569 exorari
1716 527 1747 568 a
1778 522 1827 578 Α
1853 515 2119 583 processit
2143 530 2239 570 eos
2268 529 2372 570 non
2398 516 2779 585 misericordia!
2805 516 2914 591 iam
2944 504 3039 585 sed
3073 524 3297 583 canibus
3344 544 3439 585 ex-

178 608 402 673 caeteris,
427 607 731 677 acquiescat
762 608 909 661 fratri
942 606 1008 660 de
1031 621 1136 677 quo
1163 606 1359 676 agitur,
1407 606 1750 674 correptione

1083 700 1167 759 sin
1192 708 1369 761 autem
1412 697 1480 752 de
1525 698 1749 753 crimine

174 798 385 864 aliquem
438 804 591 864 putet
620 808 741 848 esse
785 792 1167 857 damnandum,
1204 792 1503 846 accusatori
1550 808 1647 845 suo
1691 806 1749 846 se

172 886 545 943 discutiendum
592 887 758 951 sciat;
818 888 893 940 fas
939 896 1019 941 est
1051 886 1193 940 enim
1238 893 1291 937 ut
1321 899 1442 955 quae
1486 882 1579 938 uni
1624 898 1748 953 pro-

176 715 221 756 et
271 698 687 761 comminatione
733 700 969 761 adhibita
1016 716 1032 755 :

172 979 345 1032 bantur
375 978 673 1045 probentur
702 978 972 1032 omnibus.

172 1070 288 1125 VIII.
327 1069 392 1125 Ut
423 1072 694 1143 episcopus
730 1072 952 1124 alienum
981 1071 1222 1125 clericum
1248 1076 1538 1141 peccantem
1565 1070 1747 1123 redar-

864 1153 1007 1215 guat.

235 1234 379 1301 Quod
416 1235 463 1288 si
510 1250 568 1290 se
616 1243 817 1299 tantum
846 1237 1131 1309 episcopus
1165 1236 1323 1291 alieni
1366 1235 1586 1290 sceleris
1611 1251 1742 1291 con-

165 1325 315 1378 scium
355 1326 535 1390 novit,
570 1325 801 1395 qttzttttlitt
828 1326 1055 1394 probare
1090 1342 1195 1380 non
1240 1336 1417 1395 potest
1456 1327 1586 1381 nihil
1616 1340 1741 1395 pro-

164 1417 310 1485 ferat,
340 1420 436 1479 sed
474 1435 595 1479 cum
638 1421 752 1490 ipso
775 1420 839 1474 ad
871 1422 1339 1492 compunctionem
1371 1420 1489 1490 ejus
1517 1421 1741 1477 secretis

162 1513 573 1581 correptiouibus
605 1513 883 1579 elaboret,
915 1515 1003 1585 qui
1030 1514 1073 1568 si
1097 1523 1376 1583 correptus
1415 1513 1741 1583 pertinacior

163 1600 327 1667 fu'erit,
359 1612 417 1659 et
445 1620 503 1660 se
539 1606 903 1661 communioni
933 1605 1143 1679 publice
1176 1605 1478 1675 ingesserit,
1504 1606 1663 1660 etiam
1694 1607 1739 1661 si

158 1697 428 1765 episcopus
479 1699 532 1754 in
573 1700 947 1769 redarguendo
996 1700 1091 1755 illo
1140 1715 1299 1769 quem
1344 1715 1494 1754 reum
1537 1699 1741 1766 judicat

159 1788 464 1856 probatione
495 1791 707 1847 deﬁciat
734 1792 1071 1846 indemnatus
1101 1791 1228 1845 licet
1251 1790 1411 1863 227
1442 1790 1509 1845 de
1533 1791 1616 1845 his
1647 1792 1737 1860 qui

158 1882 278 1936 nihil
314 1885 512 1950 sciunt,
546 1886 799 1939 secedere
819 1885 883 1938 ad
918 1896 1126 1956 tempus
1168 1899 1266 1959 pro
1298 1899 1523 1952 persona
1568 1884 1737 1953 majo—
1764 1902 1814 1965 Β

156 1969 222 2025 ris
248 1976 580 2029 auctoritatis
608 1975 881 2046 jubeatur,
917 1976 1028 2041 illo,
1074 1975 1307 2046 quandiu
1337 1975 1565 2043 probare
1595 1976 1730 2030 nihil

150 2075 334 2133 potest,
360 2068 409 2127 in
435 2071 812 2129 communione
836 2071 1072 2125 omnium
1101 2077 1457 2140 praeterquam
1497 2067 1615 2138 ejus
1642 2067 1731 2135 qui

146 2171 255 2213 eum
291 2176 445 2217 reum
474 2161 680 2230 judicat
712 2169 1082 2229 permanente.

142 2245 221 2301 IX.
260 2248 328 2305 Ut
380 2252 465 2327 qui
489 2252 771 2322 expositum
820 2251 1065 2307 invenerit
1107 2250 1372 2305 ecclesiam
1404 2256 1727 2303 contestatur.

204 2338 282 2393 De
310 2340 592 2410 expositis,
626 2342 747 2411 quia
776 2340 1113 2396 Conclamata
1136 2339 1204 2393 ab
1230 2338 1481 2394 omnibus
1509 2337 1726 2407 querela

206 2466 229 2495 ³
263 2458 320 2517 In
345 2456 639 2520 Codicibus
669 2477 682 2514 :
715 2459 903 2531 infelix
928 2476 959 2511 a
986 2459 1275 2529 proneptis.

1853 607 1997 673 puni,
2024 622 2160 675 quos
2186 608 2443 679 colligere
2468 612 2853 677 calumniarum
2886 626 3032 679 metu
3060 620 3306 686 quamvis
3350 622 3432 676 in-

1853 698 1991 753 Ilexa
2021 700 2301 769 praeceptis
2328 708 2354 737 ι
2382 704 2762 760 misericordia:
2790 721 2941 762 mens
2976 710 3202 765 humana
3260 713 3439 769 detre-

1850 798 1977 853 ctat,
2014 790 2064 845 id
2106 791 2422 847 servandum
2465 796 2635 850 visum
2681 807 2782 864 est,
2815 809 2871 854 ut
2911 803 3199 858 secundum
3242 816 3438 863 statuta

1850 882 2329 954 ﬁdelissimorum,
2405 889 2766 955 piissimorum
2831 897 3438 969 augustissimorumque

1849 977 2144 1046 principum
2196 980 2437 1048 quisquis
2468 982 2771 1050 expositum
2821 987 3023 1059 colligit
3052 992 3215 1063 228
3259 994 3435 1048 eccle-

1846 1080 1981 1121 suam
2025 1078 2390 1138 contestetur,
2420 1076 2866 1130 contestatiunem
2920 1081 3139 1151 colligat
3189 1101 3202 1137 :
3242 1085 3436 1139 nihilu-

1847 1164 2025 1219 minus
2056 1162 2124 1219 de
2155 1164 2347 1221 altario
2396 1165 2669 1223 dominico
2708 1168 2796 1225 die
2844 1171 3091 1227 minister
3119 1178 3433 1247 annuntiet,

1845 1262 1904 1308 ut
1937 1255 2162 1311 ecclesia
2192 1259 2326 1312 sciat
2372 1258 2672 1335 expositum
2703 1276 2824 1317 esse
2854 1264 3159 1333 collectum,
3207 1277 3262 1322 ut
3293 1269 3435 1325 intra

1844 1346 1957 1402 dies
1978 1348 2166 1405 decem
2196 1351 2263 1405 ab
2287 1354 2638 1422 expositionis
2667 1354 2754 1411 die
2778 1359 3079 1426 expositum
3106 1360 3360 1429 recipiat,
3388 1362 3435 1418 si

1814 1464 1819 1469 ι
1843 1438 1961 1506 quis
1982 1454 2043 1495 se
2074 1442 2379 1511 probaverit
2408 1447 2693 1514 agnovisse
2720 1464 2734 1501 :
2766 1448 3044 1503 cullectori
3075 1467 3169 1514 pro
3198 1452 3433 1523 ipsorum

1842 1531 2031 1588 decem
2064 1534 2273 1603 dierum
2303 1538 2672 1593 misericordia
2703 1552 2859 1609 prout
2888 1544 3154 1611 maluerit,
3187 1555 3277 1598 aut
3299 1561 3433 1615 pra!-

1840 1639 1965 1681 sens
1992 1626 2062 1680 ab
2090 1627 2308 1685 homine
2356 1642 2449 1685 aut
2487 1633 2540 1688 in
2571 1644 2888 1704 perpetuum
2934 1652 3055 1692 cum
3110 1638 3221 1691 Deo
3254 1639 3431 1719 gratia

1841 1721 2218 1788 persolveuda.

1878 1853 1943 1907 Χ.
1982 1853 2049 1911 Ut
2070 1856 2159 1926 qui
2177 1865 2719 1938 preterfonstitutum
2739 1864 3032 1938 expositum
3081 1866 3297 1938 reposcit
3339 1874 3397 1919 ut

2360 1931 2616 1985 homicida
2661 1931 2927 1989 habeatur.

1912 2060 2053 2116 Sane
2103 2061 2148 2117 si
2202 2065 2321 2133 quis
2350 2076 2470 2135 post
2525 2067 2662 2123 hanc
2691 2070 3153 2140 diligentissimam
3193 2073 3427 2128 sanctio-

1838 2169 1960 2210 nem
1992 2159 2356 2228 expositorum
2412 2162 2515 2219 hoc
2545 2166 2736 2221 ordine
2773 2167 3125 2221 collectorum
3169 2167 3430 2237 repetitur

1840 2248 1921 2301 vel
1970 2252 2323 2308 calumniator
2367 2257 2670 2324 exstiterit,
2718 2268 2779 2315 ut
2830 2258 3095 2315 homicida
3145 2259 3425 2317 habendus

1836 2349 1937 2395 est.

1581 2701 1860 2777 XXIX
2308 2682 2315 2687 ’

745 2825 1413 2932 CONCILIUM
1486 2846 1992 2930 VASENSE
2064 2845 2778 2935 SECUNDUM.

430 2984 473 3041 Ι.
507 2984 584 3040 De
614 2985 1027 3057 presbyterorum
1070 2986 1432 3040 observatione.

203 3077 315 3135 Hoc
344 3078 578 3151 placuit,
618 3087 674 3132 ut
702 3092 891 3133 omnes
919 3077 1216 3149 presbyteri
1247 3077 1336 3148 qui
1381 3086 1505 3131 sunt
1536 3075 1589 3131 in
1627 3089 1719 3145 pa-

132 3172 316 3228 rocblis
364 3172 685 3238 constituti,
724 3170 1021 3226 secundum
1052 3169 1498 3227 consuetudinem
1552 3183 1712 3239 quam

133 3281 218 3334 per
241 3276 405 3321 totam
433 3265 633 3319 Italiam
661 3266 790 3319 satis
821 3264 1107 3320 salubriter
1134 3265 1307 3320 teneri
1337 3262 1711 3333 cognovimus,

127 3354 357 3426 iuniores
390 3357 623 3413 lectores
664 3368 1110 3428 quantuscunque
1140 3357 1257 3412 sine
1305 3370 1471 3411 uxore
1513 3354 1712 3410 habue-

128 3450 243 3519 rint,
266 3466 450 3511 secum
486 3450 537 3507 in
570 3448 788 3507 domum
820 3448 907 3503 ubi
937 3449 1035 3520 ipsi
1063 3449 1305 3504 habitare
1333 3448 1582 3503 videntur
1629 3462 1715 3502 re-

128 3549 338 3616 cipiant,
372 3558 426 3604 ct
447 3564 542 3605 eos
564 3547 839 3618 quomodo
869 3543 994 3603 boni
1026 3553 1207 3618 patres
1236 3544 1585 3617 spiritualiter
1615 3559 1713 3599 nu-

126 3640 339 3698 trientes
364 3641 608 3713 psalmos
634 3656 857 3709 parare,
882 3639 1077 3694 divinis
1108 3639 1433 3695 lectionibus
1465 3637 1713 3694 insistere

126 3732 237 3804 [U.,
270 3731 562 3808 Instruere]
589 3741 645 3789 et
669 3733 718 3787 in
749 3733 866 3804 lege
898 3732 1104 3788 Domini
1134 3733 1350 3789 erudire
1386 3731 1712 3787 contendant

123 3832 172 3877 ut
199 3834 254 3879 et
280 3824 385 3881 sibi
418 3824 608 3894 dignos
622 3839 970 3881 successores
997 3826 1315 3895 provideant
1344 3835 1399 3880 et
1420 3840 1450 3878 a
1482 3825 1713 3879 Domino

118 3915 331 3984 praemia
376 3924 576 3969 aeterna
612 3915 893 3981 recipiant.
936 3913 1070 3969 Cum
1102 3930 1230 3968 vero
1254 3914 1321 3967 ad
1349 3923 1560 3968 aetatem
1592 3927 1712 3983 per-

114 4005 305 4062 fectam
340 4006 608 4073 venerint,
639 4007 681 4059 si
716 4006 908 4076 aliquis
938 4022 1128 4062 eorum
1159 4022 1256 4076 pro
1290 4007 1469 4060 carnis
1507 4003 1713 4075 fragili-

114 4109 217 4155 tate
259 4114 486 4153 uxorem
537 4098 735 4154 habere
783 4100 1032 4169 voluerit,
1088 4109 1328 4171 potestas
1380 4101 1428 4155 ei
1483 4100 1713 4155 ducendi

117 4192 425 4264 conjugium
453 4208 555 4246 non
590 4202 836 4261 negetur.

255 4286 319 4339 II.
367 4286 600 4352 Qualiter
626 4286 901 4339 recitentur
925 4301 956 4338 a
978 4283 1279 4338 diaconibus
1308 4285 1554 4339 humilia.

180 4376 292 4433 Hoc
320 4378 478 4432 etiam
530 4393 628 4449 pro
672 4377 1028 4432 aediﬁcatione
1072 4376 1313 4430 onmium
1352 4376 1708 4432 ecclesiarum

122 4479 169 4525 et
197 4488 290 4541 pro
341 4473 571 4527 utilitate
611 4472 773 4527 totius
802 4471 981 4543 populi
1027 4469 1181 4524 nobis
1233 4469 1461 4540 placuit,
1501 4479 1556 4523 ut
1601 4484 1705 4525 non

123 4562 278 4618 solum
306 4564 356 4617 in
384 4563 688 4618 civitatibus
721 4562 819 4617 sed
860 4564 1021 4617 etiam
1053 4562 1105 4615 in
1135 4560 1386 4615 omnibus
1433 4560 1707 4629 parochiis

124 4655 327 4711 verbum
359 4656 589 4712 faciendi
616 4655 867 4709 daremus
894 4652 1226 4726 presbyteris
1254 4660 1596 4722 potestatem,
1630 4651 1704 4707 ita

1827 2984 2004 3037 ctione
2040 2982 2271 3052 dicatur,
2300 2986 2499 3055 placuit
2540 2989 2699 3042 etiam
2743 2987 2932 3055 nobis,
2964 2996 3023 3043 ut
3064 2990 3121 3046 in
3165 2992 3416 3049 omnibus

1824 3073 2069 3128 ecclesiis
2083 3076 2280 3129 nostris
2295 3076 2391 3128 ista
2417 3084 2523 3131 tam
2551 3088 2733 3133 sancta
2754 3090 2775 3117 ε
2802 3081 3134 3136 consuetudo
3150 3092 3201 3137 et
3215 3082 3280 3136 ad
3302 3097 3416 3138 ma-

1823 3165 2049 3220 tutinum
2064 3166 2194 3220 etad
2214 3166 2429 3223 missam
2452 3177 2507 3223 et
2527 3170 2592 3225 ad
2611 3186 2915 3241 vesperum,
2932 3173 3043 3229 Deo
3062 3173 3413 3246 proiiltiante,

1820 3258 2224 3329 intromittatur,
2254 3272 2307 3317 et
2333 3262 2385 3316 in
2407 3264 2657 3320 omnibus
2688 3264 2886 3329 missis,
2916 3266 3028 3322 sive
3050 3269 3104 3323 in
3137 3270 3412 3327 matutinis

1818 3355 1931 3411 sive
1951 3356 2002 3411 in
2025 3358 2593 3429 quadragesimalibus,
2618 3360 2731 3417 sive
2752 3361 2806 3417 in
2830 3362 2934 3418 illis
2954 3379 3073 3435 quae
3101 3380 3199 3437 pro
3222 3367 3414 3422 delun-

1817 3460 2025 3504 Ctorum
2057 3452 2657 3509 commemorationibus
2702 3455 2858 3527 ﬁunt,
2894 3472 3107 3527 semper
3157 3459 3410 3537 Sanctus,

1816 3538 2064 3611 Sanctus,
2121 3541 2348 3599 Sanctus
2391 3558 2457 3600 eo
2485 3546 2715 3617 ordine,
2762 3562 2869 3620 quo
2912 3547 3073 3605 modo
3109 3549 3174 3606 ad
3218 3553 3411 3609 missas

1815 3633 2054 3701 publicas
2086 3634 2303 3700 dicitur,
2358 3636 2465 3691 dici
2513 3638 2751 3695 debeat:
2794 3640 2917 3711 quia
2967 3651 3074 3696 tam
3122 3655 3306 3698 sancta
3355 3652 3411 3700 et

1815 3736 1922 3782 tam
1948 3726 2122 3782 dulcis
2145 3736 2198 3783 et
2220 3738 2326 3783 tam
2351 3728 2727 3787 desiderabilis
2750 3747 2873 3799 vox,
2897 3734 3060 3807 229
3085 3734 3297 3789 etiamsi
3320 3733 3407 3793 die

1812 3834 2080 3894 noctuque
2109 3823 2281 3894 possit
2309 3822 2434 3893 dici,
2462 3823 2734 3885 fastidium
2768 3841 2871 3881 non
2903 3827 3101 3897 poterit
3120 3842 3405 3898 generare.

1994 3938 2084 3995 iV.
2115 3940 2184 3995 Ut
2210 3940 2393 3996 numen
2422 3957 2571 4014 papa
2600 3942 2654 3997 in
2692 3944 2919 4007 ecclesiis
2962 3945 3225 4001 recitatur.

1884 4052 1951 4106 Et
1982 4052 2083 4106 hoc
2114 4053 2272 4107 nobis
2286 4054 2489 4121 justum
2519 4056 2689 4110 visum
2721 4068 2827 4125 est,
2861 4068 2918 4112 ut
2960 4072 3157 4113 nomen
3197 4058 3402 4121 domini

1812 4157 1985 4212 papas,
2017 4145 2322 4213 quicunque
2354 4147 2472 4201 sedi
2509 4148 2824 4217 apostolica:
2851 4150 3147 4219 prafucrit,
3201 4153 3254 4209 in
3293 4168 3397 4210 no-

1810 4238 1936 4293 stris
1977 4238 2223 4294 ecclesiis
2250 4241 2527 4301 recitetur.

1988 4350 2055 4406 ν.
2091 4349 2158 4406 Ut
2214 4352 2417 4407 dicatur
2447 4369 2468 4409 :
2497 4353 2648 4411 Sicut
2686 4364 2801 4411 erat
2838 4357 2891 4411 in
2937 4357 3218 4429 principio.

1879 4459 1947 4517 Et
1974 4462 2096 4531 quia
2127 4479 2233 4517 non
2262 4465 2434 4519 solum
2471 4466 2521 4520 in
2554 4465 2685 4522 sede
2728 4469 3054 4538 apostolica,
3105 4470 3203 4527 sed
3234 4472 3397 4533 etiam

1809 4569 1902 4623 per
1932 4564 2096 4609 totum
2130 4554 2401 4611 Orientem
2462 4568 2513 4615 et
2561 4568 2724 4615 totam
2778 4561 3010 4625 Africam
3063 4563 3146 4618 vel
3195 4563 3397 4623 Italiam

1808 4658 2023 4719 propter
2049 4646 2424 4709 haereticorum
2476 4652 2754 4717 astutiam,
2794 4652 2888 4723 qui
2930 4653 3029 4709 Dei
3060 4652 3256 4717 Filium
3287 4672 3397 4719 non

124 4753 172 4799 ut
220 4749 263 4803 si
311 4748 596 4820 presbyter
648 4747 824 4817 aliqua
875 4746 1183 4800 infirmitate
1243 4745 1560 4815 prohibente
1609 4755 2023 4823 perDsemper
2066 4756 2186 4796 cum
2246 4741 2405 4798 Patre
2455 4742 2627 4801 fuisse
2677 4744 2772 4800 sed
2813 4760 2843 4799 a
2874 4754 3117 4817 tempore
3166 4750 3399 4821 coepisse

124 4850 175 4892 se
200 4841 364 4911 ipsum
400 4857 504 4895 non
531 4841 765 4911 potuerit
793 4838 1105 4909 praedicare,
1138 4847 1443 4892 sanctorum
1474 4837 1691 4893 Patrum

125 4928 334 4987 homilizc
363 4931 737 4987 adiacentibus
760 4932 1054 4986 recitentur
1090 4948 1101 4983 :
1128 4931 1172 4984 si
1199 4929 1339 4984 enim
1376 4927 1522 4999 digni
1572 4938 1698 4984 sunt

123 5018 353 5081 diacones
388 5024 529 5095 quod
557 5024 805 5078 Christus
850 5024 903 5077 in
948 5021 1237 5090 Evangelio
1262 5020 1471 5076 locutus
1498 5028 1585 5077 est
1621 5020 1699 5076 le-

122 5126 250 5181 gere,
275 5133 447 5189 quare
470 5116 668 5185 indigni
696 5115 1007 5185 judicentur
1036 5112 1156 5187 [U.,
1186 5113 1274 5182 6.,
1308 5111 1455 5182 sunt]
1481 5119 1698 5169 sancto-

122 5220 225 5264 rum
248 5208 470 5266 Patrum
511 5209 878 5278 eXpositiunus
912 5208 1119 5277 publice
1148 5206 1408 5262 recitare?

282 5304 367 5359 III.
413 5303 578 5373 Kyrie
620 5303 823 5359 eleisun
864 5300 937 5354 vel
969 5301 1197 5356 Sanctus
1220 5317 1355 5370 saepe
1384 5300 1507 5354 dici.

186 5394 246 5449 Et
268 5392 299 5435 ι
324 5399 448 5469 quia
483 5406 587 5450 tam
625 5396 677 5451 in
721 5396 849 5451 sede
874 5394 1185 5465 apostolica,
1214 5409 1373 5463 quam
1407 5395 1564 5448 etiam
1598 5407 1695 5467 per

129 5494 250 5542 totas
290 5490 582 5544 orientales
632 5496 794 5558 atque
845 5485 1009 5542 Italia:
1060 5486 1360 5553 provincias
1416 5484 1586 5539 dulcis
1638 5495 1691 5542 et

130 5577 327 5634 nimium
350 5580 578 5636 salubris
603 5579 936 5634 consuetudo
965 5587 1046 5632 est
1085 5577 1413 5641 intromissa,
1446 5588 1500 5630 ut
1531 5577 1693 5647 Kyrie

129 5668 296 5728 elcison
322 5672 659 5743 frequentius
712 5687 832 5727 cum
868 5669 1055 5742 grandi
1106 5668 1297 5725 ati‘ectu
1334 5678 1386 5724 et
1434 5684 1692 5742 compun-

192 5811 215 5839 ⁸
246 5804 403 5860 Deest
429 5807 530 5860 hoc
550 5806 831 5861 concilium
858 5804 910 5859 in
937 5804 999 5859 E.
1033 5802 1090 5862 5.

188 5870 213 5908 δ
240 5873 300 5931 Τ.
334 5880 383 5949 i,
414 5880 533 5949 quia
561 5894 661 5932 non
682 5878 848 5929 solum
869 5876 921 5928 in
950 5876 1069 5930 sede
1086 5872 1371 5948 apostolica
1398 5876 1486 5931 sed
1506 5877 1680 5931 etiam.

1806 4831 2183 4903 quSphemant
2206 4872 2224 4900 ,
2273 4835 2435 4911 230
2473 4834 2526 4890 in
2559 4836 2809 4895 omnibus
2834 4837 3086 4897 clausulis
3115 4850 3236 4909 post
3262 4839 3398 4897 Glo-

1805 4925 1970 4990 riam;
2022 4925 2171 4987 Sicut
2206 4937 2317 4985 erat
2347 4928 2399 4980 iu
2439 4928 2690 4999 principio
2736 4927 2963 4999 dicitur;
3008 4932 3172 4989 etiam
3214 4943 3269 4991 et
3296 4949 3397 4999 nos

1805 5016 1858 5072 in
1890 5019 2155 5077 universis
2180 5020 2425 5079 ecclesiis
2452 5020 2650 5085 nostris
2690 5021 2794 5085 hoc
2834 5023 2911 5087 ita
2958 5025 3246 5084 dicendum
3270 5041 3396 5091 esse

1804 5110 2159 5169 decrevimus.

1872 5199 2136 5257 Caesarius
2184 5202 2236 5257 in
2297 5202 2496 5259 Christi
2548 5205 2767 5263 nomine
2808 5209 3129 5266 catholicam
3178 5206 3206 5247 ά
3250 5209 3388 5267 hanc

1800 5294 2126 5353 deﬁnitionis
2167 5304 2364 5351 nostrae
2408 5298 2644 5366 regulam
2676 5300 2921 5373 relegens
2952 5303 3275 5372 subscripsi.

1874 5388 1939 5441 Et
1966 5396 2148 5443 notum
2180 5387 2281 5441 sub
2307 5388 2393 5443 die
2420 5405 2680 5445 nouarum
2703 5390 3081 5467 Novembrium
3113 5393 3275 5448 Decio
3306 5397 3389 5463 iu-

1800 5480 1953 5535 niore
1976 5480 2091 5533 viro
2132 5480 2433 5535 clarissimo
2461 5481 2683 5537 consule
2719 5499 2731 5535 :
2775 5482 2827 5537 in
2863 5482 2964 5539 hac
2993 5483 3383 5543 constitutione
3450 5484 3462 5499 ‘

1800 5570 2183 5640 septemdecim
2215 5572 2449 5641 episcopi
2479 5572 2929 5641 subscripserunt.

1869 5663 1999 5732 Quia
2031 5663 2192 5718 etiam
2219 5672 2275 5718 et
2317 5680 2379 5719 ea
2410 5679 2530 5734 qua:
2562 5663 2699 5717 infra
2726 5663 2930 5733 scripta
2972 5675 3102 5729 sunt
3129 5670 3385 5735 omnibus

1870 5819 1891 5845 ε
1920 5804 1984 5861 Τ.
2017 5804 2071 5872 1,
2091 5804 2146 5868 2,
2171 5813 2365 5858 statuta
2401 5810 2598 5856 sancta.
2695 5868 2729 5872 Α

1864 5872 1892 5913 d
1924 5877 1982 5931 ι),
2010 5871 2099 5945 ιι,
2138 5875 2201 5931 Τ.
2236 5876 2288 5943 I,
2319 5876 2375 5942 '2,
2400 5874 2601 5926 nomine
2622 5871 2889 5946 episcopus
2917 5881 3236 5943 catholicam.
