4024 6350
554 376 685 450 263'

1252 384 1636 446 COLLECTIO
1670 382 2005 447 canonum
2044 367 2417 447 s."tsio'0ao
2457 386 2722 447 HISPAL.
2764 386 3125 447 ASCRIPTA.

3732 389 3839 451 964

558 514 807 573 ecclesiis
836 511 968 569 satis
1007 508 1313 567 necessaria
1340 522 1463 565 esse
1494 509 1760 577 novimus,
1790 509 1910 565 ideo
1931 506 2137 579 justum
2172 516 2217 574 Α
2243 523 2506 564 canonum
2524 506 2897 580 jungeremus,
2926 523 2998 566 ex
3026 508 3320 567 constituto
3341 506 3592 582 synodali
3619 522 3838 583 aposto-

555 617 609 665 et
637 605 953 663 rationabile
982 602 1153 659 visum
1197 610 1302 668 est,
1328 609 1384 657 ut
1412 599 1506 657 illa
1547 603 1927 673 suprascriptis
1962 601 2131 658 titulis

2240 602 2353 658 lica:
2382 601 2526 659 sedis
2562 601 2702 659 inter
2727 612 2947 660 caetera.

554 774 673 783 -——

2010 858 2242 933 XXX

1441 999 2106 1087 CONCILIUM
2179 942 2922 1092 AGATHENSE.

1217 1159 1458 1217 νιαιιιτι
1501 1159 1785 1213 QUINQUE
1829 1162 2128 1207 EPISCOPO

2239 1164 2302 1221 ιι,
2349 1165 2639 1210 manus;
2678 1168 2816 1210 asas
2865 1166 2892 1195 ι
2937 1169 3161 1215 nxuv.

542 1286 545 1289 λ
622 1274 776 1327 Anno
807 1270 1067 1327 vicesimo
1097 1268 1336 1326 secundo
1387 1268 1585 1325 Alaricl
1636 1267 1779 1339 regis
1824 1267 1926 1324 sub
1951 1268 2039 1324 die
2072 1282 2133 1323 ιιι

547 1364 671 1421 ldus
719 1362 1053 1435 Septembris
1099 1374 1221 1419 eum
1254 1364 1306 1417 in
1339 1360 1556 1417 nomine
1586 1361 1798 1415 Domini
1828 1360 1881 1415 in
1912 1360 2132 1417 civitate

545 1460 843 1531 Agathensi
873 1458 1311 1514 convenissemus
1342 1456 1393 1511 in
1416 1456 1587 1511 sancti
1626 1454 1859 1511 Andreae
1887 1455 2131 1523 basilica,

546 1552 896 1608 consedimus
923 1552 990 1607 de
1020 1550 1307 1619 disciplina
1354 1558 1408 1604 et
1445 1548 1871 1605 ordinationibus
1909 1546 2133 1604 clerico-

544 1644 860 1715 rum'atqne
886 1644 1195 1715 pontificum
1227 1642 1307 1698 vel
1356 1642 1423 1699 de
1471 1642 1834 1697 Ecclesiarum
1888 1640 2133 1696 utilitati-

547 1734 650 1789 bus
694 1736 993 1791 tractaturi.
1045 1735 1101 1789 In
1153 1736 1327 1803 primo
1377 1732 1427 1788 id
1486 1731 1686 1803 placuit
1714 1740 1773 1787 ut
1799 1746 2035 1788 canones
2082 1740 2139 1788 et

546 1833 742 1881 statuta
775 1826 992 1882 Patrum
1022 1841 1121 1896 per
1148 1825 1391 1882 ordinem
1441 1824 1773 1895 legerentur,
1818 1823 2014 1894 quibus
2059 1823 2139 1879 le-

545 1917 647 1973 ctis
676 1914 727 1972 δ.

739 2010 780 2066 Ι.
813 2010 892 2066 De
919 2012 1136 2082 digamis
1175 2012 1375 2067 clericis
1404 2021 1460 2065 ut
1506 2027 1608 2065 non
1652 2010 1961 2065 ministrent.

2240 1265 2332 1326 Vl.
2382 1268 2446 1325 Si
2472 1270 2710 1344 episcopo
2747 1289 2779 1327 a
2809 1273 3115 1399 quibuslibet
3169 1274 3453 1347 quidqttom
3490 1278 3643 1348 fuerit
3690 1244 3834 1336 tiere-

2956 1361 3001 1399 tc
3027 1361 3136 1399 um.

2956 1361 3136 1401 sctum.

2312 1434 2598 1491 Pontifices
2620 1453 2748 1494 vero
2768 1438 2959 1509 quibus
2991 1441 3043 1495 in
3075 1456 3286 1497 summo
3306 1444 3610 1500 sacerdotio
3631 1446 3833 1503 consti-

2242 1529 2369 1584 tutis
2401 1530 2469 1585 ab
2497 1532 2766 1587 extraneis
2792 1533 3053 1589 duntaxat
3078 1534 3282 1605 aliquid
3311 1546 3403 1593 aut
3428 1553 3550 1594 cum
3577 1540 3831 1610 ecclesia,

2239 1633 2335 1679 aut
2384 1627 2762 1696 sequestratim
2807 1638 2899 1682 aut
2942 1627 3231 1685 dimittitur
3267 1638 3358 1687 aut
3402 1630 3661 1702 donatur,
3710 1634 3831 1705 quia

2242 1714 2346 1771 hoc
2375 1716 2466 1773 ille
2486 1717 2577 1788 qui
2613 1718 2779 1774 donat
2800 1735 2896 1790 pro
2918 1721 3293 1792 redemptione
3320 1722 3515 1779 animae
3543 1740 3682 1796 suae,
3727 1741 3829 1782 non

2242 1822 2341 1879 pro
2396 1811 2683 1866 commodo
2752 1812 3052 1868 sacerdotis
3116 1813 3375 1884 probatur
3424 1814 3666 1883 offerre,
3725 1833 3831 1875 non

2240 1901 2394 1970 quasi
2440 1916 2594 1956 suum
2630 1904 2927 1973 proprium,
2962 1906 3057 1962 sed
3086 1907 3238 1975 quasi
3268 1909 3549 1966 dimissum
3586 1911 3829 1969 ecclesia:

2242 1991 2383 2047 inter
2414 1994 2693 2051 facultates
2722 1995 2969 2053 ecclesia:
3022 2000 3441 2069 computabunt;
3470 2003 3597 2074 quia
3622 2002 3829 2075 justum

615 2100 841 2167 Placuit,
876 2110 933 2156 ut
954 2102 1021 2157 de
1045 2102 1274 2171 digamis
1300 2110 1392 2156 aut
1442 2103 1870 2169 internuptarutn
1903 2100 2127 2168 maritis,
2166 2107 2214 2168 Β
2240 2092 2344 2151 θεῖν
2380 2093 2435 2138 υῑ
2460 2084 2599 2140 Sim"
2624 2086 2878 2142 sacerdos
2915 2086 3079 2145 hab“
3106 2090 3250 2161 (μιοά
3279 2092 3521 2150 “deﬂe
3546 2094 3827 2154 dimissum

543 2209 851 2265 quanquam
897 2195 1040 2249 aliud
1072 2196 1289 2250 Patrum
1333 2203 1535 2251 statuta
1562 2196 1922 2264 decreverint,
1957 2206 2011 2251 ut
2040 2197 2131 2266 qui

544 2285 825 2357 hucusque
860 2287 1092 2343 ordinati
1120 2296 1267 2354 sunt,
1301 2288 1483 2344 habita
1513 2289 1881 2355 miseratione,
1910 2292 2131 2361 presby-

544 2379 668 2435 terii
706 2380 789 2435 vel
837 2381 1149 2435 diaconatus
1177 2394 1371 2434 nomen
1406 2390 1610 2435 tantum
1659 2379 1934 2435 obtineant
1966 2394 1981 2434 :
2015 2379 2133 2434 offi-

542 2472 685 2528 cium
718 2486 849 2527 vero
869 2472 1222 2528 consecrandi
1258 2474 1558 2543 presbyteri
1590 2482 1646 2528 et
1673 2472 2013 2530 ministrandi
2036 2477 2135 2529 ltu-

542 2562 776 2635 juSniodi
805 2564 1055 2621 diaconos
1079 2581 1184 2622 non
1211 2575 1559 2636 praesumant.

601 2657 664 2711 ΙΙ.
697 2656 777 2711 De
815 2659 1201 2715 contumacibus
1226 2661 1424 2715 clericis
1452 2670 1500 2715 et
1539 2660 1605 2716 ad
1646 2661 1863 2733 ofﬁcium
1894 2663 2076 2717 tardis.

629 2750 994 2808 Contumaces
1046 2768 1177 2809 vero
1226 2753 1406 2809 clerici
1460 2763 1617 2825 prout
1670 2754 1946 2826 dignitatis
1999 2754 2131 2811 ordo

540 2840 850 2911 permiserit
878 2836 945 2897 a'b
965 2843 1234 2913 episc0pis
1260 2848 1625 2917 corrigantur,
1658 2857 1712 2902 ct
1743 2848 1788 2902 si
1819 2848 1909 2916 qui
1934 2847 2132 2918 prioris

541 2932 740 3003 gradus
769 2933 899 2989 elati
930 2936 1184 3005 superbia
1233 2940 1672 2994 communionem
1721 2941 1954 2995 fortasse
2001 2954 2132 2995 con-

542 3024 884 3095 tempserint,
912 3036 1006 3082 aut
1041 3028 1326 3084 ecclesiam
1373 3031 1738 3103 frequentare,
1778 3033 1864 3089 vel
1890 3032 2128 3089 officium

540 3130 698 3174 suum
725 3117 950 3191 implere
994 3122 1351 3193 neglexerint,
1402 3123 1687 3192 peregrina
1716 3124 1796 3179 eis
1823 3125 2131 3180 communio

540 3212 837 3282 tribuatur;
860 3215 930 3269 ita
961 3224 1017 3270 ut
1037 3231 1160 3272 cum
1190 3232 1284 3271 eos
1325 3217 1640 3286 paenitentia
1688 3218 2009 3288 correxerit,
2042 3233 2127 3273 re-

540 3306 729 3376 scripti
753 3308 807 3363 in
830 3308 1110 3364 matricula
1132 3307 1357 3381 gradum
1376 3322 1531 3365 suum
1546 3309 1968 3382 dignitatemque
1988 3310 2128 3368 reci-

537 3395 712 3466 piant.

2240 2184 2343 2245 est,
2376 2177 2446 2232 ita
2495 2188 2549 2234 et
2595 2181 2824 2238 ecclesia
2854 2182 3048 2239 habeat
3079 2186 3225 2256 quod
3273 2188 3599 2260 relinquitur
3647 2208 3830 2250 sacer-

2239 2267 2352 2326 doti
2403 2287 2531 2327 sane
2587 2276 2843 2347 quidquid
2893 2292 2986 2347 per
3032 2277 3509 2339 fideicommissum
3538 2294 3633 2341 aut
3656 2300 3829 2342 sacer-

2234 2365 2368 2432 d0ti,
2392 2375 2485 2420 aut
2520 2368 2765 2423 ecclesiae
2809 2368 3037 2426 fortasse
3084 2371 3375 2430 dimittitur
3413 2375 3713 2448 cuicunque
3740 2376 3828 2432 alii

2233 2462 2572 2532 postmodum
2605 2462 2965 2533 profuturum,
2996 2463 3049 2520 id
3100 2465 3240 2522 inter
3277 2467 3553 2526 facultates
3578 2486 3705 2528 suas
3732 2486 3825 2528 ec-

2232 2555 2392 2610 clesia
2419 2565 2731 2624 computare
2758 2566 2851 2611 aut
2874 2558 3110 2615 retinere
3141 2574 3250 2616 non
3295 2565 3514 2633 poterit.

2233 2642 2345 2701 VII.
2377 2644 2455 2700 De
2476 2648 2624 2701 rebus
2662 2648 2905 2716 ecclesiae,
2932 2652 3185 2719 quomodo
3221 2654 3283 2707 ab
3314 2655 3569 2726 episcopis
3599 2655 3823 2714 habean-

2305 2747 2389 2792 tur
2418 2753 2438 2792 :
2469 2749 2517 2793 et
2543 2742 2605 2793 de
2633 2741 2789 2796 servis
2832 2742 3059 2800 ecclesia
3104 2728 3325 2817 qualiter
3354 2749 3416 2803 ab
3448 2749 3689 2821 episcopo
3716 2767 3825 2805 ma-

2302 2830 2665 2886 immittuntur.

2301 2924 2540 2981 Casellas
2586 2942 2716 2983 vero
2764 2928 2850 2984 vel
2901 2930 3224 3001 mancipiola
3253 2933 3502 2991 ecclesia:
3557 2936 3820 3009 episcopi,

2231 3018 2369 3075 sicut
2407 3021 2585 3091 prisca
2618 3037 2886 3079 canonum
2918 3028 3173 3098 praecepit
3196 3029 3488 3087 auctoritas
3510 3075 3526 3101 ,
3578 3032 3665 3088 vel
3700 3047 3820 3089 vasa

2231 3113 2514 3169 ministerii
2547 3116 2699 3184 quasi
2719 3119 3093 3175 commendata
3125 3120 3270 3177 fideli
3300 3122 3576 3194 proposito
3617 3126 3821 3197 integro

2230 3204 2472 3260 ecclesia:
2497 3204 2618 3276 jure
2649 3209 2990 3277 possideant;
3023 3210 3078 3266 id
3134 3222 3217 3267 est
3255 3221 3315 3267 ut
3360 3228 3535 3284 neque
3563 3215 3819 3282 vendere,

2230 3312 2404 3368 neque
2430 3315 2522 3369 per
2548 3315 2894 3373 quoscunque
2914 3313 3220 3361 contractus
3258 3320 3347 3362 res
3383 3307 3526 3362 unde
3557 3323 3821 3379 pauperes

2230 3389 2416 3446 vivunt
2453 3391 2689 3449 alienare
2720 3405 3047 3462 praesumant
3077 3412 3092 3451 :
3123 3398 3266 3468 quod
3289 3399 3333 3455 si
3360 3401 3655 3457 necessitas
3676 3411 3819 3459 certa

537 3487 628 3547 lli.
662 3492 740 3548 De
778 3493 1027 3566 episr0pis
1054 3495 1143 3565 qui
1193 3494 1271 3551 vel
1316 3496 1608 3553 innocentes
1636 3498 1713 3552 vel
1768 3514 1862 3565 pro
1901 3496 2124 3555 minimis

2239 3483 2573 3553 compulerit,
2605 3494 2663 3541 ut
2694 3502 2790 3556 pro
2813 3489 3054 3546 ecclesiae
3078 3499 3186 3545 aut.
3214 3492 3535 3549 necessitate
3558 3502 3652 3548 aut
3683 3494 3823 3551 utili-

878 3567 1047 3620 causis
1095 3567 1295 3638 aliquos
1338 3569 1799 3625 excommunicant.

614 3654 867 3728 Episcopi
892 3672 1022 3714 vero
1043 3658 1121 3727 si,
1160 3660 1479 3717 sacerdotali
1511 3661 1883 3720 moderatione
1910 3673 2130 3736 postpo-

541 3746 667 3814 sita,
686 3746 1003 3806 innocentes
1032 3759 1125 3805 aut
1150 3752 1385 3809 minimis
1410 3754 1584 3810 causis
1602 3755 1897 3826 culpabiles
1914 3772 2130 3813 excom-

538 3839 816 3897 municare
837 3845 1295 3914 praesumpserint,
1320 3854 1377 3902 et
1417 3848 1484 3902 ad
1530 3848 1756 3918 gratiam
1810 3848 2127 3907 festinantes

538 3932 784 4003 recipere
810 3934 1042 3993 fortasse
1076 3938 1368 4006 noluerint,
1391 3942 1547 4013 231
1573 3957 1604 3997 a
1644 3940 1834 3999 vicinis
1862 3945 2127 4017 episcopis

535 4023 1130 4099 cujuslibetprovincize
1160 4032 1354 4091 litteris
1381 4045 1702 4093 moneantur
1729 4055 1743 4104 ;
1768 4048 1822 4094 et
1860 4038 1907 4094 si
1935 4054 2127 4110 parere

535 4113 702 4190 [BR.,-
718 4117 782 4175 T.
801 4120 921 4189 1,2,
945 4122 1190 4197 parcere]
1204 4124 1493 4195 noluerint,
1507 4129 1812 4185 communio
1832 4128 1936 4185 illis
1957 4146 2128 4202 usque

533 4208 603 4262 ad
636 4216 847 4281 tempus
893 4216 1085 4283 synodi
1128 4232 1160 4273 a
1186 4220 1406 4290 reliquis
1447 4222 1713 4294 episcopis
1742 4240 1850 4281 non
1890 4226 2126 4297 denege-

535 4305 623 4353 tur
655 4310 676 4338 ο
708 4341 724 4368 ,
762 4316 831 4356 ne
892 4302 1120 4362 fortasse
1159 4308 1211 4382 in
1254 4312 1800 4371 excommunicatoris
1841 4321 2119 4386 peccatum

530 4393 985 4465 excommunicati
1022 4395 1182 4469 longo
1225 4409 1466 4472 tempore
1498 4417 1671 4461 morte
1702 4407 2120 4477 praeveniantur.

545 4477 661 4536 \IV.
699 4482 775 4537 De
826 4485 905 4539 Itis
959 4488 1046 4558 qui
1091 4495 1342 4566 suosvel
1378 4496 1779 4566 prapinquorum
1817 4498 2097 4557 oblationes

1058 4563 1285 4617 ecclesiis
1318 4563 1584 4633 fraudant.

606 4642 799 4703 Clerici
829 4648 990 4705 etiam
1017 4650 1106 4707 vel
1143 4655 1436 4711 saeculares
1466 4658 1556 4726 qui
1587 4657 1889 4717 oblationes
1931 4676 2122 4732 paren-

532 4744 643 4793 tum
676 4749 767 4796 aut
814 4742 1041 4801 donatas
1090 4755 1185 4802 aut
1230 4752 1567 4808 testamentis
1623 4753 1842 4809 relictas
1884 4754 2121 4813 retinere

533 4832 868 4899 perstiterint
910 4834 1043 4908 [U.,
1096 4839 1574 4914 praesumpserint]
1616 4852 1710 4898 aut
1748 4843 1803 4899 id
1850 4846 1989 4915 quod
2020 4845 2122 4917 ipsi
2147 4849 2199 4913 ι)

531 4921 854 4979 donaverint
878 4922 1132 4985 ecclesiis
1160 4930 1241 4985 vel
1273 4936 1619 4991 monasteriis
1661 4936 1990 4994 crediderint
2020 4954 2119 4995 au-

527 5007 836 5084 ferendum,
863 5018 1004 5072 sicut
1032 5020 1275 5092 synodus
1316 5036 1501 5082 sancta
1528 5028 1805 5086 constituit
1835 5031 1980 5088 velut
2026 5048 2122 5090 ne-

529 5112 742 5255 cattlirzs
788 5122 1083 5181 pauperum
1138 5131 1419 5191 quousque
1480 5122 1708 5181 reddant
1761 5125 1829 5183 ab
1874 5128 2118 5186 ecclesiis

529 5208 625 5254 exc
650 5214 681 5254 u
722 5210 900 5255 antur.

526 5208 785 5256 exeludan
795 5210 900 5259 tur.

766 5314 825 5370 V.
859 5317 923 5372 Si
950 5319 1162 5378 clericus
1197 5324 1393 5395 furtum
1434 5327 1659 5385 ecclesia
1704 5330 1895 5400 fecerit.

598 5402 655 5463 Si
682 5410 802 5479 quis
826 5410 1054 5471 clericus
1084 5416 1288 5476 furtum
1317 5421 1562 5478 ecclesia:
1591 5422 1801 5492 fecerit,
1828 5426 2114 5499 peregrina

525 5496 576 5551 ei
605 5505 912 5563 communio
940 5507 1227 5568 tribuatur.

597 5658 732 5731 ξιιΕ.
751 5706 767 5731 ,
790 5666 905 5720 ἐει-α
951 5683 1136 5725 ιιηιιι.

597 5728 1129 5816 ιζυλίφιὲὺιιιῃιισιὶε
1159 5740 1490 5811 deﬁnierunt.
1508 5741 1570 5816 ιη
1598 5744 1667 5816 A.
1693 5753 1748 5800 et
1794 5747 2013 5816 reliquis
2040 5750 2108 5808 ad

526 5802 1152 5935 ﬁgitf’idgbsolutionem
1186 5802 1289 5927 vos
1325 5814 1549 5894 canonis
1593 5814 1750 5889 primi
1778 5802 2111 5891 ριασᾶειίέὲιῖ

2230 3587 2340 3635 tate
2366 3578 2453 3634 vel
2484 3579 2535 3634 in
2569 3578 2849 3637 usufructu
2877 3584 2959 3638 vel
2994 3584 3254 3641 indirecta
3281 3585 3589 3643 venditione
3624 3587 3819 3658 aliquid

2228 3669 2579 3741 distrahatur,
2624 3672 2764 3744 apud
2803 3673 2937 3731 duos
2968 3676 3054 3732 vel
3095 3685 3207 3734 tres
3230 3680 3715 3749 comprovinciales
3737 3681 3821 3737 vel

2228 3766 2435 3821 vicinos
2468 3767 2749 3838 episcopos
2792 3784 2953 3825 causa
2995 3786 3115 3841 qua:
3153 3786 3377 3828 necesse
3422 3773 3495 3829 sit
3547 3774 3819 3829 vendendi

2230 3858 2390 3931 232
2419 3860 2670 3930 primitus
2699 3863 3099 3932 comprobetur,
3146 3875 3203 3921 et
3253 3866 3434 3923 habita
3478 3866 3823 3925 discussione

2227 3954 2551 4011 sacerdotali
2598 3970 2783 4012 eorum
2831 3957 3230 4031 subscriptione
3291 3976 3409 4031 quae
3466 3962 3602 4016 facta
3658 3959 3823 4017 fuerit

2226 4046 2467 4102 venditio
2497 4047 2785 4105 roboretur
2817 4066 2833 4105 ι
2864 4052 3020 4107 aliter
3064 4052 3206 4109 facta
3235 4053 3473 4109 venditio
3502 4054 3585 4108 vel
3640 4062 3820 4111 trans-

2226 4140 2368 4196 actio
2399 4156 2517 4203 non,
2538 4142 2761 4199 valebit.
2821 4144 2965 4200 Sane
3003 4145 3051 4201 si
3091 4162 3227 4215 quos
3254 4146 3323 4203 de
3364 4146 3537 4203 servis
3574 4148 3818 4203 ecclesiae

2226 4230 2591 4289 benemeritos
2617 4234 2720 4290 sibi
2746 4236 3034 4306 episcopus
3059 4237 3288 4295 libertati
3316 4239 3622 4308 donaverit,
3656 4241 3821 4296 colla-

2224 4332 2335 4379 tam
2358 4324 2661 4383 libertatetn
2691 4341 2721 4379 a
2747 4328 3148 4385 successoribus
3175 4330 3375 4399 placuit
3406 4330 3671 4387 custodiri
3696 4346 3820 4388 cum

2223 4427 2291 4470 eo
2332 4414 2477 4485 quod
2532 4416 2612 4473 eis
2657 4420 3016 4476 manumissor
3043 4421 3097 4477 in
3127 4419 3152 4459 ἀ
3178 4408 3477 4478 libertatem
3506 4425 3815 4490 contulerit,

2222 4506 2366 4577 quod
2421 4518 2600 4566 tamen
2638 4510 2890 4581 iubemus
2929 4513 3117 4584 viginti
3164 4515 3458 4571 solidorum
3507 4533 3815 4588 numerum,

2223 4600 2441 4656 modum
2484 4603 2538 4659 in
2595 4605 2821 4672 terrula,
2852 4606 3067 4663 vineola
3118 4607 3203 4664 vel
3253 4607 3540 4680 hospitiolo
3586 4619 3770 4666 tenere
3787 4622 3815 4670 .‘

2221 4694 2365 4766 quod
2391 4698 2620 4767 amplius
2668 4698 2851 4754 datum
2878 4698 3042 4755 fuerit
3079 4710 3204 4772 post
3232 4700 3647 4758 manumissoris
3676 4716 3819 4758 mor-

2222 4792 2329 4841 tem
2362 4787 2589 4844 ecclesia
2619 4789 2927 4858 revocabit;
2960 4790 3284 4848 minusculas
3311 4807 3442 4847 vero
3483 4808 3572 4850 res
3599 4803 3693 4848 aut
3721 4807 3817 4849 ec-
3916 4832 3923 4835 -

2224 4880 2403 4936 etesiae
2436 4884 2613 4939 minus
2652 4886 2808 4940 utiles
2834 4886 3131 4957 peregrinis
3161 4900 3246 4942 vet
3272 4886 3484 4944 clericis
3511 4888 3662 4944 salvo
3689 4887 3815 4959 jure

2223 4973 2465 5030 ecclesiae
2493 4975 2546 5030 in
2577 4991 2732 5032 usum
2764 4988 3005 5047 perstare
3050 4978 3430 5049 permittimus.

2322 5064 2460 5121 Vlll.
2506 5064 2585 5122 De
2612 5067 2809 5125 clericis
2851 5072 2937 5142 qui
2969 5074 3037 5127 ad
3076 5076 3350 5130 saeculares
3380 5074 3705 5147 confugiunt.

2294 5155 2352 5211 Id
2384 5157 2544 5212 etiam
2592 5160 2809 5230 placuit,
2846 5174 2901 5217 ut
2930 5165 3158 5222 clericus
3196 5167 3241 5222 si
3285 5167 3474 5223 relicto
3501 5166 3683 5224 oflicio
3713 5179 3815 5223 suo

2218 5257 2442 5320 propter
2486 5249 2877 5310 districtionem
2904 5255 2971 5311 ad
2992 5258 3303 5314 saecularem
3343 5257 3576 5316 fortasse
3623 5259 3816 5315 confu-

2216 5340 2377 5411 gerit,
2405 5349 2462 5398 et
2505 5343 2549 5398 is
2598 5343 2665 5399 ad
2713 5361 2873 5418 quem
2924 5351 3152 5406 recurrit
3196 5351 3447 5408 solatium
3477 5348 3815 5408 defensionis

2215 5432 2564 5508 impenderit,
2605 5454 2729 5497 cum
2776 5442 2969 5501 eodem
3007 5446 3075 5502 de
3127 5445 3381 5504 Ecclesiae
3428 5447 3816 5504 communione

2216 5528 2468 5599 pellatur.

2294 5694 2318 5724 ο
2348 5685 2431 5773 iis
2457 5687 2605 5773 Τηι,
2638 5689 2695 5745 2.
2728 5691 2784 5747 ln
2816 5695 2883 5750 A.
2914 5703 2969 5752 et
2992 5694 3213 5767 reliquis
3240 5696 3528 5758 Codicibus
3556 5713 3575 5757 :
3604 5698 3810 5773 episco-

2217 5757 2622 5831 pis_de_negetur.

2292 5827 2319 5867 ἀ
2350 5827 2472 5902 12.;
2493 5830 2554 5888 ιι.
2580 5831 2671 5903 n.,
2702 5835 2764 5893 Τ.
2800 5837 2852 5908 t,
2875 5836 2933 5908 ε,
2957 5838 3013 5896 in
3033 5840 3280 5901 libertate.
