  <div class='ocr_page' id='page_1' title='image "/cluster/home/n/w/nwhite01/storage/ocr_20150623/84/hvd.32044015547136/138.png"; bbox 0 0 4024 6350; ppageno 0'>
   <div class='ocr_carea' id='block_1_1' title="bbox 185 416 292 482">
    <p class='ocr_par' dir='ltr' id='par_1_1' title="bbox 185 416 292 482">
     <span class='ocr_line' id='line_1_1' title="bbox 185 416 292 482; baseline 0 0"><span class='ocrx_word' id='word_1_1' title='bbox 185 416 292 482; x_wconf 69' lang='lat'><strong>265</strong></span> 
     </span>
    </p>
   </div>
   <div class='ocr_carea' id='block_1_2' title="bbox 222 510 1855 612">
    <p class='ocr_par' dir='ltr' id='par_1_2' title="bbox 222 510 1855 612">
     <span class='ocr_line' id='line_1_2' title="bbox 222 510 1855 612; baseline -0.01 -11"><span class='ocrx_word' id='word_1_2' title='bbox 222 543 315 601; x_wconf 84' lang='lat' dir='ltr'><strong>l-X.</strong></span> <span class='ocrx_word' id='word_1_3' title='bbox 338 539 417 596; x_wconf 88' lang='lat' dir='ltr'><strong>De</strong></span> <span class='ocrx_word' id='word_1_4' title='bbox 440 510 1143 612; x_wconf 27' lang='lat' dir='ltr'><strong>presbyteriset’diaconibus</strong></span> <span class='ocrx_word' id='word_1_5' title='bbox 1177 534 1267 607; x_wconf 93' lang='lat' dir='ltr'><strong>qui</strong></span> <span class='ocrx_word' id='word_1_6' title='bbox 1307 534 1377 590; x_wconf 83' lang='lat' dir='ltr'><strong>ad</strong></span> <span class='ocrx_word' id='word_1_7' title='bbox 1412 530 1734 606; x_wconf 85' lang='lat' dir='ltr'><strong>conjugalem</strong></span> <span class='ocrx_word' id='word_1_8' title='bbox 1795 530 1855 596; x_wconf 72' lang='grc' dir='ltr'>Α</span> 
     </span>
    </p>
   </div>
   <div class='ocr_carea' id='block_1_3' title="bbox 702 610 1269 665">
    <p class='ocr_par' dir='ltr' id='par_1_3' title="bbox 702 610 1269 665">
     <span class='ocr_line' id='line_1_3' title="bbox 702 610 1269 665; baseline -0.005 0"><span class='ocrx_word' id='word_1_9' title='bbox 702 610 894 665; x_wconf 86' lang='lat' dir='ltr'><strong>coitum</strong></span> <span class='ocrx_word' id='word_1_10' title='bbox 929 618 1269 665; x_wconf 86' lang='lat' dir='ltr'><strong>revertuntur.</strong></span> 
     </span>
    </p>
   </div>
   <div class='ocr_carea' id='block_1_4' title="bbox 254 696 1771 771">
    <p class='ocr_par' dir='ltr' id='par_1_4' title="bbox 254 696 1771 771">
     <span class='ocr_line' id='line_1_4' title="bbox 254 696 1771 771; baseline -0.008 -6"><span class='ocrx_word' id='word_1_11' title='bbox 254 705 462 765; x_wconf 91' lang='lat' dir='ltr'><strong>Placuit</strong></span> <span class='ocrx_word' id='word_1_12' title='bbox 490 706 676 771; x_wconf 91' lang='lat' dir='ltr'><strong>etiam,</strong></span> <span class='ocrx_word' id='word_1_13' title='bbox 708 710 770 758; x_wconf 94' lang='lat' dir='ltr'><strong>ut</strong></span> <span class='ocrx_word' id='word_1_14' title='bbox 795 702 840 759; x_wconf 93' lang='lat' dir='ltr'><strong>si</strong></span> <span class='ocrx_word' id='word_1_15' title='bbox 874 699 1087 757; x_wconf 90' lang='lat' dir='ltr'><strong>diaconi</strong></span> <span class='ocrx_word' id='word_1_16' title='bbox 1114 707 1207 755; x_wconf 90' lang='lat' dir='ltr'><strong>aut</strong></span> <span class='ocrx_word' id='word_1_17' title='bbox 1245 696 1543 771; x_wconf 72' lang='lat' dir='ltr'><strong>presbyteri</strong></span> <span class='ocrx_word' id='word_1_18' title='bbox 1580 696 1771 767; x_wconf 83' lang='lat' dir='ltr'><strong>conju-</strong></span> 
     </span>
    </p>
   </div>
   <div class='ocr_carea' id='block_1_5' title="bbox 185 791 1770 874">
    <p class='ocr_par' dir='ltr' id='par_1_5' title="bbox 185 791 1770 874">
     <span class='ocr_line' id='line_1_5' title="bbox 185 791 1770 874; baseline -0.008 -17"><span class='ocrx_word' id='word_1_19' title='bbox 185 800 288 874; x_wconf 81' lang='lat' dir='ltr'><strong>gati</strong></span> <span class='ocrx_word' id='word_1_20' title='bbox 315 799 383 856; x_wconf 84' lang='lat' dir='ltr'><strong>ad</strong></span> <span class='ocrx_word' id='word_1_21' title='bbox 406 808 580 855; x_wconf 88' lang='lat' dir='ltr'><strong>torum</strong></span> <span class='ocrx_word' id='word_1_22' title='bbox 608 811 835 853; x_wconf 78' lang='lat' dir='ltr'><strong>uxorum</strong></span> <span class='ocrx_word' id='word_1_23' title='bbox 864 809 1082 852; x_wconf 90' lang='lat' dir='ltr'><strong>suarum</strong></span> <span class='ocrx_word' id='word_1_24' title='bbox 1110 791 1286 850; x_wconf 89' lang='lat' dir='ltr'><strong>redire</strong></span> <span class='ocrx_word' id='word_1_25' title='bbox 1305 791 1590 860; x_wconf 87' lang='lat' dir='ltr'><strong>voluerint,</strong></span> <span class='ocrx_word' id='word_1_26' title='bbox 1621 806 1770 861; x_wconf 74' lang='lat' dir='ltr'><strong>papae</strong></span> 
     </span>
    </p>
   </div>
   <div class='ocr_carea' id='block_1_6' title="bbox 184 884 1770 961">
    <p class='ocr_par' dir='ltr' id='par_1_6' title="bbox 184 884 1770 961">
     <span class='ocr_line' id='line_1_6' title="bbox 184 884 1770 961; baseline -0.008 -9"><span class='ocrx_word' id='word_1_27' title='bbox 184 894 479 952; x_wconf 72' lang='lat' dir='ltr'><strong>Innocentii</strong></span> <span class='ocrx_word' id='word_1_28' title='bbox 506 892 777 949; x_wconf 78' lang='lat' dir='ltr'><strong>ordinatio</strong></span> <span class='ocrx_word' id='word_1_29' title='bbox 806 888 897 946; x_wconf 89' lang='lat' dir='ltr'><strong>vel</strong></span> <span class='ocrx_word' id='word_1_30' title='bbox 928 888 1123 961; x_wconf 77' lang='lat' dir='ltr'><strong>Syricii</strong></span> <span class='ocrx_word' id='word_1_31' title='bbox 1176 886 1418 959; x_wconf 88' lang='lat' dir='ltr'><strong>episcopi</strong></span> <span class='ocrx_word' id='word_1_32' title='bbox 1472 884 1770 941; x_wconf 80' lang='lat' dir='ltr'><strong>auctoritas</strong></span> 
     </span>
    </p>
   </div>
   <div class='ocr_carea' id='block_1_7' title="bbox 185 980 1770 1059">
    <p class='ocr_par' dir='ltr' id='par_1_7' title="bbox 185 980 1770 1059">
     <span class='ocr_line' id='line_1_7' title="bbox 185 980 1770 1059; baseline -0.01 -9"><span class='ocrx_word' id='word_1_33' title='bbox 185 997 560 1054; x_wconf 76' lang='lat' dir='ltr'><strong>conservetur;</strong></span> <span class='ocrx_word' id='word_1_34' title='bbox 590 986 733 1059; x_wconf 92' lang='lat' dir='ltr'><strong>quod</strong></span> <span class='ocrx_word' id='word_1_35' title='bbox 758 986 804 1041; x_wconf 92' lang='lat' dir='ltr'><strong>si</strong></span> <span class='ocrx_word' id='word_1_36' title='bbox 845 984 913 1040; x_wconf 89' lang='lat' dir='ltr'><strong>ad</strong></span> <span class='ocrx_word' id='word_1_37' title='bbox 944 983 1157 1055; x_wconf 90' lang='lat' dir='ltr'><strong>aliquos</strong></span> <span class='ocrx_word' id='word_1_38' title='bbox 1196 981 1423 1037; x_wconf 91' lang='lat' dir='ltr'><strong>formula</strong></span> <span class='ocrx_word' id='word_1_39' title='bbox 1479 980 1567 1036; x_wconf 90' lang='lat' dir='ltr'><strong>illa</strong></span> <span class='ocrx_word' id='word_1_40' title='bbox 1598 980 1770 1035; x_wconf 85' lang='lat' dir='ltr'><strong>eccle-</strong></span> 
     </span>
    </p>
   </div>
   <div class='ocr_carea' id='block_1_8' title="bbox 184 1070 1771 1149">
    <p class='ocr_par' dir='ltr' id='par_1_8' title="bbox 184 1070 1771 1149">
     <span class='ocr_line' id='line_1_8' title="bbox 184 1070 1771 1149; baseline -0.006 -10"><span class='ocrx_word' id='word_1_41' title='bbox 184 1083 395 1140; x_wconf 86' lang='lat' dir='ltr'><strong>siastica</strong></span> <span class='ocrx_word' id='word_1_42' title='bbox 445 1080 569 1135; x_wconf 58' lang='lat' dir='ltr'><strong>vita}</strong></span> <span class='ocrx_word' id='word_1_43' title='bbox 614 1079 815 1149; x_wconf 89' lang='lat' dir='ltr'><strong>pariter</strong></span> <span class='ocrx_word' id='word_1_44' title='bbox 866 1085 922 1133; x_wconf 88' lang='lat' dir='ltr'><strong>et</strong></span> <span class='ocrx_word' id='word_1_45' title='bbox 961 1073 1260 1146; x_wconf 72' lang='lat' dir='ltr'><strong>disciplina:</strong></span> <span class='ocrx_word' id='word_1_46' title='bbox 1304 1087 1424 1145; x_wconf 64' lang='lat' dir='ltr'><strong>quae</strong></span> <span class='ocrx_word' id='word_1_47' title='bbox 1481 1087 1513 1127; x_wconf 90' lang='lat' dir='ltr'><strong>a</strong></span> <span class='ocrx_word' id='word_1_48' title='bbox 1560 1070 1771 1143; x_wconf 82' lang='lat' dir='ltr'><strong>Syricio</strong></span> 
     </span>
    </p>
   </div>
   <div class='ocr_carea' id='block_1_9' title="bbox 184 1164 1772 1244">
    <p class='ocr_par' dir='ltr' id='par_1_9' title="bbox 184 1164 1772 1244">
     <span class='ocr_line' id='line_1_9' title="bbox 184 1164 1772 1244; baseline -0.007 -12"><span class='ocrx_word' id='word_1_49' title='bbox 184 1176 432 1244; x_wconf 75' lang='lat' dir='ltr'><strong>episcopo</strong></span> <span class='ocrx_word' id='word_1_50' title='bbox 480 1172 547 1227; x_wconf 86' lang='lat' dir='ltr'><strong>ad</strong></span> <span class='ocrx_word' id='word_1_51' title='bbox 598 1167 899 1241; x_wconf 79' lang='lat' dir='ltr'><strong>provincias</strong></span> <span class='ocrx_word' id='word_1_52' title='bbox 927 1166 1252 1224; x_wconf 88' lang='lat' dir='ltr'><strong>commeavit</strong></span> <span class='ocrx_word' id='word_1_53' title='bbox 1292 1180 1401 1221; x_wconf 91' lang='lat' dir='ltr'><strong>non</strong></span> <span class='ocrx_word' id='word_1_54' title='bbox 1452 1164 1772 1235; x_wconf 88' lang='lat' dir='ltr'><strong>probabitur</strong></span> 
     </span>
    </p>
   </div>
   <div class='ocr_carea' id='block_1_10' title="bbox 184 1256 1769 1336">
    <p class='ocr_par' dir='ltr' id='par_1_10' title="bbox 184 1256 1769 1336">
     <span class='ocr_line' id='line_1_10' title="bbox 184 1256 1769 1336; baseline -0.003 -17"><span class='ocrx_word' id='word_1_55' title='bbox 184 1263 515 1336; x_wconf 74' lang='lat' dir='ltr'><strong>pervertisse,</strong></span> <span class='ocrx_word' id='word_1_56' title='bbox 560 1262 644 1318; x_wconf 89' lang='lat' dir='ltr'><strong>his</strong></span> <span class='ocrx_word' id='word_1_57' title='bbox 669 1260 1023 1333; x_wconf 80' lang='lat' dir='ltr'><strong>ignorationis</strong></span> <span class='ocrx_word' id='word_1_58' title='bbox 1051 1258 1170 1333; x_wconf 90' lang='lat' dir='ltr'><strong>[U.,</strong></span> <span class='ocrx_word' id='word_1_59' title='bbox 1203 1257 1293 1327; x_wconf 76' lang='lat'><strong>6.,</strong></span> <span class='ocrx_word' id='word_1_60' title='bbox 1327 1256 1769 1330; x_wconf 90' lang='lat' dir='ltr'><strong>ignorationibus]</strong></span> 
     </span>
    </p>
   </div>
   <div class='ocr_carea' id='block_1_11' title="bbox 182 1349 1772 1421">
    <p class='ocr_par' dir='ltr' id='par_1_11' title="bbox 182 1349 1772 1421">
     <span class='ocr_line' id='line_1_11' title="bbox 182 1349 1772 1421; baseline -0.005 -8"><span class='ocrx_word' id='word_1_61' title='bbox 182 1358 330 1413; x_wconf 79' lang='lat' dir='ltr'><strong>venia</strong></span> <span class='ocrx_word' id='word_1_62' title='bbox 359 1358 685 1421; x_wconf 81' lang='lat' dir='ltr'><strong>remittetur,</strong></span> <span class='ocrx_word' id='word_1_63' title='bbox 722 1355 794 1409; x_wconf 89' lang='lat' dir='ltr'><strong>ita</strong></span> <span class='ocrx_word' id='word_1_64' title='bbox 820 1362 878 1408; x_wconf 86' lang='lat' dir='ltr'><strong>ut</strong></span> <span class='ocrx_word' id='word_1_65' title='bbox 904 1352 972 1409; x_wconf 90' lang='lat' dir='ltr'><strong>de</strong></span> <span class='ocrx_word' id='word_1_66' title='bbox 995 1360 1199 1408; x_wconf 70' lang='lat' dir='ltr'><strong>caetero</strong></span> <span class='ocrx_word' id='word_1_67' title='bbox 1240 1350 1457 1421; x_wconf 85' lang='lat' dir='ltr'><strong>penitus</strong></span> <span class='ocrx_word' id='word_1_68' title='bbox 1510 1349 1772 1420; x_wconf 90' lang='lat' dir='ltr'><strong>incipiant</strong></span> 
     </span>
    </p>
   </div>
   <div class='ocr_carea' id='block_1_12' title="bbox 182 1441 1773 1516">
    <p class='ocr_par' dir='ltr' id='par_1_12' title="bbox 182 1441 1773 1516">
     <span class='ocr_line' id='line_1_12' title="bbox 182 1441 1773 1516; baseline -0.004 -11"><span class='ocrx_word' id='word_1_69' title='bbox 182 1446 451 1505; x_wconf 76' lang='lat' dir='ltr'><strong>abstinere</strong></span> <span class='ocrx_word' id='word_1_70' title='bbox 501 1457 557 1503; x_wconf 88' lang='lat' dir='ltr'><strong>et</strong></span> <span class='ocrx_word' id='word_1_71' title='bbox 604 1446 677 1501; x_wconf 91' lang='lat' dir='ltr'><strong>ita</strong></span> <span class='ocrx_word' id='word_1_72' title='bbox 706 1445 903 1516; x_wconf 88' lang='lat' dir='ltr'><strong>gradus</strong></span> <span class='ocrx_word' id='word_1_73' title='bbox 947 1457 1076 1500; x_wconf 86' lang='lat' dir='ltr'><strong>suos</strong></span> <span class='ocrx_word' id='word_1_74' title='bbox 1114 1442 1172 1498; x_wconf 84' lang='lat' dir='ltr'><strong>in</strong></span> <span class='ocrx_word' id='word_1_75' title='bbox 1200 1442 1395 1514; x_wconf 88' lang='lat' dir='ltr'><strong>quibus</strong></span> <span class='ocrx_word' id='word_1_76' title='bbox 1425 1442 1628 1497; x_wconf 84' lang='lat' dir='ltr'><strong>inventi</strong></span> <span class='ocrx_word' id='word_1_77' title='bbox 1657 1441 1773 1499; x_wconf 85' lang='lat' dir='ltr'><strong>fue—</strong></span> 
     </span>
    </p>
   </div>
   <div class='ocr_carea' id='block_1_13' title="bbox 182 1533 1773 1607">
    <p class='ocr_par' dir='ltr' id='par_1_13' title="bbox 182 1533 1773 1607">
     <span class='ocr_line' id='line_1_13' title="bbox 182 1533 1773 1607; baseline -0.006 -9"><span class='ocrx_word' id='word_1_78' title='bbox 182 1541 285 1598; x_wconf 86' lang='lat' dir='ltr'><strong>rint</strong></span> <span class='ocrx_word' id='word_1_79' title='bbox 304 1541 383 1596; x_wconf 85' lang='lat' dir='ltr'><strong>sic</strong></span> <span class='ocrx_word' id='word_1_80' title='bbox 413 1539 704 1604; x_wconf 87' lang='lat' dir='ltr'><strong>retineant,</strong></span> <span class='ocrx_word' id='word_1_81' title='bbox 736 1545 798 1592; x_wconf 91' lang='lat' dir='ltr'><strong>ut</strong></span> <span class='ocrx_word' id='word_1_82' title='bbox 825 1536 892 1591; x_wconf 89' lang='lat' dir='ltr'><strong>ad</strong></span> <span class='ocrx_word' id='word_1_83' title='bbox 922 1535 1129 1607; x_wconf 85' lang='lat' dir='ltr'><strong>potiora</strong></span> <span class='ocrx_word' id='word_1_84' title='bbox 1157 1535 1237 1592; x_wconf 90' lang='lat' dir='ltr'><strong>eis</strong></span> <span class='ocrx_word' id='word_1_85' title='bbox 1266 1549 1376 1591; x_wconf 91' lang='lat' dir='ltr'><strong>non</strong></span> <span class='ocrx_word' id='word_1_86' title='bbox 1405 1533 1566 1590; x_wconf 87' lang='lat' dir='ltr'><strong>liceat</strong></span> <span class='ocrx_word' id='word_1_87' title='bbox 1585 1548 1773 1590; x_wconf 88' lang='lat' dir='ltr'><strong>ascen-</strong></span> 
     </span>
    </p>
   </div>
   <div class='ocr_carea' id='block_1_14' title="bbox 180 1628 1774 1706">
    <p class='ocr_par' dir='ltr' id='par_1_14' title="bbox 180 1628 1774 1706">
     <span class='ocr_line' id='line_1_14' title="bbox 180 1628 1774 1706; baseline -0.004 -15"><span class='ocrx_word' id='word_1_88' title='bbox 180 1636 349 1691; x_wconf 85' lang='lat' dir='ltr'><strong>dere:</strong></span> <span class='ocrx_word' id='word_1_89' title='bbox 382 1634 577 1706; x_wconf 86' lang='lat' dir='ltr'><strong>quibus</strong></span> <span class='ocrx_word' id='word_1_90' title='bbox 632 1633 685 1688; x_wconf 90' lang='lat' dir='ltr'><strong>in</strong></span> <span class='ocrx_word' id='word_1_91' title='bbox 728 1631 994 1689; x_wconf 84' lang='lat' dir='ltr'><strong>beneficio</strong></span> <span class='ocrx_word' id='word_1_92' title='bbox 1048 1645 1171 1687; x_wconf 89' lang='lat' dir='ltr'><strong>esse</strong></span> <span class='ocrx_word' id='word_1_93' title='bbox 1209 1630 1392 1699; x_wconf 89' lang='lat' dir='ltr'><strong>debet,</strong></span> <span class='ocrx_word' id='word_1_94' title='bbox 1450 1628 1774 1699; x_wconf 90' lang='lat' dir='ltr'><strong>quod&#39;hunc</strong></span> 
     </span>
    </p>
   </div>
   <div class='ocr_carea' id='block_1_15' title="bbox 180 1724 1774 1799">
    <p class='ocr_par' dir='ltr' id='par_1_15' title="bbox 180 1724 1774 1799">
     <span class='ocr_line' id='line_1_15' title="bbox 180 1724 1774 1799; baseline -0.003 -15"><span class='ocrx_word' id='word_1_95' title='bbox 180 1727 349 1799; x_wconf 88' lang='lat' dir='ltr'><strong>ipsum</strong></span> <span class='ocrx_word' id='word_1_96' title='bbox 378 1729 556 1784; x_wconf 90' lang='lat' dir='ltr'><strong>locum</strong></span> <span class='ocrx_word' id='word_1_97' title='bbox 585 1742 745 1798; x_wconf 87' lang='lat' dir='ltr'><strong>quem</strong></span> <span class='ocrx_word' id='word_1_98' title='bbox 768 1726 1005 1784; x_wconf 86' lang='lat' dir='ltr'><strong>retinent</strong></span> <span class='ocrx_word' id='word_1_99' title='bbox 1032 1741 1138 1782; x_wconf 91' lang='lat' dir='ltr'><strong>non</strong></span> <span class='ocrx_word' id='word_1_100' title='bbox 1167 1726 1435 1781; x_wconf 86' lang='lat' dir='ltr'><strong>amittant.</strong></span> <span class='ocrx_word' id='word_1_101' title='bbox 1469 1724 1528 1781; x_wconf 91' lang='lat' dir='ltr'><strong>Si</strong></span> <span class='ocrx_word' id='word_1_102' title='bbox 1565 1725 1654 1795; x_wconf 89' lang='lat' dir='ltr'><strong>qui</strong></span> <span class='ocrx_word' id='word_1_103' title='bbox 1677 1739 1774 1780; x_wconf 89' lang='lat' dir='ltr'><strong>au-</strong></span> 
     </span>
    </p>
   </div>
   <div class='ocr_carea' id='block_1_16' title="bbox 179 1813 1774 1890">
    <p class='ocr_par' dir='ltr' id='par_1_16' title="bbox 179 1813 1774 1890">
     <span class='ocr_line' id='line_1_16' title="bbox 179 1813 1774 1890; baseline -0.004 -13"><span class='ocrx_word' id='word_1_104' title='bbox 179 1827 284 1877; x_wconf 84' lang='lat' dir='ltr'><strong>tem</strong></span> <span class='ocrx_word' id='word_1_105' title='bbox 309 1821 483 1877; x_wconf 87' lang='lat' dir='ltr'><strong>scisse</strong></span> <span class='ocrx_word' id='word_1_106' title='bbox 529 1818 755 1875; x_wconf 87' lang='lat' dir='ltr'><strong>formam</strong></span> <span class='ocrx_word' id='word_1_107' title='bbox 788 1818 1002 1874; x_wconf 83' lang='lat' dir='ltr'><strong>vivendi</strong></span> <span class='ocrx_word' id='word_1_108' title='bbox 1051 1817 1327 1873; x_wconf 87' lang='lat' dir='ltr'><strong>dimissam</strong></span> <span class='ocrx_word' id='word_1_109' title='bbox 1359 1815 1476 1890; x_wconf 90' lang='lat' dir='ltr'><strong>[U.,</strong></span> <span class='ocrx_word' id='word_1_110' title='bbox 1509 1813 1613 1885; x_wconf 86' lang='lat' dir='ltr'><strong>G.,</strong></span> <span class='ocrx_word' id='word_1_111' title='bbox 1642 1817 1774 1871; x_wconf 89' lang='lat' dir='ltr'><strong>mis-</strong></span> 
     </span>
    </p>
   </div>
   <div class='ocr_carea' id='block_1_17' title="bbox 1204 378 2438 472">
    <p class='ocr_par' dir='ltr' id='par_1_17' title="bbox 1204 378 2438 472">
     <span class='ocr_line' id='line_1_17' title="bbox 1204 378 2438 472; baseline 0 -1"><span class='ocrx_word' id='word_1_112' title='bbox 1204 410 1483 472; x_wconf 66' lang='grc' dir='ltr'><strong>ηΑιιιιλΕ</strong></span> <span class='ocrx_word' id='word_1_113' title='bbox 1519 398 1861 471; x_wconf 80' lang='lat' dir='ltr'><strong>CONCILIA.</strong></span> <span class='ocrx_word' id='word_1_114' title='bbox 1900 440 1973 453; x_wconf 88' lang='lat'><strong>—</strong></span> <span class='ocrx_word' id='word_1_115' title='bbox 2006 378 2438 472; x_wconf 80' lang='lat' dir='ltr'><strong>AGATHENSE.</strong></span> 
     </span>
    </p>
   </div>
   <div class='ocr_carea' id='block_1_18' title="bbox 3364 414 3471 479">
    <p class='ocr_par' dir='ltr' id='par_1_18' title="bbox 3364 414 3471 479">
     <span class='ocr_line' id='line_1_18' title="bbox 3364 414 3471 479; baseline 0.019 -2"><span class='ocrx_word' id='word_1_116' title='bbox 3364 414 3471 479; x_wconf 69' lang='lat'><strong>266</strong></span> 
     </span>
    </p>
   </div>
   <div class='ocr_carea' id='block_1_19' title="bbox 2124 528 3216 596">
    <p class='ocr_par' dir='ltr' id='par_1_19' title="bbox 2124 528 3216 596">
     <span class='ocr_line' id='line_1_19' title="bbox 2124 528 3216 596; baseline 0.005 -12"><span class='ocrx_word' id='word_1_117' title='bbox 2124 528 2263 585; x_wconf 84' lang='lat' dir='ltr'><strong>XVI.</strong></span> <span class='ocrx_word' id='word_1_118' title='bbox 2299 530 2414 596; x_wconf 80' lang='lat' dir='ltr'><strong>Qua</strong></span> <span class='ocrx_word' id='word_1_119' title='bbox 2433 536 2581 586; x_wconf 69' lang='lat' dir='ltr'><strong>relate</strong></span> <span class='ocrx_word' id='word_1_120' title='bbox 2621 531 2862 587; x_wconf 82' lang='lat' dir='ltr'><strong>diacones</strong></span> <span class='ocrx_word' id='word_1_121' title='bbox 2896 530 3216 589; x_wconf 79' lang='lat' dir='ltr'><strong>ordinentur.</strong></span> 
     </span>
    </p>
   </div>
   <div class='ocr_carea' id='block_1_20' title="bbox 1944 624 3470 695">
    <p class='ocr_par' dir='ltr' id='par_1_20' title="bbox 1944 624 3470 695">
     <span class='ocr_line' id='line_1_20' title="bbox 1944 624 3470 695; baseline 0.004 -16"><span class='ocrx_word' id='word_1_122' title='bbox 1944 624 2240 695; x_wconf 88' lang='lat' dir='ltr'><strong>Episcopus</strong></span> <span class='ocrx_word' id='word_1_123' title='bbox 2262 639 2392 679; x_wconf 89' lang='lat' dir='ltr'><strong>vero</strong></span> <span class='ocrx_word' id='word_1_124' title='bbox 2422 625 2851 682; x_wconf 86' lang='lat' dir='ltr'><strong>benedictionem</strong></span> <span class='ocrx_word' id='word_1_125' title='bbox 2888 627 3202 683; x_wconf 84' lang='lat' dir='ltr'><strong>diaconatus</strong></span> <span class='ocrx_word' id='word_1_126' title='bbox 3242 628 3470 685; x_wconf 82' lang='lat' dir='ltr'><strong>minori-</strong></span> 
     </span>
    </p>
   </div>
   <div class='ocr_carea' id='block_1_21' title="bbox 1869 715 3469 790">
    <p class='ocr_par' dir='ltr' id='par_1_21' title="bbox 1869 715 3469 790">
     <span class='ocr_line' id='line_1_21' title="bbox 1869 715 3469 790; baseline 0.003 -18"><span class='ocrx_word' id='word_1_127' title='bbox 1869 715 1970 772; x_wconf 86' lang='lat' dir='ltr'><strong>bus</strong></span> <span class='ocrx_word' id='word_1_128' title='bbox 2001 715 2187 786; x_wconf 77' lang='lat' dir='ltr'><strong>viginti</strong></span> <span class='ocrx_word' id='word_1_129' title='bbox 2216 724 2270 771; x_wconf 91' lang='lat' dir='ltr'><strong>et</strong></span> <span class='ocrx_word' id='word_1_130' title='bbox 2293 715 2530 786; x_wconf 87' lang='lat' dir='ltr'><strong>quinque</strong></span> <span class='ocrx_word' id='word_1_131' title='bbox 2557 733 2820 775; x_wconf 90' lang='lat' dir='ltr'><strong>annorum</strong></span> <span class='ocrx_word' id='word_1_132' title='bbox 2852 720 3064 790; x_wconf 76' lang='lat' dir='ltr'><strong>penitus</strong></span> <span class='ocrx_word' id='word_1_133' title='bbox 3090 735 3195 777; x_wconf 92' lang='lat' dir='ltr'><strong>non</strong></span> <span class='ocrx_word' id='word_1_134' title='bbox 3218 722 3469 777; x_wconf 86' lang='lat' dir='ltr'><strong>commit-</strong></span> 
     </span>
    </p>
   </div>
   <div class='ocr_carea' id='block_1_22' title="bbox 1872 810 3467 885">
    <p class='ocr_par' dir='ltr' id='par_1_22' title="bbox 1872 810 3467 885">
     <span class='ocr_line' id='line_1_22' title="bbox 1872 810 3467 885; baseline 0.004 -20"><span class='ocrx_word' id='word_1_135' title='bbox 1872 816 1949 865; x_wconf 87' lang='lat' dir='ltr'><strong>tat</strong></span> <span class='ocrx_word' id='word_1_136' title='bbox 1976 826 1990 864; x_wconf 91' lang='lat'><strong>:</strong></span> <span class='ocrx_word' id='word_1_137' title='bbox 2026 824 2155 864; x_wconf 86' lang='lat' dir='ltr'><strong>sane</strong></span> <span class='ocrx_word' id='word_1_138' title='bbox 2176 810 2224 864; x_wconf 92' lang='lat' dir='ltr'><strong>si</strong></span> <span class='ocrx_word' id='word_1_139' title='bbox 2254 810 2524 881; x_wconf 87' lang='lat' dir='ltr'><strong>conjugati</strong></span> <span class='ocrx_word' id='word_1_140' title='bbox 2548 811 2780 881; x_wconf 87' lang='lat' dir='ltr'><strong>juvenes</strong></span> <span class='ocrx_word' id='word_1_141' title='bbox 2802 815 3177 871; x_wconf 89' lang='lat' dir='ltr'><strong>consenserint</strong></span> <span class='ocrx_word' id='word_1_142' title='bbox 3198 815 3467 885; x_wconf 88' lang='lat' dir='ltr'><strong>ordinari,</strong></span> 
     </span>
    </p>
   </div>
   <div class='ocr_carea' id='block_1_23' title="bbox 1870 901 3470 981">
    <p class='ocr_par' dir='ltr' id='par_1_23' title="bbox 1870 901 3470 981">
     <span class='ocr_line' id='line_1_23' title="bbox 1870 901 3470 981; baseline 0.006 -22"><span class='ocrx_word' id='word_1_143' title='bbox 1870 901 2034 959; x_wconf 87' lang='lat' dir='ltr'><strong>etiam</strong></span> <span class='ocrx_word' id='word_1_144' title='bbox 2060 917 2287 959; x_wconf 81' lang='lat' dir='ltr'><strong>uxorum</strong></span> <span class='ocrx_word' id='word_1_145' title='bbox 2310 905 2554 960; x_wconf 88' lang='lat' dir='ltr'><strong>voluntas</strong></span> <span class='ocrx_word' id='word_1_146' title='bbox 2586 906 2657 961; x_wconf 93' lang='lat' dir='ltr'><strong>ita</strong></span> <span class='ocrx_word' id='word_1_147' title='bbox 2687 908 3004 978; x_wconf 88' lang='lat' dir='ltr'><strong>requirenda</strong></span> <span class='ocrx_word' id='word_1_148' title='bbox 3030 918 3150 977; x_wconf 88' lang='lat' dir='ltr'><strong>est,</strong></span> <span class='ocrx_word' id='word_1_149' title='bbox 3173 920 3231 965; x_wconf 89' lang='lat' dir='ltr'><strong>ut</strong></span> <span class='ocrx_word' id='word_1_150' title='bbox 3251 925 3470 981; x_wconf 88' lang='lat' dir='ltr'><strong>seques-</strong></span> 
     </span>
    </p>
   </div>
   <div class='ocr_carea' id='block_1_24' title="bbox 1872 996 3470 1072">
    <p class='ocr_par' dir='ltr' id='par_1_24' title="bbox 1872 996 3470 1072">
     <span class='ocr_line' id='line_1_24' title="bbox 1872 996 3470 1072; baseline 0.006 -22"><span class='ocrx_word' id='word_1_151' title='bbox 1872 1003 2014 1051; x_wconf 89' lang='lat' dir='ltr'><strong>trato</strong></span> <span class='ocrx_word' id='word_1_152' title='bbox 2042 996 2339 1052; x_wconf 85' lang='lat' dir='ltr'><strong>mansionis</strong></span> <span class='ocrx_word' id='word_1_153' title='bbox 2361 996 2629 1065; x_wconf 89' lang='lat' dir='ltr'><strong>cubiculo,</strong></span> <span class='ocrx_word' id='word_1_154' title='bbox 2657 1000 2916 1070; x_wconf 79' lang='lat' dir='ltr'><strong>religione</strong></span> <span class='ocrx_word' id='word_1_155' title='bbox 2939 1002 3223 1072; x_wconf 85' lang='lat' dir='ltr'><strong>promissa,</strong></span> <span class='ocrx_word' id='word_1_156' title='bbox 3259 1014 3470 1070; x_wconf 78' lang='lat' dir='ltr'><strong>postea-</strong></span> 
     </span>
    </p>
   </div>
   <div class='ocr_carea' id='block_1_25' title="bbox 1873 1089 3114 1160">
    <p class='ocr_par' dir='ltr' id='par_1_25' title="bbox 1873 1089 3114 1160">
     <span class='ocr_line' id='line_1_25' title="bbox 1873 1089 3114 1160; baseline 0.006 -17"><span class='ocrx_word' id='word_1_157' title='bbox 1873 1104 2032 1160; x_wconf 85' lang='lat' dir='ltr'><strong>quam</strong></span> <span class='ocrx_word' id='word_1_158' title='bbox 2062 1089 2259 1159; x_wconf 82' lang='lat' dir='ltr'><strong>pariler</strong></span> <span class='ocrx_word' id='word_1_159' title='bbox 2279 1090 2525 1148; x_wconf 88' lang='lat' dir='ltr'><strong>conversi</strong></span> <span class='ocrx_word' id='word_1_160' title='bbox 2553 1091 2753 1148; x_wconf 90' lang='lat' dir='ltr'><strong>fuerint</strong></span> <span class='ocrx_word' id='word_1_161' title='bbox 2779 1095 3114 1151; x_wconf 89' lang='lat' dir='ltr'><strong>ordinentur.</strong></span> 
     </span>
    </p>
   </div>
   <div class='ocr_carea' id='block_1_26' title="bbox 1873 1180 3467 1255">
    <p class='ocr_par' dir='ltr' id='par_1_26' title="bbox 1873 1180 3467 1255">
     <span class='ocr_line' id='line_1_26' title="bbox 1873 1180 3467 1255; baseline 0.008 -20"><span class='ocrx_word' id='word_1_162' title='bbox 1873 1180 2037 1236; x_wconf 83' lang='lat' dir='ltr'><strong>XVII.</strong></span> <span class='ocrx_word' id='word_1_163' title='bbox 2066 1182 2182 1247; x_wconf 83' lang='lat' dir='ltr'><strong>Qua</strong></span> <span class='ocrx_word' id='word_1_164' title='bbox 2198 1191 2347 1239; x_wconf 68' lang='lat' dir='ltr'><strong>(etate</strong></span> <span class='ocrx_word' id='word_1_165' title='bbox 2368 1184 2593 1253; x_wconf 80' lang='lat' dir='ltr'><strong>episcOpi</strong></span> <span class='ocrx_word' id='word_1_166' title='bbox 2619 1184 2698 1238; x_wconf 85' lang='lat' dir='ltr'><strong>uel</strong></span> <span class='ocrx_word' id='word_1_167' title='bbox 2744 1185 3056 1255; x_wconf 84' lang='lat' dir='ltr'><strong>presbyteres</strong></span> <span class='ocrx_word' id='word_1_168' title='bbox 3089 1198 3467 1248; x_wconf 85' lang='lat' dir='ltr'><strong>consecrentur.</strong></span> 
     </span>
    </p>
   </div>
   <div class='ocr_carea' id='block_1_27' title="bbox 1947 1272 3467 1353">
    <p class='ocr_par' dir='ltr' id='par_1_27' title="bbox 1947 1272 3467 1353">
     <span class='ocr_line' id='line_1_27' title="bbox 1947 1272 3467 1353; baseline 0.008 -24"><span class='ocrx_word' id='word_1_169' title='bbox 1947 1272 2326 1347; x_wconf 86' lang='lat' dir='ltr'><strong>Presbyterum</strong></span> <span class='ocrx_word' id='word_1_170' title='bbox 2340 1292 2468 1333; x_wconf 89' lang='lat' dir='ltr'><strong>vero</strong></span> <span class='ocrx_word' id='word_1_171' title='bbox 2484 1277 2565 1333; x_wconf 90' lang='lat' dir='ltr'><strong>vel</strong></span> <span class='ocrx_word' id='word_1_172' title='bbox 2580 1279 2889 1347; x_wconf 87' lang='lat' dir='ltr'><strong>episcopum</strong></span> <span class='ocrx_word' id='word_1_173' title='bbox 2910 1290 3034 1336; x_wconf 91' lang='lat' dir='ltr'><strong>ante</strong></span> <span class='ocrx_word' id='word_1_174' title='bbox 3050 1283 3260 1352; x_wconf 80' lang='lat' dir='ltr'><strong>triginta</strong></span> <span class='ocrx_word' id='word_1_175' title='bbox 3273 1298 3467 1353; x_wconf 89' lang='lat' dir='ltr'><strong>annos,</strong></span> 
     </span>
    </p>
   </div>
   <div class='ocr_carea' id='block_1_28' title="bbox 1874 1364 3472 1445">
    <p class='ocr_par' dir='ltr' id='par_1_28' title="bbox 1874 1364 3472 1445">
     <span class='ocr_line' id='line_1_28' title="bbox 1874 1364 3472 1445; baseline 0.008 -24"><span class='ocrx_word' id='word_1_176' title='bbox 1874 1364 1929 1422; x_wconf 90' lang='lat' dir='ltr'><strong>id</strong></span> <span class='ocrx_word' id='word_1_177' title='bbox 1958 1375 2040 1422; x_wconf 90' lang='lat' dir='ltr'><strong>est</strong></span> <span class='ocrx_word' id='word_1_178' title='bbox 2066 1377 2350 1437; x_wconf 83' lang='lat' dir='ltr'><strong>antequam</strong></span> <span class='ocrx_word' id='word_1_179' title='bbox 2372 1369 2441 1424; x_wconf 88' lang='lat' dir='ltr'><strong>ad</strong></span> <span class='ocrx_word' id='word_1_180' title='bbox 2469 1368 2572 1425; x_wconf 89' lang='lat' dir='ltr'><strong>viri</strong></span> <span class='ocrx_word' id='word_1_181' title='bbox 2591 1368 2810 1439; x_wconf 80' lang='lat' dir='ltr'><strong>perfecti</strong></span> <span class='ocrx_word' id='word_1_182' title='bbox 2838 1371 2999 1443; x_wconf 66' lang='grc'><strong>234</strong></span> <span class='ocrx_word' id='word_1_183' title='bbox 3032 1381 3245 1428; x_wconf 66' lang='lat' dir='ltr'><strong>aetatem</strong></span> <span class='ocrx_word' id='word_1_184' title='bbox 3278 1392 3472 1445; x_wconf 88' lang='lat' dir='ltr'><strong>perve-</strong></span> 
     </span>
    </p>
   </div>
   <div class='ocr_carea' id='block_1_29' title="bbox 1873 1461 3469 1539">
    <p class='ocr_par' dir='ltr' id='par_1_29' title="bbox 1873 1461 3469 1539">
     <span class='ocr_line' id='line_1_29' title="bbox 1873 1461 3469 1539; baseline 0.007 -25"><span class='ocrx_word' id='word_1_185' title='bbox 1873 1461 2062 1527; x_wconf 87' lang='lat' dir='ltr'><strong>niant,</strong></span> <span class='ocrx_word' id='word_1_186' title='bbox 2098 1461 2275 1517; x_wconf 91' lang='lat' dir='ltr'><strong>nullus</strong></span> <span class='ocrx_word' id='word_1_187' title='bbox 2301 1462 2837 1534; x_wconf 88' lang='lat' dir='ltr'><strong>metropolitanorum</strong></span> <span class='ocrx_word' id='word_1_188' title='bbox 2868 1465 3119 1522; x_wconf 89' lang='lat' dir='ltr'><strong>ordinare</strong></span> <span class='ocrx_word' id='word_1_189' title='bbox 3146 1477 3469 1539; x_wconf 56' lang='lat' dir='ltr'><strong>praesumat,</strong></span> 
     </span>
    </p>
   </div>
   <div class='ocr_carea' id='block_1_30' title="bbox 1877 1556 3472 1629">
    <p class='ocr_par' dir='ltr' id='par_1_30' title="bbox 1877 1556 3472 1629">
     <span class='ocr_line' id='line_1_30' title="bbox 1877 1556 3472 1629; baseline 0.007 -20"><span class='ocrx_word' id='word_1_190' title='bbox 1877 1569 1948 1611; x_wconf 91' lang='lat' dir='ltr'><strong>ne</strong></span> <span class='ocrx_word' id='word_1_191' title='bbox 1985 1569 2080 1625; x_wconf 91' lang='lat' dir='ltr'><strong>per</strong></span> <span class='ocrx_word' id='word_1_192' title='bbox 2111 1564 2347 1624; x_wconf 80' lang='lat' dir='ltr'><strong>:etatem,</strong></span> <span class='ocrx_word' id='word_1_193' title='bbox 2371 1556 2515 1628; x_wconf 91' lang='lat' dir='ltr'><strong>quod</strong></span> <span class='ocrx_word' id='word_1_194' title='bbox 2542 1556 2827 1629; x_wconf 87' lang='lat' dir='ltr'><strong>aliquoties</strong></span> <span class='ocrx_word' id='word_1_195' title='bbox 2849 1558 3054 1628; x_wconf 88' lang='lat' dir='ltr'><strong>evenit,</strong></span> <span class='ocrx_word' id='word_1_196' title='bbox 3078 1560 3259 1629; x_wconf 87' lang='lat' dir='ltr'><strong>aliquo</strong></span> <span class='ocrx_word' id='word_1_197' title='bbox 3284 1578 3472 1620; x_wconf 88' lang='lat' dir='ltr'><strong>errore</strong></span> 
     </span>
    </p>
   </div>
   <div class='ocr_carea' id='block_1_31' title="bbox 1873 1647 2181 1716">
    <p class='ocr_par' dir='ltr' id='par_1_31' title="bbox 1873 1647 2181 1716">
     <span class='ocr_line' id='line_1_31' title="bbox 1873 1647 2181 1716; baseline 0 -13"><span class='ocrx_word' id='word_1_198' title='bbox 1873 1647 2181 1716; x_wconf 89' lang='lat' dir='ltr'><strong>culpenlur.</strong></span> 
     </span>
    </p>
   </div>
   <div class='ocr_carea' id='block_1_32' title="bbox 1874 1738 3474 1873">
    <p class='ocr_par' dir='ltr' id='par_1_32' title="bbox 1874 1738 3474 1873">
     <span class='ocr_line' id='line_1_32' title="bbox 1874 1738 3474 1873; baseline 0.008 -79"><span class='ocrx_word' id='word_1_199' title='bbox 1874 1738 2168 1797; x_wconf 68' lang='lat' dir='ltr'><strong>XVIIl.-De</strong></span> <span class='ocrx_word' id='word_1_200' title='bbox 2214 1742 2361 1800; x_wconf 90' lang='lat' dir='ltr'><strong>laicis</strong></span> <span class='ocrx_word' id='word_1_201' title='bbox 2394 1745 2578 1817; x_wconf 81' lang='lat' dir='ltr'><strong>quibus</strong></span> <span class='ocrx_word' id='word_1_202' title='bbox 2595 1748 2929 1873; x_wconf 51' lang='lat' dir='ltr'><strong>btemporibus</strong></span> <span class='ocrx_word' id='word_1_203' title='bbox 2968 1765 3343 1806; x_wconf 77' lang='lat' dir='ltr'><strong>communicare</strong></span> <span class='ocrx_word' id='word_1_204' title='bbox 3384 1750 3474 1807; x_wconf 86' lang='lat' dir='ltr'><strong>de-</strong></span> 
     </span>
     <span class='ocr_line' id='line_1_33' title="bbox 2628 1836 2766 1873; baseline 0 0"><span class='ocrx_word' id='word_1_205' title='bbox 2628 1836 2721 1873; x_wconf 86' lang='lat' dir='ltr'><strong>ean</strong></span> <span class='ocrx_word' id='word_1_206' title='bbox 2751 1859 2766 1873; x_wconf 97' lang='lat'><strong>.</strong></span> 
     </span>
    </p>
   </div>
   <div class='ocr_carea' id='block_1_33' title="bbox 2628 1836 2766 1875">
    <p class='ocr_par' dir='ltr' id='par_1_33' title="bbox 2628 1836 2766 1875">
     <span class='ocr_line' id='line_1_34' title="bbox 2628 1836 2766 1875; baseline 0.007 -1"><span class='ocrx_word' id='word_1_207' title='bbox 2628 1836 2743 1874; x_wconf 86' lang='lat' dir='ltr'><strong>eant</strong></span> <span class='ocrx_word' id='word_1_208' title='bbox 2751 1859 2766 1875; x_wconf 75' lang='grc' dir='ltr'>ι</span> 
     </span>
    </p>
   </div>
   <div class='ocr_carea' id='block_1_34' title="bbox 178 1904 3473 1985">
    <p class='ocr_par' dir='ltr' id='par_1_34' title="bbox 178 1904 3473 1985">
     <span class='ocr_line' id='line_1_35' title="bbox 178 1904 3473 1985; baseline 0.001 -16"><span class='ocrx_word' id='word_1_209' title='bbox 178 1914 312 1985; x_wconf 77' lang='lat' dir='ltr'><strong>sam]</strong></span> <span class='ocrx_word' id='word_1_210' title='bbox 343 1927 376 1967; x_wconf 88' lang='lat' dir='ltr'><strong>a</strong></span> <span class='ocrx_word' id='word_1_211' title='bbox 416 1920 603 1969; x_wconf 86' lang='lat' dir='ltr'><strong>sancto</strong></span> <span class='ocrx_word' id='word_1_212' title='bbox 646 1909 859 1982; x_wconf 85' lang='lat' dir='ltr'><strong>Syricio</strong></span> <span class='ocrx_word' id='word_1_213' title='bbox 899 1911 1155 1981; x_wconf 86' lang='lat' dir='ltr'><strong>episcopo</strong></span> <span class='ocrx_word' id='word_1_214' title='bbox 1201 1910 1547 1981; x_wconf 81' lang='lat' dir='ltr'><strong>detegantur,</strong></span> <span class='ocrx_word' id='word_1_215' title='bbox 1596 1922 1771 1977; x_wconf 87' lang='lat' dir='ltr'><strong>neque</strong></span> <span class='ocrx_word' id='word_1_216' title='bbox 1799 1904 1849 1967; x_wconf 89' lang='lat' dir='ltr'><strong>B</strong></span> <span class='ocrx_word' id='word_1_217' title='bbox 1946 1905 2247 1966; x_wconf 73' lang='lat' dir='ltr'><strong>Steculares</strong></span> <span class='ocrx_word' id='word_1_218' title='bbox 2266 1924 2398 1967; x_wconf 90' lang='lat' dir='ltr'><strong>vero</strong></span> <span class='ocrx_word' id='word_1_219' title='bbox 2424 1912 2513 1983; x_wconf 90' lang='lat' dir='ltr'><strong>qui</strong></span> <span class='ocrx_word' id='word_1_220' title='bbox 2540 1910 2715 1968; x_wconf 86' lang='lat' dir='ltr'><strong>Natali</strong></span> <span class='ocrx_word' id='word_1_221' title='bbox 2742 1913 2976 1981; x_wconf 88' lang='lat' dir='ltr'><strong>Domini,</strong></span> <span class='ocrx_word' id='word_1_222' title='bbox 3014 1915 3241 1984; x_wconf 87' lang='lat' dir='ltr'><strong>Pascha,</strong></span> <span class='ocrx_word' id='word_1_223' title='bbox 3274 1915 3473 1972; x_wconf 87' lang='lat' dir='ltr'><strong>Pente-</strong></span> 
     </span>
    </p>
   </div>
   <div class='ocr_carea' id='block_1_35' title="bbox 177 2000 1773 2074">
    <p class='ocr_par' dir='ltr' id='par_1_35' title="bbox 177 2000 1773 2074">
     <span class='ocr_line' id='line_1_36' title="bbox 177 2000 1773 2074; baseline -0.004 -14"><span class='ocrx_word' id='word_1_224' title='bbox 177 2006 361 2061; x_wconf 88' lang='lat' dir='ltr'><strong>statim</strong></span> <span class='ocrx_word' id='word_1_225' title='bbox 392 2002 701 2074; x_wconf 88' lang='lat' dir='ltr'><strong>cupiditatis</strong></span> <span class='ocrx_word' id='word_1_226' title='bbox 754 2001 1008 2058; x_wconf 88' lang='lat' dir='ltr'><strong>libidines</strong></span> <span class='ocrx_word' id='word_1_227' title='bbox 1055 2000 1343 2073; x_wconf 73' lang='lat' dir='ltr'><strong>abiecisse,</strong></span> <span class='ocrx_word' id='word_1_228' title='bbox 1393 2000 1470 2057; x_wconf 88' lang='lat' dir='ltr'><strong>illi</strong></span> <span class='ocrx_word' id='word_1_229' title='bbox 1507 2007 1631 2055; x_wconf 89' lang='lat' dir='ltr'><strong>sunt</strong></span> <span class='ocrx_word' id='word_1_230' title='bbox 1657 2012 1773 2054; x_wconf 86' lang='lat' dir='ltr'><strong>mo-</strong></span> 
     </span>
    </p>
   </div>
   <div class='ocr_carea' id='block_1_36' title="bbox 176 2092 1772 2166">
    <p class='ocr_par' dir='ltr' id='par_1_36' title="bbox 176 2092 1772 2166">
     <span class='ocr_line' id='line_1_37' title="bbox 176 2092 1772 2166; baseline -0.002 -14"><span class='ocrx_word' id='word_1_231' title='bbox 176 2096 257 2153; x_wconf 91' lang='lat' dir='ltr'><strong>dis</strong></span> <span class='ocrx_word' id='word_1_232' title='bbox 296 2092 556 2152; x_wconf 60' lang='lat' dir='ltr'><strong>omnibus</strong></span> <span class='ocrx_word' id='word_1_233' title='bbox 589 2094 993 2165; x_wconf 75' lang='lat' dir='ltr'><strong>submovendi&#39;,</strong></span> <span class='ocrx_word' id='word_1_234' title='bbox 1045 2095 1137 2165; x_wconf 90' lang='lat' dir='ltr'><strong>qui</strong></span> <span class='ocrx_word' id='word_1_235' title='bbox 1187 2102 1313 2166; x_wconf 90' lang='lat' dir='ltr'><strong>post</strong></span> <span class='ocrx_word' id='word_1_236' title='bbox 1350 2092 1772 2149; x_wconf 87' lang='lat' dir='ltr'><strong>admonitionem</strong></span> 
     </span>
    </p>
   </div>
   <div class='ocr_carea' id='block_1_37' title="bbox 173 2178 1771 2262">
    <p class='ocr_par' dir='ltr' id='par_1_37' title="bbox 173 2178 1771 2262">
     <span class='ocr_line' id='line_1_38' title="bbox 173 2178 1771 2262; baseline -0.002 -15"><span class='ocrx_word' id='word_1_237' title='bbox 173 2178 445 2262; x_wconf 82' lang='lat' dir='ltr'><strong>cognitam</strong></span> <span class='ocrx_word' id='word_1_238' title='bbox 496 2188 913 2261; x_wconf 75' lang='lat' dir='ltr'><strong>praeponendam</strong></span> <span class='ocrx_word' id='word_1_239' title='bbox 967 2186 1215 2243; x_wconf 86' lang='lat' dir='ltr'><strong>arbitrati</strong></span> <span class='ocrx_word' id='word_1_240' title='bbox 1262 2196 1387 2243; x_wconf 91' lang='lat' dir='ltr'><strong>sunt</strong></span> <span class='ocrx_word' id='word_1_241' title='bbox 1417 2187 1771 2258; x_wconf 88' lang='lat' dir='ltr'><strong>voluptatem.</strong></span> 
     </span>
    </p>
   </div>
   <div class='ocr_carea' id='block_1_38' title="bbox 247 2279 1710 2406">
    <p class='ocr_par' dir='ltr' id='par_1_38' title="bbox 247 2279 1710 2406">
     <span class='ocr_line' id='line_1_39' title="bbox 247 2279 1710 2406; baseline -0.001 -68"><span class='ocrx_word' id='word_1_242' title='bbox 247 2281 322 2338; x_wconf 73' lang='grc' dir='ltr'><strong>Χ.</strong></span> <span class='ocrx_word' id='word_1_243' title='bbox 373 2282 443 2337; x_wconf 87' lang='lat' dir='ltr'><strong>Ut</strong></span> <span class='ocrx_word' id='word_1_244' title='bbox 482 2282 659 2337; x_wconf 81' lang='lat' dir='ltr'><strong>nullus</strong></span> <span class='ocrx_word' id='word_1_245' title='bbox 697 2280 998 2405; x_wconf 42' lang='lat' dir='ltr'><strong>clericalrulnt</strong></span> <span class='ocrx_word' id='word_1_246' title='bbox 1035 2296 1163 2406; x_wconf 56' lang='lat' dir='ltr'><strong>tcum</strong></span> <span class='ocrx_word' id='word_1_247' title='bbox 1201 2279 1458 2337; x_wconf 68' lang='lat' dir='ltr'><strong>extraneis</strong></span> <span class='ocrx_word' id='word_1_248' title='bbox 1506 2280 1710 2352; x_wconf 77' lang='lat' dir='ltr'><strong>feminis</strong></span> 
     </span>
     <span class='ocr_line' id='line_1_40' title="bbox 900 2363 1075 2406; baseline 0 0"><span class='ocrx_word' id='word_1_249' title='bbox 900 2370 931 2406; x_wconf 92' lang='lat' dir='ltr'><strong>a</strong></span> <span class='ocrx_word' id='word_1_250' title='bbox 966 2363 1032 2406; x_wconf 82' lang='lat' dir='ltr'><strong>tle</strong></span> <span class='ocrx_word' id='word_1_251' title='bbox 1059 2389 1075 2406; x_wconf 95' lang='lat'><strong>.</strong></span> 
     </span>
    </p>
   </div>
   <div class='ocr_carea' id='block_1_39' title="bbox 900 2363 1075 2407">
    <p class='ocr_par' dir='ltr' id='par_1_39' title="bbox 900 2363 1075 2407">
     <span class='ocr_line' id='line_1_41' title="bbox 900 2363 1075 2407; baseline -0.006 0"><span class='ocrx_word' id='word_1_252' title='bbox 900 2363 1075 2407; x_wconf 83' lang='lat' dir='ltr'><strong>abttet.</strong></span> 
     </span>
    </p>
   </div>
   <div class='ocr_carea' id='block_1_40' title="bbox 243 2444 1768 2516">
    <p class='ocr_par' dir='ltr' id='par_1_40' title="bbox 243 2444 1768 2516">
     <span class='ocr_line' id='line_1_42' title="bbox 243 2444 1768 2516; baseline 0 -15"><span class='ocrx_word' id='word_1_253' title='bbox 243 2444 302 2501; x_wconf 91' lang='lat' dir='ltr'><strong>ld</strong></span> <span class='ocrx_word' id='word_1_254' title='bbox 332 2444 496 2501; x_wconf 89' lang='lat' dir='ltr'><strong>etiam</strong></span> <span class='ocrx_word' id='word_1_255' title='bbox 520 2444 587 2500; x_wconf 87' lang='lat' dir='ltr'><strong>ad</strong></span> <span class='ocrx_word' id='word_1_256' title='bbox 613 2444 1024 2502; x_wconf 87' lang='lat' dir='ltr'><strong>custodiendam</strong></span> <span class='ocrx_word' id='word_1_257' title='bbox 1051 2444 1216 2501; x_wconf 88' lang='lat' dir='ltr'><strong>vitam</strong></span> <span class='ocrx_word' id='word_1_258' title='bbox 1247 2452 1304 2503; x_wconf 91' lang='lat' dir='ltr'><strong>et</strong></span> <span class='ocrx_word' id='word_1_259' title='bbox 1330 2444 1525 2501; x_wconf 89' lang='lat' dir='ltr'><strong>famam</strong></span> <span class='ocrx_word' id='word_1_260' title='bbox 1549 2444 1768 2516; x_wconf 84' lang='lat' dir='ltr'><strong>speciali</strong></span> 
     </span>
    </p>
   </div>
   <div class='ocr_carea' id='block_1_41' title="bbox 173 2536 1770 2610">
    <p class='ocr_par' dir='ltr' id='par_1_41' title="bbox 173 2536 1770 2610">
     <span class='ocr_line' id='line_1_43' title="bbox 173 2536 1770 2610; baseline 0.001 -17"><span class='ocrx_word' id='word_1_261' title='bbox 173 2536 513 2594; x_wconf 89' lang='lat' dir='ltr'><strong>ordinatione</strong></span> <span class='ocrx_word' id='word_1_262' title='bbox 563 2537 929 2610; x_wconf 69' lang='lat' dir='ltr'><strong>praecipimus,</strong></span> <span class='ocrx_word' id='word_1_263' title='bbox 962 2546 1021 2593; x_wconf 91' lang='lat' dir='ltr'><strong>ut</strong></span> <span class='ocrx_word' id='word_1_264' title='bbox 1068 2536 1251 2593; x_wconf 91' lang='lat' dir='ltr'><strong>nullus</strong></span> <span class='ocrx_word' id='word_1_265' title='bbox 1302 2536 1628 2593; x_wconf 90' lang='lat' dir='ltr'><strong>clericorum</strong></span> <span class='ocrx_word' id='word_1_266' title='bbox 1676 2553 1770 2595; x_wconf 85' lang='lat' dir='ltr'><strong>ex-</strong></span> 
     </span>
    </p>
   </div>
   <div class='ocr_carea' id='block_1_42' title="bbox 176 2628 1768 2701">
    <p class='ocr_par' dir='ltr' id='par_1_42' title="bbox 176 2628 1768 2701">
     <span class='ocr_line' id='line_1_44' title="bbox 176 2628 1768 2701; baseline 0.001 -17"><span class='ocrx_word' id='word_1_267' title='bbox 176 2637 375 2685; x_wconf 71' lang='lat' dir='ltr'><strong>tranea:</strong></span> <span class='ocrx_word' id='word_1_268' title='bbox 408 2629 629 2686; x_wconf 90' lang='lat' dir='ltr'><strong>mulieri</strong></span> <span class='ocrx_word' id='word_1_269' title='bbox 660 2630 903 2701; x_wconf 89' lang='lat' dir='ltr'><strong>qualibet</strong></span> <span class='ocrx_word' id='word_1_270' title='bbox 945 2628 1236 2686; x_wconf 89' lang='lat' dir='ltr'><strong>collatione</strong></span> <span class='ocrx_word' id='word_1_271' title='bbox 1264 2640 1356 2685; x_wconf 90' lang='lat' dir='ltr'><strong>aut</strong></span> <span class='ocrx_word' id='word_1_272' title='bbox 1403 2628 1768 2687; x_wconf 91' lang='lat' dir='ltr'><strong>familiaritate</strong></span> 
     </span>
    </p>
   </div>
   <div class='ocr_carea' id='block_1_43' title="bbox 175 2720 1767 2793">
    <p class='ocr_par' dir='ltr' id='par_1_43' title="bbox 175 2720 1767 2793">
     <span class='ocr_line' id='line_1_45' title="bbox 175 2720 1767 2793; baseline 0.001 -16"><span class='ocrx_word' id='word_1_273' title='bbox 175 2720 433 2793; x_wconf 79' lang='lat' dir='ltr'><strong>jungatur</strong></span> <span class='ocrx_word' id='word_1_274' title='bbox 465 2737 480 2776; x_wconf 89' lang='lat'><strong>:</strong></span> <span class='ocrx_word' id='word_1_275' title='bbox 512 2731 564 2779; x_wconf 90' lang='lat' dir='ltr'><strong>et</strong></span> <span class='ocrx_word' id='word_1_276' title='bbox 591 2735 702 2777; x_wconf 88' lang='lat' dir='ltr'><strong>non</strong></span> <span class='ocrx_word' id='word_1_277' title='bbox 730 2721 906 2778; x_wconf 90' lang='lat' dir='ltr'><strong>solum</strong></span> <span class='ocrx_word' id='word_1_278' title='bbox 935 2721 989 2778; x_wconf 92' lang='lat' dir='ltr'><strong>in</strong></span> <span class='ocrx_word' id='word_1_279' title='bbox 1012 2723 1173 2779; x_wconf 84' lang='lat' dir='ltr'><strong>domo</strong></span> <span class='ocrx_word' id='word_1_280' title='bbox 1197 2720 1344 2778; x_wconf 91' lang='lat' dir='ltr'><strong>illius</strong></span> <span class='ocrx_word' id='word_1_281' title='bbox 1365 2731 1618 2778; x_wconf 81' lang='lat' dir='ltr'><strong>extranea</strong></span> <span class='ocrx_word' id='word_1_282' title='bbox 1649 2738 1767 2779; x_wconf 85' lang='lat' dir='ltr'><strong>mu-</strong></span> 
     </span>
    </p>
   </div>
   <div class='ocr_carea' id='block_1_44' title="bbox 174 2813 1769 2888">
    <p class='ocr_par' dir='ltr' id='par_1_44' title="bbox 174 2813 1769 2888">
     <span class='ocr_line' id='line_1_46' title="bbox 174 2813 1769 2888; baseline 0.002 -19"><span class='ocrx_word' id='word_1_283' title='bbox 174 2813 266 2870; x_wconf 86' lang='lat' dir='ltr'><strong>lier</strong></span> <span class='ocrx_word' id='word_1_284' title='bbox 293 2831 400 2871; x_wconf 93' lang='lat' dir='ltr'><strong>non</strong></span> <span class='ocrx_word' id='word_1_285' title='bbox 430 2815 672 2884; x_wconf 88' lang='lat' dir='ltr'><strong>accedat,</strong></span> <span class='ocrx_word' id='word_1_286' title='bbox 702 2815 797 2873; x_wconf 89' lang='lat' dir='ltr'><strong>sed</strong></span> <span class='ocrx_word' id='word_1_287' title='bbox 820 2831 921 2872; x_wconf 90' lang='lat' dir='ltr'><strong>nec</strong></span> <span class='ocrx_word' id='word_1_288' title='bbox 942 2815 1058 2886; x_wconf 91' lang='lat' dir='ltr'><strong>ipse</strong></span> <span class='ocrx_word' id='word_1_289' title='bbox 1087 2815 1462 2888; x_wconf 87' lang='lat' dir='ltr'><strong>frequentandi</strong></span> <span class='ocrx_word' id='word_1_290' title='bbox 1483 2815 1551 2871; x_wconf 89' lang='lat' dir='ltr'><strong>ad</strong></span> <span class='ocrx_word' id='word_1_291' title='bbox 1577 2826 1769 2873; x_wconf 80' lang='lat' dir='ltr'><strong>extra-</strong></span> 
     </span>
    </p>
   </div>
   <div class='ocr_carea' id='block_1_45' title="bbox 174 2911 1767 2982">
    <p class='ocr_par' dir='ltr' id='par_1_45' title="bbox 174 2911 1767 2982">
     <span class='ocr_line' id='line_1_47' title="bbox 174 2911 1767 2982; baseline 0.003 -15"><span class='ocrx_word' id='word_1_292' title='bbox 174 2923 328 2967; x_wconf 86' lang='lat' dir='ltr'><strong>neam</strong></span> <span class='ocrx_word' id='word_1_293' title='bbox 358 2912 643 2969; x_wconf 89' lang='lat' dir='ltr'><strong>mulierem</strong></span> <span class='ocrx_word' id='word_1_294' title='bbox 699 2911 897 2969; x_wconf 89' lang='lat' dir='ltr'><strong>habeat</strong></span> <span class='ocrx_word' id='word_1_295' title='bbox 937 2920 1281 2982; x_wconf 84' lang='lat' dir='ltr'><strong>potestatem,</strong></span> <span class='ocrx_word' id='word_1_296' title='bbox 1314 2913 1410 2969; x_wconf 88' lang='lat' dir='ltr'><strong>sed</strong></span> <span class='ocrx_word' id='word_1_297' title='bbox 1431 2928 1552 2970; x_wconf 92' lang='lat' dir='ltr'><strong>cum</strong></span> <span class='ocrx_word' id='word_1_298' title='bbox 1591 2923 1767 2971; x_wconf 88' lang='lat' dir='ltr'><strong>matre</strong></span> 
     </span>
    </p>
   </div>
   <div class='ocr_carea' id='block_1_46' title="bbox 175 3004 1767 3075">
    <p class='ocr_par' dir='ltr' id='par_1_46' title="bbox 175 3004 1767 3075">
     <span class='ocr_line' id='line_1_48' title="bbox 175 3004 1767 3075; baseline 0.003 -14"><span class='ocrx_word' id='word_1_299' title='bbox 175 3011 407 3074; x_wconf 86' lang='lat' dir='ltr'><strong>tantum,</strong></span> <span class='ocrx_word' id='word_1_300' title='bbox 430 3020 639 3072; x_wconf 88' lang='lat' dir='ltr'><strong>sorore,</strong></span> <span class='ocrx_word' id='word_1_301' title='bbox 666 3006 770 3061; x_wconf 78' lang='lat' dir='ltr'><strong>filia</strong></span> <span class='ocrx_word' id='word_1_302' title='bbox 795 3013 889 3061; x_wconf 91' lang='lat' dir='ltr'><strong>aut</strong></span> <span class='ocrx_word' id='word_1_303' title='bbox 916 3015 1094 3075; x_wconf 91' lang='lat' dir='ltr'><strong>nepte,</strong></span> <span class='ocrx_word' id='word_1_304' title='bbox 1122 3004 1167 3061; x_wconf 92' lang='lat' dir='ltr'><strong>si</strong></span> <span class='ocrx_word' id='word_1_305' title='bbox 1196 3007 1444 3063; x_wconf 69' lang='lat' dir='ltr'><strong>habuerit</strong></span> <span class='ocrx_word' id='word_1_306' title='bbox 1464 3016 1557 3062; x_wconf 91' lang='lat' dir='ltr'><strong>aut</strong></span> <span class='ocrx_word' id='word_1_307' title='bbox 1580 3008 1767 3065; x_wconf 85' lang='lat' dir='ltr'><strong>volue-</strong></span> 
     </span>
    </p>
   </div>
   <div class='ocr_carea' id='block_1_47' title="bbox 172 3098 1765 3172">
    <p class='ocr_par' dir='ltr' id='par_1_47' title="bbox 172 3098 1765 3172">
     <span class='ocr_line' id='line_1_49' title="bbox 172 3098 1765 3172; baseline -0.001 -14"><span class='ocrx_word' id='word_1_308' title='bbox 172 3103 257 3172; x_wconf 90' lang='lat' dir='ltr'><strong>rit,</strong></span> <span class='ocrx_word' id='word_1_309' title='bbox 308 3100 528 3157; x_wconf 86' lang='lat' dir='ltr'><strong>vivendi</strong></span> <span class='ocrx_word' id='word_1_310' title='bbox 571 3101 793 3157; x_wconf 85' lang='lat' dir='ltr'><strong>liberam</strong></span> <span class='ocrx_word' id='word_1_311' title='bbox 838 3098 1033 3155; x_wconf 89' lang='lat' dir='ltr'><strong>habeat</strong></span> <span class='ocrx_word' id='word_1_312' title='bbox 1063 3098 1225 3172; x_wconf 75' lang='lat'><strong>233</strong></span> <span class='ocrx_word' id='word_1_313' title='bbox 1269 3110 1590 3172; x_wconf 87' lang='lat' dir='ltr'><strong>potestatem</strong></span> <span class='ocrx_word' id='word_1_314' title='bbox 1635 3116 1649 3155; x_wconf 90' lang='lat'><strong>:</strong></span> <span class='ocrx_word' id='word_1_315' title='bbox 1696 3101 1765 3157; x_wconf 92' lang='lat' dir='ltr'><strong>de</strong></span> 
     </span>
    </p>
   </div>
   <div class='ocr_carea' id='block_1_48' title="bbox 176 3190 1763 3264">
    <p class='ocr_par' dir='ltr' id='par_1_48' title="bbox 176 3190 1763 3264">
     <span class='ocr_line' id='line_1_50' title="bbox 176 3190 1763 3264; baseline 0.003 -17"><span class='ocrx_word' id='word_1_316' title='bbox 176 3193 365 3264; x_wconf 88' lang='lat' dir='ltr'><strong>quibus</strong></span> <span class='ocrx_word' id='word_1_317' title='bbox 395 3191 707 3248; x_wconf 87' lang='lat' dir='ltr'><strong>nominibus</strong></span> <span class='ocrx_word' id='word_1_318' title='bbox 734 3190 885 3247; x_wconf 80' lang='lat' dir='ltr'><strong>nefas</strong></span> <span class='ocrx_word' id='word_1_319' title='bbox 930 3199 1013 3248; x_wconf 85' lang='lat' dir='ltr'><strong>est</strong></span> <span class='ocrx_word' id='word_1_320' title='bbox 1040 3193 1183 3248; x_wconf 88' lang='lat' dir='ltr'><strong>aliud</strong></span> <span class='ocrx_word' id='word_1_321' title='bbox 1209 3206 1368 3262; x_wconf 89' lang='lat' dir='ltr'><strong>quam</strong></span> <span class='ocrx_word' id='word_1_322' title='bbox 1416 3203 1604 3250; x_wconf 89' lang='lat' dir='ltr'><strong>natura</strong></span> <span class='ocrx_word' id='word_1_323' title='bbox 1633 3207 1763 3251; x_wconf 90' lang='lat' dir='ltr'><strong>con-</strong></span> 
     </span>
    </p>
   </div>
   <div class='ocr_carea' id='block_1_49' title="bbox 172 3284 665 3357">
    <p class='ocr_par' dir='ltr' id='par_1_49' title="bbox 172 3284 665 3357">
     <span class='ocr_line' id='line_1_51' title="bbox 172 3284 665 3357; baseline -0.002 -17"><span class='ocrx_word' id='word_1_324' title='bbox 172 3286 339 3342; x_wconf 77' lang='lat' dir='ltr'><strong>Stituit</strong></span> <span class='ocrx_word' id='word_1_325' title='bbox 375 3284 665 3357; x_wconf 86' lang='lat' dir='ltr'><strong>suspicari.</strong></span> 
     </span>
    </p>
   </div>
   <div class='ocr_carea' id='block_1_50' title="bbox 171 3377 1766 3509">
    <p class='ocr_par' dir='ltr' id='par_1_50' title="bbox 171 3377 1766 3509">
     <span class='ocr_line' id='line_1_52' title="bbox 171 3377 1766 3509; baseline 0.002 -72"><span class='ocrx_word' id='word_1_326' title='bbox 171 3377 258 3437; x_wconf 77' lang='lat' dir='ltr'><strong>XI.</strong></span> <span class='ocrx_word' id='word_1_327' title='bbox 288 3381 355 3439; x_wconf 87' lang='lat' dir='ltr'><strong>Ut</strong></span> <span class='ocrx_word' id='word_1_328' title='bbox 370 3382 548 3439; x_wconf 78' lang='lat' dir='ltr'><strong>nullus</strong></span> <span class='ocrx_word' id='word_1_329' title='bbox 570 3383 782 3440; x_wconf 86' lang='lat' dir='ltr'><strong>clericus</strong></span> <span class='ocrx_word' id='word_1_330' title='bbox 803 3382 855 3439; x_wconf 89' lang='lat' dir='ltr'><strong>in</strong></span> <span class='ocrx_word' id='word_1_331' title='bbox 882 3381 1093 3509; x_wconf 64' lang='lat' dir='ltr'><strong>cellarii:</strong></span> <span class='ocrx_word' id='word_1_332' title='bbox 1113 3381 1192 3439; x_wconf 80' lang='lat' dir='ltr'><strong>uel</strong></span> <span class='ocrx_word' id='word_1_333' title='bbox 1210 3392 1399 3451; x_wconf 88' lang='lat' dir='ltr'><strong>secreta</strong></span> <span class='ocrx_word' id='word_1_334' title='bbox 1417 3382 1661 3455; x_wconf 78' lang='lat' dir='ltr'><strong>feminam</strong></span> <span class='ocrx_word' id='word_1_335' title='bbox 1682 3381 1766 3440; x_wconf 83' lang='lat' dir='ltr'><strong>in-</strong></span> 
     </span>
     <span class='ocr_line' id='line_1_53' title="bbox 835 3464 1105 3509; baseline 0.004 -1"><span class='ocrx_word' id='word_1_336' title='bbox 835 3464 1063 3509; x_wconf 80' lang='lat' dir='ltr'><strong>tromttta</strong></span> <span class='ocrx_word' id='word_1_337' title='bbox 1090 3494 1105 3509; x_wconf 94' lang='lat'><strong>.</strong></span> 
     </span>
    </p>
   </div>
   <div class='ocr_carea' id='block_1_51' title="bbox 835 3464 1105 3509">
    <p class='ocr_par' dir='ltr' id='par_1_51' title="bbox 835 3464 1105 3509">
     <span class='ocr_line' id='line_1_54' title="bbox 835 3464 1105 3509; baseline 0.004 -1"><span class='ocrx_word' id='word_1_338' title='bbox 835 3464 1105 3509; x_wconf 78' lang='lat' dir='ltr'><strong>tromtttat.</strong></span> 
     </span>
    </p>
   </div>
   <div class='ocr_carea' id='block_1_52' title="bbox 237 3546 1765 3606">
    <p class='ocr_par' dir='ltr' id='par_1_52' title="bbox 237 3546 1765 3606">
     <span class='ocr_line' id='line_1_55' title="bbox 237 3546 1765 3606; baseline 0.001 -3"><span class='ocrx_word' id='word_1_339' title='bbox 237 3546 480 3603; x_wconf 76' lang='lat' dir='ltr'><strong>Ancillas</strong></span> <span class='ocrx_word' id='word_1_340' title='bbox 508 3548 587 3604; x_wconf 88' lang='lat' dir='ltr'><strong>vel</strong></span> <span class='ocrx_word' id='word_1_341' title='bbox 616 3546 841 3604; x_wconf 87' lang='lat' dir='ltr'><strong>libertas</strong></span> <span class='ocrx_word' id='word_1_342' title='bbox 867 3561 898 3601; x_wconf 90' lang='lat' dir='ltr'><strong>a</strong></span> <span class='ocrx_word' id='word_1_343' title='bbox 928 3546 1145 3604; x_wconf 89' lang='lat' dir='ltr'><strong>cellario</strong></span> <span class='ocrx_word' id='word_1_344' title='bbox 1178 3546 1263 3603; x_wconf 90' lang='lat' dir='ltr'><strong>vel</strong></span> <span class='ocrx_word' id='word_1_345' title='bbox 1290 3562 1317 3600; x_wconf 90' lang='lat' dir='ltr'><strong>a</strong></span> <span class='ocrx_word' id='word_1_346' title='bbox 1349 3556 1560 3604; x_wconf 91' lang='lat' dir='ltr'><strong>secreto</strong></span> <span class='ocrx_word' id='word_1_347' title='bbox 1594 3546 1765 3606; x_wconf 90' lang='lat' dir='ltr'><strong>mini-</strong></span> 
     </span>
    </p>
   </div>
   <div class='ocr_carea' id='block_1_53' title="bbox 170 3640 1762 3712">
    <p class='ocr_par' dir='ltr' id='par_1_53' title="bbox 170 3640 1762 3712">
     <span class='ocr_line' id='line_1_56' title="bbox 170 3640 1762 3712; baseline 0.003 -19"><span class='ocrx_word' id='word_1_348' title='bbox 170 3640 333 3695; x_wconf 84' lang='lat' dir='ltr'><strong>sterio</strong></span> <span class='ocrx_word' id='word_1_349' title='bbox 363 3649 420 3697; x_wconf 92' lang='lat' dir='ltr'><strong>et</strong></span> <span class='ocrx_word' id='word_1_350' title='bbox 448 3641 516 3698; x_wconf 93' lang='lat' dir='ltr'><strong>ab</strong></span> <span class='ocrx_word' id='word_1_351' title='bbox 544 3641 732 3697; x_wconf 89' lang='lat' dir='ltr'><strong>eadem</strong></span> <span class='ocrx_word' id='word_1_352' title='bbox 762 3641 1043 3698; x_wconf 86' lang='lat' dir='ltr'><strong>mansione</strong></span> <span class='ocrx_word' id='word_1_353' title='bbox 1066 3641 1121 3697; x_wconf 92' lang='lat' dir='ltr'><strong>in</strong></span> <span class='ocrx_word' id='word_1_354' title='bbox 1155 3654 1259 3712; x_wconf 88' lang='lat' dir='ltr'><strong>qua</strong></span> <span class='ocrx_word' id='word_1_355' title='bbox 1302 3640 1528 3698; x_wconf 90' lang='lat' dir='ltr'><strong>clericus</strong></span> <span class='ocrx_word' id='word_1_356' title='bbox 1558 3651 1762 3711; x_wconf 90' lang='lat' dir='ltr'><strong>manet,</strong></span> 
     </span>
    </p>
   </div>
   <div class='ocr_carea' id='block_1_54' title="bbox 171 3733 684 3803">
    <p class='ocr_par' dir='ltr' id='par_1_54' title="bbox 171 3733 684 3803">
     <span class='ocr_line' id='line_1_57' title="bbox 171 3733 684 3803; baseline 0.008 -16"><span class='ocrx_word' id='word_1_357' title='bbox 171 3733 369 3803; x_wconf 88' lang='lat' dir='ltr'><strong>placuit</strong></span> <span class='ocrx_word' id='word_1_358' title='bbox 395 3738 684 3803; x_wconf 88' lang='lat' dir='ltr'><strong>removeri.</strong></span> 
     </span>
    </p>
   </div>
   <div class='ocr_carea' id='block_1_55' title="bbox 167 3821 1764 3955">
    <p class='ocr_par' dir='ltr' id='par_1_55' title="bbox 167 3821 1764 3955">
     <span class='ocr_line' id='line_1_58' title="bbox 167 3821 1764 3955; baseline 0.004 -76"><span class='ocrx_word' id='word_1_359' title='bbox 167 3821 276 3883; x_wconf 86' lang='lat' dir='ltr'><strong>XII.</strong></span> <span class='ocrx_word' id='word_1_360' title='bbox 318 3825 387 3883; x_wconf 87' lang='lat' dir='ltr'><strong>Ut</strong></span> <span class='ocrx_word' id='word_1_361' title='bbox 416 3829 650 3884; x_wconf 84' lang='lat' dir='ltr'><strong>omnibus</strong></span> <span class='ocrx_word' id='word_1_362' title='bbox 665 3827 842 3885; x_wconf 82' lang='lat' dir='ltr'><strong>diebus</strong></span> <span class='ocrx_word' id='word_1_363' title='bbox 873 3827 1293 3955; x_wconf 53' lang='lat' dir='ltr'><strong>Q‘uadragesimre</strong></span> <span class='ocrx_word' id='word_1_364' title='bbox 1324 3829 1530 3886; x_wconf 83' lang='lat' dir='ltr'><strong>sabbato</strong></span> <span class='ocrx_word' id='word_1_365' title='bbox 1551 3832 1764 3905; x_wconf 86' lang='lat' dir='ltr'><strong>jejnne-</strong></span> 
     </span>
     <span class='ocr_line' id='line_1_59' title="bbox 933 3916 1015 3955; baseline 0 0"><span class='ocrx_word' id='word_1_366' title='bbox 933 3916 1015 3955; x_wconf 87' lang='lat' dir='ltr'><strong>ur.</strong></span> 
     </span>
    </p>
   </div>
   <div class='ocr_carea' id='block_1_56' title="bbox 933 3916 1015 3955">
    <p class='ocr_par' dir='ltr' id='par_1_56' title="bbox 933 3916 1015 3955">
     <span class='ocr_line' id='line_1_60' title="bbox 933 3916 1015 3955; baseline 0 0"><span class='ocrx_word' id='word_1_367' title='bbox 933 3916 1015 3955; x_wconf 88' lang='lat' dir='ltr'><strong>ur.</strong></span> 
     </span>
    </p>
   </div>
   <div class='ocr_carea' id='block_1_57' title="bbox 235 3987 1765 4065">
    <p class='ocr_par' dir='ltr' id='par_1_57' title="bbox 235 3987 1765 4065">
     <span class='ocr_line' id='line_1_61' title="bbox 235 3987 1765 4065; baseline 0.007 -22"><span class='ocrx_word' id='word_1_368' title='bbox 235 3987 454 4046; x_wconf 88' lang='lat' dir='ltr'><strong>Placuit</strong></span> <span class='ocrx_word' id='word_1_369' title='bbox 473 3992 661 4057; x_wconf 89' lang='lat' dir='ltr'><strong>etiam,</strong></span> <span class='ocrx_word' id='word_1_370' title='bbox 689 4000 748 4046; x_wconf 93' lang='lat' dir='ltr'><strong>ut</strong></span> <span class='ocrx_word' id='word_1_371' title='bbox 786 4004 978 4047; x_wconf 89' lang='lat' dir='ltr'><strong>omnes</strong></span> <span class='ocrx_word' id='word_1_372' title='bbox 1013 3990 1269 4048; x_wconf 75' lang='lat' dir='ltr'><strong>Ecclesiae</strong></span> <span class='ocrx_word' id='word_1_373' title='bbox 1306 3995 1546 4065; x_wconf 78' lang='lat' dir='ltr'><strong>exceptis</strong></span> <span class='ocrx_word' id='word_1_374' title='bbox 1574 3995 1765 4054; x_wconf 87' lang='lat' dir='ltr'><strong>diebus</strong></span> 
     </span>
    </p>
   </div>
   <div class='ocr_carea' id='block_1_58' title="bbox 162 4078 1766 4152">
    <p class='ocr_par' dir='ltr' id='par_1_58' title="bbox 162 4078 1766 4152">
     <span class='ocr_line' id='line_1_62' title="bbox 162 4078 1766 4152; baseline 0.004 -16"><span class='ocrx_word' id='word_1_375' title='bbox 162 4078 455 4136; x_wconf 86' lang='lat' dir='ltr'><strong>dominicis</strong></span> <span class='ocrx_word' id='word_1_376' title='bbox 485 4082 537 4136; x_wconf 91' lang='lat' dir='ltr'><strong>in</strong></span> <span class='ocrx_word' id='word_1_377' title='bbox 567 4081 997 4152; x_wconf 83' lang='lat' dir='ltr'><strong>quadragesima,</strong></span> <span class='ocrx_word' id='word_1_378' title='bbox 1028 4083 1191 4137; x_wconf 87' lang='lat' dir='ltr'><strong>etiam</strong></span> <span class='ocrx_word' id='word_1_379' title='bbox 1216 4083 1305 4138; x_wconf 88' lang='lat' dir='ltr'><strong>die</strong></span> <span class='ocrx_word' id='word_1_380' title='bbox 1329 4084 1562 4151; x_wconf 88' lang='lat' dir='ltr'><strong>sabbati,</strong></span> <span class='ocrx_word' id='word_1_381' title='bbox 1591 4099 1766 4142; x_wconf 82' lang='lat' dir='ltr'><strong>sacer-</strong></span> 
     </span>
    </p>
   </div>
   <div class='ocr_carea' id='block_1_59' title="bbox 162 4173 1766 4251">
    <p class='ocr_par' dir='ltr' id='par_1_59' title="bbox 162 4173 1766 4251">
     <span class='ocr_line' id='line_1_63' title="bbox 162 4173 1766 4251; baseline 0.002 -18"><span class='ocrx_word' id='word_1_382' title='bbox 162 4173 333 4233; x_wconf 90' lang='lat' dir='ltr'><strong>dotali</strong></span> <span class='ocrx_word' id='word_1_383' title='bbox 353 4173 699 4231; x_wconf 89' lang='lat' dir='ltr'><strong>ordinatione</strong></span> <span class='ocrx_word' id='word_1_384' title='bbox 724 4183 779 4230; x_wconf 92' lang='lat' dir='ltr'><strong>et</strong></span> <span class='ocrx_word' id='word_1_385' title='bbox 801 4173 1150 4231; x_wconf 90' lang='lat' dir='ltr'><strong>districtionis</strong></span> <span class='ocrx_word' id='word_1_386' title='bbox 1177 4175 1595 4235; x_wconf 89' lang='lat' dir='ltr'><strong>comminatione</strong></span> <span class='ocrx_word' id='word_1_387' title='bbox 1630 4178 1766 4251; x_wconf 85' lang='lat' dir='ltr'><strong>jeju-</strong></span> 
     </span>
    </p>
   </div>
   <div class='ocr_carea' id='block_1_60' title="bbox 167 4277 312 4326">
    <p class='ocr_par' dir='ltr' id='par_1_60' title="bbox 167 4277 312 4326">
     <span class='ocr_line' id='line_1_64' title="bbox 167 4277 312 4326; baseline -0.014 0"><span class='ocrx_word' id='word_1_388' title='bbox 167 4277 312 4326; x_wconf 84' lang='lat' dir='ltr'><strong>nent.</strong></span> 
     </span>
    </p>
   </div>
   <div class='ocr_carea' id='block_1_61' title="bbox 171 4344 1763 4487">
    <p class='ocr_par' dir='ltr' id='par_1_61' title="bbox 171 4344 1763 4487">
     <span class='ocr_line' id='line_1_65' title="bbox 171 4344 1763 4487; baseline 0.003 -69"><span class='ocrx_word' id='word_1_389' title='bbox 171 4344 306 4418; x_wconf 76' lang='lat' dir='ltr'><strong>XIII.</strong></span> <span class='ocrx_word' id='word_1_390' title='bbox 332 4358 405 4419; x_wconf 85' lang='lat' dir='ltr'><strong>Ut</strong></span> <span class='ocrx_word' id='word_1_391' title='bbox 426 4361 711 4434; x_wconf 80' lang='lat' dir='ltr'><strong>symbolum</strong></span> <span class='ocrx_word' id='word_1_392' title='bbox 732 4370 851 4417; x_wconf 89' lang='lat' dir='ltr'><strong>ante</strong></span> <span class='ocrx_word' id='word_1_393' title='bbox 874 4368 988 4485; x_wconf 43' lang='lat' dir='ltr'><strong>ccio</strong></span> <span class='ocrx_word' id='word_1_394' title='bbox 1008 4360 1117 4487; x_wconf 52' lang='grc' dir='ltr'><strong>ἄξει</strong></span> <span class='ocrx_word' id='word_1_395' title='bbox 1139 4362 1345 4433; x_wconf 74' lang='lat' dir='ltr'><strong>pascha:</strong></span> <span class='ocrx_word' id='word_1_396' title='bbox 1366 4365 1763 4437; x_wconf 85' lang='lat' dir='ltr'><strong>competentibus</strong></span> 
     </span>
     <span class='ocr_line' id='line_1_66' title="bbox 816 4449 1141 4487; baseline 0 0"><span class='ocrx_word' id='word_1_397' title='bbox 816 4449 924 4487; x_wconf 74' lang='lat' dir='ltr'><strong>ora:</strong></span> <span class='ocrx_word' id='word_1_398' title='bbox 960 4450 1035 4487; x_wconf 84' lang='lat' dir='ltr'><strong>tce</strong></span> <span class='ocrx_word' id='word_1_399' title='bbox 1061 4450 1141 4487; x_wconf 89' lang='lat' dir='ltr'><strong>ur.</strong></span> 
     </span>
    </p>
   </div>
   <div class='ocr_carea' id='block_1_62' title="bbox 816 4449 1141 4504">
    <p class='ocr_par' dir='ltr' id='par_1_62' title="bbox 816 4449 1141 4504">
     <span class='ocr_line' id='line_1_67' title="bbox 816 4449 1141 4504; baseline 0.003 -16"><span class='ocrx_word' id='word_1_400' title='bbox 816 4449 1141 4504; x_wconf 64' lang='lat' dir='ltr'><strong>praedicetur.</strong></span> 
     </span>
    </p>
   </div>
   <div class='ocr_carea' id='block_1_63' title="bbox 239 4526 1761 4603">
    <p class='ocr_par' dir='ltr' id='par_1_63' title="bbox 239 4526 1761 4603">
     <span class='ocr_line' id='line_1_68' title="bbox 239 4526 1761 4603; baseline 0.002 -18"><span class='ocrx_word' id='word_1_401' title='bbox 239 4527 554 4603; x_wconf 87' lang='lat' dir='ltr'><strong>Symbolum</strong></span> <span class='ocrx_word' id='word_1_402' title='bbox 580 4526 741 4585; x_wconf 85' lang='lat' dir='ltr'><strong>etiam</strong></span> <span class='ocrx_word' id='word_1_403' title='bbox 769 4527 966 4598; x_wconf 87' lang='lat' dir='ltr'><strong>placuit</strong></span> <span class='ocrx_word' id='word_1_404' title='bbox 996 4528 1065 4584; x_wconf 89' lang='lat' dir='ltr'><strong>ab</strong></span> <span class='ocrx_word' id='word_1_405' title='bbox 1093 4528 1341 4586; x_wconf 90' lang='lat' dir='ltr'><strong>omnibus</strong></span> <span class='ocrx_word' id='word_1_406' title='bbox 1373 4529 1616 4588; x_wconf 86' lang='lat' dir='ltr'><strong>ccclesiis</strong></span> <span class='ocrx_word' id='word_1_407' title='bbox 1654 4544 1761 4588; x_wconf 88' lang='lat' dir='ltr'><strong>una</strong></span> 
     </span>
    </p>
   </div>
   <div class='ocr_carea' id='block_1_64' title="bbox 179 4619 1765 4697">
    <p class='ocr_par' dir='ltr' id='par_1_64' title="bbox 179 4619 1765 4697">
     <span class='ocr_line' id='line_1_69' title="bbox 179 4619 1765 4697; baseline 0.001 -18"><span class='ocrx_word' id='word_1_408' title='bbox 179 4622 279 4690; x_wconf 85' lang='lat' dir='ltr'><strong>die,</strong></span> <span class='ocrx_word' id='word_1_409' title='bbox 309 4624 359 4680; x_wconf 94' lang='lat' dir='ltr'><strong>id</strong></span> <span class='ocrx_word' id='word_1_410' title='bbox 390 4630 477 4679; x_wconf 89' lang='lat' dir='ltr'><strong>est</strong></span> <span class='ocrx_word' id='word_1_411' title='bbox 493 4633 621 4678; x_wconf 88' lang='lat' dir='ltr'><strong>ante</strong></span> <span class='ocrx_word' id='word_1_412' title='bbox 647 4630 770 4677; x_wconf 88' lang='lat' dir='ltr'><strong>octo</strong></span> <span class='ocrx_word' id='word_1_413' title='bbox 797 4619 914 4677; x_wconf 89' lang='lat' dir='ltr'><strong>dies</strong></span> <span class='ocrx_word' id='word_1_414' title='bbox 928 4620 1210 4678; x_wconf 72' lang='lat' dir='ltr'><strong>dominicae</strong></span> <span class='ocrx_word' id='word_1_415' title='bbox 1226 4623 1638 4681; x_wconf 86' lang='lat' dir='ltr'><strong>resurrectionis</strong></span> <span class='ocrx_word' id='word_1_416' title='bbox 1663 4639 1765 4697; x_wconf 87' lang='lat' dir='ltr'><strong>pu-</strong></span> 
     </span>
    </p>
   </div>
   <div class='ocr_carea' id='block_1_65' title="bbox 179 4715 1286 4785">
    <p class='ocr_par' dir='ltr' id='par_1_65' title="bbox 179 4715 1286 4785">
     <span class='ocr_line' id='line_1_70' title="bbox 179 4715 1286 4785; baseline -0.001 -13"><span class='ocrx_word' id='word_1_417' title='bbox 179 4715 306 4775; x_wconf 90' lang='lat' dir='ltr'><strong>blice</strong></span> <span class='ocrx_word' id='word_1_418' title='bbox 330 4718 382 4774; x_wconf 86' lang='lat' dir='ltr'><strong>in</strong></span> <span class='ocrx_word' id='word_1_419' title='bbox 417 4716 641 4773; x_wconf 83' lang='lat' dir='ltr'><strong>ecclesia</strong></span> <span class='ocrx_word' id='word_1_420' title='bbox 670 4717 1097 4785; x_wconf 88' lang='lat' dir='ltr'><strong>competentibus</strong></span> <span class='ocrx_word' id='word_1_421' title='bbox 1124 4716 1286 4772; x_wconf 90' lang='lat' dir='ltr'><strong>tradi.</strong></span> 
     </span>
    </p>
   </div>
   <div class='ocr_carea' id='block_1_66' title="bbox 342 4808 1559 4884">
    <p class='ocr_par' dir='ltr' id='par_1_66' title="bbox 342 4808 1559 4884">
     <span class='ocr_line' id='line_1_71' title="bbox 342 4808 1559 4884; baseline -0.001 -17"><span class='ocrx_word' id='word_1_422' title='bbox 342 4810 488 4867; x_wconf 81' lang='lat' dir='ltr'><strong>XIV.</strong></span> <span class='ocrx_word' id='word_1_423' title='bbox 524 4808 593 4866; x_wconf 89' lang='lat' dir='ltr'><strong>Ut</strong></span> <span class='ocrx_word' id='word_1_424' title='bbox 616 4809 779 4865; x_wconf 85' lang='lat' dir='ltr'><strong>altare</strong></span> <span class='ocrx_word' id='word_1_425' title='bbox 806 4819 854 4865; x_wconf 89' lang='lat' dir='ltr'><strong>et</strong></span> <span class='ocrx_word' id='word_1_426' title='bbox 879 4819 1101 4884; x_wconf 88' lang='lat' dir='ltr'><strong>ungatur</strong></span> <span class='ocrx_word' id='word_1_427' title='bbox 1136 4818 1182 4864; x_wconf 89' lang='lat' dir='ltr'><strong>et</strong></span> <span class='ocrx_word' id='word_1_428' title='bbox 1212 4809 1559 4866; x_wconf 82' lang='lat' dir='ltr'><strong>benedicatur.</strong></span> 
     </span>
    </p>
   </div>
   <div class='ocr_carea' id='block_1_67' title="bbox 243 4904 1758 4975">
    <p class='ocr_par' dir='ltr' id='par_1_67' title="bbox 243 4904 1758 4975">
     <span class='ocr_line' id='line_1_72' title="bbox 243 4904 1758 4975; baseline 0 -14"><span class='ocrx_word' id='word_1_429' title='bbox 243 4905 445 4962; x_wconf 86' lang='lat' dir='ltr'><strong>Altaria</strong></span> <span class='ocrx_word' id='word_1_430' title='bbox 462 4920 589 4961; x_wconf 89' lang='lat' dir='ltr'><strong>vero</strong></span> <span class='ocrx_word' id='word_1_431' title='bbox 612 4904 809 4975; x_wconf 91' lang='lat' dir='ltr'><strong>placuit</strong></span> <span class='ocrx_word' id='word_1_432' title='bbox 831 4918 939 4959; x_wconf 92' lang='lat' dir='ltr'><strong>non</strong></span> <span class='ocrx_word' id='word_1_433' title='bbox 960 4904 1138 4960; x_wconf 87' lang='lat' dir='ltr'><strong>solum</strong></span> <span class='ocrx_word' id='word_1_434' title='bbox 1160 4904 1414 4960; x_wconf 88' lang='lat' dir='ltr'><strong>unctione</strong></span> <span class='ocrx_word' id='word_1_435' title='bbox 1433 4905 1758 4975; x_wconf 79' lang='lat' dir='ltr'><strong>chrismatis,</strong></span> 
     </span>
    </p>
   </div>
   <div class='ocr_carea' id='block_1_68' title="bbox 179 4995 1449 5057">
    <p class='ocr_par' dir='ltr' id='par_1_68' title="bbox 179 4995 1449 5057">
     <span class='ocr_line' id='line_1_73' title="bbox 179 4995 1449 5057; baseline 0 -4"><span class='ocrx_word' id='word_1_436' title='bbox 179 4998 261 5054; x_wconf 83' lang='lat' dir='ltr'><strong>sed</strong></span> <span class='ocrx_word' id='word_1_437' title='bbox 286 5000 450 5057; x_wconf 86' lang='lat' dir='ltr'><strong>etiam</strong></span> <span class='ocrx_word' id='word_1_438' title='bbox 479 4995 795 5055; x_wconf 85' lang='lat' dir='ltr'><strong>sacerdotali</strong></span> <span class='ocrx_word' id='word_1_439' title='bbox 824 4996 1199 5055; x_wconf 89' lang='lat' dir='ltr'><strong>benedictione</strong></span> <span class='ocrx_word' id='word_1_440' title='bbox 1226 4999 1449 5054; x_wconf 86' lang='lat' dir='ltr'><strong>sacrari.</strong></span> 
     </span>
    </p>
   </div>
   <div class='ocr_carea' id='block_1_69' title="bbox 181 5107 1763 5184">
    <p class='ocr_par' dir='ltr' id='par_1_69' title="bbox 181 5107 1763 5184">
     <span class='ocr_line' id='line_1_74' title="bbox 181 5107 1763 5184; baseline 0.003 -21"><span class='ocrx_word' id='word_1_441' title='bbox 181 5107 283 5167; x_wconf 81' lang='lat' dir='ltr'><strong>XV.</strong></span> <span class='ocrx_word' id='word_1_442' title='bbox 309 5111 547 5183; x_wconf 77' lang='lat' dir='ltr'><strong>Qualiter</strong></span> <span class='ocrx_word' id='word_1_443' title='bbox 567 5113 808 5184; x_wconf 72' lang='lat' dir='ltr'><strong>majores,</strong></span> <span class='ocrx_word' id='word_1_444' title='bbox 832 5109 1053 5184; x_wconf 83' lang='lat' dir='ltr'><strong>qualiter</strong></span> <span class='ocrx_word' id='word_1_445' title='bbox 1080 5110 1298 5184; x_wconf 76' lang='lat' dir='ltr'><strong>minores</strong></span> <span class='ocrx_word' id='word_1_446' title='bbox 1316 5109 1657 5183; x_wconf 71' lang='lat' dir='ltr'><strong>[B.R.,T.2,</strong></span> <span class='ocrx_word' id='word_1_447' title='bbox 1670 5111 1763 5184; x_wconf 83' lang='lat' dir='ltr'><strong>ju-</strong></span> 
     </span>
    </p>
   </div>
   <div class='ocr_carea' id='block_1_70' title="bbox 546 5181 1405 5255">
    <p class='ocr_par' dir='ltr' id='par_1_70' title="bbox 546 5181 1405 5255">
     <span class='ocr_line' id='line_1_75' title="bbox 546 5181 1405 5255; baseline 0.002 -18"><span class='ocrx_word' id='word_1_448' title='bbox 546 5181 734 5255; x_wconf 77' lang='lat' dir='ltr'><strong>niores]</strong></span> <span class='ocrx_word' id='word_1_449' title='bbox 754 5182 1100 5252; x_wconf 69' lang='lat' dir='ltr'><strong>paenitentiam</strong></span> <span class='ocrx_word' id='word_1_450' title='bbox 1127 5181 1405 5253; x_wconf 46' lang='lat' dir='ltr'><strong>accipio—nt.</strong></span> 
     </span>
    </p>
   </div>
   <div class='ocr_carea' id='block_1_71' title="bbox 243 5295 1757 5367">
    <p class='ocr_par' dir='ltr' id='par_1_71' title="bbox 243 5295 1757 5367">
     <span class='ocr_line' id='line_1_76' title="bbox 243 5295 1757 5367; baseline 0.001 -15"><span class='ocrx_word' id='word_1_451' title='bbox 243 5295 577 5354; x_wconf 88' lang='lat' dir='ltr'><strong>Poenitentes</strong></span> <span class='ocrx_word' id='word_1_452' title='bbox 609 5304 850 5366; x_wconf 87' lang='lat' dir='ltr'><strong>tempore</strong></span> <span class='ocrx_word' id='word_1_453' title='bbox 876 5310 983 5366; x_wconf 90' lang='lat' dir='ltr'><strong>quo</strong></span> <span class='ocrx_word' id='word_1_454' title='bbox 1014 5295 1388 5366; x_wconf 76' lang='lat' dir='ltr'><strong>pmnitentiam</strong></span> <span class='ocrx_word' id='word_1_455' title='bbox 1420 5305 1611 5367; x_wconf 90' lang='lat' dir='ltr'><strong>petunt</strong></span> <span class='ocrx_word' id='word_1_456' title='bbox 1652 5297 1757 5354; x_wconf 87' lang='lat' dir='ltr'><strong>im-</strong></span> 
     </span>
    </p>
   </div>
   <div class='ocr_carea' id='block_1_72' title="bbox 185 5386 1763 5457">
    <p class='ocr_par' dir='ltr' id='par_1_72' title="bbox 185 5386 1763 5457">
     <span class='ocr_line' id='line_1_77' title="bbox 185 5386 1763 5457; baseline 0.003 -15"><span class='ocrx_word' id='word_1_457' title='bbox 185 5390 492 5455; x_wconf 88' lang='lat' dir='ltr'><strong>positionem</strong></span> <span class='ocrx_word' id='word_1_458' title='bbox 527 5402 781 5444; x_wconf 86' lang='lat' dir='ltr'><strong>manuum</strong></span> <span class='ocrx_word' id='word_1_459' title='bbox 804 5394 857 5441; x_wconf 91' lang='lat' dir='ltr'><strong>et</strong></span> <span class='ocrx_word' id='word_1_460' title='bbox 877 5386 1111 5442; x_wconf 91' lang='lat' dir='ltr'><strong>cilicium</strong></span> <span class='ocrx_word' id='word_1_461' title='bbox 1140 5402 1303 5457; x_wconf 89' lang='lat' dir='ltr'><strong>super</strong></span> <span class='ocrx_word' id='word_1_462' title='bbox 1328 5398 1490 5456; x_wconf 88' lang='lat' dir='ltr'><strong>caput</strong></span> <span class='ocrx_word' id='word_1_463' title='bbox 1508 5405 1539 5446; x_wconf 89' lang='lat' dir='ltr'><strong>a</strong></span> <span class='ocrx_word' id='word_1_464' title='bbox 1578 5404 1763 5447; x_wconf 86' lang='lat' dir='ltr'><strong>sacer-</strong></span> 
     </span>
    </p>
   </div>
   <div class='ocr_carea' id='block_1_73' title="bbox 187 5475 1759 5551">
    <p class='ocr_par' dir='ltr' id='par_1_73' title="bbox 187 5475 1759 5551">
     <span class='ocr_line' id='line_1_78' title="bbox 187 5475 1759 5551; baseline 0.005 -20"><span class='ocrx_word' id='word_1_465' title='bbox 187 5475 299 5536; x_wconf 89' lang='lat' dir='ltr'><strong>dote</strong></span> <span class='ocrx_word' id='word_1_466' title='bbox 325 5481 464 5537; x_wconf 87' lang='lat' dir='ltr'><strong>sicut</strong></span> <span class='ocrx_word' id='word_1_467' title='bbox 487 5479 683 5550; x_wconf 91' lang='lat' dir='ltr'><strong>ubique</strong></span> <span class='ocrx_word' id='word_1_468' title='bbox 704 5478 1052 5535; x_wconf 90' lang='lat' dir='ltr'><strong>constitutum</strong></span> <span class='ocrx_word' id='word_1_469' title='bbox 1077 5487 1161 5535; x_wconf 90' lang='lat' dir='ltr'><strong>est</strong></span> <span class='ocrx_word' id='word_1_470' title='bbox 1182 5491 1598 5551; x_wconf 88' lang='lat' dir='ltr'><strong>consequantur,</strong></span> <span class='ocrx_word' id='word_1_471' title='bbox 1623 5490 1678 5540; x_wconf 91' lang='lat' dir='ltr'><strong>et</strong></span> <span class='ocrx_word' id='word_1_472' title='bbox 1712 5483 1759 5539; x_wconf 90' lang='lat' dir='ltr'><strong>si</strong></span> 
     </span>
    </p>
   </div>
   <div class='ocr_carea' id='block_1_74' title="bbox 189 5571 1761 5642">
    <p class='ocr_par' dir='ltr' id='par_1_74' title="bbox 189 5571 1761 5642">
     <span class='ocr_line' id='line_1_79' title="bbox 189 5571 1761 5642; baseline 0.006 -20"><span class='ocrx_word' id='word_1_473' title='bbox 189 5578 269 5623; x_wconf 84' lang='lat' dir='ltr'><strong>aut</strong></span> <span class='ocrx_word' id='word_1_474' title='bbox 293 5586 474 5628; x_wconf 89' lang='lat' dir='ltr'><strong>comas</strong></span> <span class='ocrx_word' id='word_1_475' title='bbox 498 5586 606 5628; x_wconf 88' lang='lat' dir='ltr'><strong>non</strong></span> <span class='ocrx_word' id='word_1_476' title='bbox 636 5572 986 5642; x_wconf 83' lang='lat' dir='ltr'><strong>deposuerint</strong></span> <span class='ocrx_word' id='word_1_477' title='bbox 1024 5580 1115 5626; x_wconf 88' lang='lat' dir='ltr'><strong>aut</strong></span> <span class='ocrx_word' id='word_1_478' title='bbox 1144 5571 1465 5629; x_wconf 87' lang='lat' dir='ltr'><strong>vestimenta</strong></span> <span class='ocrx_word' id='word_1_479' title='bbox 1501 5589 1607 5631; x_wconf 90' lang='lat' dir='ltr'><strong>non</strong></span> <span class='ocrx_word' id='word_1_480' title='bbox 1639 5592 1761 5632; x_wconf 81' lang='lat' dir='ltr'><strong>ntu-</strong></span> 
     </span>
    </p>
   </div>
   <div class='ocr_carea' id='block_1_75' title="bbox 189 5664 1757 5737">
    <p class='ocr_par' dir='ltr' id='par_1_75' title="bbox 189 5664 1757 5737">
     <span class='ocr_line' id='line_1_80' title="bbox 189 5664 1757 5737; baseline 0.008 -24"><span class='ocrx_word' id='word_1_481' title='bbox 189 5664 402 5722; x_wconf 85' lang='lat' dir='ltr'><strong>taverint</strong></span> <span class='ocrx_word' id='word_1_482' title='bbox 426 5664 782 5737; x_wconf 82' lang='lat' dir='ltr'><strong>abjiciautur,</strong></span> <span class='ocrx_word' id='word_1_483' title='bbox 828 5674 883 5721; x_wconf 89' lang='lat' dir='ltr'><strong>et</strong></span> <span class='ocrx_word' id='word_1_484' title='bbox 926 5664 1028 5721; x_wconf 91' lang='lat' dir='ltr'><strong>nisi</strong></span> <span class='ocrx_word' id='word_1_485' title='bbox 1062 5664 1224 5735; x_wconf 75' lang='lat' dir='ltr'><strong>digne</strong></span> <span class='ocrx_word' id='word_1_486' title='bbox 1261 5667 1608 5734; x_wconf 71' lang='lat' dir='ltr'><strong>poenituerint</strong></span> <span class='ocrx_word' id='word_1_487' title='bbox 1647 5684 1757 5725; x_wconf 91' lang='lat' dir='ltr'><strong>non</strong></span> 
     </span>
    </p>
   </div>
   <div class='ocr_carea' id='block_1_76' title="bbox 190 5759 1759 5832">
    <p class='ocr_par' dir='ltr' id='par_1_76' title="bbox 190 5759 1759 5832">
     <span class='ocr_line' id='line_1_81' title="bbox 190 5759 1759 5832; baseline 0.004 -19"><span class='ocrx_word' id='word_1_488' title='bbox 190 5759 538 5830; x_wconf 87' lang='lat' dir='ltr'><strong>recipiantur:</strong></span> <span class='ocrx_word' id='word_1_489' title='bbox 573 5759 852 5832; x_wconf 78' lang='lat' dir='ltr'><strong>iuvenibus</strong></span> <span class='ocrx_word' id='word_1_490' title='bbox 895 5760 1059 5817; x_wconf 87' lang='lat' dir='ltr'><strong>etiam</strong></span> <span class='ocrx_word' id='word_1_491' title='bbox 1095 5760 1409 5832; x_wconf 64' lang='lat' dir='ltr'><strong>poenitentia</strong></span> <span class='ocrx_word' id='word_1_492' title='bbox 1453 5776 1562 5817; x_wconf 90' lang='lat' dir='ltr'><strong>non</strong></span> <span class='ocrx_word' id='word_1_493' title='bbox 1604 5763 1759 5821; x_wconf 87' lang='lat' dir='ltr'><strong>facile</strong></span> 
     </span>
    </p>
   </div>
   <div class='ocr_carea' id='block_1_77' title="bbox 189 5853 1756 5927">
    <p class='ocr_par' dir='ltr' id='par_1_77' title="bbox 189 5853 1756 5927">
     <span class='ocr_line' id='line_1_82' title="bbox 189 5853 1756 5927; baseline 0.006 -22"><span class='ocrx_word' id='word_1_494' title='bbox 189 5855 548 5912; x_wconf 85' lang='lat' dir='ltr'><strong>committenda</strong></span> <span class='ocrx_word' id='word_1_495' title='bbox 579 5863 663 5912; x_wconf 89' lang='lat' dir='ltr'><strong>est</strong></span> <span class='ocrx_word' id='word_1_496' title='bbox 682 5862 901 5926; x_wconf 86' lang='lat' dir='ltr'><strong>propter</strong></span> <span class='ocrx_word' id='word_1_497' title='bbox 917 5853 1092 5912; x_wconf 83' lang='lat' dir='ltr'><strong>:etatis</strong></span> <span class='ocrx_word' id='word_1_498' title='bbox 1111 5854 1480 5927; x_wconf 75' lang='lat' dir='ltr'><strong>fragilitatem,</strong></span> <span class='ocrx_word' id='word_1_499' title='bbox 1504 5854 1756 5914; x_wconf 89' lang='lat' dir='ltr'><strong>viaticum</strong></span> 
     </span>
    </p>
   </div>
   <div class='ocr_carea' id='block_1_78' title="bbox 192 5948 1612 6021">
    <p class='ocr_par' dir='ltr' id='par_1_78' title="bbox 192 5948 1612 6021">
     <span class='ocr_line' id='line_1_83' title="bbox 192 5948 1612 6021; baseline 0.003 -15"><span class='ocrx_word' id='word_1_500' title='bbox 192 5949 356 6009; x_wconf 81' lang='lat' dir='ltr'><strong>tamen</strong></span> <span class='ocrx_word' id='word_1_501' title='bbox 380 5948 632 6010; x_wconf 87' lang='lat' dir='ltr'><strong>omnibus</strong></span> <span class='ocrx_word' id='word_1_502' title='bbox 657 5948 715 6005; x_wconf 90' lang='lat' dir='ltr'><strong>in</strong></span> <span class='ocrx_word' id='word_1_503' title='bbox 737 5958 910 6006; x_wconf 89' lang='lat' dir='ltr'><strong>morte</strong></span> <span class='ocrx_word' id='word_1_504' title='bbox 931 5948 1123 6021; x_wconf 89' lang='lat' dir='ltr'><strong>positis</strong></span> <span class='ocrx_word' id='word_1_505' title='bbox 1148 5963 1259 6010; x_wconf 88' lang='lat' dir='ltr'><strong>non</strong></span> <span class='ocrx_word' id='word_1_506' title='bbox 1285 5949 1612 6021; x_wconf 72' lang='lat' dir='ltr'><strong>negandum;</strong></span> 
     </span>
    </p>
   </div>
   <div class='ocr_carea' id='block_1_79' title="bbox 522 6042 1184 6109">
    <p class='ocr_par' dir='ltr' id='par_1_79' title="bbox 522 6042 1184 6109">
     <span class='ocr_line' id='line_1_84' title="bbox 522 6042 1184 6109; baseline 0 -2"><span class='ocrx_word' id='word_1_507' title='bbox 522 6043 798 6107; x_wconf 68' lang='grc' dir='ltr'><strong>Ρλτκοι..</strong></span> <span class='ocrx_word' id='word_1_508' title='bbox 824 6042 1184 6109; x_wconf 81' lang='lat' dir='ltr'><strong>LXXXIV.</strong></span> 
     </span>
    </p>
   </div>
   <div class='ocr_carea' id='block_1_80' title="bbox 1873 2004 3474 2073">
    <p class='ocr_par' dir='ltr' id='par_1_80' title="bbox 1873 2004 3474 2073">
     <span class='ocr_line' id='line_1_85' title="bbox 1873 2004 3474 2073; baseline 0.006 -19"><span class='ocrx_word' id='word_1_509' title='bbox 1873 2006 2023 2055; x_wconf 90' lang='lat' dir='ltr'><strong>coste</strong></span> <span class='ocrx_word' id='word_1_510' title='bbox 2051 2015 2159 2057; x_wconf 92' lang='lat' dir='ltr'><strong>non</strong></span> <span class='ocrx_word' id='word_1_511' title='bbox 2182 2004 2720 2073; x_wconf 90' lang='lat' dir='ltr'><strong>communicaverint,</strong></span> <span class='ocrx_word' id='word_1_512' title='bbox 2754 2004 3007 2062; x_wconf 87' lang='lat' dir='ltr'><strong>catholici</strong></span> <span class='ocrx_word' id='word_1_513' title='bbox 3037 2023 3145 2064; x_wconf 93' lang='lat' dir='ltr'><strong>non</strong></span> <span class='ocrx_word' id='word_1_514' title='bbox 3188 2008 3474 2065; x_wconf 86' lang='lat' dir='ltr'><strong>credantur</strong></span> 
     </span>
    </p>
   </div>
   <div class='ocr_carea' id='block_1_81' title="bbox 1875 2093 2802 2153">
    <p class='ocr_par' dir='ltr' id='par_1_81' title="bbox 1875 2093 2802 2153">
     <span class='ocr_line' id='line_1_86' title="bbox 1875 2093 2802 2153; baseline 0.008 -7"><span class='ocrx_word' id='word_1_515' title='bbox 1875 2106 1975 2149; x_wconf 90' lang='lat' dir='ltr'><strong>nec</strong></span> <span class='ocrx_word' id='word_1_516' title='bbox 1998 2093 2139 2149; x_wconf 90' lang='lat' dir='ltr'><strong>inter</strong></span> <span class='ocrx_word' id='word_1_517' title='bbox 2166 2096 2461 2151; x_wconf 88' lang='lat' dir='ltr'><strong>catholicos</strong></span> <span class='ocrx_word' id='word_1_518' title='bbox 2484 2097 2802 2153; x_wconf 88' lang='lat' dir='ltr'><strong>habeantur.</strong></span> 
     </span>
    </p>
   </div>
   <div class='ocr_carea' id='block_1_82' title="bbox 2005 2183 3343 2261">
    <p class='ocr_par' dir='ltr' id='par_1_82' title="bbox 2005 2183 3343 2261">
     <span class='ocr_line' id='line_1_87' title="bbox 2005 2183 3343 2261; baseline 0.008 -22"><span class='ocrx_word' id='word_1_519' title='bbox 2005 2183 2149 2240; x_wconf 86' lang='lat' dir='ltr'><strong>XIX.</strong></span> <span class='ocrx_word' id='word_1_520' title='bbox 2186 2185 2264 2241; x_wconf 91' lang='lat' dir='ltr'><strong>De</strong></span> <span class='ocrx_word' id='word_1_521' title='bbox 2283 2188 2761 2245; x_wconf 81' lang='lat' dir='ltr'><strong>sanctimonialibus</strong></span> <span class='ocrx_word' id='word_1_522' title='bbox 2788 2207 2890 2261; x_wconf 89' lang='lat' dir='ltr'><strong>qua</strong></span> <span class='ocrx_word' id='word_1_523' title='bbox 2918 2202 3065 2248; x_wconf 64' lang='lat' dir='ltr'><strong>aetate</strong></span> <span class='ocrx_word' id='word_1_524' title='bbox 3091 2195 3343 2251; x_wconf 81' lang='lat' dir='ltr'><strong>velentur.</strong></span> 
     </span>
    </p>
   </div>
   <div class='ocr_carea' id='block_1_83' title="bbox 1947 2275 3475 2352">
    <p class='ocr_par' dir='ltr' id='par_1_83' title="bbox 1947 2275 3475 2352">
     <span class='ocr_line' id='line_1_88' title="bbox 1947 2275 3475 2352; baseline 0.007 -21"><span class='ocrx_word' id='word_1_525' title='bbox 1947 2275 2420 2349; x_wconf 85' lang='lat' dir='ltr'><strong>Sanctimoniales,</strong></span> <span class='ocrx_word' id='word_1_526' title='bbox 2475 2282 2767 2352; x_wconf 88' lang='lat' dir='ltr'><strong>quamlibet</strong></span> <span class='ocrx_word' id='word_1_527' title='bbox 2812 2284 2920 2339; x_wconf 89' lang='lat' dir='ltr'><strong>vita</strong></span> <span class='ocrx_word' id='word_1_528' title='bbox 2968 2300 3156 2340; x_wconf 88' lang='lat' dir='ltr'><strong>earum</strong></span> <span class='ocrx_word' id='word_1_529' title='bbox 3199 2295 3255 2342; x_wconf 91' lang='lat' dir='ltr'><strong>et</strong></span> <span class='ocrx_word' id='word_1_530' title='bbox 3293 2297 3475 2343; x_wconf 82' lang='lat' dir='ltr'><strong>mores</strong></span> 
     </span>
    </p>
   </div>
   <div class='ocr_carea' id='block_1_84' title="bbox 1871 2367 3471 2449">
    <p class='ocr_par' dir='ltr' id='par_1_84' title="bbox 1871 2367 3471 2449">
     <span class='ocr_line' id='line_1_89' title="bbox 1871 2367 3471 2449; baseline 0.009 -28"><span class='ocrx_word' id='word_1_531' title='bbox 1871 2367 2082 2438; x_wconf 86' lang='lat' dir='ltr'><strong>probati</strong></span> <span class='ocrx_word' id='word_1_532' title='bbox 2109 2368 2249 2438; x_wconf 88' lang='lat' dir='ltr'><strong>sint,</strong></span> <span class='ocrx_word' id='word_1_533' title='bbox 2273 2379 2398 2428; x_wconf 89' lang='lat' dir='ltr'><strong>ante</strong></span> <span class='ocrx_word' id='word_1_534' title='bbox 2428 2387 2623 2429; x_wconf 88' lang='lat' dir='ltr'><strong>annum</strong></span> <span class='ocrx_word' id='word_1_535' title='bbox 2663 2375 2837 2431; x_wconf 63' lang='lat' dir='ltr'><strong>{etatis</strong></span> <span class='ocrx_word' id='word_1_536' title='bbox 2866 2389 2978 2431; x_wconf 67' lang='lat' dir='ltr'><strong>suae</strong></span> <span class='ocrx_word' id='word_1_537' title='bbox 3003 2376 3471 2449; x_wconf 77' lang='lat' dir='ltr'><strong>quadragesimum</strong></span> 
     </span>
    </p>
   </div>
   <div class='ocr_carea' id='block_1_85' title="bbox 1871 2460 2265 2518">
    <p class='ocr_par' dir='ltr' id='par_1_85' title="bbox 1871 2460 2265 2518">
     <span class='ocr_line' id='line_1_90' title="bbox 1871 2460 2265 2518; baseline 0.013 -5"><span class='ocrx_word' id='word_1_538' title='bbox 1871 2472 1980 2515; x_wconf 91' lang='lat' dir='ltr'><strong>non</strong></span> <span class='ocrx_word' id='word_1_539' title='bbox 2002 2460 2265 2518; x_wconf 90' lang='lat' dir='ltr'><strong>velentur.</strong></span> 
     </span>
    </p>
   </div>
   <div class='ocr_carea' id='block_1_86' title="bbox 2150 2550 3198 2632">
    <p class='ocr_par' dir='ltr' id='par_1_86' title="bbox 2150 2550 3198 2632">
     <span class='ocr_line' id='line_1_91' title="bbox 2150 2550 3198 2632; baseline 0.012 -25"><span class='ocrx_word' id='word_1_540' title='bbox 2150 2550 2271 2609; x_wconf 86' lang='lat' dir='ltr'><strong>XX.</strong></span> <span class='ocrx_word' id='word_1_541' title='bbox 2298 2552 2377 2611; x_wconf 87' lang='lat' dir='ltr'><strong>De</strong></span> <span class='ocrx_word' id='word_1_542' title='bbox 2399 2552 2599 2613; x_wconf 82' lang='lat' dir='ltr'><strong>clericis</strong></span> <span class='ocrx_word' id='word_1_543' title='bbox 2618 2560 2708 2632; x_wconf 85' lang='lat' dir='ltr'><strong>qui</strong></span> <span class='ocrx_word' id='word_1_544' title='bbox 2725 2575 2923 2617; x_wconf 84' lang='lat' dir='ltr'><strong>comam</strong></span> <span class='ocrx_word' id='word_1_545' title='bbox 2943 2564 3198 2619; x_wconf 87' lang='lat' dir='ltr'><strong>nutriunt.</strong></span> 
     </span>
    </p>
   </div>
   <div class='ocr_carea' id='block_1_87' title="bbox 1939 2641 3469 2717">
    <p class='ocr_par' dir='ltr' id='par_1_87' title="bbox 1939 2641 3469 2717">
     <span class='ocr_line' id='line_1_92' title="bbox 1939 2641 3469 2717; baseline 0.011 -17"><span class='ocrx_word' id='word_1_546' title='bbox 1939 2641 2131 2702; x_wconf 86' lang='lat' dir='ltr'><strong>Clerici</strong></span> <span class='ocrx_word' id='word_1_547' title='bbox 2156 2646 2247 2717; x_wconf 92' lang='lat' dir='ltr'><strong>qui</strong></span> <span class='ocrx_word' id='word_1_548' title='bbox 2275 2664 2486 2706; x_wconf 85' lang='lat' dir='ltr'><strong>comam</strong></span> <span class='ocrx_word' id='word_1_549' title='bbox 2515 2656 2759 2709; x_wconf 88' lang='lat' dir='ltr'><strong>nutriunt</strong></span> <span class='ocrx_word' id='word_1_550' title='bbox 2787 2654 2854 2712; x_wconf 90' lang='lat' dir='ltr'><strong>ab</strong></span> <span class='ocrx_word' id='word_1_551' title='bbox 2882 2656 3263 2715; x_wconf 88' lang='lat' dir='ltr'><strong>archidiacono</strong></span> <span class='ocrx_word' id='word_1_552' title='bbox 3301 2657 3469 2717; x_wconf 87' lang='lat' dir='ltr'><strong>etiam</strong></span> 
     </span>
    </p>
   </div>
   <div class='ocr_carea' id='block_1_88' title="bbox 1868 2737 3471 2808">
    <p class='ocr_par' dir='ltr' id='par_1_88' title="bbox 1868 2737 3471 2808">
     <span class='ocr_line' id='line_1_93' title="bbox 1868 2737 3471 2808; baseline 0.009 -14"><span class='ocrx_word' id='word_1_553' title='bbox 1868 2737 1915 2794; x_wconf 88' lang='lat' dir='ltr'><strong>si</strong></span> <span class='ocrx_word' id='word_1_554' title='bbox 1938 2740 2209 2797; x_wconf 90' lang='lat' dir='ltr'><strong>noluerint</strong></span> <span class='ocrx_word' id='word_1_555' title='bbox 2234 2740 2382 2798; x_wconf 90' lang='lat' dir='ltr'><strong>inviti</strong></span> <span class='ocrx_word' id='word_1_556' title='bbox 2430 2743 2831 2802; x_wconf 85' lang='lat' dir='ltr'><strong>detondantur:</strong></span> <span class='ocrx_word' id='word_1_557' title='bbox 2875 2751 3194 2806; x_wconf 88' lang='lat' dir='ltr'><strong>vestimenta</strong></span> <span class='ocrx_word' id='word_1_558' title='bbox 3237 2750 3320 2807; x_wconf 91' lang='lat' dir='ltr'><strong>vel</strong></span> <span class='ocrx_word' id='word_1_559' title='bbox 3357 2753 3471 2808; x_wconf 53' lang='lat' dir='ltr'><strong>cal.</strong></span> 
     </span>
    </p>
   </div>
   <div class='ocr_carea' id='block_1_89' title="bbox 1868 2836 3470 2911">
    <p class='ocr_par' dir='ltr' id='par_1_89' title="bbox 1868 2836 3470 2911">
     <span class='ocr_line' id='line_1_94' title="bbox 1868 2836 3470 2911; baseline 0.009 -24"><span class='ocrx_word' id='word_1_560' title='bbox 1868 2845 2147 2889; x_wconf 85' lang='lat' dir='ltr'><strong>ceamenta</strong></span> <span class='ocrx_word' id='word_1_561' title='bbox 2171 2836 2428 2891; x_wconf 89' lang='lat' dir='ltr'><strong>eisetiam</strong></span> <span class='ocrx_word' id='word_1_562' title='bbox 2453 2838 2556 2893; x_wconf 89' lang='lat' dir='ltr'><strong>nisi</strong></span> <span class='ocrx_word' id='word_1_563' title='bbox 2596 2854 2717 2909; x_wconf 72' lang='lat' dir='ltr'><strong>qua:</strong></span> <span class='ocrx_word' id='word_1_564' title='bbox 2760 2841 3074 2911; x_wconf 88' lang='lat' dir='ltr'><strong>religionem</strong></span> <span class='ocrx_word' id='word_1_565' title='bbox 3116 2842 3349 2900; x_wconf 88' lang='lat' dir='ltr'><strong>deceant</strong></span> <span class='ocrx_word' id='word_1_566' title='bbox 3390 2845 3470 2902; x_wconf 89' lang='lat' dir='ltr'><strong>uti</strong></span> 
     </span>
    </p>
   </div>
   <div class='ocr_carea' id='block_1_90' title="bbox 1867 2926 2533 2987">
    <p class='ocr_par' dir='ltr' id='par_1_90' title="bbox 1867 2926 2533 2987">
     <span class='ocr_line' id='line_1_95' title="bbox 1867 2926 2533 2987; baseline 0.009 -6"><span class='ocrx_word' id='word_1_567' title='bbox 1867 2935 1959 2982; x_wconf 89' lang='lat' dir='ltr'><strong>aut</strong></span> <span class='ocrx_word' id='word_1_568' title='bbox 1986 2926 2185 2983; x_wconf 84' lang='lat' dir='ltr'><strong>habere</strong></span> <span class='ocrx_word' id='word_1_569' title='bbox 2211 2944 2317 2985; x_wconf 90' lang='lat' dir='ltr'><strong>non</strong></span> <span class='ocrx_word' id='word_1_570' title='bbox 2351 2931 2533 2987; x_wconf 91' lang='lat' dir='ltr'><strong>liceat.</strong></span> 
     </span>
    </p>
   </div>
   <div class='ocr_carea' id='block_1_91' title="bbox 1867 3016 3466 3097">
    <p class='ocr_par' dir='ltr' id='par_1_91' title="bbox 1867 3016 3466 3097">
     <span class='ocr_line' id='line_1_96' title="bbox 1867 3016 3466 3097; baseline 0.01 -24"><span class='ocrx_word' id='word_1_571' title='bbox 1867 3016 2012 3074; x_wconf 92' lang='lat' dir='ltr'><strong>XXI.</strong></span> <span class='ocrx_word' id='word_1_572' title='bbox 2045 3018 2112 3075; x_wconf 92' lang='lat' dir='ltr'><strong>Ut</strong></span> <span class='ocrx_word' id='word_1_573' title='bbox 2131 3021 2478 3080; x_wconf 72' lang='lat' dir='ltr'><strong>solemnitate:</strong></span> <span class='ocrx_word' id='word_1_574' title='bbox 2498 3027 2717 3097; x_wconf 86' lang='lat' dir='ltr'><strong>majores</strong></span> <span class='ocrx_word' id='word_1_575' title='bbox 2743 3026 2799 3081; x_wconf 84' lang='lat' dir='ltr'><strong>in</strong></span> <span class='ocrx_word' id='word_1_576' title='bbox 2816 3027 3102 3085; x_wconf 84' lang='lat' dir='ltr'><strong>civitatibus</strong></span> <span class='ocrx_word' id='word_1_577' title='bbox 3129 3030 3466 3090; x_wconf 80' lang='lat' dir='ltr'><strong>celebrentur.</strong></span> 
     </span>
    </p>
   </div>
   <div class='ocr_carea' id='block_1_92' title="bbox 1939 3111 3465 3193">
    <p class='ocr_par' dir='ltr' id='par_1_92' title="bbox 1939 3111 3465 3193">
     <span class='ocr_line' id='line_1_97' title="bbox 1939 3111 3465 3193; baseline 0.009 -27"><span class='ocrx_word' id='word_1_578' title='bbox 1939 3111 1997 3167; x_wconf 86' lang='lat' dir='ltr'><strong>Si</strong></span> <span class='ocrx_word' id='word_1_579' title='bbox 2020 3113 2138 3183; x_wconf 91' lang='lat' dir='ltr'><strong>quis</strong></span> <span class='ocrx_word' id='word_1_580' title='bbox 2169 3114 2330 3171; x_wconf 89' lang='lat' dir='ltr'><strong>etiam</strong></span> <span class='ocrx_word' id='word_1_581' title='bbox 2359 3125 2517 3172; x_wconf 82' lang='lat' dir='ltr'><strong>extra</strong></span> <span class='ocrx_word' id='word_1_582' title='bbox 2547 3117 2863 3187; x_wconf 84' lang='lat' dir='ltr'><strong>parochias,</strong></span> <span class='ocrx_word' id='word_1_583' title='bbox 2893 3120 2947 3175; x_wconf 90' lang='lat' dir='ltr'><strong>in</strong></span> <span class='ocrx_word' id='word_1_584' title='bbox 2976 3122 3170 3192; x_wconf 91' lang='lat' dir='ltr'><strong>quibus</strong></span> <span class='ocrx_word' id='word_1_585' title='bbox 3191 3122 3465 3193; x_wconf 79' lang='lat' dir='ltr'><strong>legitimus</strong></span> 
     </span>
    </p>
   </div>
   <div class='ocr_carea' id='block_1_93' title="bbox 1866 3205 3466 3284">
    <p class='ocr_par' dir='ltr' id='par_1_93' title="bbox 1866 3205 3466 3284">
     <span class='ocr_line' id='line_1_98' title="bbox 1866 3205 3466 3284; baseline 0.009 -23"><span class='ocrx_word' id='word_1_586' title='bbox 1866 3213 1951 3261; x_wconf 91' lang='lat' dir='ltr'><strong>est</strong></span> <span class='ocrx_word' id='word_1_587' title='bbox 1978 3205 2393 3280; x_wconf 89' lang='lat' dir='ltr'><strong>ordinariusque</strong></span> <span class='ocrx_word' id='word_1_588' title='bbox 2422 3220 2746 3277; x_wconf 88' lang='lat' dir='ltr'><strong>conventus,</strong></span> <span class='ocrx_word' id='word_1_589' title='bbox 2777 3213 3077 3268; x_wconf 91' lang='lat' dir='ltr'><strong>oratorium</strong></span> <span class='ocrx_word' id='word_1_590' title='bbox 3120 3214 3175 3269; x_wconf 91' lang='lat' dir='ltr'><strong>iu</strong></span> <span class='ocrx_word' id='word_1_591' title='bbox 3208 3230 3339 3284; x_wconf 77' lang='lat' dir='ltr'><strong>agro</strong></span> <span class='ocrx_word' id='word_1_592' title='bbox 3362 3215 3466 3275; x_wconf 82' lang='lat' dir='ltr'><strong>ha-</strong></span> 
     </span>
    </p>
   </div>
   <div class='ocr_carea' id='block_1_94' title="bbox 1792 3277 3466 3383">
    <p class='ocr_par' dir='ltr' id='par_1_94' title="bbox 1792 3277 3466 3383">
     <span class='ocr_line' id='line_1_99' title="bbox 1792 3277 3466 3383; baseline 0.007 -29"><span class='ocrx_word' id='word_1_593' title='bbox 1792 3277 1838 3343; x_wconf 69' lang='grc' dir='ltr'>Ο</span> <span class='ocrx_word' id='word_1_594' title='bbox 1871 3298 2002 3356; x_wconf 90' lang='lat' dir='ltr'><strong>bere</strong></span> <span class='ocrx_word' id='word_1_595' title='bbox 2027 3300 2277 3368; x_wconf 89' lang='lat' dir='ltr'><strong>voluerit,</strong></span> <span class='ocrx_word' id='word_1_596' title='bbox 2306 3277 2527 3374; x_wconf 79' lang='lat' dir='ltr'><strong>reliquis</strong></span> <span class='ocrx_word' id='word_1_597' title='bbox 2554 3303 2931 3362; x_wconf 88' lang='lat' dir='ltr'><strong>festivitatibus</strong></span> <span class='ocrx_word' id='word_1_598' title='bbox 2959 3314 3019 3362; x_wconf 89' lang='lat' dir='ltr'><strong>ut</strong></span> <span class='ocrx_word' id='word_1_599' title='bbox 3045 3307 3119 3364; x_wconf 89' lang='lat' dir='ltr'><strong>ibi</strong></span> <span class='ocrx_word' id='word_1_600' title='bbox 3149 3277 3339 3383; x_wconf 69' lang='lat' dir='ltr'><strong>missas</strong></span> <span class='ocrx_word' id='word_1_601' title='bbox 3378 3318 3466 3365; x_wconf 81' lang='lat' dir='ltr'><strong>te-</strong></span> 
     </span>
    </p>
   </div>
   <div class='ocr_carea' id='block_1_95' title="bbox 1872 3396 3466 3468">
    <p class='ocr_par' dir='ltr' id='par_1_95' title="bbox 1872 3396 3466 3468">
     <span class='ocr_line' id='line_1_100' title="bbox 1872 3396 3466 3468; baseline 0.006 -19"><span class='ocrx_word' id='word_1_602' title='bbox 1872 3401 2039 3450; x_wconf 88' lang='lat' dir='ltr'><strong>ncant</strong></span> <span class='ocrx_word' id='word_1_603' title='bbox 2067 3403 2289 3465; x_wconf 90' lang='lat' dir='ltr'><strong>propter</strong></span> <span class='ocrx_word' id='word_1_604' title='bbox 2318 3396 2684 3467; x_wconf 82' lang='lat' dir='ltr'><strong>fatigationem</strong></span> <span class='ocrx_word' id='word_1_605' title='bbox 2709 3398 2925 3454; x_wconf 83' lang='lat' dir='ltr'><strong>familiae</strong></span> <span class='ocrx_word' id='word_1_606' title='bbox 2950 3400 3094 3468; x_wconf 88' lang='lat' dir='ltr'><strong>justa</strong></span> <span class='ocrx_word' id='word_1_607' title='bbox 3126 3401 3466 3458; x_wconf 87' lang='lat' dir='ltr'><strong>ordinatione</strong></span> 
     </span>
    </p>
   </div>
   <div class='ocr_carea' id='block_1_96' title="bbox 1875 3484 3467 3563">
    <p class='ocr_par' dir='ltr' id='par_1_96' title="bbox 1875 3484 3467 3563">
     <span class='ocr_line' id='line_1_101' title="bbox 1875 3484 3467 3563; baseline 0.006 -23"><span class='ocrx_word' id='word_1_608' title='bbox 1875 3484 2232 3555; x_wconf 90' lang='lat' dir='ltr'><strong>permittimus</strong></span> <span class='ocrx_word' id='word_1_609' title='bbox 2268 3504 2280 3540; x_wconf 89' lang='lat'><strong>:</strong></span> <span class='ocrx_word' id='word_1_610' title='bbox 2314 3488 2521 3543; x_wconf 85' lang='lat' dir='ltr'><strong>Pascha</strong></span> <span class='ocrx_word' id='word_1_611' title='bbox 2557 3504 2682 3545; x_wconf 90' lang='lat' dir='ltr'><strong>vero</strong></span> <span class='ocrx_word' id='word_1_612' title='bbox 2698 3532 2716 3557; x_wconf 85' lang='lat'><strong>_.</strong></span> <span class='ocrx_word' id='word_1_613' title='bbox 2743 3489 2929 3547; x_wconf 85' lang='lat' dir='ltr'><strong>Natale</strong></span> <span class='ocrx_word' id='word_1_614' title='bbox 2951 3490 3193 3562; x_wconf 90' lang='lat' dir='ltr'><strong>Domini,</strong></span> <span class='ocrx_word' id='word_1_615' title='bbox 3231 3492 3467 3563; x_wconf 89' lang='lat' dir='ltr'><strong>Epipha-</strong></span> 
     </span>
    </p>
   </div>
   <div class='ocr_carea' id='block_1_97' title="bbox 1873 3577 3467 3651">
    <p class='ocr_par' dir='ltr' id='par_1_97' title="bbox 1873 3577 3467 3651">
     <span class='ocr_line' id='line_1_102' title="bbox 1873 3577 3467 3651; baseline 0.008 -18"><span class='ocrx_word' id='word_1_616' title='bbox 1873 3577 2041 3647; x_wconf 90' lang='lat' dir='ltr'><strong>niam,</strong></span> <span class='ocrx_word' id='word_1_617' title='bbox 2072 3580 2455 3637; x_wconf 86' lang='lat' dir='ltr'><strong>Ascensionem</strong></span> <span class='ocrx_word' id='word_1_618' title='bbox 2503 3582 2738 3651; x_wconf 91' lang='lat' dir='ltr'><strong>Domini,</strong></span> <span class='ocrx_word' id='word_1_619' title='bbox 2786 3584 3140 3643; x_wconf 87' lang='lat' dir='ltr'><strong>Pentecosten</strong></span> <span class='ocrx_word' id='word_1_620' title='bbox 3184 3598 3239 3643; x_wconf 91' lang='lat' dir='ltr'><strong>et</strong></span> <span class='ocrx_word' id='word_1_621' title='bbox 3279 3587 3467 3645; x_wconf 83' lang='lat' dir='ltr'><strong>Natale</strong></span> 
     </span>
    </p>
   </div>
   <div class='ocr_carea' id='block_1_98' title="bbox 1872 3672 3466 3748">
    <p class='ocr_par' dir='ltr' id='par_1_98' title="bbox 1872 3672 3466 3748">
     <span class='ocr_line' id='line_1_103' title="bbox 1872 3672 3466 3748; baseline 0.005 -20"><span class='ocrx_word' id='word_1_622' title='bbox 1872 3673 2042 3728; x_wconf 89' lang='lat' dir='ltr'><strong>sancti</strong></span> <span class='ocrx_word' id='word_1_623' title='bbox 2065 3672 2286 3729; x_wconf 87' lang='lat' dir='ltr'><strong>Joannis</strong></span> <span class='ocrx_word' id='word_1_624' title='bbox 2310 3674 2585 3745; x_wconf 88' lang='lat' dir='ltr'><strong>Baptistae,</strong></span> <span class='ocrx_word' id='word_1_625' title='bbox 2607 3676 2695 3732; x_wconf 89' lang='lat' dir='ltr'><strong>vel</strong></span> <span class='ocrx_word' id='word_1_626' title='bbox 2724 3677 2770 3733; x_wconf 90' lang='lat' dir='ltr'><strong>si</strong></span> <span class='ocrx_word' id='word_1_627' title='bbox 2791 3680 2881 3748; x_wconf 92' lang='lat' dir='ltr'><strong>qui</strong></span> <span class='ocrx_word' id='word_1_628' title='bbox 2902 3680 3116 3735; x_wconf 82' lang='lat' dir='ltr'><strong>maximi</strong></span> <span class='ocrx_word' id='word_1_629' title='bbox 3139 3680 3255 3735; x_wconf 90' lang='lat' dir='ltr'><strong>dies</strong></span> <span class='ocrx_word' id='word_1_630' title='bbox 3280 3680 3333 3735; x_wconf 90' lang='lat' dir='ltr'><strong>in</strong></span> <span class='ocrx_word' id='word_1_631' title='bbox 3360 3681 3466 3736; x_wconf 91' lang='lat' dir='ltr'><strong>fes-</strong></span> 
     </span>
    </p>
   </div>
   <div class='ocr_carea' id='block_1_99' title="bbox 1874 3763 3464 3840">
    <p class='ocr_par' dir='ltr' id='par_1_99' title="bbox 1874 3763 3464 3840">
     <span class='ocr_line' id='line_1_104' title="bbox 1874 3763 3464 3840; baseline 0.007 -22"><span class='ocrx_word' id='word_1_632' title='bbox 1874 3763 2165 3821; x_wconf 78' lang='lat' dir='ltr'><strong>tivitatibus</strong></span> <span class='ocrx_word' id='word_1_633' title='bbox 2184 3765 2468 3834; x_wconf 85' lang='lat' dir='ltr'><strong>habentur,</strong></span> <span class='ocrx_word' id='word_1_634' title='bbox 2494 3783 2601 3824; x_wconf 91' lang='lat' dir='ltr'><strong>non</strong></span> <span class='ocrx_word' id='word_1_635' title='bbox 2629 3770 2733 3825; x_wconf 90' lang='lat' dir='ltr'><strong>nisi</strong></span> <span class='ocrx_word' id='word_1_636' title='bbox 2766 3771 2818 3824; x_wconf 93' lang='lat' dir='ltr'><strong>in</strong></span> <span class='ocrx_word' id='word_1_637' title='bbox 2844 3771 3149 3827; x_wconf 88' lang='lat' dir='ltr'><strong>civitatibus</strong></span> <span class='ocrx_word' id='word_1_638' title='bbox 3174 3770 3340 3826; x_wconf 88' lang='lat' dir='ltr'><strong>autin</strong></span> <span class='ocrx_word' id='word_1_639' title='bbox 3366 3787 3464 3840; x_wconf 87' lang='lat' dir='ltr'><strong>pa-</strong></span> 
     </span>
    </p>
   </div>
   <div class='ocr_carea' id='block_1_100' title="bbox 1873 3856 3466 3933">
    <p class='ocr_par' dir='ltr' id='par_1_100' title="bbox 1873 3856 3466 3933">
     <span class='ocr_line' id='line_1_105' title="bbox 1873 3856 3466 3933; baseline 0.007 -21"><span class='ocrx_word' id='word_1_640' title='bbox 1873 3856 2074 3913; x_wconf 89' lang='lat' dir='ltr'><strong>rochiis</strong></span> <span class='ocrx_word' id='word_1_641' title='bbox 2098 3866 2337 3915; x_wconf 88' lang='lat' dir='ltr'><strong>teneant.</strong></span> <span class='ocrx_word' id='word_1_642' title='bbox 2363 3860 2555 3917; x_wconf 88' lang='lat' dir='ltr'><strong>Clerici</strong></span> <span class='ocrx_word' id='word_1_643' title='bbox 2579 3878 2705 3918; x_wconf 89' lang='lat' dir='ltr'><strong>vero</strong></span> <span class='ocrx_word' id='word_1_644' title='bbox 2728 3862 2775 3918; x_wconf 90' lang='lat' dir='ltr'><strong>si</strong></span> <span class='ocrx_word' id='word_1_645' title='bbox 2795 3864 2885 3933; x_wconf 91' lang='lat' dir='ltr'><strong>qui</strong></span> <span class='ocrx_word' id='word_1_646' title='bbox 2904 3865 2956 3918; x_wconf 92' lang='lat' dir='ltr'><strong>in</strong></span> <span class='ocrx_word' id='word_1_647' title='bbox 2980 3863 3061 3918; x_wconf 90' lang='lat' dir='ltr'><strong>his</strong></span> <span class='ocrx_word' id='word_1_648' title='bbox 3085 3863 3466 3923; x_wconf 89' lang='lat' dir='ltr'><strong>festivitatibus</strong></span> 
     </span>
    </p>
   </div>
   <div class='ocr_carea' id='block_1_101' title="bbox 1873 3950 3469 4023">
    <p class='ocr_par' dir='ltr' id='par_1_101' title="bbox 1873 3950 3469 4023">
     <span class='ocr_line' id='line_1_106' title="bbox 1873 3950 3469 4023; baseline 0.005 -20"><span class='ocrx_word' id='word_1_649' title='bbox 1873 3961 2009 4016; x_wconf 84' lang='lat' dir='ltr'><strong>quas</strong></span> <span class='ocrx_word' id='word_1_650' title='bbox 2037 3963 2197 4018; x_wconf 90' lang='lat' dir='ltr'><strong>supra</strong></span> <span class='ocrx_word' id='word_1_651' title='bbox 2223 3950 2454 4006; x_wconf 80' lang='lat' dir='ltr'><strong>diximus</strong></span> <span class='ocrx_word' id='word_1_652' title='bbox 2479 3952 2532 4007; x_wconf 90' lang='lat' dir='ltr'><strong>in</strong></span> <span class='ocrx_word' id='word_1_653' title='bbox 2558 3952 2809 4007; x_wconf 89' lang='lat' dir='ltr'><strong>oratoriis</strong></span> <span class='ocrx_word' id='word_1_654' title='bbox 2840 3953 2947 4018; x_wconf 89' lang='lat' dir='ltr'><strong>his,</strong></span> <span class='ocrx_word' id='word_1_655' title='bbox 2978 3954 3080 4007; x_wconf 90' lang='lat' dir='ltr'><strong>nisi</strong></span> <span class='ocrx_word' id='word_1_656' title='bbox 3119 3953 3342 4023; x_wconf 83' lang='lat' dir='ltr'><strong>jubenle</strong></span> <span class='ocrx_word' id='word_1_657' title='bbox 3376 3969 3469 4012; x_wconf 90' lang='lat' dir='ltr'><strong>aut</strong></span> 
     </span>
    </p>
   </div>
   <div class='ocr_carea' id='block_1_102' title="bbox 1872 4039 3467 4115">
    <p class='ocr_par' dir='ltr' id='par_1_102' title="bbox 1872 4039 3467 4115">
     <span class='ocr_line' id='line_1_107' title="bbox 1872 4039 3467 4115; baseline 0.004 -21"><span class='ocrx_word' id='word_1_658' title='bbox 1872 4039 2218 4108; x_wconf 88' lang='lat' dir='ltr'><strong>permittente</strong></span> <span class='ocrx_word' id='word_1_659' title='bbox 2247 4043 2523 4113; x_wconf 87' lang='lat' dir='ltr'><strong>episcopo,</strong></span> <span class='ocrx_word' id='word_1_660' title='bbox 2548 4042 2729 4099; x_wconf 88' lang='lat' dir='ltr'><strong>facere</strong></span> <span class='ocrx_word' id='word_1_661' title='bbox 2756 4052 2848 4098; x_wconf 90' lang='lat' dir='ltr'><strong>aut</strong></span> <span class='ocrx_word' id='word_1_662' title='bbox 2879 4052 3066 4100; x_wconf 91' lang='lat' dir='ltr'><strong>tenere</strong></span> <span class='ocrx_word' id='word_1_663' title='bbox 3093 4045 3390 4115; x_wconf 86' lang='lat' dir='ltr'><strong>voluerint,</strong></span> <span class='ocrx_word' id='word_1_664' title='bbox 3438 4062 3467 4101; x_wconf 86' lang='lat' dir='ltr'><strong>a</strong></span> 
     </span>
    </p>
   </div>
   <div class='ocr_carea' id='block_1_103' title="bbox 1873 4131 2572 4203">
    <p class='ocr_par' dir='ltr' id='par_1_103' title="bbox 1873 4131 2572 4203">
     <span class='ocr_line' id='line_1_108' title="bbox 1873 4131 2572 4203; baseline 0.006 -18"><span class='ocrx_word' id='word_1_665' title='bbox 1873 4131 2255 4189; x_wconf 89' lang='lat' dir='ltr'><strong>communione</strong></span> <span class='ocrx_word' id='word_1_666' title='bbox 2286 4133 2572 4203; x_wconf 89' lang='lat' dir='ltr'><strong>pellantur.</strong></span> 
     </span>
    </p>
   </div>
   <div class='ocr_carea' id='block_1_104' title="bbox 1874 4221 3553 4299">
    <p class='ocr_par' dir='ltr' id='par_1_104' title="bbox 1874 4221 3553 4299">
     <span class='ocr_line' id='line_1_109' title="bbox 1874 4221 3553 4299; baseline 0.007 -21"><span class='ocrx_word' id='word_1_667' title='bbox 1874 4221 2037 4279; x_wconf 89' lang='lat' dir='ltr'><strong>XXII.</strong></span> <span class='ocrx_word' id='word_1_668' title='bbox 2084 4222 2153 4280; x_wconf 90' lang='lat' dir='ltr'><strong>Ut</strong></span> <span class='ocrx_word' id='word_1_669' title='bbox 2177 4240 2281 4280; x_wconf 87' lang='lat' dir='ltr'><strong>non</strong></span> <span class='ocrx_word' id='word_1_670' title='bbox 2311 4225 2461 4281; x_wconf 88' lang='lat' dir='ltr'><strong>liceat</strong></span> <span class='ocrx_word' id='word_1_671' title='bbox 2480 4227 2769 4299; x_wconf 78' lang='lat' dir='ltr'><strong>presbytero</strong></span> <span class='ocrx_word' id='word_1_672' title='bbox 2790 4227 2868 4283; x_wconf 84' lang='lat' dir='ltr'><strong>uel</strong></span> <span class='ocrx_word' id='word_1_673' title='bbox 2893 4229 3075 4285; x_wconf 87' lang='lat' dir='ltr'><strong>clerico</strong></span> <span class='ocrx_word' id='word_1_674' title='bbox 3108 4246 3215 4285; x_wconf 88' lang='lat' dir='ltr'><strong>rem</strong></span> <span class='ocrx_word' id='word_1_675' title='bbox 3241 4230 3466 4289; x_wconf 79' lang='lat' dir='ltr'><strong>ecclcslte</strong></span> <span class='ocrx_word' id='word_1_676' title='bbox 3548 4266 3553 4273; x_wconf 72' lang='grc' dir='ltr'><em>ι</em></span> 
     </span>
    </p>
   </div>
   <div class='ocr_carea' id='block_1_105' title="bbox 2378 4300 2957 4355">
    <p class='ocr_par' dir='ltr' id='par_1_105' title="bbox 2378 4300 2957 4355">
     <span class='ocr_line' id='line_1_110' title="bbox 2378 4300 2957 4355; baseline 0.005 -3"><span class='ocrx_word' id='word_1_677' title='bbox 2378 4300 2594 4355; x_wconf 77' lang='lat' dir='ltr'><strong>cendere</strong></span> <span class='ocrx_word' id='word_1_678' title='bbox 2620 4301 2698 4354; x_wconf 87' lang='lat' dir='ltr'><strong>vel</strong></span> <span class='ocrx_word' id='word_1_679' title='bbox 2743 4302 2957 4355; x_wconf 85' lang='lat' dir='ltr'><strong>donare.</strong></span> 
     </span>
    </p>
   </div>
   <div class='ocr_carea' id='block_1_106' title="bbox 1943 4388 3463 4466">
    <p class='ocr_par' dir='ltr' id='par_1_106' title="bbox 1943 4388 3463 4466">
     <span class='ocr_line' id='line_1_111' title="bbox 1943 4388 3463 4466; baseline 0.005 -22"><span class='ocrx_word' id='word_1_680' title='bbox 1943 4388 2012 4444; x_wconf 86' lang='lat' dir='ltr'><strong>Et</strong></span> <span class='ocrx_word' id='word_1_681' title='bbox 2037 4388 2168 4445; x_wconf 91' lang='lat' dir='ltr'><strong>licet</strong></span> <span class='ocrx_word' id='word_1_682' title='bbox 2189 4390 2521 4463; x_wconf 90' lang='lat' dir='ltr'><strong>superfluum</strong></span> <span class='ocrx_word' id='word_1_683' title='bbox 2552 4392 2624 4448; x_wconf 90' lang='lat' dir='ltr'><strong>sit</strong></span> <span class='ocrx_word' id='word_1_684' title='bbox 2645 4391 2713 4447; x_wconf 91' lang='lat' dir='ltr'><strong>de</strong></span> <span class='ocrx_word' id='word_1_685' title='bbox 2738 4407 2797 4448; x_wconf 91' lang='lat' dir='ltr'><strong>re</strong></span> <span class='ocrx_word' id='word_1_686' title='bbox 2825 4401 2950 4447; x_wconf 91' lang='lat' dir='ltr'><strong>nota</strong></span> <span class='ocrx_word' id='word_1_687' title='bbox 2976 4401 3031 4448; x_wconf 87' lang='lat' dir='ltr'><strong>et</strong></span> <span class='ocrx_word' id='word_1_688' title='bbox 3054 4394 3288 4466; x_wconf 87' lang='lat' dir='ltr'><strong>antiquis</strong></span> <span class='ocrx_word' id='word_1_689' title='bbox 3307 4410 3463 4453; x_wconf 85' lang='lat' dir='ltr'><strong>cano-</strong></span> 
     </span>
    </p>
   </div>
   <div class='ocr_carea' id='block_1_107' title="bbox 1872 4479 3463 4561">
    <p class='ocr_par' dir='ltr' id='par_1_107' title="bbox 1872 4479 3463 4561">
     <span class='ocr_line' id='line_1_112' title="bbox 1872 4479 3463 4561; baseline 0.008 -27"><span class='ocrx_word' id='word_1_690' title='bbox 1872 4479 2030 4536; x_wconf 89' lang='lat' dir='ltr'><strong>nibus</strong></span> <span class='ocrx_word' id='word_1_691' title='bbox 2053 4482 2320 4551; x_wconf 88' lang='lat' dir='ltr'><strong>prohibita</strong></span> <span class='ocrx_word' id='word_1_692' title='bbox 2348 4484 2541 4540; x_wconf 88' lang='lat' dir='ltr'><strong>iterato</strong></span> <span class='ocrx_word' id='word_1_693' title='bbox 2580 4484 2785 4557; x_wconf 90' lang='lat' dir='ltr'><strong>aliquid</strong></span> <span class='ocrx_word' id='word_1_694' title='bbox 2829 4484 3083 4556; x_wconf 88' lang='lat' dir='ltr'><strong>delinire,</strong></span> <span class='ocrx_word' id='word_1_695' title='bbox 3131 4496 3308 4550; x_wconf 84' lang='lat' dir='ltr'><strong>tamen</strong></span> <span class='ocrx_word' id='word_1_696' title='bbox 3355 4505 3463 4561; x_wconf 89' lang='lat' dir='ltr'><strong>quo</strong></span> 
     </span>
    </p>
   </div>
   <div class='ocr_carea' id='block_1_108' title="bbox 1871 4570 3461 4648">
    <p class='ocr_par' dir='ltr' id='par_1_108' title="bbox 1871 4570 3461 4648">
     <span class='ocr_line' id='line_1_113' title="bbox 1871 4570 3461 4648; baseline 0.008 -23"><span class='ocrx_word' id='word_1_697' title='bbox 1871 4570 2082 4628; x_wconf 90' lang='lat' dir='ltr'><strong>facilius</strong></span> <span class='ocrx_word' id='word_1_698' title='bbox 2114 4573 2376 4645; x_wconf 88' lang='lat' dir='ltr'><strong>cupiditas</strong></span> <span class='ocrx_word' id='word_1_699' title='bbox 2404 4584 2497 4632; x_wconf 93' lang='lat' dir='ltr'><strong>aut</strong></span> <span class='ocrx_word' id='word_1_700' title='bbox 2519 4577 2836 4647; x_wconf 88' lang='lat' dir='ltr'><strong>improbitas</strong></span> <span class='ocrx_word' id='word_1_701' title='bbox 2866 4579 3218 4648; x_wconf 89' lang='lat' dir='ltr'><strong>reprimatur,</strong></span> <span class='ocrx_word' id='word_1_702' title='bbox 3265 4581 3319 4636; x_wconf 92' lang='lat' dir='ltr'><strong>id</strong></span> <span class='ocrx_word' id='word_1_703' title='bbox 3345 4591 3461 4638; x_wconf 83' lang='lat' dir='ltr'><strong>sta-</strong></span> 
     </span>
    </p>
   </div>
   <div class='ocr_carea' id='block_1_109' title="bbox 1789 4657 3463 4741">
    <p class='ocr_par' dir='ltr' id='par_1_109' title="bbox 1789 4657 3463 4741">
     <span class='ocr_line' id='line_1_114' title="bbox 1789 4657 3463 4741; baseline 0.007 -22"><span class='ocrx_word' id='word_1_704' title='bbox 1789 4657 1845 4719; x_wconf 88' lang='lat' dir='ltr'><strong>D</strong></span> <span class='ocrx_word' id='word_1_705' title='bbox 1874 4666 2075 4723; x_wconf 92' lang='lat' dir='ltr'><strong>tuimus</strong></span> <span class='ocrx_word' id='word_1_706' title='bbox 2102 4667 2246 4738; x_wconf 88' lang='lat' dir='ltr'><strong>quod</strong></span> <span class='ocrx_word' id='word_1_707' title='bbox 2276 4682 2467 4725; x_wconf 87' lang='lat' dir='ltr'><strong>omnes</strong></span> <span class='ocrx_word' id='word_1_708' title='bbox 2490 4670 2701 4741; x_wconf 87' lang='lat' dir='ltr'><strong>jubent,</strong></span> <span class='ocrx_word' id='word_1_709' title='bbox 2730 4680 2787 4727; x_wconf 92' lang='lat' dir='ltr'><strong>ut</strong></span> <span class='ocrx_word' id='word_1_710' title='bbox 2808 4671 3151 4730; x_wconf 88' lang='lat' dir='ltr'><strong>civitatenses</strong></span> <span class='ocrx_word' id='word_1_711' title='bbox 3190 4675 3304 4730; x_wconf 86' lang='lat' dir='ltr'><strong>sive</strong></span> <span class='ocrx_word' id='word_1_712' title='bbox 3334 4675 3463 4732; x_wconf 77' lang='lat' dir='ltr'><strong>dim-</strong></span> 
     </span>
    </p>
   </div>
   <div class='ocr_carea' id='block_1_110' title="bbox 1864 4758 3459 4834">
    <p class='ocr_par' dir='ltr' id='par_1_110' title="bbox 1864 4758 3459 4834">
     <span class='ocr_line' id='line_1_115' title="bbox 1864 4758 3459 4834; baseline 0.006 -20"><span class='ocrx_word' id='word_1_713' title='bbox 1864 4758 2045 4814; x_wconf 88' lang='lat' dir='ltr'><strong>cesani</strong></span> <span class='ocrx_word' id='word_1_714' title='bbox 2073 4763 2369 4832; x_wconf 81' lang='lat' dir='ltr'><strong>presbyteri</strong></span> <span class='ocrx_word' id='word_1_715' title='bbox 2401 4762 2484 4817; x_wconf 91' lang='lat' dir='ltr'><strong>vel</strong></span> <span class='ocrx_word' id='word_1_716' title='bbox 2506 4762 2710 4829; x_wconf 89' lang='lat' dir='ltr'><strong>clerici,</strong></span> <span class='ocrx_word' id='word_1_717' title='bbox 2736 4763 2884 4819; x_wconf 90' lang='lat' dir='ltr'><strong>salvo</strong></span> <span class='ocrx_word' id='word_1_718' title='bbox 2900 4765 3022 4834; x_wconf 86' lang='lat' dir='ltr'><strong>jure</strong></span> <span class='ocrx_word' id='word_1_719' title='bbox 3048 4765 3316 4833; x_wconf 80' lang='lat' dir='ltr'><strong>ecclesiae,</strong></span> <span class='ocrx_word' id='word_1_720' title='bbox 3343 4783 3459 4825; x_wconf 89' lang='lat' dir='ltr'><strong>rem</strong></span> 
     </span>
    </p>
   </div>
   <div class='ocr_carea' id='block_1_111' title="bbox 1863 4853 3458 4926">
    <p class='ocr_par' dir='ltr' id='par_1_111' title="bbox 1863 4853 3458 4926">
     <span class='ocr_line' id='line_1_116' title="bbox 1863 4853 3458 4926; baseline 0.006 -19"><span class='ocrx_word' id='word_1_721' title='bbox 1863 4853 2105 4908; x_wconf 63' lang='lat' dir='ltr'><strong>ecclesiae</strong></span> <span class='ocrx_word' id='word_1_722' title='bbox 2131 4853 2271 4909; x_wconf 89' lang='lat' dir='ltr'><strong>sicut</strong></span> <span class='ocrx_word' id='word_1_723' title='bbox 2298 4855 2643 4924; x_wconf 89' lang='lat' dir='ltr'><strong>permiserint</strong></span> <span class='ocrx_word' id='word_1_724' title='bbox 2671 4856 2908 4925; x_wconf 89' lang='lat' dir='ltr'><strong>episcopi</strong></span> <span class='ocrx_word' id='word_1_725' title='bbox 2950 4865 3194 4926; x_wconf 89' lang='lat' dir='ltr'><strong>teneant,</strong></span> <span class='ocrx_word' id='word_1_726' title='bbox 3226 4861 3458 4917; x_wconf 89' lang='lat' dir='ltr'><strong>vendere</strong></span> 
     </span>
    </p>
   </div>
   <div class='ocr_carea' id='block_1_112' title="bbox 1863 4944 3454 5019">
    <p class='ocr_par' dir='ltr' id='par_1_112' title="bbox 1863 4944 3454 5019">
     <span class='ocr_line' id='line_1_117' title="bbox 1863 4944 3454 5019; baseline 0.004 -21"><span class='ocrx_word' id='word_1_727' title='bbox 1863 4951 1957 4999; x_wconf 89' lang='lat' dir='ltr'><strong>aut</strong></span> <span class='ocrx_word' id='word_1_728' title='bbox 1985 4944 2189 5001; x_wconf 90' lang='lat' dir='ltr'><strong>donare</strong></span> <span class='ocrx_word' id='word_1_729' title='bbox 2219 4948 2435 5015; x_wconf 90' lang='lat' dir='ltr'><strong>penitus</strong></span> <span class='ocrx_word' id='word_1_730' title='bbox 2458 4962 2562 5002; x_wconf 90' lang='lat' dir='ltr'><strong>non</strong></span> <span class='ocrx_word' id='word_1_731' title='bbox 2586 4956 2913 5017; x_wconf 75' lang='lat' dir='ltr'><strong>prmsumant</strong></span> <span class='ocrx_word' id='word_1_732' title='bbox 2934 4964 2949 5003; x_wconf 89' lang='lat'><strong>:</strong></span> <span class='ocrx_word' id='word_1_733' title='bbox 2973 4951 3113 5019; x_wconf 87' lang='lat' dir='ltr'><strong>quod</strong></span> <span class='ocrx_word' id='word_1_734' title='bbox 3136 4952 3181 5006; x_wconf 88' lang='lat' dir='ltr'><strong>si</strong></span> <span class='ocrx_word' id='word_1_735' title='bbox 3208 4953 3454 5017; x_wconf 87' lang='lat' dir='ltr'><strong>fecerint,</strong></span> 
     </span>
    </p>
   </div>
   <div class='ocr_carea' id='block_1_113' title="bbox 1864 5033 3456 5107">
    <p class='ocr_par' dir='ltr' id='par_1_113' title="bbox 1864 5033 3456 5107">
     <span class='ocr_line' id='line_1_118' title="bbox 1864 5033 3456 5107; baseline 0.006 -17"><span class='ocrx_word' id='word_1_736' title='bbox 1864 5043 1919 5090; x_wconf 93' lang='lat' dir='ltr'><strong>et</strong></span> <span class='ocrx_word' id='word_1_737' title='bbox 1941 5033 2076 5090; x_wconf 88' lang='lat' dir='ltr'><strong>facta</strong></span> <span class='ocrx_word' id='word_1_738' title='bbox 2104 5036 2342 5092; x_wconf 88' lang='lat' dir='ltr'><strong>venditio</strong></span> <span class='ocrx_word' id='word_1_739' title='bbox 2370 5052 2475 5094; x_wconf 91' lang='lat' dir='ltr'><strong>non</strong></span> <span class='ocrx_word' id='word_1_740' title='bbox 2524 5039 2750 5106; x_wconf 86' lang='lat' dir='ltr'><strong>valebit,</strong></span> <span class='ocrx_word' id='word_1_741' title='bbox 2796 5046 2852 5096; x_wconf 92' lang='lat' dir='ltr'><strong>et</strong></span> <span class='ocrx_word' id='word_1_742' title='bbox 2889 5041 2957 5097; x_wconf 92' lang='lat' dir='ltr'><strong>de</strong></span> <span class='ocrx_word' id='word_1_743' title='bbox 2995 5042 3366 5107; x_wconf 80' lang='lat' dir='ltr'><strong>facultatibus.</strong></span> <span class='ocrx_word' id='word_1_744' title='bbox 3407 5045 3456 5099; x_wconf 89' lang='lat' dir='ltr'><strong>si</strong></span> 
     </span>
    </p>
   </div>
   <div class='ocr_carea' id='block_1_114' title="bbox 1863 5128 3456 5203">
    <p class='ocr_par' dir='ltr' id='par_1_114' title="bbox 1863 5128 3456 5203">
     <span class='ocr_line' id='line_1_119' title="bbox 1863 5128 3456 5203; baseline 0.008 -21"><span class='ocrx_word' id='word_1_745' title='bbox 1863 5141 1996 5197; x_wconf 91' lang='lat' dir='ltr'><strong>quas</strong></span> <span class='ocrx_word' id='word_1_746' title='bbox 2027 5128 2227 5186; x_wconf 87' lang='lat' dir='ltr'><strong>habent</strong></span> <span class='ocrx_word' id='word_1_747' title='bbox 2255 5132 2521 5203; x_wconf 79' lang='lat' dir='ltr'><strong>prOprias,</strong></span> <span class='ocrx_word' id='word_1_748' title='bbox 2554 5132 2864 5193; x_wconf 90' lang='lat' dir='ltr'><strong>indemnem</strong></span> <span class='ocrx_word' id='word_1_749' title='bbox 2895 5137 3183 5194; x_wconf 87' lang='lat' dir='ltr'><strong>ecclesiam</strong></span> <span class='ocrx_word' id='word_1_750' title='bbox 3224 5136 3456 5194; x_wconf 86' lang='lat' dir='ltr'><strong>reddant</strong></span> 
     </span>
    </p>
   </div>
   <div class='ocr_carea' id='block_1_115' title="bbox 1862 5223 2647 5295">
    <p class='ocr_par' dir='ltr' id='par_1_115' title="bbox 1862 5223 2647 5295">
     <span class='ocr_line' id='line_1_120' title="bbox 1862 5223 2647 5295; baseline 0.009 -19"><span class='ocrx_word' id='word_1_751' title='bbox 1862 5230 1917 5276; x_wconf 94' lang='lat' dir='ltr'><strong>et</strong></span> <span class='ocrx_word' id='word_1_752' title='bbox 1941 5223 2316 5281; x_wconf 90' lang='lat' dir='ltr'><strong>communione</strong></span> <span class='ocrx_word' id='word_1_753' title='bbox 2346 5225 2647 5295; x_wconf 90' lang='lat' dir='ltr'><strong>priventur.</strong></span> 
     </span>
    </p>
   </div>
   <div class='ocr_carea' id='block_1_116' title="bbox 1862 5311 3451 5445">
    <p class='ocr_par' dir='ltr' id='par_1_116' title="bbox 1862 5311 3451 5445">
     <span class='ocr_line' id='line_1_121' title="bbox 1862 5311 3451 5445; baseline 0.006 -76"><span class='ocrx_word' id='word_1_754' title='bbox 1862 5311 2023 5383; x_wconf 81' lang='lat'><strong>235</strong></span> <span class='ocrx_word' id='word_1_755' title='bbox 2066 5312 2250 5371; x_wconf 83' lang='lat' dir='ltr'><strong>XXIII.</strong></span> <span class='ocrx_word' id='word_1_756' title='bbox 2290 5314 2357 5372; x_wconf 90' lang='lat' dir='ltr'><strong>Ut</strong></span> <span class='ocrx_word' id='word_1_757' title='bbox 2380 5318 2795 5445; x_wconf 52' lang='lat' dir='ltr'><strong>clericustjunior</strong></span> <span class='ocrx_word' id='word_1_758' title='bbox 2819 5322 3007 5380; x_wconf 88' lang='lat' dir='ltr'><strong>seniori</strong></span> <span class='ocrx_word' id='word_1_759' title='bbox 3047 5337 3150 5377; x_wconf 79' lang='lat' dir='ltr'><strong>non</strong></span> <span class='ocrx_word' id='word_1_760' title='bbox 3177 5337 3451 5394; x_wconf 70' lang='lat' dir='ltr'><strong>prwpona-</strong></span> 
     </span>
     <span class='ocr_line' id='line_1_122' title="bbox 2629 5408 2710 5445; baseline 0 0"><span class='ocrx_word' id='word_1_761' title='bbox 2629 5408 2710 5445; x_wconf 91' lang='lat' dir='ltr'><strong>ur.</strong></span> 
     </span>
    </p>
   </div>
   <div class='ocr_carea' id='block_1_117' title="bbox 2629 5408 2710 5449">
    <p class='ocr_par' dir='ltr' id='par_1_117' title="bbox 2629 5408 2710 5449">
     <span class='ocr_line' id='line_1_123' title="bbox 2629 5408 2710 5449; baseline 0.025 -3"><span class='ocrx_word' id='word_1_762' title='bbox 2629 5408 2710 5449; x_wconf 92' lang='lat' dir='ltr'><strong>ur.</strong></span> 
     </span>
    </p>
   </div>
   <div class='ocr_carea' id='block_1_118' title="bbox 1932 5474 3450 5558">
    <p class='ocr_par' dir='ltr' id='par_1_118' title="bbox 1932 5474 3450 5558">
     <span class='ocr_line' id='line_1_124' title="bbox 1932 5474 3450 5558; baseline 0.01 -27"><span class='ocrx_word' id='word_1_763' title='bbox 1932 5474 2222 5549; x_wconf 87' lang='lat' dir='ltr'><strong>Episcopus</strong></span> <span class='ocrx_word' id='word_1_764' title='bbox 2238 5481 2398 5539; x_wconf 87' lang='lat' dir='ltr'><strong>etiam</strong></span> <span class='ocrx_word' id='word_1_765' title='bbox 2415 5497 2639 5554; x_wconf 90' lang='lat' dir='ltr'><strong>quorum</strong></span> <span class='ocrx_word' id='word_1_766' title='bbox 2654 5485 2758 5540; x_wconf 83' lang='lat' dir='ltr'><strong>vita</strong></span> <span class='ocrx_word' id='word_1_767' title='bbox 2778 5502 2882 5542; x_wconf 90' lang='lat' dir='ltr'><strong>non</strong></span> <span class='ocrx_word' id='word_1_768' title='bbox 2906 5483 3314 5555; x_wconf 88' lang='lat' dir='ltr'><strong>reprehenditur</strong></span> <span class='ocrx_word' id='word_1_769' title='bbox 3326 5503 3450 5558; x_wconf 92' lang='lat' dir='ltr'><strong>pos-</strong></span> 
     </span>
    </p>
   </div>
   <div class='ocr_carea' id='block_1_119' title="bbox 1861 5571 3448 5648">
    <p class='ocr_par' dir='ltr' id='par_1_119' title="bbox 1861 5571 3448 5648">
     <span class='ocr_line' id='line_1_125' title="bbox 1861 5571 3448 5648; baseline 0.009 -26"><span class='ocrx_word' id='word_1_770' title='bbox 1861 5571 2113 5627; x_wconf 89' lang='lat' dir='ltr'><strong>teriorem</strong></span> <span class='ocrx_word' id='word_1_771' title='bbox 2144 5575 2305 5641; x_wconf 91' lang='lat' dir='ltr'><strong>priori</strong></span> <span class='ocrx_word' id='word_1_772' title='bbox 2334 5576 2536 5633; x_wconf 91' lang='lat' dir='ltr'><strong>nullum</strong></span> <span class='ocrx_word' id='word_1_773' title='bbox 2569 5588 2865 5648; x_wconf 71' lang='lat' dir='ltr'><strong>praeponat,</strong></span> <span class='ocrx_word' id='word_1_774' title='bbox 2896 5578 2995 5632; x_wconf 89' lang='lat' dir='ltr'><strong>nisi</strong></span> <span class='ocrx_word' id='word_1_775' title='bbox 3026 5577 3252 5633; x_wconf 82' lang='lat' dir='ltr'><strong>fortasse</strong></span> <span class='ocrx_word' id='word_1_776' title='bbox 3272 5577 3448 5637; x_wconf 84' lang='lat' dir='ltr'><strong>elatus</strong></span> 
     </span>
    </p>
   </div>
   <div class='ocr_carea' id='block_1_120' title="bbox 1860 5664 3450 5744">
    <p class='ocr_par' dir='ltr' id='par_1_120' title="bbox 1860 5664 3450 5744">
     <span class='ocr_line' id='line_1_126' title="bbox 1860 5664 3450 5744; baseline 0.009 -27"><span class='ocrx_word' id='word_1_777' title='bbox 1860 5664 2108 5733; x_wconf 89' lang='lat' dir='ltr'><strong>superbia</strong></span> <span class='ocrx_word' id='word_1_778' title='bbox 2160 5667 2301 5737; x_wconf 90' lang='lat' dir='ltr'><strong>quod</strong></span> <span class='ocrx_word' id='word_1_779' title='bbox 2357 5685 2453 5739; x_wconf 91' lang='lat' dir='ltr'><strong>pro</strong></span> <span class='ocrx_word' id='word_1_780' title='bbox 2505 5671 2830 5726; x_wconf 89' lang='lat' dir='ltr'><strong>necessitate</strong></span> <span class='ocrx_word' id='word_1_781' title='bbox 2885 5669 3124 5726; x_wconf 82' lang='lat' dir='ltr'><strong>ecclesiae</strong></span> <span class='ocrx_word' id='word_1_782' title='bbox 3165 5672 3450 5744; x_wconf 89' lang='lat' dir='ltr'><strong>episcopus</strong></span> 
     </span>
    </p>
   </div>
   <div class='ocr_carea' id='block_1_121' title="bbox 1853 5752 3447 5830">
    <p class='ocr_par' dir='ltr' id='par_1_121' title="bbox 1853 5752 3447 5830">
     <span class='ocr_line' id='line_1_127' title="bbox 1853 5752 3447 5830; baseline 0.008 -20"><span class='ocrx_word' id='word_1_783' title='bbox 1853 5752 2076 5825; x_wconf 80' lang='lat' dir='ltr'><strong>jusserit</strong></span> <span class='ocrx_word' id='word_1_784' title='bbox 2102 5759 2320 5830; x_wconf 90' lang='lat' dir='ltr'><strong>implere</strong></span> <span class='ocrx_word' id='word_1_785' title='bbox 2342 5764 2653 5820; x_wconf 91' lang='lat' dir='ltr'><strong>contemnit.</strong></span> <span class='ocrx_word' id='word_1_786' title='bbox 2683 5758 2825 5818; x_wconf 91' lang='lat' dir='ltr'><strong>Sane</strong></span> <span class='ocrx_word' id='word_1_787' title='bbox 2852 5761 2898 5818; x_wconf 87' lang='lat' dir='ltr'><strong>si</strong></span> <span class='ocrx_word' id='word_1_788' title='bbox 2925 5760 3155 5819; x_wconf 85' lang='lat' dir='ltr'><strong>officium</strong></span> <span class='ocrx_word' id='word_1_789' title='bbox 3176 5764 3447 5822; x_wconf 87' lang='lat' dir='ltr'><strong>archidia-</strong></span> 
     </span>
    </p>
   </div>
   <div class='ocr_carea' id='block_1_122' title="bbox 1859 5854 3449 5928">
    <p class='ocr_par' dir='ltr' id='par_1_122' title="bbox 1859 5854 3449 5928">
     <span class='ocr_line' id='line_1_128' title="bbox 1859 5854 3449 5928; baseline 0.006 -26"><span class='ocrx_word' id='word_1_790' title='bbox 1859 5860 2086 5908; x_wconf 89' lang='lat' dir='ltr'><strong>conatus</strong></span> <span class='ocrx_word' id='word_1_791' title='bbox 2123 5864 2339 5924; x_wconf 85' lang='lat' dir='ltr'><strong>prepter</strong></span> <span class='ocrx_word' id='word_1_792' title='bbox 2382 5854 2764 5925; x_wconf 90' lang='lat' dir='ltr'><strong>simpliciorem</strong></span> <span class='ocrx_word' id='word_1_793' title='bbox 2805 5863 3054 5911; x_wconf 87' lang='lat' dir='ltr'><strong>naturam</strong></span> <span class='ocrx_word' id='word_1_794' title='bbox 3096 5856 3322 5928; x_wconf 90' lang='lat' dir='ltr'><strong>implere</strong></span> <span class='ocrx_word' id='word_1_795' title='bbox 3355 5866 3449 5913; x_wconf 86' lang='lat' dir='ltr'><strong>aut</strong></span> 
     </span>
    </p>
   </div>
   <div class='ocr_carea' id='block_1_123' title="bbox 1859 5945 3447 6019">
    <p class='ocr_par' dir='ltr' id='par_1_123' title="bbox 1859 5945 3447 6019">
     <span class='ocr_line' id='line_1_129' title="bbox 1859 5945 3447 6019; baseline 0.001 -18"><span class='ocrx_word' id='word_1_796' title='bbox 1859 5945 2112 6016; x_wconf 76' lang='lat' dir='ltr'><strong>expedire</strong></span> <span class='ocrx_word' id='word_1_797' title='bbox 2140 5949 2460 6019; x_wconf 85' lang='lat' dir='ltr'><strong>nequiverit,</strong></span> <span class='ocrx_word' id='word_1_798' title='bbox 2493 5948 2580 6007; x_wconf 81' lang='lat' dir='ltr'><strong>ille</strong></span> <span class='ocrx_word' id='word_1_799' title='bbox 2610 5947 2714 6007; x_wconf 88' lang='lat' dir='ltr'><strong>loci</strong></span> <span class='ocrx_word' id='word_1_800' title='bbox 2740 5947 2823 6006; x_wconf 88' lang='lat' dir='ltr'><strong>sui</strong></span> <span class='ocrx_word' id='word_1_801' title='bbox 2852 5962 3049 6008; x_wconf 90' lang='lat' dir='ltr'><strong>nomen</strong></span> <span class='ocrx_word' id='word_1_802' title='bbox 3077 5956 3257 6009; x_wconf 87' lang='lat' dir='ltr'><strong>teneat</strong></span> <span class='ocrx_word' id='word_1_803' title='bbox 3284 5957 3339 6007; x_wconf 91' lang='lat' dir='ltr'><strong>et</strong></span> <span class='ocrx_word' id='word_1_804' title='bbox 3357 5952 3447 6005; x_wconf 84' lang='lat' dir='ltr'><strong>or-</strong></span> 
     </span>
    </p>
   </div>
   <div class='ocr_carea' id='block_1_124' title="bbox 3006 6040 3050 6109">
    <p class='ocr_par' dir='ltr' id='par_1_124' title="bbox 3006 6040 3050 6109">
     <span class='ocr_line' id='line_1_130' title="bbox 3006 6040 3050 6109; baseline 0 0"><span class='ocrx_word' id='word_1_805' title='bbox 3006 6040 3050 6109; x_wconf 82' lang='lat'><strong>9</strong></span> 
     </span>
    </p>
   </div>
  </div>
