4024 6350
259 296 373 368 269

1273 297 1549 381 GALLIe‘.
1587 295 1930 380 coaetus.
1972 327 2042 339 —
2084 286 2526 360 aestuasse.

3441 292 3548 350 270

260 414 551 475 XXXVIII.
587 414 657 488 Ut
694 413 802 470 sine
830 408 1047 484 epistola
1082 416 1306 488 episcopi
1326 419 1407 472 sui
1439 435 1541 472 non
1567 418 1714 472 liceat
1742 419 1848 472 cle-
1882 416 1931 476 Α
1959 414 2133 469 nullus
2160 415 2226 470 de
2257 414 2342 468 bis
2371 413 2600 470 clericus
2627 411 2924 477 ordinetur,
2958 421 3010 464 et
3044 411 3131 480 qui
3157 411 3266 480 jam
3297 422 3420 468 sunt
3452 429 3547 483 per

237 517 246 526 -
332 487 601 625 rigui-get
627 489 933 543 monachum
972 485 1227 558 proﬁcisci
1255 485 1275 542 ‘.-
1301 497 1350 544 et
1379 490 1444 542 de
1473 488 1739 544 monachis
1775 489 1854 543 vel

333 578 365 625 β
435 571 506 622 ait
527 575 625 625 ,ιιι

333 571 625 636 stantiam.

239 702 246 710 .
333 652 556 723 Clericis
585 651 703 710 sine
729 650 1182 730 commendatitiis
1211 651 1454 720 epistolis
1498 650 1736 721 episcopi
1775 651 1857 708 sui
1937 670 1944 674 ’

260 745 484 816 licentia
534 758 641 802 non
695 751 874 816 pateat
923 743 1213 814 evagandi,
1263 745 1314 807 in
1363 744 1528 816 338
1580 741 1857 802 monachis

259 852 476 914 quoque
508 837 790 910 praesentis
815 836 1095 904 sententia:
1134 835 1304 901 forma
1335 845 1578 898 servetur
1605 851 1621 902 ;
1648 850 1787 905 quos
1809 835 1856 894 si

241 931 556 1000 ,verborutn
585 929 880 998 increpatio
920 942 1027 994 non
1053 927 1441 994 emendaverit,
1473 929 1633 988 etiam
1663 927 1854 992 verbe-
1939 949 1947 956 ν

259 1024 415 1080 ribus
443 1021 728 1093 statuimus
755 1021 1015 1088 coerceri.
1045 1019 1381 1088 Sersandunt
1412 1031 1625 1089 quoque
1644 1018 1713 1078 de
1740 1032 1858 1076 mo-

259 1117 450 1184 nachis
481 1129 549 1180 ne
579 1113 657 1170 eis
688 1113 756 1184 ad
777 1113 1048 1180 solitariae
1077 1111 1300 1178 cellulas
1327 1110 1491 1173 liceat
1515 1125 1544 1166 a
1565 1123 1858 1180 congrega-

261 1209 411 1264 tione
438 1206 751 1273 discedere,
781 1203 882 1273 nisi
914 1202 1054 1272 forte
1085 1201 1325 1280 probatis
1355 1211 1475 1271 post
1499 1201 1757 1266 emeritos
1783 1201 1855 1263 Ia-

260 1301 424 1357 bores
451 1308 544 1355 aut
576 1307 796 1368 prapter
827 1297 1156 1360 inﬁrmitatis
1195 1296 1574 1359 necessitatem
1613 1293 1859 1363 asperior

261 1394 332 1447 ab
378 1392 663 1448 abbatibus
706 1389 891 1460 regula
936 1387 1280 1456 remittatur:
1333 1387 1476 1457 quod
1521 1385 1594 1440 ita
1640 1384 1858 1439 demum

264 1487 382 1554 tiet,
415 1494 473 1540 ut
505 1485 643 1544 intra
687 1482 876 1548 eadem
905 1479 1215 1546 monasterii
1257 1486 1414 1550 septa
1447 1485 1750 1543 manentes,
1779 1483 1860 1530 ta-

250 1591 391 1636 .mett
415 1579 515 1642 sub
545 1575 756 1644 abbatis
779 1581 1066 1646 potestate
1093 1582 1368 1644 separatas
1402 1571 1601 1634 habere
1639 1568 1858 1632 cellulas

259 1671 662 1743 perinittantur.
716 1667 1015 1749 Altbatibus
1060 1680 1276 1738 quoque
1325 1663 1554 1735 singulis
1609 1661 1858 1726 diversas

1960 505 2313 576 ignorantiam
2337 507 2566 561 ordinati
2597 512 2687 560 aut
2709 505 2846 560 sicut
2873 502 3067 573 bigami
3095 512 3189 558 aut
3215 505 3548 575 internupta-

1960 613 2077 653 rum
2108 598 2286 653 mariti
2315 597 2494 662 locum
2529 606 2764 652 teneant.
2810 596 3069 651 Ordinare
3116 595 3369 651 diaconos
3402 605 3424 631 ει
3455 605 3552 651 aut

1959 671 2280 748 consecrare
2303 690 2473 759 altare
2503 691 2784 761 presbyter
2811 706 2916 745 non
2942 696 3252 760 praesumat.

1961 779 2144 836 XLIV.
2174 779 2260 835 Ne
2289 779 2552 850 presbyter
2591 781 2987 836 benedictionem
3016 781 3092 836 vel
3126 781 3470 850 paenitentiam
3498 783 3551 836 in

2053 888 2057 892 ι
2372 851 2585 904 etclesia
2614 851 2736 904 dure
2767 861 3044 922 prtesumat
3079 851 3128 905 δ.

2034 943 2472 1000 Beuedictionem
2502 957 2666 1019 super
2700 943 2906 1016 plebem
2956 945 3007 999 in
3042 945 3269 1001 ecclesia
3303 945 3550 1014 fundere,

1962 1044 2054 1114 aut
2097 1035 2447 1106 pceniteutem
2502 1035 2556 1088 in
2601 1033 2830 1112 ecclesia
2875 1034 3194 1100 benedicere
3241 1037 3554 1109 presbytero

1964 1128 2175 1198 penitus
2207 1144 2313 1182 non
2345 1125 2546 1182 licebit.

1963 1207 2124 1276 XLV.
2175 1218 2243 1274 Ut
2277 1221 2544 1290 episcopus
2585 1220 2828 1288 exiguum
2870 1220 3067 1286 aliquid
3107 1222 3217 1277 sine
3255 1221 3554 1280 clericorum

2356 1292 2510 1345 etiam
2539 1291 2860 1344 eonniventia
2889 1290 3163 1348 distrahat.
3312 1301 3319 1308 ‘

1966 1379 1983 1382 ”’
2034 1377 2286 1434 Terrulas
2316 1388 2407 1432 aut
2446 1377 2686 1454 vineolas
2727 1379 2945 1451 exiguas
2974 1388 3030 1435 et
3080 1381 3334 1437 Ecclesia:
3380 1383 3559 1440 rnlnus

1964 1472 2122 1550 utiles
2148 1480 2240 1528 aut
2269 1472 2426 1544 longe
2457 1471 2660 1550 positas
2689 1489 2878 1542 parvas
2905 1475 3190 1544 episcopus
3221 1474 3338 1532 sine
3375 1479 3556 1546 consi-

1963 1563 2040 1645 lio
2079 1564 2326 1632 fratrum,
2361 1565 2407 1622 si
2441 1561 2731 1622 necessitas
2761 1565 2952 1640 fuerit,
2999 1567 3334 1622 distraliendi
3367 1569 3561 1650 habeat

1935 1650 1940 1654 ’
1965 1663 2313 1726 potestatem.

259 1764 485 1820 ςειιυιδε
505 1770 598 1816 ειη
626 1761 778 1833 ptum
811 1747 1140 1825 monasteria
1171 1756 1370 1838 habere
1401 1770 1508 1822 non
1539 1754 1718 1826 liceat,
1753 1753 1857 1818 nisi
1891 1782 1942 1845 Β
2046 1747 2235 1806 XLVI.
2269 1747 2337 1805 Ut
2365 1767 2534 1807 servos
2558 1749 3067 1845 Ecctesitenfugitivos
3096 1751 3309 1806 vendere
3341 1749 3488 1829 liceat

262 1861 472 1910 tantum
501 1861 722 1923 propter
767 1851 1044 1920 incursum
1088 1847 1473 1920 hospitalitatis
1501 1847 1640 1914 intra
1678 1857 1863 1914 muros

257 1946 601 2020 receptacula
624 1945 917 2014 collocare.

408 2041 656 2106 XXXIX.
704 2039 774 2102 Ut
801 2039 976 2104 οιαὶοό
1004 2038 1261 2111 nuptialia
1285 2037 1441 2098 vitam
1467 2036 1718 2098 convivia.

336 2131 686 2203 Presbyteri,
736 2130 1033 2208 diaconos,
1078 2128 1437 2190 subdiacones
1483 2127 1568 2188 vel
1607 2126 1865 2203 deinceps

253 2225 460 2296 quibus
482 2223 712 2303 ducendi
739 2238 938 2292 uxores
966 2221 1182 2284 licentia
1205 2236 1312 2282 non
1340 2229 1446 2288 est,
1471 2220 1634 2298 etiam
1661 2219 1866 2291 aliena-

253 2331 386 2382 rum
425 2317 737 2386 nuntiatum
765 2315 969 2380 evitent
996 2313 1240 2378 convivia,
1263 2355 1278 2380 ,
1309 2328 1482 2384 neque
1518 2311 1605 2372 his
1631 2311 1863 2374 emtibus

255 2409 666 2476 admisceaatnr
706 2409 798 2474 ubi
837 2409 1100 2472 amatoris
1126 2417 1410 2470 cantantur
1449 2418 1504 2464 et
1546 2410 1743 2480 turpia,
1774 2417 1866 2468 aut
1952 2443 1962 2453 .

258 2501 508 2568 obscoeni
535 2511 714 2568 inuitis.
732 2516 1020 2580 corporum
1048 2503 1234 2558 choris
1261 2513 1316 2560 et
1336 2501 1714 2562 saltationibus
1741 2501 1866 2559 eii‘e-

255 2601 482 2666 runtur,
512 2609 580 2649 ne
603 2593 819 2664 auditus
841 2602 896 2658 et
916 2594 1136 2658 obtutus
1161 2595 1328 2654 sacris
1353 2594 1622 2666 mysteriis
1649 2595 1866 2665 deputa-

264 2696 354 2742 tus
379 2685 613 2756 turpium
662 2686 1093 2757 spectaculorum
1138 2695 1298 2759 atque
1341 2688 1634 2746 verborum
1675 2697 1864 2746 conta-

263 2777 429 2848 sisne
453 2779 742 2848 trutinatur.

405 2871 515 2932 XL.
555 2871 600 2936 ζ]
607 2883 625 2928 ι
655 2872 937 2940 Christiani
962 2871 994 2927 1
1004 2875 1268 2932 admorunt
1297 2874 1448 2930 vitent
1483 2873 1732 2930 convivia.

342 2964 542 3036 Omnes
580 2964 835 3037 deinceps
861 2967 1047 3033 clerici
1076 2967 1190 3028 sive
1232 2966 1352 3022 laici
1395 2966 1703 3024 Jutlteorum
1733 2981 1865 3023 con-

265 3054 409 3109 vivia
435 3057 671 3121 evitent,
703 3070 802 3112 nec
847 3070 941 3112 eos
970 3057 1036 3130 ad
1080 3057 1388 3126 convivium
1436 3056 1680 3126 quisquis
1725 3055 1868 3110 exci-

2626 1838 2888 1876 ευιεοουυ.
2938 1867 2945 1869 μ

2626 1840 2653 1875 ε
2695 1840 2798 1876 1860
2839 1840 2888 1875 υ.
2938 1867 2945 1869 ν

2036 1900 2313 1976 Fugitivos
2346 1903 2508 1958 etiam
2546 1841 2736 1957 dompos
2779 1840 2903 1956 εἴλεε
2940 1911 3030 1957 aut
3055 1901 3282 1958 familias
3311 1903 3566 1959 deseren-

1968 1997 2073 2056 tes,
2096 1991 2184 2060 qui
2216 1993 2377 2047 etiam
2409 1995 2454 2048 si
2489 1994 2722 2050 revocati
2752 1992 2950 2048 fuerint
2983 1993 3153 2048 teneri
3184 2008 3288 2048 non
3316 2006 3562 2064 possunt,

1969 2079 2133 2135 simili
2160 2084 2370 2137 ratione
2401 2084 2468 2137 ab
2500 2084 2787 2153 episcopis,
2821 2083 2866 2140 si
2894 2083 3160 2139 voluerint
3190 2092 3284 2138 aut
3311 2085 3355 2140 si
3386 2085 3456 2139 ita
3487 2085 3562 2162 illi

1967 2171 2292 2241 meruerint,
2324 2173 2709 2228 distrahantur.

1967 2261 2178 2321 XLVII.
2218 2239 2286 2320 Ut
2324 2276 2440 2320 ante
2470 2267 2680 2321 missam
2717 2267 2970 2336 expletam
2997 2267 3172 2342 egredi
3212 2269 3435 2339 populus
3461 2239 3563 2325 non

2610 2348 2905 2392 vrwsumat.

2609 2354 2905 2407 prwsumat.

2040 2431 2231 2487 Missas
2277 2429 2363 2487 die
2415 2431 2686 2487 dominico
2731 2447 2760 2487 a
2802 2431 3149 2490 saecularibus
3193 2441 3332 2488 totas
3385 2435 3560 2492 teneri

1966 2524 2186 2593 speciali
2219 2523 2560 2581 ordinatione
2585 2527 2946 2602 praecipimus,
2980 2528 3050 2582 ita
3085 2535 3141 2582 ut
3181 2537 3309 2586 ante
3346 2529 3566 2586 benedi-

1953 2616 2200 2671 ctionem
2253 2619 2553 2674 sacerdotis
2582 2619 2764 2690 egredi
2797 2619 3026 2688 populus
3067 2635 3174 2674 non
3221 2633 3515 2691 prmsumat
3546 2638 3563 2679 :

1967 2708 2058 2777 qui
2090 2709 2136 2761 si
2167 2708 2420 2776 fecerint,
2454 2713 2522 2763 ab
2551 2710 2802 2781 episcopo
2837 2711 3046 2779 publice
3076 2711 3490 2768 confundantur.

2051 2799 2284 2854 XLVIII.
2316 2801 2393 2855 De
2414 2801 2563 2856 rebus
2592 2803 2820 2872 episwpi
2847 2803 3069 2874 propriis
3097 2805 3172 2856 vet
3200 2805 3483 2874 acquisitis.

2040 2889 2308 2960 Quidquid
2339 2892 2624 2962 episc0pus
2650 2893 2718 2948 de
2739 2909 2838 2948 suo
2864 2879 3081 2964 proprio
3104 2892 3282 2958 liabet,
3311 2894 3377 2950 ad
3405 2897 3571 2952 luere-

1970 2981 2067 3037 des
2099 2998 2225 3037 suos
2255 2985 2299 3039 si
2329 2985 2560 3039 voluerit
2607 2987 2977 3054 derelinquat;
3029 2985 3285 3055 quidquid
3335 3002 3464 3042 vero
3501 2989 3570 3046 de

1974 3075 2276 3143 provisione
2326 3075 2582 3132 Ecclesi.c
2622 3077 2737 3132 sive
2783 3078 2850 3133 de
2899 3079 3042 3147 agris
3081 3079 3193 3132 sive
3225 3079 3290 3134 de
3335 3079 3570 3151 ftugibus

262 3147 412 3234 Pii“,
451 3148 573 3229 mihi
612 3163 734 3227 ΡΨ
777 3149 918 3226 FPM,
945 3148 1289 3225 βίέῑίειίθηοε
1318 3151 1455 3215 cibis
1493 3149 1870 3216 communibus
1975 3166 2089 3221 sive
2115 3167 2179 3222 de
2209 3167 2571 3222 oblationibus
2595 3211 2608 3234 ,
2639 3169 2814 3224 omnia
2846 3168 2901 3225 in
2945 3169 3066 3240 jure
3109 3171 3361 3227 Ecclesia:
3387 3147 3567 3229 reser-

268 3255 379 3295 non
410 3249 652 3308 utantur,
691 3241 964 3313 indignum
996 3251 1080 3297 est
1105 3252 1267 3312 atque
1313 3242 1636 3311 sacrilegum
1679 3258 1869 3298 eorum
1899 3283 1902 3285 λ

266 3332 424 3396 cibos
451 3348 480 3386 a
508 3331 830 3394 Christianis
857 3334 1024 3401 sumi,
1055 3350 1178 3392 cum
1204 3349 1268 3390 es
1295 3350 1416 3404 quae
1456 3334 1717 3404 Apostolo
1750 3350 1872 3405 per-

268 3424 520 3496 mittente
565 3440 663 3480 nos
693 3426 956 3482 sumimus
997 3428 1065 3482 ab
1109 3427 1214 3482 illis
1241 3427 1546 3496 iudicentur
1575 3429 1867 3496 immunda,

267 3533 341 3578 ac
369 3519 448 3580 sic
493 3519 777 3578 inferiores
805 3520 1062 3590 incipiant
1089 3535 1211 3582 esse
1238 3519 1528 3586 Christiani
1565 3536 1722 3591 quam
1767 3521 1871 3577 Ju-

204 3637 210 3646 ’
269 3614 401 3678 dmi,
425 3616 470 3674 si
502 3629 603 3670 nos
625 3631 746 3684 qua:
770 3616 838 3670 ab
867 3615 975 3670 illis
1002 3623 1342 3686 apponuntur
1369 3625 1603 3682 utamur,
1635 3618 1712 3672 illi
1743 3631 1871 3672 vero

269 3717 308 3758 a
340 3704 496 3762 nobis
525 3705 705 3761 oblata
735 3712 1102 3770 contemnant.

596 3815 732 3872 XLI.
773 3816 840 3872 Ut
870 3817 1070 3872 clericis
1101 3826 1292 3873 retetnr
1317 3819 1548 3873 ebrietas.

349 3909 489 3962 Ante
513 3907 694 3962 omnia
726 3909 938 3962 clericis
969 3917 1176 3964 vetetur
1206 3911 1460 3973 ebrietas,
1492 3924 1609 3977 quae
1633 3908 1871 3962 omnium

271 4000 534 4062 vitiorum
585 3997 757 4076 fontes
797 4013 859 4052 ac
925 4004 1105 4076 nutrix
1155 4013 1256 4074 est.
1313 4002 1496 4071 Itaque
1549 4019 1668 4076 cum
1713 4017 1871 4072 quem

270 4090 490 4144 ebrium
538 4073 1075 4166 fuisse'constiterit,
1109 4099 1163 4142 ut
1210 4091 1342 4160 ordo
1391 4073 1622 4164 patitur,
1655 4103 1744 4144 aut
1781 4091 1876 4144 tri-

271 4180 427 4250 ginta
453 4180 659 4234 tlicrnm
684 4182 860 4254 spatio
882 4197 909 4235 ει
943 4186 1320 4260 coinmunione
1346 4184 1627 4260 statuimus
1660 4182 1876 4258 submo-

275 4265 540 4336 vendum,
576 4283 664 4326 aut.
687 4273 950 4339 corporali
993 4257 1326 4348 subdendum
1357 4257 1638 4348 supplicio.

276 4364 442 4420 XLII.
476 4362 556 4418 De
595 4367 860 4440 sortilegis
879 4368 954 4440 vel
973 4370 1189 4440 auguria
1215 4369 1588 4440 observantibus
1614 4379 1667 4425 ut
1694 4369 1759 4440 ab
1787 4380 1875 4423 ee-

813 4435 985 4491 clesia‘
1016 4435 1330 4509 séparentur.
1441 4441 1446 4452 ⁷
1569 4437 1574 4447 ’

1971 3275 2106 3315 vare
2135 3262 2462 3315 censuimus.

1964 3349 2135 3424 240
2164 3352 2347 3408 XLIX.
2384 3353 2457 3407 De
2485 3370 2584 3428 non
2606 3354 2896 3428 aiienandis
2919 3358 2982 3408 ab
3021 3357 3258 3428 episcOpo
3285 3359 3432 3412 rebus
3465 3355 3572 3414 Ec-

2474 3426 2666 3490 clesiae,
2695 3436 2743 3480 et
2774 3427 2836 3481 de
2859 3428 2926 3481 tib
2956 3429 3069 3482 rtis.

1967 3565 1970 3570 .
2046 3516 2308 3574 Diaconus
2336 3517 2418 3574 vel
2451 3519 2728 3588 presbyter
2774 3520 2826 3573 in
2875 3520 3125 3588 parocbia
3164 3522 3439 3576 constituti
3491 3523 3560 3578 de

1973 3609 2135 3663 rebus
2171 3609 2418 3664 ecclesiae
2462 3612 2562 3665 sibi
2614 3612 2834 3666 creditis
2881 3613 3012 3667 nihil
3061 3614 3292 3669 audeant
3320 3631 3567 3669 comnm-

1976 3706 2108 3764 tare,
2139 3701 2372 3759 vendere
2400 3703 2480 3756 vel
2511 3702 2735 3768 donare,
2779 3703 3016 3780 quiores
3055 3718 3278 3760 sacratzn
3308 3707 3420 3762 Deo
3449 3723 3570 3761 esse

1975 3799 2290 3854 noscuntur.
2322 3792 2582 3848 Similiter
2611 3802 2666 3848 et
2693 3794 3002 3850 sacerdotes
3031 3797 3163 3852 nihil
3183 3797 3251 3852 de
3283 3800 3446 3852 rebus
3477 3813 3571 3853 cc-

1974 3882 2153 3937 clesiae
2204 3883 2304 3937 sibi
2352 3885 2686 3950 commissis,
2721 3897 2777 3939 ut
2823 3889 3071 3955 superius
3120 3888 3571 3956 comprehensum

1979 3983 2079 4036 est,
2107 3974 2387 4039 ciputilare
2418 3974 2507 4047 [Β.
2540 3974 2630 4041 IL,
2662 3974 2929 4046 emutare]
2961 3985 3285 4044 praesumant
3311 3995 3324 4028 :
3351 3975 3493 4046 quod
3525 3977 3572 4029 si

1979 4063 2155 4116 facere
2185 4063 2472 4128 voluerint,
2517 4064 2746 4119 convicti
2792 4065 2844 4119 in
2875 4067 3105 4120 concilio
3152 4078 3205 4121 et
3257 4067 3324 4120 ab
3369 4066 3574 4121 bonore

1977 4153 2204 4222 depositi
2227 4154 2296 4209 de
2329 4169 2426 4208 suo
2451 4157 2666 4224 proprio
2689 4157 2833 4214 aliud
2863 4165 3066 4212 tantmn
3092 4159 3376 4213 restituant
3400 4174 3573 4227 quan-

1982 4254 2091 4299 tmn
2117 4245 2216 4300 visi
2255 4255 2380 4300 sunt
2411 4248 2839 4318 prwsumpsisse.
2883 4251 3025 4305 Sane
3074 4253 3117 4304 si
3149 4253 3268 4320 quis
3308 4267 3401 4317 pro
3443 4268 3574 4320 qua-
3633 4289 3636 4294 λ

1977 4339 2110 4393 libet
2149 4338 2454 4394 conditione
2497 4340 2567 4396 de
2609 4341 2767 4396 rebus
2796 4342 3043 4398 ecclesizn
3087 4344 3284 4412 aliquid
3330 4329 3569 4399 alienare

1977 4430 2230 4498 voluerit,
2260 4431 2303 4485 si
2334 4431 2400 4486 de
2439 4448 2536 4487 suo
2568 4435 2785 4501 proprio
2817 4443 3018 4489 tantum
3053 4436 3293 4506 ecclesiae
3327 4439 3569 4514 contule-

357 4530 433 4583 Ac
463 4543 530 4584 ne
559 4527 612 4583 id
642 4527 870 4585 fortasse
897 4529 1139 4586 videatur
1167 4531 1423 4586 omissum
1463 4531 1604 4602 quod
1643 4532 1874 4590 maxime
1905 4509 1958 4570 Ὠ
1985 4521 2056 4578 rit
2081 4534 2336 4593 quantum
2369 4525 2520 4580 visus
2548 4534 2628 4578 est
2683 4524 3000 4594 abstulisse,
3036 4534 3160 4582 tunc
3193 4527 3405 4582 demum
3442 4509 3568 4584 illud

285 4619 447 4675 ﬁdem
483 4619 758 4675 catholicas
806 4620 1083 4690 religionis
1135 4619 1385 4688 inlestat,
1428 4624 1570 4692 quod
1613 4625 1873 4695 aliquanti

282 4709 467 4765 clerici
493 4710 574 4764 vel
604 4711 721 4765 laici
753 4712 969 4767 student
995 4701 1256 4783 auguriis,
1288 4723 1344 4770 et
1371 4714 1471 4769 sub
1498 4717 1713 4772 nomine
1736 4717 1876 4774 lictm

286 4803 582 4874 religionis,
606 4820 737 4871 quas
759 4815 1069 4860 sanctorum
1091 4815 1265 4861 sortes
1286 4817 1502 4874 vocant,
1531 4790 1878 4866 divinationis

285 4896 563 4950 scientiam
588 4896 905 4964 proﬁtentur
925 4907 1472 4970 autquarumcunque
1495 4902 1879 4972 scripturarum

286 4989 619 5058 inspectione
647 4992 817 5045 iutura
849 4990 1170 5060 promittunt
1201 5011 1212 5046 :
1245 4993 1348 5048 hoc
1377 4994 1538 5068 239
1577 4997 1881 5068 quicunque

286 5079 522 5135 clericus
548 5081 633 5136 vel
680 5081 846 5136 laicus
878 5083 1123 5138 detectus
1171 5082 1328 5140 fuerit
1357 5086 1436 5140 vel
1483 5069 1769 5144 consulere
1801 5089 1882 5144 vel

288 5170 507 5238 docere,
531 5170 598 5225 ab
631 5172 868 5228 Ecclesia
901 5173 1160 5230 habeatur
1187 5184 1497 5233 extraneus.

289 5263 473 5322 XLIII.
498 5255 502 5262 ’
525 5266 607 5320 Ne
645 5268 712 5321 de
748 5267 1102 5341 paenitentibus
1144 5269 1359 5324 clericus
1398 5272 1696 5341 ordinetur,
1745 5283 1792 5328 et
1831 5283 1886 5328 ut

679 5339 940 5410 presbyter
966 5339 1132 5394 altare
1162 5355 1267 5394 nan
1305 5341 1484 5412 erigat.

299 5464 315 5479 .
362 5428 444 5498 De
484 5429 876 5500 paenitentibus
903 5429 956 5487 id
995 5429 1194 5499 placuit
1221 5431 1496 5496 observari
1543 5435 1688 5504 quod
1715 5439 1886 5497 sancti

288 5518 483 5575 Patres
528 5522 692 5576 nostri
739 5521 791 5576 in
841 5520 1088 5595 synodali
1130 5524 1399 5580 sententis
1453 5533 1779 5596 statuerunt,
1829 5536 1890 5588 ut

369 5642 395 5692 ιί
423 5655 485 5709 Ε.
520 5658 572 5722 5,
615 5654 709 5723 U.,
757 5657 1067 5718 ministrare.
1115 5656 1232 5726 Ᾰί..
1264 5657 1325 5715 Β.
1349 5658 1436 5727 ιι,
1462 5660 1752 5733 utinistrai'e
1778 5663 1888 5729 dia-

292 5742 515 5865 ωῗιῦἶ,
551 5794 633 5855 Ne
659 5797 940 5886 presbyter,
983 5810 1232 5872 prwsente
1261 5803 1500 5876 episcopo
1521 5843 1538 5872 ,
1579 5801 1884 5863 benedictae

1977 4623 2122 4670 stare
2165 4613 2375 4681 licebit;
2427 4616 2496 4670 ita
2541 4617 3027 4682 tamen‘libertos,
3057 4633 3190 4685 quos
3235 4621 3568 4689 sacerdotes,

1980 4706 2341 4776 presbyteres,
2377 4707 2631 4763 diacones
2662 4709 2730 4764 de
2759 4711 2984 4764 ecclesia
3029 4712 3128 4765 sibi
3174 4716 3458 4768 commissa
3491 4715 3571 4767 fa-

1981 4814 2104 4854 cere
2155 4800 2453 4866 voluerint,
2503 4810 2654 4855 actus
2697 4801 2941 4856 ecclesiae
2981 4804 3230 4876 prosequi
3280 4805 3568 4875 iubemus:

1983 4887 2123 4957 quod
2162 4889 2205 4942 si
2240 4890 2417 4943 facere
2463 4892 2918 4959 contempserint,
2967 4893 3164 4962 placuit
3202 4911 3294 4952 eos
3329 4897 3395 4951 ad
3447 4911 3572 4965 pro-

1985 4979 2160 5047 prium
2188 4979 2389 5034 reverti
2419 4980 2713 5037 servitium.

1991 5105 1996 5110 -
2094 5068 2153 5121 L.
2184 5066 2263 5121 De
2283 5069 2480 5123 clericis
2505 5071 2592 5141 qui
2621 5071 2811 5126 crimen
2853 5075 3071 5144 capitale
3099 5076 3456 5145 conmnserint.

2058 5162 2114 5217 Si
2139 5163 2455 5232 episcopus,
2486 5163 2769 5234 presbyter
2798 5167 2880 5223 vel
2907 5167 3164 5224 diaconus
3196 5169 3395 5224 crimen
3426 5169 3572 5236 capi-

1989 5254 2093 5314 tale
2119 5257 2489 5312 cctnmiserint
2529 5267 2616 5313 aut
2648 5260 2888 5316 chartam
2937 5261 3244 5318 talsaverint
3285 5272 3372 5315 aut
3420 5265 3572 5314 testi-

1989 5348 2224 5403 moniqu
2256 5348 2444 5404 falsum
2471 5350 2724 5420 dixerint,
2749 5356 2814 5407 ab
2843 5356 3004 5409 officii
3036 5357 3236 5407 honoro.
3267 5354 3494 5421 tlcpositi
3521 5361 3568 5410 in

1991 5442 2368 5496 monasterium
2397 5444 2769 5509 retrudantur,
2803 5457 2855 5501 et
2887 5447 2960 5500 ibi
2997 5449 3366 5500 tantummodo
3395 5464 3566 5517 quan-

1991 5532 2080 5588 tliu
2108 5533 2334 5588 vixerint
2367 5533 2556 5592 Iaicam
2590 5537 3020 5592 communionem
3046 5535 3326 5603 accipiant.

1995 5683 2128 5746 nent,
2163 5679 2267 5723 etc.
2304 5668 2640 5746 Benedicere,
2686 5677 2929 5735 pra-mue
2970 5668 3205 5738 episcopo
3227 5713 3239 5734 ,
3278 5673 3571 5746 presbytero

1995 5742 2192 5807 penitus
2216 5756 2314 5794 non
2345 5741 2395 5793 In
2414 5741 2532 5794 cbit.
