4024 6350
318 347 431 409 ω

425 465 633 528 LXVII.
663 465 742 525 De
761 466 1024 525 catholicis
1049 484 1112 522 ne
1149 467 1498 524 hereticorum
1527 464 1793 520 connubii:

949 539 1270 610 copulentur.

395 634 657 704 Quoniam
679 647 786 690 non
811 641 1028 704 oportet
1051 647 1173 687 cum
1206 631 1453 687 omnibus
1489 628 1762 685 haereticis
1799 629 1905 684 mi-

320 743 476 788 scere
503 727 786 792 connubia,
811 736 864 782 et
888 727 965 780 vel
997 725 1134 782 ﬁlios
1157 725 1237 780 vel
1265 724 1399 778 ﬁlias
1429 723 1580 789 dare,
1606 721 1701 777 sed
1727 721 1904 791 potius

321 821 590 886 accipere,
620 818 664 872 si
696 828 873 874 tamen
901 831 962 874 se
990 815 1308 888 proﬁtentur
1335 814 1671 871 Christianos
1701 815 1906 872 futuros

321 926 444 968 esse
471 908 788 966 catholicos.

323 1024 553 1083 LXVIII.
585 1023 665 1080 De
690 1023 856 1081 levitis
888 1035 937 1082 et
963 1025 1165 1110 clericis
1203 1043 1267 1083 ne
1294 1028 1431 1104 magi
1465 1029 1542 1085 uel
1565 1031 1908 1087 incantatores

1058 1109 1181 1155 smt.

394 1210 656 1278 Quoniam
682 1225 786 1266 non
813 1219 1023 1282 oportet
1054 1213 1333 1271 ministros
1353 1214 1536 1269 altaris
1560 1223 1652 1269 aut
1679 1214 1909 1271 clericos

324 1316 508 1370 magos
535 1312 625 1356 aut
655 1302 1017 1360 incantatores
1041 1319 1164 1360 esse
1191 1313 1285 1361 aut
1313 1304 1488 1362 facere
1511 1322 1628 1375 quae
1657 1305 1908 1363 dicuntur

324 1397 678 1466 pltyla'cteria,
701 1412 818 1467 quae
840 1407 965 1455 sunt
988 1414 1177 1470 magna
1192 1399 1549 1471 obligamenta
1574 1403 1867 1456 animarum
1891 1421 1905 1458 :

325 1487 424 1542 hos
466 1499 641 1545 autem
689 1490 779 1562 qui
829 1490 1022 1548 talibus
1062 1500 1283 1549 utuntur
1334 1493 1523 1565 projici
1563 1493 1632 1551 ab
1681 1490 1909 1551 ecclesia

322 1578 596 1638 iussimus.

770 1673 959 1731 LXIX.
993 1674 1071 1732 De
1099 1677 1462 1734 seditionariis.

1238 343 1514 403 ΕΔΜ..ιῶ
1553 340 1891 401 CONCILIA.
1916 332 2000 383 ⁷-
2038 342 2573 409 AURELIANENSE
2611 342 2654 401 Ι.

3489 349 3595 410 ειη

1922 463 1980 525 Α
2073 464 2394 533 Quintianus
2417 468 2703 538 episcopus
2729 464 3058 539 'subscripsl.

2078 555 2310 614 Sabinus
2334 557 2620 630 episcopus
2643 560 2956 631 subscripsi.

2079 649 2334 707 Boentius
2362 652 2645 722 episcopus
2673 652 2990 724 subscripsi.

2080 741 2369 799 Gratianus
2391 743 2680 813 episcopus
2702 743 3032 815 subscripsi.‘
3533 813 3540 818 _

2078 836 2314 892 Nicetius
2344 834 2431 908 [T.
2465 836 2518 902 l,
2544 835 2838 909 Nicentius]
2874 813 3159 910 episcopus
3187 832 3502 908 subscripsi.
3533 813 3570 834 ’κ

2078 928 2268 988 Suavis
2289 929 2576 1000 episcopus
2596 929 2915 1001 subscripsi.

2082 1020 2417 1078 Galactorius
2445 1020 2730 1092 episcopus
2757 1022 3072 1095 subscripsi.

2081 1117 2279 1173 Gratus
2307 1115 2591 1186 episcopus
2619 1115 2939 1185 subscripsi.

2087 1211 2308 1281 Vigilius
2337 1210 2620 1283 episc0pus
2647 1207 2966 1275 subscripsi.

2084 1303 2346 1360 Glicerius
2382 1304 2667 1374 episcopus
2695 1299 3009 1370 subscripsi.

2082 1395 2275 1453 Petrus
2297 1397 2582 1468 episcopus
2608 1394 2923 1465 subscripsi.

2082 1489 2416 1559 Coronopius
2444 1489 2731 1559 episcopus
2756 1487 3069 1557 subscripsi.

2083 1583 2367 1641 Probatius
2397 1582 2684 1651 episcOpus
2722 1580 3035 1648 subscripsi.

2086 1679 2341 1736 Martinus
2371 1675 2516 1750 [Ᾱῐη
2535 1673 2603 1733 Β.
2631 1676 2722 1743 R.,
2752 1669 2820 1730 E.
2851 1675 2904 1741 5,
2937 1669 3031 1744 1].,
3063 1667 3356 1743 Maternus]
3391 1670 3602 1744 episco-

394 1785 779 1843 Seditionarios
812 1804 1090 1860 nunquam
1135 1790 1464 1848 ordinandas
1491 1792 1740 1865 clericos,
1771 1796 1912 1854 sicut
1946 1838 1990 1865 η
2016 1786 2116 1846 Pus
2143 1767 2461 1841 ευδδετίβείο

321 1891 422 1938 nec
451 1881 722 1936 usurarios
747 1883 830 1936 ve‘l
862 1882 1177 1953 iniuriarum
1206 1899 1421 1940 suarum
1455 1886 1676 1943 ultores.

483 1972 647 2030 LXX.
677 1972 756 2028 Dc
777 1976 1080 2031 scurrilibus
1107 1985 1153 2032 et
1174 1977 1498 2046 jocularibus
1526 1981 1744 2036 clericis.

393 2066 658 2124 Clericum
700 2071 980 2125 scurrilem
1013 2080 1068 2126 et
1115 2070 1292 2126 verbis
1335 2070 1581 2142 turpibus
1614 2071 1914 2144 jocularem

320 2157 392 2216 ab
416 2158 595 2216 ofﬁcio
621 2161 1027 2216 retrahendum.

448 2251 638 2308 LXXI.
672 2250 748 2308 De
769 2254 964 2324 synodo
991 2254 1143 2308 annis
1169 2254 1384 2327 singulis
1411 2255 1791 2328 congreganda.

399 2341 674 2413 Synodum
704 2344 867 2400 etiam
913 2346 1212 2402 secundum
1250 2349 1540 2404 constituta
1574 2350 1790 2406 Patrum
1821 2363 1918 2405 an-

322 2433 409 2490 nis
439 2435 666 2504 singulis
715 2435 915 2506 placuit
943 2441 1256 2511 congregari
1291 2457 1305 2493 :
1339 2449 1395 2494 et
1440 2441 1564 2510 quia
1615 2442 1670 2496 in
1702 2442 1918 2500 nomine

326 2527 535 2583 Domini
563 2529 812 2584 omnibus
857 2531 1146 2586 salubriter
1182 2533 1488 2588 constitutis
1526 2533 1765 2604 synodus
1794 2549 1916 2590 cum

325 2631 458 2690 pace
496 2619 802 2685 dimittitur,
834 2625 1033 2691 gratias
1075 2622 1236 2695 244
1279 2624 1392 2680 Deo
1433 2625 1660 2695 agimus,
1698 2634 1916 2682 orantes

326 2708 444 2779 ejus
473 2709 813 2766 clementiam
845 2723 902 2767 ut
949 2715 1065 2769 haec
1101 2714 1290 2769 eadem
1334 2715 1510 2772 facere
1552 2715 1607 2773 in
1657 2716 1916 2776 honorem

327 2800 540 2858 Ilomini
567 2817 662 2870 per
686 2804 883 2860 multos
908 2820 1078 2861 annos
1104 2808 1392 2876 possimus.

398 2893 507 2964 Ego
529 2893 789 2951 Czesarius
818 2897 870 2951 in
918 2896 1118 2953 Christi
1166 2901 1380 2955 nomine
1417 2901 1719 2975 episc0pus,
1760 2905 1920 2976 juxta

327 2983 381 3044 id
399 2986 540 3054 quod
565 2987 832 3044 universis
859 2991 1063 3046 sanctis
1084 2991 1416 3062 coepiscOpis
1437 2995 1570 3050 meis
1587 2995 1678 3066 qui
1707 3013 1917 3054 mecum

327 3079 760 3149 Subscripserunt
790 3081 1010 3152 placuit,
1045 3085 1534 3156 instituta,Patrum
1562 3101 1809 3157 secutus,
1835 3091 1917 3148 his

1945 1838 1993 1901 Β
2019 1838 2035 1846 “
2088 1838 2371 1924 Marcellus
2396 1867 2683 1936 episcopus
2714 1864 3035 1936 subscripsi.

2088 1957 2335 2029 Agricius
2356 1957 2638 2028 episcopus
2658 1956 2972 2026 subscripsi.

2090 2052 2380 2109 Pentadius
2404 2055 2689 2124 episcopus
2717 2049 3035 2122 subscripsi.

2094 2145 2317 2199 Albinus
2336 2143 2621 2216 presbyter
2649 2141 2848 2199 missus
2875 2154 2906 2196 a
2937 2138 3160 2196 domino
3187 2152 3308 2196 meo
3347 2135 3606 2210 Caprario

2020 2235 2278 2306 episcopo
2308 2235 2622 2308 subscripsi.

2092 2333 2330 2391 Joannes
2362 2335 2642 2405 presbyter
2684 2331 2880 2389 missus
2905 2346 2936 2387 a
2967 2328 3187 2386 domino
3214 2341 3338 2385 meo
3368 2326 3609 2384 Victoriu

2020 2427 2275 2500 episcopo
2302 2428 2618 2499 subscripsi.

2093 2521 2358 2593 Ingenuus
2392 2520 2670 2593 presbyter
2713 2518 2909 2574 missus
2952 2531 2984 2572 a
3025 2515 3244 2572 domino
3292 2528 3412 2570 meo
3463 2513 3610 2584 Apro

2020 2614 2110 2693 [Β.
2150 2616 2240 2681 R.,
2276 2612 2460 2688 Aprio]
2489 2614 2743 2686 episcopo
2771 2611 3086 2684 subscripsi.

2094 2706 2289 2762 Paulus
2325 2707 2606 2778 presbyter
2658 2705 2856 2762 missus
2898 2717 2930 2760 ο
2967 2702 3186 2759 domino
3229 2715 3354 2758 meo
3397 2699 3610 2757 Juliano

2019 2800 2273 2874 episcopo
2299 2799 2614 2870 subscripsi.

2095 2892 2419 2960 Pompedius
2467 2891 2748 2962 presbyter
2792 2887 2986 2946 missus
3027 2900 3061 2943 a
3099 2884 3320 2944 domino
3360 2898 3484 2942 meo
3513 2883 3609 2940 Ju-

2023 2985 2166 3042 liano
2190 2986 2442 3056 episcopo
2469 2982 2783 3052 subScripsi.

2097 3079 2370 3135 Polemius
2397 3078 2678 3147 presbyter
2706 3074 2905 3130 missus
2932 3087 2965 3129 a
2991 3069 3210 3130 domino
3239 3084 3361 3128 meo
3405 3067 3616 3126 Cistilio

327 3170 731 3271 deﬁnitionibus
776 3189 1043 3244 annuens,
1085 3175 1186 3232 sub
1213 3176 1301 3233 die
1326 3191 1359 3233 v
1386 3177 1640 3236 calendas
1673 3180 1914 3255 Septem-

2062 3172 2280 3245 piscopo
2307 3167 2624 3238 subscripsi.

327 3261 440 3320 bris
459 3265 777 3336 subscripsi.

398 3357 697 3430 Cyprianus
724 3361 1010 3432 episcopus
1037 3363 1354 3437 subscripsi.

400 3453 588 3510 Clarus
618 3456 902 3527 episcopus
924 3456 1237 3528 subscripsi.

401 3545 684 3603 Tetradius
714 3551 995 3621 episcopus
1024 3551 1342 3621 subscripsi.

403 3640 684 3697 Heraclius
712 3643 998 3714 episcopus
1029 3644 1310 3700 Tolosante
1330 3644 1566 3702 civitatis
1589 3647 1912 3721 subscripsi.

402 3732 738 3804 Sophronius
765 3735 818 3791 in
848 3734 1048 3794 Christi
1088 3739 1306 3797 nomine
1329 3740 1650 3811 Agatltensis
1687 3743 1920 3804 civitatis

331 3824 619 3896 episcopus
639 3829 955 3899 subscripsi.

403 3918 634 3976 Sedatus
659 3921 942 3993 episcopus
967 3925 1289 3997 subscripsi.

2096 3265 2286 3320 Petrus
2312 3263 2593 3335 presbyter
2630 3261 2827 3318 missus
2854 3274 2888 3317 a
2930 3257 3152 3316 domino
3199 3270 3322 3314 meo
3359 3254 3612 3312 lllarcello

2021 3355 2278 3429 episcopo
2307 3355 2621 3423 subscripsi.

2096 3447 2366 3504 Firminus
2407 3447 2690 3519 presbyter
2737 3445 2936 3502 missus
2963 3459 2997 3502 a
3041 3443 3265 3502 domino
3293 3456 3418 3502 meo
3457 3441 3615 3502 Pam-

2021 3540 2150 3612 pulo
2176 3541 2431 3609 episcOpo
2457 3537 2778 3608 subscripsi.

2095 3633 2205 3689 Leo
2227 3633 2487 3691 diaconus
2517 3632 2715 3691 missus
2741 3646 2775 3688 a
2798 3631 3016 3690 domino
3037 3646 3159 3690 meo
3191 3630 3333 3692 Vero
3359 3631 3614 3704 episcopo

2022 3725 2340 3798 subscripsi.

2095 3817 2340 3888 Optimus
2389 3819 2646 3876 diaconus
2686 3817 2882 3878 missus
2921 3832 2956 3879 a
2997 3817 3217 3877 domino
3261 3830 3383 3876 meo
3412 3814 3616 3876 Leonio

1951 3891 1954 3894 ’
2024 3911 2278 3984 episcopo
2303 3910 2627 3984 subscripsi.

336 4043 3616 4094 ww

1823 4167 2100 4245 XXXI

873 4316 1545 4418 CONCILIUM
1614 4331 2520 4424 AURELIANENSE
2589 4337 3074 4426 PRIMUM

1411 4513 1659 4560 VIGINTI
1703 4515 1784 4559 ET
1827 4515 1991 4562 OC‘I'O
2034 4516 2502 4565 EPISCOPOBUM.

405 4639 758 4715 ηαδ-246
812 4638 942 4694 Cum
983 4646 1200 4696 auctore
1239 4639 1325 4711 [Τ.
1362 4640 1414 4709 I,
1441 4641 1499 4712 2,
1545 4643 1784 4714 doctore]
1816 4643 1921 4700 Do-
1949 4650 2003 4713 ι)
2027 4659 2359 4706 sacramenta
2387 4663 2482 4704 sna
2505 4648 2782 4707 convictus
2807 4649 3242 4719 fueritviolasse,
3271 4666 3397 4711 reus
3425 4653 3614 4726 periu-

335 4736 481 4791 mino
505 4739 553 4787 in
582 4731 953 4788 Aurelianensi
978 4732 1107 4786 urbe
1148 4729 1333 4786 fuisset
1372 4733 1656 4788 concilium
1684 4747 1922 4792 summo-

333 4844 450 4884 rum
509 4827 804 4880 antistitum
871 4832 1287 4893 congregatum,
1346 4826 1617 4880 communi
1682 4827 1918 4884 omnium

331 4917 614 4975 collatione
643 4914 987 4982 complacuit,
1025 4926 1083 4968 ut
1111 4912 1210 4968 hoc
1237 4915 1378 4983 quod
1402 4914 1566 4971 verbo
1595 4923 1918 4989 statuerunt,

330 5021 491 5064 «nam
522 5009 800 5077 scripturas
849 5004 1152 5063 testimonio
1177 5006 1511 5061 roborarent.

334 5151 372 5200 ι.
407 5146 480 5202 De
503 5145 770 5201 homicidis
820 5153 868 5199 et
898 5145 1149 5200 adulteris
1191 5152 1237 5198 et
1276 5143 1477 5214 [nribus
1499 5143 1543 5200 si
1565 5143 1634 5198 ad
1653 5144 1920 5202 ecclesiam

953 5216 1291 5286 confugerint.

407 5330 460 5386 Id
510 5329 886 5384 constituimus
927 5327 1324 5385 observandum
1372 5329 1516 5401 quod
1565 5331 1918 5390 ecclesiastici

333 5437 571 5478 canones
596 5422 951 5478 decreverunt
976 5429 1029 5474 et
1055 5421 1138 5475 lex
1173 5420 1410 5477 Romana
1440 5424 1742 5490 constituit,
1769 5435 1826 5481 ut
1850 5426 1920 5483 ab

333 5515 576 5572 ecclesia:
625 5511 772 5568 atriis
830 5511 912 5567 vel
961 5511 1123 5566 domo
1152 5511 1388 5582 episcopi
1435 5528 1556 5569 reos
1604 5514 1919 5573 abstrahere

336 5605 555 5660 omnino
587 5618 690 5658 non
721 5604 901 5668 liceat,
934 5605 1028 5660 scil
1060 5617 1159 5660 nec
1189 5605 1341 5659 alteri
1373 5606 1696 5676 consignari,
1730 5609 1828 5664 nisi
1853 5609 1918 5665 ad

341 5696 624 5766 Evangelia
653 5695 792 5750 datis
822 5698 1172 5751 sacramentis
1195 5697 1263 5751 de
1294 5708 1464 5751 morte
1491 5708 1541 5752 et
1573 5699 1844 5756 debilitate
1867 5715 1922 5758 et

335 5791 484 5846 omni
517 5803 790 5858 poenarum
821 5803 1018 5858 genere
1045 5787 1152 5843 sint
1181 5788 1386 5855 securi;
1415 5789 1487 5844 ita
1520 5798 1576 5844 ut
1605 5791 1652 5845 ei
1681 5793 1760 5845 cui
1795 5807 1918 5849 reus

336 5880 503 5939 luerit
521 5878 846 5954 criminosus
869 5879 939 5939 de
964 5877 1331 5940 satisfactione
1358 5881 1662 5940 conveniat.
1693 5883 1844 5958 Quod
1871 5885 1918 5943 si

2025 4741 2090 4798 rii
2122 4757 2228 4799 non
2260 4743 2433 4799 solum
2464 4758 2495 4798 a
2538 4746 2921 4803 communione
2962 4745 3217 4802 Ecclesia:
3262 4747 3346 4804 vel
3371 4749 3612 4805 omnium

2027 4833 2367 4903 clericorum,
2402 4851 2589 4892 verum
2616 4837 2780 4893 etiam
2810 4848 2867 4893 et
2892 4853 2922 4894 a
2948 4839 3337 4896 catholicorum
3365 4839 3613 4896 convivio

2025 4940 2328 4998 separetur.
2362 4928 2515 4997 Quod
2562 4930 2608 4986 si
2647 4930 2730 4986 cui
2760 4945 2888 4987 reus
2916 4940 3000 4987 est
3046 4931 3278 4988 noluerit
3307 4933 3407 4990 sibi
3439 4933 3616 4988 inten-

2025 5020 2172 5078 tione
2199 5019 2431 5078 faciente
2459 5024 2727 5094 componi,
2755 5035 2813 5081 et
2835 5025 2950 5092 ipse
2971 5040 3095 5084 reus
3120 5026 3189 5083 de
3208 5027 3433 5082 ecclesia
3459 5034 3612 5081 actus

2024 5112 2219 5172 timore
2243 5114 2576 5183 discesserit,
2604 5115 2673 5172 ab
2697 5116 2942 5175 ecclesiae
2961 5118 3172 5176 clericis
3194 5134 3302 5175 non
3319 5129 3610 5189 quaeratur.

2154 5229 2219 5285 ll.
2256 5227 2334 5285 De
2364 5230 2656 5300 raptoribus
2681 5231 2730 5287 si
2746 5232 2815 5286 ad
2834 5235 3100 5290 ecclesiam
3129 5231 3476 5301 confugerint.

2097 5319 2174 5378 De
2205 5323 2509 5395 raptoribus
2534 5332 2712 5380 autem
2761 5324 2817 5381 id
2865 5322 3290 5382 constituendum
3319 5336 3442 5378 esse
3482 5335 3610 5380 cen-

2021 5412 2248 5482 suimus,
2281 5423 2337 5469 ut
2365 5415 2410 5471 si
2435 5415 2505 5470 ad
2533 5416 2818 5473 ecclesiam
2857 5427 3040 5486 raptor
3065 5428 3187 5470 cum
3225 5424 3378 5483 rapta
3403 5428 3606 5472 conve-

2024 5506 2187 5573 nerit,
2216 5516 2270 5563 et
2296 5506 2548 5564 feminam
2573 5509 2743 5580 ipsam
2765 5509 3072 5565 violentiam
3097 5504 3380 5575 pertulisse
3405 5508 3609 5564 consti-

2025 5599 2169 5663 terit,
2192 5600 2371 5654 statim
2401 5599 2656 5656 liberetur
2685 5601 2753 5657 de
2783 5608 3046 5670 potestate
3067 5597 3320 5668 raptoris,
3345 5606 3401 5654 et
3424 5609 3610 5668 raptor

2025 5695 2211 5748 mortis
2227 5696 2310 5747 vel
2333 5709 2606 5762 poenarum
2634 5696 2946 5765 impunitate
2967 5702 3224 5746 concessa
3246 5690 3313 5747 ad
3337 5691 3608 5749 serviendi

2024 5789 2391 5845 conditionem
2425 5790 2701 5858 subjectus
2727 5787 2817 5853 sit,
2848 5796 2939 5840 aut
2965 5784 3265 5842 redimendi
3292 5801 3353 5843 se
3382 5784 3606 5842 liberam

2022 5879 2218 5939 habeat
2262 5880 2589 5938 facultatem.
2633 5878 2692 5937 Si
2736 5891 2866 5937 vero
2893 5893 3016 5950 qua
3039 5878 3246 5952 rapitur
3273 5889 3480 5954 patrem
3506 5876 3608 5940 ἣν
