4024 6350
466 431 582 496 2ἳ5,
1121 440 1125 444 ’
1165 427 1550 489 COLLECTIU
1589 424 1921 486 CANONUM
1960 422 2018 481 S.
2061 421 2332 480 ISIDORO
2372 423 2637 486 IIISPAL.
2679 424 3039 486 ASCRIPTA.
3380 471 3382 473 .
3629 433 3747 497 2,75

466 532 1009 612 hereconstiterit'et
1040 551 1213 623 puella
1246 550 1449 619 raptori
1479 546 1835 611 consenserit,
1863 551 2048 615 poles-
2075 539 2131 600 Δ
2159 537 2262 594 Sibi
2289 539 2573 610 episcopus
2601 541 2856 612 νίηάίεεεν
2908 545 2962 599 ei
3004 543 3345 602 πιθάίθῑδιοω
3386 545 3492 602 Bibi
3521 546 3748 619 dispell-

461 649 560 702 tati
589 647 756 717 patris
783 654 1032 701 excusata
1063 642 1337 706 reddatur,
1363 652 1416 697 et
1446 649 1629 711 raptor
1656 649 1685 696 a'
1714 649 1867 710 patre
1895 647 2054 708 supe-

461 739 626 795 rioris
652 738 977 794 conditionis
1003 733 1362 790 satisfactioni
1388 733 1633 790 teneatur
1657 725 1938 788 obnoxius.

648 823 736 886 III.
772 827 847 882 De
876 829 1030 882 servis
1060 829 1102 881 si
1132 828 1200 882 ad
1228 826 1495 882 ecclesiam
1527 813 1868 896 confugerint.

535 924 732 980 Servus
757 923 844 992 qui
875 922 940 976 ad
971 922 1257 977 ecclesiam
1291 920 1390 990 pro
1419 919 1657 989 qualibet
1682 921 1833 987 culpa
1861 916 2051 974 conlu-

462 1016 625 1086 gerit,
651 1016 746 1070 sia
775 1013 998 1068 domino
1015 1012 1212 1068 omissa
1244 1011 1331 1085 [Β.
1357 1012 1450 1078 Β..
1482 1008 1668 1081 inissa]
1688 1010 1844 1078 culpa
1871 1023 2050 1064 sacra-

462 1118 700 1164 mentum
726 1109 1046 1178 susceperit,
1081 1109 1261 1162 statim
1291 1107 1355 1160 ad
1407 1105 1681 1161 servitium
1715 1103 1924 1158 domini
1965 1103 2048 1158 sui

457 1200 637 1256 redire
661 1210 882 1270 cogatur
906 1217 920 1253 :
941 1199 1033 1254 sed
1067 1201 1409 1266 pesteaquam
1432 1195 1557 1250 dato
1579 1191 1916 1251 sacramento
1945 1193 2048 1249 do-

459 1291 604 1346 mino
656 1307 754 1345 suo
806 1292 966 1346 fuerit
1000 1290 1348 1360 consignatus
1392 1289 1436 1342 si
1481 1286 1682 1354 aliquid
1731 1301 1904 1356 pmnze
1949 1299 2049 1355 pro

456 1389 644 1442 eadem
669 1385 823 1453 culpa
843 1401 943 1454 qua
967 1390 1256 1439 excusatur
1277 1381 1529 1451 probatus
1555 1379 1713 1436 fuerit
1738 1381 2042 1449 pertulisse,

456 1492 552 1546 pro
583 1486 895 1546 contemptu
946 1475 1200 1529 Ecclesia:
1249 1481 1305 1529 et
1335 1471 1809 1541 prievaricatione'
1841 1471 1984 1538 ﬁdei,
2014 1485 2041 1524 a

453 1569 836 1623 communione
879 1577 932 1622 et
977 1565 1222 1621 convivio
1271 1565 1676 1633 catholicorum,
1715 1563 1851 1619 sicut
1879 1577 2043 1632 supe-

451 1661 565 1715 rius
595 1661 1044 1729 comprehensum
1069 1667 1174 1727 est,
1199 1668 1488 1713 extraneus
1519 1659 1796 1713 habeatur.
1827 1656 1882 1713 Si
1914 1659 2043 1711 vero

453 1766 646 1806 servus
689 1766 786 1820 pro
838 1752 990 1820 culpa
1036 1767 1129 1805 sua
1165 1751 1230 1804 ab
1261 1751 1492 1804 ecclesia
1519 1748 1828 1804 defensatus
1855 1762 2039 1803 sacra-

451 1853 631 1898 menta
681 1843 884 1897 domini
933 1842 1142 1897 clericis
1201 1841 1540 1912 exigentibus
1597 1841 1664 1896 de
1720 1841 2037 1909 impunitate

451 1940 776 2009 perceperit,
798 1938 944 1993 exire
970 1938 1241 1993 nolentem
1271 1951 1299 1990 a
1332 1936 1550 1990 domino
1582 1933 1740 1989 liceat
1760 1932 2034 2003 occupari.

453 2029 540 2086 IV.
570 2030 648 2089 De
675 2047 733 2085 eo
783 2032 869 2101 qui
909 2031 969 2084 ab
1010 2016 1249 2100 episcopo
1296 2027 1493 2099 aliquid
1538 2027 1765 2096 repetit:
1795 2043 1888 2096 pro
1925 2026 2039 2095 ipsa

697 2123 1027 2177 conventione
1053 2121 1116 2174 ab
1144 2120 1376 2175 Ecclesia
1416 2136 1516 2174 non
1546 2120 1789 2188 privetur.

521 2212 576 2268 Si
606 2213 727 2283 quis
757 2214 826 2268 ab
854 2215 1110 2283 episcopo
1141 2213 1225 2268 vel
1258 2213 1323 2268 de
1353 2211 1590 2267 Ecclesia
1614 2211 1699 2266 vel
1725 2211 1794 2266 de
1823 2210 2039 2280 proprio

444 2302 566 2375 iure
612 2305 904 2360 crediderit
947 2305 1149 2374 aliquid
1197 2306 1572 2374 repetendum,
1621 2303 1754 2359 nihil
1809 2301 2040 2359 convicii

447 2403 542 2448 aut
563 2395 952 2451 criminationis
971 2397 1255 2466 objicieus,
1283 2413 1404 2451 eum
1433 2412 1530 2466 pro
1551 2397 1664 2452 sola
1680 2397 2038 2452 conventione

446 2498 476 2537 a
499 2487 878 2541 communione
903 2488 1153 2542 Ecclesia:
1183 2501 1290 2542 non
1316 2489 1474 2544 liceat
1497 2489 1833 2546 submoveri.

518 2576 584 2631 ν.
623 2577 684 2632 Si
713 2579 980 2648 episcopus
1007 2596 1203 2634 servum
1240 2580 1452 2636 alterius
1502 2581 1740 2634 clericum
1767 2580 1962 2646 fecerit.

517 2671 576 2727 Si
602 2687 789 2730 servus
817 2675 1043 2731 absente
1088 2685 1181 2730 aut
1208 2676 1482 2730 nesciente
1509 2675 1747 2740 domino,
1779 2675 2034 2745 episcopo

447 2766 652 2821 sciente
681 2768 821 2836 quod
850 2784 1037 2823 servus
1067 2768 1155 2832 sit,
1181 2768 1438 2823 diaconus
1461 2776 1552 2823 aut
1577 2767 1853 2837 presbyter
1874 2767 2036 2824 fuerit

445 2858 752 2927 ordinatus,
784 2858 902 2930 ipso
933 2860 1217 2916 clericatus
1241 2859 1420 2916 ofﬁcio
1449 2869 1794 2928 permanente
1816 2861 2030 2931 episco-

443 2963 543 3020 pus
583 2963 708 3005 eum
757 2951 976 3006 domino
1015 2951 1162 3022 dupli
1207 2951 1574 3008 satisfactione
1613 2960 1946 3022 compenses.
1972 2951 2030 3008 Si

441 3053 574 3095 vero
602 3039 888 3111 episcopus
917 3053 1040 3098 eum
1091 3053 1306 3099 servum
1356 3043 1632 3111 nescierit,
1665 3044 1755 3113 qui
1789 3043 2032 3100 testimo-

441 3130 589 3186 nium
641 3132 926 3202 perhibent
953 3143 1044 3188 aut
1074 3149 1199 3190 eum
1245 3134 1667 3205 supplicaverint
1696 3135 1933 3192 ordinari
1955 3136 2029 3192 si-

438 3221 554 3277 mili
586 3222 928 3280 redhibitioni
959 3232 1245 3282 teneantur
1275 3225 1514 3281 obnoxii.

438 3312 529 3370 VI.
561 3314 624 3371 Si
652 3315 900 3372 diaconus
929 3325 1020 3371 aut
1059 3318 1320 3399 presbyter
1349 3317 1539 3371 crimen
1566 3320 1784 3388 capitale
1816 3320 2030 3374 commi-

1136 3399 1313 3446 sertnt.

509 3457 568 3531 Si
591 3475 849 3533 diaconus
875 3486 966 3533 aut
1002 3479 1281 3551 presbyter
1309 3479 1512 3534 crimen
1545 3479 1773 3548 capitale
1800 3469 2024 3537 commi-

435 3569 626 3640 serint,
659 3571 814 3628 simul
845 3572 1023 3627 ofticio
1048 3581 1101 3628 et
1121 3572 1494 3628 communione
1526 3572 1809 3642 pellantur.

657 3661 770 3719 VII.
804 3662 879 3717 De
907 3661 988 3716 his
1009 3664 1093 3732 qui
1123 3664 1467 3735 paenitentiam
1496 3664 1810 3719 violaverim.

508 3754 586 3810 De
617 3752 701 3809 bis
751 3755 840 3826 qui
890 3764 1133 3825 suscepta
1188 3753 1503 3823 pmnitentia
1555 3745 1863 3823 religionem
1911 3745 2024 3811 suae

433 3831 790 3916 proieSsiouis
837 3846 990 3900 obliti
1037 3831 1104 3900 ad
1150 3847 1425 3901 saecularia
1459 3837 1794 3934 relabuptur,
1825 3847 2024 3915 placuit

436 3953 531 3995 eos
560 3947 614 3994 et
638 3953 668 3992 a
699 3939 1077 3994 communione
1103 3937 1360 4008 suspendi
1386 3946 1441 3993 et
1468 3929 1536 3992 ab
1568 3929 1804 3993 ouiuium
1836 3938 2024 3994 catho-

373 4076 380 4086 ς
434 4028 659 4088 liborum
691 4034 935 4089 convivio
968 4033 1127 4105 25,7
1151 4027 1413 4102 separari.
1447 4031 1599 4098 Quod
1627 4033 1671 4086 si
1699 4038 1819 4101 post
1849 4033 2018 4088 inter-

432 4122 631 4179 dictum
678 4139 799 4180 cum
845 4139 912 4179 eo
952 4125 1193 4194 quisquis
1239 4123 1642 4195 prarsumpserit
1671 4123 2016 4196 manducare,-

429 4223 486 4271 et
515 4217 630 4286 ipse
660 4215 1038 4272 communione
1061 4217 1321 4286 privetur.

433 4303 567 4360 VIII.
603 4305 665 4359 Si
693 4306 1067 4380 presbyterum
1098 4307 1343 4380 diaconus
1373 4324 1546 4380 se‘pro
1573 4316 1717 4380 reatu
1757 4308 1931 4380 aliqua
1954 4310 2019 4366 ab

593 4375 905 4430 eucharist’ia
929 4376 1041 4448 [U.,
1069 4375 1842 4450 cantmuizione]'suitpenderlnt.

502 4465 557 4520 Si
588 4465 868 4537 presbyter
896 4468 982 4520 vel
1023 4468 1282 4523 diaconus
1312 4484 1409 4536 pro
1437 4478 1587 4530 reatu
1631 4484 1730 4524 suo
1758 4483 1819 4525 se
1847 4471 1916 4527 ab
1942 4470 2020 4526 al-

427 4556 560 4630 tat-is
611 4563 989 4632 communione
1019 4560 1120 4614 sub
1153 4561 1460 4633 ptenitentis
1500 4563 1832 4632 professione
1881 4565 2012 4620 sub-

2159 633 2386 689 sandam
2424 634 2717 691 secundum
2764 637 2992 708 gradum
3022 639 3201 695 clerus
3250 639 3498 713 accipiat,
3526 643 3748 714 praediis

2156 722 2222 779 de
2254 723 2401 780 omni
2449 726 2834 784 commoditate
2863 727 2916 784 in
2946 728 3324 802 episcoporum
3355 735 3621 802 potestate
3643 733 3748 792 du;

2153 818 2413 874 tantibus.

2153 908 2246 965 XI.
2281 910 2356 966 De
2378 911 2458 967 Itis
2484 928 2601 982 quae
2623 891 2658 968 a
2681 913 2925 1057 ﬁdelibus
2950 915 3004 1038 ip
3040 912 3388 986 parochita'nls
3413 903 3640 972 basilicis
3665 920 3748 989 ef-

2838 1001 2962 1039 eran
2989 1002 3069 1040 ur.
3116 1041 3122 1046 ,

2838 1001 3069 1040 arantur.
3116 1041 3122 1046 _

2225 1075 2302 1131 De
2349 1075 2434 1132 his
2463 1093 2581 1147 qua:
2613 1077 2881 1147 parochits
2922 1080 2975 1132 in
3021 1079 3201 1144 terris,
3229 1078 3429 1147 vineis,
3459 1081 3743 1150 mancipiis

2153 1175 2313 1237 atque
2339 1170 2564 1237 peculiis
2592 1171 2894 1242 quicunque
2923 1171 3108 1227 ﬁdeles
3150 1171 3464 1240 obtulerint,
3497 1174 3744 1246 antiquo-

2152 1275 2271 1316 rum
2303 1276 2567 1318 canouum
2599 1272 2798 1320 statuta
2821 1274 3126 1335 serventur,
3147 1275 3206 1320 ut
3225 1267 3403 1327 omnia
3428 1269 3480 1322 in
3509 1269 3745 1339 episcopi

2154 1365 2422 1428 potestate
2473 1357 2816 1413 consistant:
2847 1359 2914 1414 de
2945 1359 3030 1415 his
3075 1369 3253 1417 tamen
3281 1375 3405 1431 qua:
3451 1362 3506 1416 in
3552 1362 3744 1419 altario

2149 1449 2478 1504 accesserint
2507 1450 2660 1503 tertia
2690 1449 2918 1507 ﬁdeliter
2946 1453 3201 1522 episcOpo
3231 1452 3523 1509 deferatur.

2226 1539 2340 1594 XII.
2375 1539 2441 1594 Ut
2471 1543 2738 1613 episcopus
2765 1553 2810 1597 et
2837 1561 3084 1615 pauperes
3111 1558 3157 1601 et
3183 1546 3417 1614 inﬁrmos
3445 1556 3669 1602 tueatur.

2220 1632 2522 1702 EpiscOpus
2575 1635 2898 1705 pauperibus
2928 1637 3012 1691 vel
3044 1639 3293 1705 inlirmis,
3336 1639 3426 1709 qui
3468 1627 3739 1698 debilitate

2150 1720 2384 1778 faciente
2415 1739 2522 1778 non
2555 1736 2780 1794 possunt
2820 1725 2933 1782 suis
2963 1729 3208 1785 manibus
3242 1731 3510 1797 laborare,
3540 1733 3739 1788 victum

2147 1817 2202 1866 et
2237 1816 2635 1888 vestimentum,
2685 1817 2738 1872 iu
2789 1829 3046 1889 quantum
3090 1821 3418 1892 possibilitas
3469 1824 3736 1896 habuerit,

2073 1910 2122 1972 B
2151 1908 2427 1983 largiatur.

2145 2001 2280 2058 XIII.
2318 2001 2389 2058 Ut
2420 2004 2642 2061 basilica
2672 2008 2724 2086 in
2755 2003 2902 2080 cujus
2934 1991 3194 2066 ierritorio
3238 1999 3357 2068 sunt
3386 2013 3440 2068 in
3468 2001 3579 2084 ejus
3604 2008 3740 2086 epis-4

2597 2081 2712 2146 copi
2740 2091 2975 2134 maneant
3005 2089 3270 2151 potestate.

2213 2168 2413 2225 Omnes
2436 2179 2613 2227 autem
2643 2173 2901 2241 basilicae,
2927 2190 3042 2245 quae
3071 2191 3166 2246 per
3190 2177 3402 2233 diversa
3433 2178 3548 2234 loca
3600 2185 3731 2235 coni

2141 2271 2360 2316 structa:
2385 2276 2506 2318 sunt
2528 2261 2607 2320 vel
2635 2256 2872 2336 quotidie
2891 2256 3291 2336 construuntui,
3318 2265 3514 2340 placuit
3545 2282 3728 2328 secun-

2141 2349 2267 2405 dum
2302 2351 2535 2419 priorum
2567 2369 2830 2410 canonum
2862 2355 3124 2427 regulam,
3161 2361 3218 2411 ttt
3257 2357 3312 2413 in
3347 2349 3464 2429 ejus
3496 2359 3731 2433 episcopi

2125 2437 2196 2495 ‘in
2225 2443 2378 2513 cujus
2409 2445 2682 2502 territorio
2711 2448 2826 2501 sita:
2859 2449 2984 2503 sunt
3010 2457 3274 2518 potestate
3299 2441 3610 2508 consistant.

2323 2533 2484 2607 25,8
2502 2535 2636 2593 XIV.
2665 2537 2740 2592 De
2755 2538 2954 2593 incestis
2979 2549 3034 2595 ut
3061 2544 3575 2599 cxcommu‘nicentur.

2212 2625 2288 2681 Ne
2318 2637 2592 2696 superstes
2641 2628 2805 2684 frater
2832 2627 3009 2686 torum
3059 2632 3290 2689 defuncti
3333 2633 3514 2690 fratris
3544 2639 3731 2695 ascené

2137 2717 2247 2784 dat,
2280 2719 2412 2774 neve
2440 2721 2662 2790 quisque
2710 2721 2903 2777 amissa
2937 2721 3102 2779 uxore
3133 2724 3304 2780 sorori
3337 2726 3528 2781 audeat
3557 2729 3729 2784 socia-

2136 2813 2182 2866 ri
2218 2829 2230 2864 :
2263 2813 2406 2883 quod
2457 2813 2503 2868 si
2553 2813 2799 2883 iecerint,
2842 2814 3211 2873 ecclesiastica
3268 2818 3605 2878 districtione
3649 2820 3726 2878 fe;

2137 2904 2366 2960 riantur.

2135 2995 2252 3053 IV;
2289 2995 2356 3053 Ut
2383 2997 2587 3054 abbates
2625 2997 2678 3054 in
2725 3009 2969 3079 potestate
3018 3003 3371 3079 episcOparum
3409 2997 3533 3072 sint,
3574 3004 3642 3079 et:
3661 3006 3727 3063 de

2703 3075 2968 3128 monachis
2997 3076 3157 3146 vagis.

2206 3159 2442 3218 Abbates
2487 3174 2587 3234 pro
2635 3160 2862 3218 utilitate
2889 3172 2913 3202 ο
2941 3165 3220 3235 religionis
3264 3166 3318 3222 in
3347 3165 3725 3240 episcoporum

2055 3277 2103 3342 ο
2135 3260 2405 3322 potestate
2457 3247 2774 3326 consistant,
2806 3265 2862 3314 et
2901 3257 2944 3312 si
2976 3257 3101 3326 quid
3129 3269 3284 3314 extra
3304 3261 3543 3330 regulam
3579 3262 3724 3320 fece-

2134 3344 2243 3399 rint
2270 3346 2338 3401 ab
2377 3345 2644 3416 episcOpis
2672 3348 3010 3418 corrigantur
3040 3351 3166 3420 :qui
3206 3352 3372 3407 semel
3404 3353 3456 3406 in
3487 3367 3630 3409 anno
3667 3355 3725 3412 in

2131 3436 2252 3491 loco
2278 3437 2367 3490 ubi
2399 3438 2684 3508 episcopus
2715 3440 2936 3512 elegerit
2968 3451 3187 3512 accepta
3215 3443 3499 3499 vocatione
3527 3459 3724 3504 conve-

2131 3527 2298 3581 niant.
2345 3527 2587 3584 Monacbi
2620 3539 2796 3586 autem
2837 3533 3118 3587 abbatibus
3147 3533 3291 3588 omni
3320 3533 3629 3590 obedientia
3657 3545 3716 3592 et

2132 3617 2421 3683 devOtione
2453 3621 2767 3691 subiaceant
2791 3640 2802 3677 :
2824 3624 2964 3693 quod
2989 3624 3170 3694 siquis
3199 3639 3294 3694 per
3317 3627 3720 3684 contumaciam

2128 3712 2398 3781 exstiterit
2438 3714 2740 3781 indevoms,
2775 3731 2836 3771 ac
2870 3731 2963 3786 per
3019 3717 3134 3772 loca
3165 3717 3339 3787 aliqua
3369 3719 3587 3791 evagari
3627 3727 3722 3778 aut

2129 3809 2396 3877 peculiare
2428 3809 2628 3880 aliquid
2678 3812 2878 3868 habere
2910 3816 3338 3884 praesumpserit,
3389 3819 3566 3872 omnia
3595 3831 3721 3887 qua

2128 3900 2437 3968 acquisierit
2465 3900 2531 3954 ab
2559 3901 2842 3958 abbatibus
2870 3904 3181 3961 auferantur
3220 3907 3513 3962 secundum
3546 3908 3713 3977 reﬂu-

2125 3990 2231 4046 lam
2257 3992 2583 4047 monasterio
2606 3994 2900 4063 profutura.
2930 3996 3032 4066 ipsi
3055 4007 3230 4055 autem
3255 4001 3343 4070 qui
3365 4000 3561 4057 fuerint
3590 4015 3718 4070 per-.-

2125 4083 2320 4152 vagati,
2351 4083 2439 4138 ubi
2472 4083 2672 4138 inventi
2705 4084 2915 4151 fuerint,
2939 4103 3058 4143 cum
3104 4073 3302 4146 auxilio
3329 4091 3566 4163 episcopi
3603 4104 3716 4148 tan-

2058 4214 2060 4216 τ
2125 4171 2285 4241 quam
2320 4173 2534 4244 fugaces
2574 4176 2675 4231 sub
2705 4180 2946 4234 custodia
2993 4194 3314 4238 revocentur
3337 4201 3351 4239 :
3376 4192 3432 4239 et
3463 4201 3616 4241 reum
3645 4200 3706 4242 se

2124 4263 2213 4319 ille
2241 4265 2406 4320 abbas
2431 4266 2664 4323 futurum
2693 4284 2814 4325 esse
2843 4283 3163 4343 cognoscat,
3187 4277 3275 4345 qui
3307 4277 3360 4330 in
3393 4276 3704 4346 hujusmodi

2122 4345 2366 4425 personis
2391 4373 2494 4414 non
2525 4361 2753 4432 regulari
2781 4359 3248 4423 animadveisibne
3270 4369 3606 4426 distrinxerit
3628 4369 3712 4426 vel

2120 4452 2208 4521 qui
2243 4452 2562 4509 monachum
2593 4460 2892 4526 susceperit
2920 4458 3178 4515 alienum.

2175 4543 2314 4600 XVI.
2343 4545 2408 4600 Ut
2440 4549 2675 4602 monachi
2703 4551 2926 4604 orarium
2959 4553 3034 4606 vel
3072 4568 3256 4608 zancas
3284 4569 3385 4607 non
3417 4565 3647 4610 utantur.

427 4628 680 4717 movear,
715 4645 791 4706 sic
822 4628 1035 4720 sumius
1064 4639 1110 4707 si
1152 4628 1241 4708 tu:
1273 4628 1536 4710 seruauit
1577 4648 1630 4710 ει
1666 4655 1823 4714 causai
1854 4633 2100 4716 certain
2202 4635 2521 4693 Monachum
2558 4628 2790 4696 Matium
2838 4642 2891 4696 ιη
2921 4633 3254 4700 monasterio
3282 4633 3367 4701 δεδι
3395 4637 3709 4704 “amba-

428 4737 772 4798 iiecessitatis'
817 4738 1079 4816 exoritur,
1132 4739 1444 4816 p05ceutem
1490 4743 1813 4819 baptismum
1858 4742 2017 4809 liceat

425 4829 720 4903 baptizare:
1141 4835 1145 4862 ³

425 4932 520 5004 IX.
547 4945 607 5003 Si
630 4947 807 5004 relicta
822 4947 1105 5022 presbyteri
1129 4952 1214 5032 vel
1237 4932 1444 5011 diaconi
1467 4947 1570 5012 alio
1591 4953 1643 5012 se
1664 4945 2010 5026 coniunxerit.

429 5131 443 5142 .
496 5061 554 5119 Si
583 5077 642 5120 se
673 5065 973 5145 cuicunque
1003 5066 1194 5124 mulier
1235 5069 1432 5141 duplici
1483 5073 1737 5146 conjugio
1787 5075 2016 5148 presby-

423 5157 523 5211 teri
555 5156 635 5212 vel
668 5143 881 5239 diacoui
911 5159 1494 5239 relictaconjunxerit,
1528 5143 1621 5220 aut
1651 5143 1896 5239 eaStieati
1927 5143 2012 5224 se-

421 5246 706 5332 parentur,
757 5235 849 5332 atii.
879 5235 1024 5307 ceiie
1062 5251 1107 5308 si
1139 5253 1192 5309 in
1221 5253 1505 5312 criminum
1539 5255 1842 5317 intentione
1890 5276 2014 5334 per-

420 5326 654 5420 stiterint
681 5333 720 5416 ,Β
755 5329 865 5426 pari
895 5343 1445 5405 excommunicationc
1485 5351 1806 5420 plectantur.

507 5499 524 5518 ι
550 5511 558 5518 ι
593 5507 596 5510 ἢ
675 5425 742 5490 X.‘
776 5425 851 5490 De
881 5427 963 5492 his
999 5428 1115 5510 quia
1145 5441 1198 5495 in
1229 5441 1414 5496 altario
1445 5441 1751 5509 o/I'eruntur.

433 5513 440 5518 ’
493 5511 1026 5612 Kiitiquoscauones
1057 5521 1360 5608 relegentes
1391 5540 1569 5608 priora
1609 5549 1808 5596 statuta
1839 5541 2012 5598 credi-

419 5615 546 5707 mus,
569 5609 713 5698 [ίΕη
747 5609 1106 5700 decrevimus]
1137 5632 1471 5702 renovanda,
1504 5619 1562 5688 ut
1589 5634 1657 5690 de
1700 5635 1780 5695 his
1807 5652 1924 5707 quze
1955 5640 2010 5695 in

421 5705 614 5789 altario
657 5713 954 5778 oblationes
986 5709 1224 5780 iidelium
1257 5726 1629 5796 conferuntur,
1663 5705 2010 5788 medietatem

435 5877 444 5882 λ
472 5851 562 5934 fil
569 5895 582 5908 .
592 5854 712 5934 ῥά
728 5869 818 5925 per
827 5864 1166 5934 centesimam:
1178 5859 1430 5934 Ecclesia:
1444 5871 1494 5918 et
1513 5863 2005 5934 prevaricationem.

477 5921 506 5964 ι’
521 5923 584 5982 Β.
610 5921 705 5997 8.,
729 5921 1046 5997 perstiterint
1069 5931 1148 5989 vel
1184 5932 1241 5991 in
1265 5921 1809 6010 conjugiopermanere
1831 5940 2008 6031 νερε-

2121 4727 2250 4783 bere
2278 4743 2382 4783 non
2411 4728 2590 4784 liceat.
2642 4755 2646 4758 η

2372 4820 2532 4876 XVII.
2567 4821 2630 4877 Si
2664 4822 2945 4878 monachus
2986 4839 3198 4880 uxorem
3225 4825 3446 4882 duxerit.

2189 4909 2479 4966 Monachus
2507 4913 2552 4968 si
2583 4913 2635 4967 iit
2665 4916 2994 4971 monasterio
3039 4909 3335 4973 cenversus
3361 4918 3446 4974 vel
3479 4918 3700 4988 pallium

2116 5006 2493 5075 comprobatus
2516 4992 2673 5062 fuerit
2705 5011 2997 5078 accepisse,
3054 5001 3107 5067 et
3139 5017 3322 5083 postea
3349 5017 3504 5069 uxori
3540 5015 3699 5072 fuerit

2116 5099 2373 5163 sociatus,
2424 5107 2584 5154 tantae
2628 5102 3087 5169 praevaricationis
3135 5119 3259 5162 reus
3290 5121 3562 5178 nunquam
3599 5121 3700 5165 ec-

2115 5188 2400 5244 clesiastici
2428 5189 2622 5258 gradus
2645 5189 2881 5247 oflicium
2912 5197 3188 5251 sortiatur.

2115 5281 2296 5341 XVIII.
2337 5280 2404 5338 Ut
2425 5283 2704 5368 monac/ips
2721 5284 2834 5368 sine
2855 5289 3104 5368 permissu
3142 5289 3371 5361 episcopi
3399 5289 3479 5346 uel
3507 5290 3700 5347 abbatis

2505 5353 2741 5408 cellulam
2771 5353 2865 5408 sibi
2893 5373 2995 5411 non
3022 5353 3303 5414 construat.

2184 5446 2370 5505 Nullus
2384 5435 2694 5518 monachus,
2715 5452 3129 5524 congregatione
3145 5455 3454 5510 moliasierii
3471 5454 3668 5512 derelic

2115 5527 2188 5608 ia,
2214 5543 2521 5599 ambitionis
2545 5553 2599 5597 et
2625 5545 2871 5599 vanitatis
2900 5545 3131 5616 impulsu
3149 5547 3396 5602 cellulam
3443 5548 3542 5603 sibi
3572 5563 3699 5604 con-

2113 5640 2323 5690 struere
2350 5633 2465 5690 sine
2495 5635 2730 5710 episcopi
2760 5635 3111 5709 permissioue
3134 5639 3218 5696 vel
3258 5638 3466 5697 abbatis
3490 5638 3575 5696 sui
3595 5625 3695 5697 'vo-

2113 5722 2313 5783 luutate
2339 5736 2650 5798 prtesumat.

2109 5872 2450 6016 Ungi-trib
2476 5936 2531 6009 '5,
2557 5934 2623 5997 Τ.
2652 5935 2711 6008 1,
2731 5935 2788 6010 2,
2821 5913 2916 6013 α,
2949 5939 3041 6016 G.,
3067 5940 3373 5999 humilitate.

2097 6011 2124 6044 ’θ
