4024 6350
201 379 299 439 ’ΤΠ
1102 360 1383 422 GLI.le
1419 356 1731 415 CONCILIA
1746 394 1759 410 .
1801 384 1812 398 -

1927 354 2441 414 \URELIANENSE
2478 353 2542 411 li.

3360 352 3468 406 278

202 499 330 560 XIX.
360 493 420 554 Si
447 494 713 565 episcopus
751 491 994 565 cuiquam
1034 491 1252 565 langues
1293 480 1582 565 prwstiterit
1619 502 1768 540 eaco-
1796 485 1845 544 Α
1872 480 2061 536 XXVI.
2102 479 2181 535 De
2232 480 2486 551 religiosis
2520 474 2946 565 etustecularibus
2990 473 3081 544 qui
3124 471 3466 528 divinationes

267 571 459 634 lendas,
476 560 595 622 sine
618 560 927 636 'prasjurlicio
947 562 1087 633 juris
1109 560 1355 616 Ecclesia:
1379 560 1696 614 tenebuntur.

266 662 319 719 Si
348 658 631 729 episcopus
680 653 1026 710 humanitatis
1068 652 1263 707 intuitu
1314 649 1657 718 mancipioiu.
1704 647 1775 701 vi-

203 756 373 815 nsoias
404 751 489 809 vel
519 749 749 806 terruias
791 747 1003 804 clericis
1028 754 1121 802 aut
1144 744 1422 801 monachis
1448 744 1530 799 vel
1560 743 1778 813 quibus-

2535 549 2824 605 attendunt.

1902 710 1913 717 ,
1950 647 2007 704 Si
2034 630 2152 717 quis
2179 645 2436 712 clericus,
2489 644 2781 700 monachus
2812 640 2897 698 vel
2944 636 3218 695 saacularis
3260 635 3470 692 divina-
3564 662 3571 681 ί

1877 734 2077 798 tionem
2101 740 2184 797 vel
2218 739 2436 807 auguria
2465 736 2801 794 observanda
2823 733 2906 789 vel
2928 740 3123 800 sortes,
3155 746 3284 800 quas
3311 745 3464 785 men-

202 849 320 906 libet
356 842 660 918 przest‘iterit
713 838 1038 897 excolendas
1079 838 1245 910 2A9
1271 838 1355 893 vel
1403 851 1501 906 pro
1535 845 1777 905 tempore
1881 836 2087 897 tiuntur
2112 818 2233 892 eSse
2258 843 2587 901 sanctorum,
2623 816 3027 909 quibuscunque
3054 823 3355 901 putaverint
3378 816 3464 877 in-

204 939 472 1002 tenendas,
526 936 688 991 etiam
732 935 776 989 si
823 935 978 1005 longa
1026 933 1285 991 transisse
1315 946 1580 995 annorum
1607 931 1779 1003 spatia
1882 927 2178 1009 timandas,
2208 941 2329 1013 cum
2359 925 2440 980 his
2468 925 2556 994 qui
2603 922 2681 980 eis
2728 918 3055 978 crediderint
3101 917 3167 972 ab
3210 908 3471 971 Ecclesiae

203 1030 635 1101 comprobantur,
692 1026 897 1082 nullum
940 1024 1178 1083 Ecclesia
1213 1023 1579 1094 praejudicium
1611 1024 1782 1093 patia-
1884 1019 2258 1101 communione
2288 1018 2576 1101 pellantur.

205 1135 302 1189 tur,
338 1138 437 1178 nec
470 1118 715 1178 saeculari
746 1119 865 1189 lege
892 1115 1233 1189 praescriptio
1256 1130 1378 1186 qua:
1408 1114 1663 1171 Ecclesia:
1683 1114 1781 1171 ali-

204 1215 318 1289 quid
350 1212 609 1281 impediat
634 1217 961 1281 opponatur.

335 1303 456 1361 XX.
504 1302 570 1360 Ut
594 1310 713 1356 ante
739 1299 933 1372 pascha
964 1299 1356 1372 quadragesima
1386 1310 1638 1358 teneatur.

1884 1096 2101 1173 XXVII.
2146 1110 2214 1169 Ut
2242 1096 2510 1182 episwpus
2541 1090 2624 1160 die
2663 1092 2921 1182 dontinieo
2972 1105 3034 1158 ab
3062 1099 3275 1158 ecclesia
3302 1098 3472 1155 deesse

2511 1180 2614 1232 rion
2644 1176 2842 1230 debeat.

1956 1268 2254 1348 Episcopus
2275 1272 2320 1329 si
2351 1262 2658 1327 infirmitate
2680 1262 2784 1324 non
2808 1250 2967 1322 fuerit
2996 1262 3281 1336 impeditus
3305 1270 3355 1331 ιι,
3384 1275 3477 1317 ec-'

168 1358 179 1415 ί
268 1395 322 1452 1d
338 1356 778 1451 'Q—gscéfdoubu's
806 1356 1056 1448 omniﬁus
1085 1356 1189 1448 est"
1213 1391 1513 1457 decretum,
1538 1356 1628 1447 “ut
1657 1397 1783 1447 ante
1887 1368 2070 1426 clesite
2098 1368 2185 1425 cui
2212 1364 2491 1439 proximus
2519 1360 2680 1418 fuerit
2705 1358 2791 1417 die
2838 1357 3109 1416 dominiCd
3149 1356 3338 1414 deesse
3366 1367 3472 1409 non

206 1488 406 1559 paschae
460 1478 856 1544 solemnitatem
891 1497 1000 1539 non
1039 1481 1478 1554 quinquagesima
1522 1480 1617 1539 sed
1655 1496 1785 1552 qua-

203 1579 493 1651 dragesima
524 1587 791 1657 teneatur.

206 1646 341 1728 XXI.
386 1646 456 1729 Ut
508 1652 686 1727 nullus
738 1646 1265 1796 civiuntligstivitatés
1294 1670 1512 1736 maiores
1559 1665 1614 1720 in
1660 1665 1809 1729 villa,

874 1759 928 1796 ce
953 1759 977 1796 e
1014 1757 1105 1796 re.

874 1757 1105 1797 οειεονει.

273 1835 340 1893 Ut
366 1836 500 1892 nulli
522 1835 716 1892 civium
756 1832 997 1905 Paschae,
1025 1814 1229 1889 Nalalis
1259 1830 1469 1887 Domini
1503 1829 1583 1885 vel
1624 1830 1783 1901 quiné
1816 1852 1867 1923 Β

207 1928 528 2002 quagcsimte
586 1922 976 1982 solemnitatem
1027 1926 1080 1981 in'
1127 1923 1252 1980 villa
1301 1916 1458 1979 liceat
1488 1921 1785 1987 celebrare,

206 2014 305 2077 nisi
332 2026 490 2093 quem
516 2016 797 2074 inﬁrmitas
828 2016 1137 2087 probabitur
1169 2014 1428 2069 tenuisse.

204 2108 374 2171 XXII.
421 2112 487 2168 Ut
535 2108 758 2183 populus
811 2117 927 2163 ante
981 2104 1381 2183 benedictionem
1424 2102 1701 2158 sacerdotis
1732 2101 1794 2156 de

669 2182 827 2235 missa
866 2190 970 2233 non
1014 2179 1328 2251 egrediatur.

274 2274 411 2332 Cum
437 2274 504 2331 ad
526 2272 873 2330 celebrandas
896 2262 1091 2326 missas
1118 2271 1174 2326 in
1204 2268 1300 2325 Dei
1331 2266 1549 2324 nomine
1600 2272 1796 2322 conve-

201 2366 375 2433 nitur,
404 2365 630 2436 populus
660 2366 764 2419 non
793 2368 918 2419 ante
948 2362 1185 2418 discedat
1216 2368 1372 2432 quam
1396 2360 1574 2416 missae
1601 2359 1799 2415 solem-

204 2458 346 2514 nitas
375 2457 737 2526 compleatur;
766 2463 819 2511 et
865 2454 955 2511 ubi
980 2454 1260 2524 episcopus
1301 2450 1533 2509 defuerit
1577 2449 1799 2509 benedi-

203 2549 439 2606 ctionem
471 2546 701 2619 accipiat
728 2540 1046 2603 sacerdotis.
1548 2554 1559 2563 ‘

208 2639 400 2698 XXIII.
446 2640 515 2697 Ut
572 2641 769 2700 litanite
812 2647 925 2764 pozt
987 2634 1343 2763 escensionem
1404 2628 1612 2692 Domini
1668 2637 1799 2692 cele-

915 2727 1003 2764 ren
1031 2727 1115 2764 ur.

915 2727 1115 2766 rentur.

220 2803 629 2877 ..Bogationes,
654 2802 707 2859 id
739 2810 821 2859 est
843 2802 1057 2859 litanias
1106 2810 1231 2873 post
1260 2802 1647 2860 Ascensionem
1693 2801 1797 2857 Do-

211 2896 339 2953 mini
369 2896 572 2967 placuit
593 2894 877 2962 ceiebrari,
908 2895 978 2951 ita
1026 2904 1087 2950 ut
1133 2894 1466 2965 praemissum
1497 2895 1802 2951 triduanum

207 2989 465 3062 ieiunium
521 2997 644 3060 post
693 2988 976 3043 dominicae
1023 2987 1368 3045 Ascensionis
1408 2986 1802 3043 solemnitatem

210 3080 448 3137 solvatur
476 3098 489 3147 ;
520 3094 613 3150 per
632 3078 777 3151 quod
808 3078 1043 3136 triduum
1066 3078 1210 3135 servi
1237 3085 1291 3135 et
1314 3078 1523 3135 ancillae
1549 3078 1617 3134 ab
1658 3078 1804 3134 omni

214 3190 376 3247 opere
400 3174 720 3232 relaxentur
750 3190 858 3244 quo
898 3174 1069 3246 magis
1108 3173 1260 3245 plebs
1312 3172 1562 3229 universa
1607 3186 1804 3229 conve-

204 3361 352 3424 Iibus
384 3368 521 3425 cibis
553 3376 789 3424 utantur.

392 3456 588 3517 XXIV.
629 3458 709 3514 De
732 3460 930 3516 clericis
957 3460 1046 3532 qui
1083 3460 1153 3517 ad
1192 3458 1420 3530 ofﬁcium
1459 3458 1627 3515 venire

831 3540 1177 3587 contemnunt.

287 3617 485 3678 Clerici
508 3636 637 3679 vero
666 3625 758 3695 qui
781 3624 848 3679 ad
870 3638 1005 3701 opus
1032 3632 1279 3697 sanctum
1321 3600 1511 3678 adesse
1562 3629 1804 3677 contem-
1898 3648 1901 3651 -

216 3714 425 3785 pserint
446 3714 737 3772 secundum
776 3701 1063 3772 arbitrium
1106 3715 1343 3787 episcopi
1389 3712 1805 3772 ecclesiasticam

216 3808 512 3876 suscipiant
555 3806 914 3879 disciplinam.

324 3896 494 3967 XXV.
536 3900 615 3954 De
638 3900 992 3979 familiaritate
1020 3908 1379 3973 extranearum
1402 3897 1698 3953 mulierum.

290 3984 370 4043 De
402 3987 763 4074 familiaritate
784 3978 1160 4057 extranearum
1201 3978 1487 4044 mulierum
1513 3978 1676 4060 250
1700 3996 1808 4044 tam

204 4076 465 4161 episcopi
488 4092 646 4148 quam
671 4079 976 4151 presbyteri
1024 4078 1110 4136 vel
1160 4078 1375 4135 diaconi
1414 4076 1811 4149 praeteritorum

219 4181 490 4224 canonum
517 4175 717 4226 statuta
744 4169 1068 4228 custodiant.

293 4289 324 4319 "
350 4282 467 4352 Δὶ,
495 4284 543 4339 si
571 4284 920 4355 inﬁrmitatem
948 4301 1051 4373 ηρη
1085 4262 1242 4356 fuerit
1269 4296 1562 4354 perpessus.

1830 3222 1877 3295 Β

351 3289 367 3328 :
535 3272 713 3329 triduo
737 3287 930 3331 omnes
952 3273 1255 3331 abstineant
1286 3280 1341 3329 et
1370 3271 1806 3344 quadragesima-
1831 3271 1905 3373 υξ
1981 3271 2181 3376 impius
2212 3271 2498 3370 epis’copug
2528 3271 2845 3366 subscripsi.

1888 1461 2065 1519 liceat.

1961 1552 2246 1611 'l'et'radiits
2271 1550 2557 1623 episcopus
2580 1548 2896 1618 subscripsi.

1963 1634 2295 1704 Geiidandus
2316 1645 2601 1716 episcopus
2629 1638 2941 1711 subscripsi.

1965 1740 2245 1797 Hera‘ciius
2271 1739 2558 1810 episcopus
2581 1732 2903 1804 subscripsi.

1965 1834 2221 1891 Lucinius
2247 1832 2276 1871 ι’
2309 1833 2597 1903 episcopus
2626 1826 2943 1898 subscripsi.

1967 1925 2223 1982 Leontius
2246 1927 2531 1995 episcopus
2554 1917 2871 1991 subscripsi.

1966 2011 2293 2072 Camillanus
2318 2014 2601 2086 episcopus
2631 2007 2943 2080 subscripsi.

1970 2105 2289 2174 Quintianus
2312 2103 2600 2175 episcopus
2621 2097 2933 2169 subscripsi.

1974 2196 2243 2252 Eusebius
2270 2195 2561 2266 episeopus
2596 2187 2915 2260 subscripsi.

1902 2322 1905 2325 -
1974 2288 2192 2345 Boetius
2218 2287 2505 2359 episcopus
2533 2280 2856 2352 subscripsi.

1973 2384 2166 2439 Petrus
2188 2381 2470 2453 episcopus
2497 2373 2815 2446 subscripsi.

1971 2476 2304 2549 Euphrasius
2334 2473 2621 2545 episcopus
2648 2464 2966 2537 subscripsi.

1900 2604 1903 2607 λ
1969 2567 2271 2641 Cyprianus
2295 2564 2582 2637 episcOpus
2605 2556 2925 2641 subscripsi.

1972 2640 2274 2731 Principius
2294 2656 2579 2727 episcopus
2607 2640 2926 2720 subscripsi.

1972 2752 2232 2809 Melanius
2254 2750 2542 2823 episeOpus
2567 2741 2885 2813 subscripsi.
2961 2732 2965 2736 ’

1975 2843 2309 2919 Epiphanius
2338 2840 2622 2919 episcopus
2651 2832 2968 2919 subscripsi.

1976 2912 2273 3005 Adelphius
2302 2918 2586 3011 episcopus
2614 2912 2934 2997 subscripsi.

1976 3025 2217 3084 liiicetius
2245 3016 2527 3093 episcopus
2548 3014 2865 3087 subscripsi.

1978 3116 2238 3178 Abentius
2263 3114 2351 3189 [Β.
2375 3100 2466 3180 R.,
2497 3098 2809 3185 Labentius]
2829 3102 3110 3177 episcopus
3136 3095 3454 3171 subscripsi.

1981 3192 2253 3291 Modestus
2280 3208 2566 3283 episcopus
2596 3190 2915 3291 subscripsi.

1981 3396 2311 3459 Leontianus
2342 3376 2627 3461 episcopus
2648 3376 2966 3454 subscripsi.

1980 3490 2158 3565 Nepus
2189 3486 2476 3558 episcopus
2506 3476 2821 3549 subscripsi.

1981 3580 2317 3641 Theodosius
2339 3578 2620 3649 episcopus
2643 3564 2958 3641 subscripsi.

1986 3658 2239 3730 Libanius
2262 3671 2548 3743 episc0pus
2575 3659 2890 3734 subscripsi.

1990 3739 2322 3842 Sephronius
2367 3752 2467 3835 [Β.
2506 3756 2603 3828 R.,
2634 3746 2999 3829 SOphronius]
3032 3746 3315 3822 episcopus
3374 3739 3504 3800 sub-

2002 3928 2007 3931 ν
2056 3860 2272 3943 scripsi.
2454 3934 2457 3935 ν
2504 3934 2507 3937 Α

1985 3959 2219 4021 Ediusus
2257 3955 2546 4027 episcopus
2579 3946 2896 4021 subscripsi.

1988 4051 2262 4113 Litardius
2288 4048 2407 4125 [U.,
2438 4043 2708 4103 Litardusl
2733 4041 3019 4113 episcopus
3043 4028 3358 4102 subscripsi.

1997 4145 2213 4202 Maurus
2233 4140 2521 4212 episcopus
2541 4131 2859 4222 subscripsi.

1993 4272 2025 4318 δ
2054 4270 2112 4332 In
2134 4272 2379 4344 reliquis,
2412 4277 2610 4342 praeter
2628 4268 2720 4337 A.,
2750 4263 2997 4322 Licinius.
3024 4309 3029 4315 .

1627 4411 3495 4446 Ὺ

1720 4529 2036 4607 XXXII

675 4674 1337 4765 CONCILIUM
1410 4658 2319 4765 AURELIANENSE
2391 4656 3087 4752 SECUNDUM.

300 4822 434 4877 Cum
457 4820 513 4877 in
540 4821 634 4877 Dei
658 4819 877 4878 nomine
900 4822 952 4875 in
981 4819 1354 4877 Aurelianensi
1399 4818 1533 4876 urbe
1564 4804 1631 4874 ad
1657 4831 1819 4889 syno-
1845 4819 1902 4882 Β
1927 4811 2179 4876 tenuerit,
2202 4817 2263 4865 ut
2282 4806 2349 4864 ad
2375 4806 2539 4863 alium
2593 4802 2941 4860 constitutum
2971 4798 3154 4873 locum
3182 4797 3373 4857 adesse
3403 4813 3514 4856 non

231 4914 349 4970 daie
370 4914 658 4987 concilium
679 4912 1145 4979 convenissemus,
1168 4912 1237 4968 de
1267 4911 1350 4967 his
1397 4926 1516 4981 quae
1565 4924 1662 4979 per
1700 4892 1821 4964 lon-

1925 4902 2120 4977 possit,
2146 4900 2212 4957 ad
2244 4897 2695 4983 suamcivitatem
2714 4905 2847 4947 suos
2869 4896 3060 4975 evocet
3080 4888 3303 4971 fratres.
3350 4889 3511 4963 Quod

232 5020 351 5073 gum
396 5014 613 5074 tempus
661 5003 1042 5060 observatione
1090 5012 1338 5060 cessante
1391 5001 1603 5059 fuerant
1659 5002 1823 5073 inter-
1928 4994 2129 5052 siintra
2162 4974 2438 5049 biennium
2482 4978 2737 5045 divinitus
2762 4970 3076 5074 temporum
3128 4974 3517 5071 tranquillitate

235 5096 413 5162 tni~sa,
448 5097 686 5165 priorum
712 5084 977 5151 canonum
1003 5105 1187 5152 tenore
1209 5103 1446 5163 servato,
1469 5094 1823 5167 praesentibus

214 5189 433 5257 regulis
464 5199 646 5244 vetera
675 5197 875 5245 statuta
893 5191 1295 5257 renovavimus,
1330 5198 1384 5247 et
1412 5205 1547 5246 nova
1580 5203 1675 5260 pro
1706 5202 1827 5243 cau-

234 5291 414 5337 sarum
431 5282 515 5339 vel
544 5291 845 5352 temporum
870 5283 1179 5340 conditione
1207 5282 1454 5339 addenda
1473 5281 1820 5339 credidimus.

192 5366 203 5385 ”
422 5426 426 5429 .
498 5376 654 5455 251
696 5374 739 5430 1.
781 5375 860 5430 De
904 5376 1121 5431 concilio
1161 5372 1563 5446 metropolitani.

306 5466 566 5534 Primum,
602 5476 659 5521 ut
689 5465 1052 5537 unusquisque
1099 5466 1539 5536 metropolitanus
1589 5462 1645 5520 in
1694 5478 1823 5535 pro-

240 5558 407 5641 vincia
440 5573 535 5613 sua
566 5573 685 5614 cum
713 5555 1260 5629 comprovincialibus
1283 5557 1397 5613 suis
1420 5555 1643 5627 singulis
1672 5554 1827 5613 annis

242 5651 495 5724 synodale
521 5651 715 5708 debeat
761 5662 1066 5723 opportuno
1119 5659 1359 5722 tempore
1406 5650 1606 5705 habere
1648 5647 1828 5707 conci-

224 5742 375 5805 .lium
402 5761 420 5802 :
450 5744 593 5816 quod
614 5745 661 5801 si
685 5743 837 5801 illum
879 5744 1160 5803 inﬁrmitas
1210 5752 1302 5800 aut
1348 5741 1643 5801 necessitas
1680 5748 1829 5799 certa
1876 5787 1888 5804 .

322 5887 348 5917 ⁸
378 5879 544 5940 Deest
566 5877 669 5939 hoc
696 5879 979 5941 concilium
1004 5879 1064 5939 in
1091 5878 1155 5939 Ε.
1195 5880 1252 5938 '5.

1929 5074 2190 5146 concessa
2218 5070 2503 5155 admonitis
2550 5060 3086 5150 comprovincialibus
3126 5060 3157 5131 ti
3195 5060 3515 5144 metropoli-

1931 5189 2058 5239 tano
2084 5179 2322 5252 synodus
2352 5175 2552 5233 indicta
2575 5188 2681 5230 non
2709 5166 2893 5240 fuerit,
2925 5164 3369 5252 metropolitanus
3400 5166 3516 5236 ipse

1929 5256 2030 5346 pro
2055 5258 2385 5329 evocationis
2417 5258 2663 5349 tarditate
2690 5280 2831 5323 anno
2862 5266 3070 5335 integro
3099 5256 3289 5316 missas
3314 5338 3315 5347 χ
3337 5236 3518 5315 iacere

1931 5382 2040 5425 non
2088 5372 2397 5438 praesumat.
2455 5342 2609 5430 Quod
2657 5358 2704 5417 si
2731 5346 2938 5415 evocati
2987 5352 3131 5409 nulla
3205 5346 3518 5441 infirmitate

1929 5459 2197 5530 corporali
2238 5442 2440 5514 detenti
2478 5454 2669 5511 adesse
2722 5466 2817 5507 sua
2866 5445 3123 5527 abusione
3152 5438 3513 5514 despeierint,

1929 5553 2090 5609 simili
2142 5553 2423 5609 sententiae
2465 5546 2857 5619 subjacebunt,
2911 5537 3004 5610 qui
3054 5546 3231 5593 tamen
3276 5549 3332 5594 et
3378 5530 3517 5591 hanc

1931 5650 2331 5705 excusationem
2358 5646 2460 5702 sibi
2482 5642 2727 5701 noverint
2756 5650 2878 5692 esse
2926 5631 3213 5701 sublatam,
3248 5632 3293 5687 si
3318 5632 3516 5686 absen-

1938 5744 2241 5804 tiamsnam
2266 5744 2533 5804 divisione
2564 5736 2728 5799 sortis
2768 5731 3094 5791 crediderint
3120 5729 3518 5807 excusandam.
