4024 6350
477 312 583 375 27.0

833 434 898 496 li.
929 437 1005 494 De
1030 439 1375 495 sacerdotibus
1403 441 1718 512 conjugatis.

555 549 623 606 Ut
651 550 827 605 nullus
850 551 1167 607 clericorum
1195 566 1225 604 a
1253 549 1585 607 subdiacono
1634 559 1690 607 et
1740 564 1921 621 supra,
1980 551 2073 620 qui

481 654 683 697 uxores
713 644 764 696 in
809 644 1083 713 preposito
1134 657 1231 699 suo
1274 643 1518 714 accipere
1568 643 1902 713 inhibentur,
1948 657 2073 711 pro-

484 734 639 801 priae,
671 736 714 787 si
747 733 883 790 forte
917 735 1026 803 jam
1058 734 1272 803 habeat,
1304 737 1596 791 misceatur
1627 738 1780 791 uxori
1813 754 1826 792 :
1856 736 1996 807 quod
2023 736 2071 792 si

479 824 693 893 fecerit,
726 827 854 882 laica
878 828 1255 883 communione
1303 837 1585 885 contentus
1630 830 1781 899 juxta
1832 833 2070 900 priorum

481 937 745 978 canonum
797 932 992 980 statuta
1049 927 1118 980 ab
1172 926 1352 981 ofﬁcio
1404 927 1746 997 deponatur;
1810 942 1968 998 quem
2024 927 2073 982 si

480 1015 656 1071 sciens
687 1018 971 1087 episcopus
997 1034 1123 1073 suus
1152 1019 1204 1074 in
1238 1019 1337 1074 hac
1381 1020 1602 1075 vilitatis
1654 1022 2072 1091 Praesumptione

481 1105 749 1161 viventem
782 1115 805 1142 (ι
857 1109 923 1162 ad
964 1110 1202 1165 ofﬁcium
1257 1122 1442 1179 postea
1499 1112 1810 1179 admiserit,
1852 1122 1906 1167 et
1954 1113 2072 1180 ipse

479 1195 765 1266 episcopus
796 1197 863 1252 ad
894 1198 1154 1269 agendam
1179 1201 1549 1270 paenitentiam
1578 1202 1753 1260 tribus
1792 1200 2071 1261 mensibus

476 1289 547 1347 sit
577 1305 605 1345 a
634 1306 734 1347 suo
764 1292 943 1348 ofﬁcio
969 1302 1354 1364 sequestratus.

770 1384 856 1438 Ill.
899 1386 978 1441 De
1014 1388 1344 1443 ordinatione
1382 1389 1782 1459 metropolitani.

552 1497 631 1552 De
661 1499 1196 1568 metropolitanorum
1228 1516 1357 1556 vero
1387 1501 1817 1559 ordinationibus
1863 1500 1915 1557 id
1960 1501 2069 1572 pla-

476 1591 607 1656 cuit,
638 1600 695 1645 ut
728 1594 1121 1661 metropolitani
1152 1609 1181 1647 a
1238 1596 1673 1665 metropolitano,
1730 1594 1998 1661 omnibus,
2025 1594 2072 1650 si

483 1686 595 1739 ﬁeri
624 1696 820 1755 potest,
854 1684 1204 1757 prmsen’tibus
1261 1691 1677 1757 provincialibus
1716 1689 1768 1761 δ,
1818 1691 2072 1748 ordinen-

1193 319 1571 381 causam
1607 322 1935 381 canonum
1982 320 2042 378 s.
2085 318 2357 379 tsmono
2396 294 3068 393 lllSPALaASCRlPTA.

3661 340 3783 404 280

2099 442 2152 495 Δ
2348 440 2506 512 253
2550 441 2633 498 Vl.
2674 441 2755 500 De
2786 448 3304 507 excommunicatione
3339 452 3591 528 episespi.

2248 532 2324 588 De
2348 533 2665 592 clericorum
2720 539 3093 609 praemittenda
3121 546 3473 604 conversione
3502 548 3557 604 id
3586 554 3775 610 omni-

2174 625 2350 683 modis
2378 628 2714 699 observetur,
2747 647 2815 688 ne
2845 633 2985 689 ullus
3013 650 3082 692 ex
3124 635 3277 695 laicis
3317 652 3442 697 ante
3468 647 3767 705 annualem

2175 723 2581 778 conversionem
2618 724 2700 779 vel
2732 733 2944 781 aetatem
2986 728 3299 797 legitimam,
3330 733 3380 788 id
3412 742 3494 789 est
3522 749 3648 794 ante
3679 742 3776 796 vi-

2174 813 2309 883 ginti
2340 815 2577 885 quinque
2604 832 2865 874 annorum
2896 819 3178 891 diaconus,
3208 837 3263 880 et
3294 827 3508 897 triginta
3541 833 3776 905 presby-

2177 916 2259 962 ter
2286 908 2584 978 ordinetur,
2630 910 2704 966 ita
2730 922 2786 967 ut
2826 915 2893 969 de
2920 912 3051 985 ipsis
3099 932 3311 988 quoque
3336 924 3425 989 qui
3478 923 3775 981 ordinandi

2175 1009 2302 1056 sunt
2348 1001 2531 1059 clerici
2585 1006 2827 1075 regulare
2882 1007 3215 1066 custodiatur
3268 1013 3505 1069 studium
3560 1030 3628 1071 ne
3672 1028 3771 1072 aut

2175 1100 2405 1156 duarum
2442 1117 2665 1158 uxorum
2691 1106 2776 1160 vir
2802 1114 2895 1160 aut
2932 1117 3174 1176 renuptas
3215 1107 3435 1163 maritus
3465 1119 3559 1163 aut
3588 1112 3774 1179 postri-

2175 1193 2396 1248 tentiam
2426 1194 2701 1263 professus
2732 1204 2823 1253 aut
2848 1213 3030 1257 semus
3061 1215 3288 1271 corpore
3315 1204 3401 1257 vel
3429 1201 3519 1272 qui
3549 1205 3774 1273 publice

2176 1282 2466 1353 aliquando
2533 1297 2783 1357 arreptus.
2832 1301 2915 1347 est
2974 1292 3043 1347 ad
3092 1296 3488 1365 suprascriptos
3546 1298 3772 1353 ordines

2177 1390 2577 1447 promoveatur.
2610 1381 2762 1450 Quod
2801 1385 2847 1440 si
2875 1385 3055 1443 sciens
3099 1389 3383 1458 episcopus
3430 1400 3614 1444 contra
3650 1391 3770 1447 lucc

2175 1479 2371 1527 statuta
2403 1473 2667 1544 agendum
2711 1490 2833 1534 esse
2880 1478 3193 1548 crediderit,
3227 1482 3273 1538 is
3302 1482 3516 1552 quidem
3551 1487 3640 1553 qui
3669 1500 3769 1539 or-

2178 1565 2395 1623 dinatur
2437 1580 2689 1641 suscepto
2730 1571 2884 1643 juxta
2933 1575 3233 1631 anteriores
3260 1591 3496 1633 canones
3523 1579 3768 1648 privetur

2176 1658 2380 1730 ofﬁcio,
2429 1662 2524 1719 sed
2567 1674 2622 1721 et
2660 1664 2750 1721 ille
2786 1682 2885 1736 pro
2920 1668 3271 1725 ordinationis
3318 1672 3624 1729 temeritate
3660 1689 3760 1731 sex

482 1785 566 1826 tur
593 1791 606 1828 :
642 1775 710 1828 ita
743 1784 798 1829 ut
828 1755 928 1846 ipsi
959 1755 1371 1848 metropolitano
1401 1780 1684 1837 ordinandi
1731 1755 2062 1852 priviiegium

2180 1755 2456 1812 mensibus
2504 1772 2534 1811 a
2571 1757 2909 1817 celebrandis
2938 1762 3129 1819 ofﬁciis
3176 1776 3574 1835 sequestretur;
3622 1770 3767 1838 quod

478 1876 693 1922 maneat
720 1871 860 1937 quod
887 1871 1245 1928 ordinationis
1289 1874 1624 1930 consuetudo
1671 1874 1915 1945 requirit.
1948 1874 2069 1943 Ipse

479 1969 656 2014 tamen
683 1962 1130 2031 metropolitanus
1159 1978 1189 2019 a
1213 1966 1755 2037 comprovincialibus
1776 1967 2066 2039 episcopis,

474 2056 611 2111 sicut
639 2059 854 2115 decreta
879 2060 1024 2117 sedis
1073 2062 1383 2131 apostolicae
1435 2063 1735 2129 continent,
1782 2080 1905 2121 cum
1934 2080 2069 2120 cou-

477 2165 641 2206 seusu
673 2155 803 2210 cleri
834 2155 918 2210 vel
952 2155 1150 2212 civium
1175 2155 1432 2227 eligatur,
1478 2160 1639 2231 252
1686 2159 1810 2231 quia
1853 2174 2069 2231 aequum

474 2256 579 2311 est,
608 2248 747 2304 sicut
777 2250 889 2321 ipsa
920 2252 1076 2306 sedes
1106 2252 1400 2321 apostolica
1421 2252 1575 2319 dixit,
1611 2255 1702 2325 qui
1750 2270 2072 2326 praeponen-

474 2341 577 2396 dus
607 2352 688 2398 est
714 2345 962 2401 omnibus
988 2346 1056 2400 ab
1081 2348 1331 2403 omnibus
1355 2346 1583 2417 eligatur
1608 2366 1620 2400 :
1650 2348 1719 2403 de
1765 2350 2071 2417 provincia-

473 2432 617 2489 libus
648 2450 776 2489 vcro
826 2436 1142 2493 ordinandis
1182 2452 1302 2492 cum
1343 2453 1613 2494 consensu
1665 2440 2066 2510 metropolitani

474 2525 605 2580 cleri
628 2537 682 2582 et
711 2527 905 2583 civium
925 2529 1074 2599 juxta
1106 2531 1346 2602 priorum
1369 2547 1635 2591 canonum
1654 2542 1853 2593 statuta
1876 2536 2070 2594 volun-

474 2628 559 2675 tas
586 2628 639 2676 et
667 2621 858 2676 electio
891 2624 1221 2691 requiratur.
1281 2610 1285 2619 λ

618 2713 708 2769 1V.
750 2713 828 2770 De
858 2716 1218 2786 familiaritate
1238 2727 1598 2775 extraneorum
1627 2721 1919 2777 mulierum.

545 2828 696 2884 Licet
719 2828 831 2900 jam
856 2831 1019 2885 multa
1047 2846 1169 2904 qua:
1194 2834 1470 2915 observari
1495 2836 1728 2893 debeant
1756 2837 1941 2894 multis
1975 2850 2069 2894 ca-

472 2922 681 2978 nonicis
710 2923 990 2980 sententiis
1021 2924 1222 2982 fuerint
1251 2936 1475 2997 statuta,
1504 2935 1683 2987 tamen
1714 2929 1859 3001 quod
1902 2944 2068 3001 agno-

470 3018 641 3073 scitur
669 3032 816 3089 saepe
858 3020 1165 3076 transcendi
1192 3023 1450 3078 convenit
1495 3023 1790 3095 replicari:
1837 3022 2067 3095 ideoque

471 3112 779 3180 statuimus,
808 3123 865 3169 ut
897 3116 1085 3186 nequis
1118 3117 1416 3172 antistitum
1474 3116 1903 3188 clericorumque
1946 3133 2067 3172 om-

469 3205 618 3261 nium
672 3207 942 3262 licentiam
997 3208 1192 3263 habeat
1243 3208 1383 3263 intra
1437 3208 1655 3265 domum
1704 3224 1855 3266 suam
1898 3209 2064 3266 ullam

468 3298 672 3367 absque
702 3298 784 3353 his
808 3299 1123 3371 propinquis
1167 3300 1502 3368 mulieribus,
1537 3315 1671 3371 quas
1700 3301 1930 3370 priores
1984 3317 2069 3358 ca-

466 3404 637 3445 nones
661 3392 1005 3459 eloquuntur,
1040 3390 1243 3448 habere
1265 3407 1549 3462 personam
1578 3392 1803 3464 :quibus
1828 3394 1988 3450 etiam
2010 3406 2066 3452 et

462 3480 519 3535 id
545 3482 855 3551 specialiter
883 3482 1176 3549 inhibetur,
1201 3492 1259 3539 ut
1283 3485 1326 3539 si
1358 3485 1477 3555 quis
1526 3485 1840 3542 clericorum
1887 3487 2061 3558 suspi-

466 3574 678 3629 cionem
710 3573 990 3629 adversam
1025 3584 1119 3632 aut
1159 3577 1552 3634 oblocutionem
1588 3580 1772 3649 populi
1819 3581 1887 3637 de
1940 3597 2063 3637 mu-

462 3667 597 3725 liere
625 3683 942 3740 quacunque
968 3670 1211 3727 fortassis
1251 3673 1558 3742 incurrerit,
1616 3689 1734 3728 eam
1784 3675 1963 3731 statim
2013 3675 2063 3732 si

465 3759 606 3814 intra
629 3761 845 3816 domum
891 3777 1045 3818 suam
1092 3763 1249 3819 habet
1295 3765 1546 3834 abjiciat;
1590 3767 1636 3822 si
1683 3777 1830 3824 certe
1876 3777 2060 3825 extra-

463 3860 562 3908 nea
595 3862 650 3907 et
678 3854 758 3908 sui
780 3855 915 3925 juris
944 3866 1047 3920 est,
1104 3856 1179 3913 ita
1208 3858 1458 3914 omnibus
1494 3860 1895 3917 conditionibus
1938 3871 2060 3919 stu-

463 3944 585 3998 deat
611 3946 832 4011 evitare,
870 3956 927 4021 ut
955 3949 1171 4004 infamia
1199 3966 1321 4021 quae
1347 3953 1578 4007 excitata
1604 3964 1690 4021 est
1742 3954 2054 4026 abrogetur.

460 4034 612 4099 Quod
634 4037 678 4091 si
708 4036 929 4107 quilibet
975 4038 1064 4095 ille
1101 4043 1403 4098 antistitum
1436 4044 1866 4119 clericorumque
1915 4049 2056 4118 quod

458 4144 621 4200 supra
646 4134 905 4204 scriptum
935 4148 1018 4192 est
1045 4138 1216 4194 vitare
1246 4140 1504 4208 noluerit,
1539 4154 1637 4210 pro
1692 4144 2056 4203 inobedientia

457 4226 674 4281 triennii
702 4232 1262 4288 excommuuicatione
1290 4234 1575 4289 mulctetur
1604 4254 1618 4290 :
1659 4237 1804 4302 quod
1835 4238 1879 4293 si
1904 4238 2056 4293 adul-

458 4319 579 4373 terii
608 4321 892 4389 permixtio
947 4322 1107 4378 fuerit
1133 4324 1449 4394 approbata,
1510 4328 1562 4383 in
1617 4327 2052 4400 degradatione"

460 4410 728 4469 honorum
779 4414 1016 4481 priorum
1071 4430 1337 4472 canonum
1390 4428 1585 4474 statuta
1633 4428 1947 4489 serventur;
1998 4424 2053 4478 in

459 4506 653 4574 quibus
697 4507 1214 4566 commonitionibus
1240 4515 1683 4583 metropolitanus
1728 4530 1758 4570 a
1796 4530 2050 4585 compro-

458 4599 804 4667 vincialibus,
831 4604 1299 4672 comprovincialis
1321 4622 1350 4662 a
1370 4608 1784 4678 metropolitano
1810 4623 1931 4665 cum
1957 4624 2050 4667 re-

458 4689 620 4763 lijuis
647 4695 1196 4764 comprovincialibus
1226 4696 1640 4769 distringantur.

771 4786 836 4844 ν.
875 4785 956 4844 De
985 4790 1314 4860 facultatibus
1341 4793 1724 4864 parochiarum.

524 4898 584 4955 Si
607 4914 727 4971 quae
757 4900 1059 4958 oblationes
1089 4902 1142 4958 in
1177 4902 1505 4973 quibuslibet
1529 4904 1693 4962 rebus
1716 4914 1876 4977 atque
1912 4903 2067 4967 cor-'

451 4993 678 5066 poribus
707 4993 915 5050 collata
942 4995 1137 5051 fuerint
1163 4995 1399 5051 basilicis
1426 4997 1479 5051 in
1509 4998 1818 5057 civitatibus
1849 5002 2048 5059 consti-

451 5085 607 5153 tutis,
634 5085 701 5140 ad
731 5096 1052 5154 potestatem
1081 5087 1317 5157 episcopi
1365 5089 1695 5159 redigantur,
1747 5103 1800 5149 et
1827 5095 1879 5150 in
1928 5096 2045 5165 ejus

452 5176 528 5232 sit
555 5178 780 5233 arbitrio
807 5178 937 5248 quid
968 5178 1033 5231 ad
1088 5179 1482 5247 reparationem
1538 5181 1775 5239 basilicae
1805 5194 1897 5241 aut
1949 5188 2046 5242 ob-

452 5267 717 5322 servanda
761 5268 834 5321 ibi
863 5267 1162 5322 substantia
1215 5267 1534 5337 deputetur:
1582 5271 1654 5328 de
1707 5274 2045 5332 facultatibus

451 5369 583 5413 vero
602 5359 976 5428 parochiarum
1007 5360 1091 5414 vel
1120 5359 1461 5417 basilicarum
1494 5364 1546 5418 in
1591 5366 1741 5438 pagis
1767 5367 2043 5425 civitatum

453 5450 863 5507 constitutarum
896 5451 1227 5523 singulorum
1251 5451 1489 5512 locorum
1517 5460 1848 5516 consuetudo
1876 5458 1902 5499 ἀ
1930 5476 2045 5519 ser-

451 5550 627 5600 vetur.

525 5718 552 5787 f'
583 5711 649 5787 T_.
684 5709 836 5787 illa
857 5711 1166 5787 bacivilitate
1192 5717 1582 5787 prtesumptiose
1607 5716 1870 5774 viventem.

522 5778 552 5819 Ῑ)
584 5782 697 5856 A_3.,
724 5785 789 5856 ii.
813 5785 1003 5856 μηδ’.
1040 5788 1089 5854 1,
1120 5778 1290 5856 2,:U.,
1324 5778 1851 5856 coniprovincialibus.

530 5861 553 5890 θ
582 5854 700 5927 432.,
720 5854 779 5915 Β.
812 5854 902 5926 IL,
922 5855 986 5913 Τ.
1020 5858 1073 5928 t,
1103 5857 1160 5929 2,
1189 5855 1282 5928 U.,
1313 5854 1736 5933 Gregradatione.

2177 1848 2224 1903 si
2251 1848 2444 1906 missas
2472 1850 2609 1906 intra
2638 1861 2900 1910 statutum
2933 1863 3148 1929 tempus
3194 1858 3373 1929 facere
3402 1875 3766 1932 praesumpse-

2175 1942 2267 2005 rit,
2298 1956 2440 1997 anno
2468 1941 2677 2013 integro
2709 1945 2778 2001 ab
2808 1947 3049 2003 omnium
3095 1949 3319 2005 fratrum
3350 1950 3620 2012 charitate
3648 1956 3764 2025 pri-

2174 2043 2352 2089 vetur.
2398 2034 2474 2090 De
2496 2050 2722 2106 quorum
2755 2042 3177 2107 promotionibus
3214 2044 3302 2120 [T.
3332 2045 3388 2115 2,
3417 2044 3510 2114 6.,
3543 2064 3767 2119 promo-

2174 2126 2487 2199 nitionibus]
2518 2127 2563 2183 si
2589 2129 2709 2201 quis
2732 2130 2959 2189 clericus
2983 2141 3074 2189 aut
3101 2136 3234 2192 civis
3278 2138 3432 2193 testis
3468 2144 3761 2211 exstiterit,

2173 2233 2402 2289 quorum
2430 2221 2738 2279 testimonio
2761 2224 2886 2281 dum
2909 2226 3150 2285 creditur
3170 2229 3478 2301 frequenter
3497 2237 3767 2305 pontiﬁcis

2172 2310 2475 2381 ignorantia
2509 2314 2857 2382 praevenitur,
2907 2330 3028 2372 cum
3058 2319 3297 2391 agnitum
3346 2320 3510 2379 fuerit
3555 2326 3771 2384 ordina-

2175 2405 2381 2460 tionem
2425 2405 2673 2462 illicitam
2713 2407 3064 2479 celebratam,
3095 2427 3237 2468 anno
3281 2414 3489 2486 integro
3515 2432 3764 2477 commu-

2174 2496 2339 2556 nione
2378 2498 2654 2569 pellantur
2686 2519 2699 2555 :
2733 2502 2822 2573 qui
2855 2516 3035 2561 tamen
3066 2506 3112 2561 si
3148 2508 3507 2577 periculosam
3534 2512 3768 2573 inﬁmi-

2172 2598 2339 2647 tatem
2373 2590 2721 2664 incurrerint,
2753 2593 2948 2653 viatica
2975 2596 3085 2656 illis
3115 2603 3423 2660 communio
3452 2618 3562 2663 non
3591 2621 3762 2680 nege-

2174 2692 2278 2740 tur.

2169 2798 2183 2845 ε
2209 2776 2322 2835 Vll.
2361 2778 2440 2836 De
2466 2781 2707 2853 episcopo
2735 2786 2821 2853 qui
2844 2787 3056 2867 inuitum
3076 2799 3170 2867 aut
3207 2792 3567 2850 reclamantem
3590 2811 3729 2867 prte-

2690 2859 2962 2931 sumpserit
2990 2863 3248 2919 ordinare.

2242 2964 2437 3023 Clerici
2466 2983 2616 3039 vero,
2648 2972 2739 3041 qui
2768 2987 2889 3029 cum
2920 2988 3112 3032 uxores
3139 2991 3244 3032 non
3277 2976 3578 3049 habuerint,
3602 2980 3767 3040 bene-

2171 3061 2408 3119 dictione
2456 3076 2709 3136 suscepta
2773 3069 3019 3141 conjugis
3074 3071 3420 3128 crediderunt
3475 3075 3759 3147 eligenda,

2094 3188 2143 3254 ο
2174 3158 2295 3227 quia
2317 3157 2559 3214 volentes
2587 3159 2790 3231 absque
2821 3162 2931 3217 ulla
2967 3163 3355 3222 reclamatione
3384 3166 3437 3222 in
3463 3177 3623 3225 :etate
3648 3171 3763 3225 fue-

2175 3249 2284 3305 rint
2334 3249 2569 3320 legitima
2619 3252 2871 3322 ordinati,
2918 3269 3040 3311 cum
3088 3255 3218 3326 ipsis
3259 3257 3580 3315 mulieribus
3627 3274 3761 3332 quas

2172 3355 2495 3414 acceperunt
2522 3348 3080 3405 excommunicatione
3108 3349 3401 3421 pellantur;
3427 3352 3571 3421 quod
3604 3352 3648 3407 si
3679 3353 3764 3409 in-

2170 3440 2313 3494 vitus
2342 3441 2426 3495 vel
2457 3440 2758 3495 reclamans
2798 3441 2957 3499 fuerit
3002 3444 3302 3511 ordinatus,
3331 3446 3400 3500 ab
3436 3445 3618 3502 ofﬁcio
3644 3448 3762 3518 qui-

2169 3529 2293 3586 dem
2343 3532 2664 3603 deponatur,
2705 3534 2800 3590 sed
2829 3550 2935 3590 non
2984 3551 3014 3591 a
3063 3538 3441 3594 communione
3496 3539 3757 3611 pellatur;

2169 3625 2453 3696 episcopus
2477 3636 2677 3695 autem,
2705 3629 2795 3699 qui
2826 3628 3054 3684 invitum
3094 3639 3186 3686 aut
3214 3631 3595 3687 reclamantem
3624 3648 3763 3702 prm-

2166 3718 2457 3787 sumpserit
2510 3719 2803 3787 ordinare,
2858 3722 3072 3779 annuali
3128 3724 3461 3793 ptenitentiae
3510 3724 3762 3783 subditus

2166 3811 2358 3868 missas
2385 3812 2563 3868 facere
2589 3829 2695 3868 non
2726 3824 3041 3882 praesumat.

2307 3904 2444 3961 Vlll.
2489 3905 2568 3960 De
2594 3907 2864 3963 adulteriis
2893 3908 3261 3965 honoratorum
3286 3911 3607 3969 clericorum.

2236 3997 2314 4055 De
2365 3998 2642 4054 adulteriis
2686 4008 2864 4056 autem
2911 3999 3295 4057 honoratorum
3344 4000 3763 4075 [U.,honoran-

2162 4087 2378 4161 dorum]
2419 4090 2739 4146 clericorum
2792 4090 2844 4146 id
2885 4090 3278 4147 observandum
3322 4100 3424 4160 est,
3472 4102 3528 4147 ut
3553 4092 3597 4147 si
3637 4092 3758 4163 quis

2160 4183 2519 4239 adulterasset
2576 4183 2661 4239 vel
2724 4183 3003 4241 confessus
3056 4185 3244 4240 fuisset
3298 4184 3388 4241 vel
3440 4184 3755 4257 convictus,

2162 4272 2440 4344 depositus
2470 4273 2539 4329 ab
2572 4271 2774 4343 ofﬁcio,
2803 4276 3183 4345 communione
3233 4290 3521 4342 concessa,
3556 4277 3611 4333 in
3639 4290 3757 4333 mo-

2162 4366 2457 4422 nasterium
2491 4375 2604 4422 toto
2630 4367 2754 4422 vita:
2781 4382 2894 4422 sua:
2934 4376 3177 4437 tempore
3200 4368 3531 4425 rctrudatur.

2160 4459 2255 4516 1X.
2292 4460 2369 4515 De
2391 4459 2701 4515 clericorum
2727 4460 3099 4515 honoratorum
3126 4462 3279 4529 furtis
3301 4470 3387 4515 aut
3418 4460 3754 4532 falsitatibtts.

2077 4564 2134 4626 ι)
2234 4551 2289 4605 Si
2329 4550 2448 4620 quis
2475 4550 2707 4605 clericus
2746 4550 2941 4604 furtum
2983 4558 3077 4605 aut
3108 4549 3395 4606 falsitatem
3452 4550 3753 4618 admiserit,

2159 4640 2322 4716 254
2350 4643 2473 4712 quia
2524 4642 2772 4711 capitalia
2816 4653 2869 4697 et
2905 4644 3018 4712 ipsa
3062 4655 3187 4698 sunt
3230 4643 3477 4709 crimina,
3508 4660 3758 4700 commu-

2155 4737 2318 4791 nione
2358 4750 2615 4792 concessa
2663 4736 2733 4790 ab
2761 4735 2951 4791 ordine
3002 4736 3328 4807 degradetur
3358 4735 3445 4807 [Τ.
3480 4736 3533 4802 t,
3562 4736 3619 4804 2,
3656 4735 3755 4805 U.,

2153 4825 2248 4896 G.,
2279 4823 2641 4898 regradetur].
2694 4826 2773 4883 De
2806 4826 3044 4898 perjurio
3075 4842 3205 4884 vero
3233 4827 3284 4882 id
3314 4826 3624 4883 censuimus
3655 4828 3755 4883 ob-

2120 4921 2501 5003 .servandunt,
2552 4930 2609 4975 ut
2638 4920 2683 4976 si
2713 4920 2835 4992 quis
2880 4922 3110 4977 clericus
3161 4922 3213 4976 in
3261 4922 3436 4976 causis
3481 4937 3602 4992 qua:
3649 4922 3752 4976 sub

2144 5014 2496 5086 jurejurando
2535 5013 2789 5070 facienda:
2822 5012 2908 5087 [Β.
2944 5014 3037 5082 IL,
3066 5013 3160 5081 U.,
3204 5012 3292 5081 G.,
3327 5012 3599 5086 ﬁniendas]
3623 5024 3750 5070 sunt

2152 5109 2439 5181 praebuerit
2467 5109 2792 5178 iuramenta,
2826 5118 2885 5165 et
2912 5119 3033 5181 post
3057 5111 3220 5166 rebus
3252 5109 3591 5165 evidentibus
3650 5107 3742 5182 [Τ.
3790 5104 3795 5109 ⁷’

2148 5200 2207 5265 2,
2247 5200 2641 5273 evenientibus]
2671 5201 2938 5273 detegitur
2968 5202 3294 5272 perjurasse,
3315 5201 3515 5257 biennii
3541 5211 3749 5271 tempo-

2128 5293 2225 5349 ‘ris
2252 5296 2816 5352 excommunicatione
2845 5296 3126 5366 plectatur.

2330 5386 2399 5443 Χ.
2444 5386 2522 5441 De
2553 5388 2630 5442 his
2657 5389 2747 5460 qui
2776 5405 2840 5444 ex
2862 5388 3160 5443 concubinis
3186 5387 3322 5457 ﬁlios
3351 5387 3555 5442 habent.

2220 5479 2298 5535 De
2329 5479 2409 5536 bis
2445 5481 2533 5552 qui
2575 5495 2642 5536 ex
2690 5482 3006 5536 concubinis
3038 5482 3176 5535 ﬁlios
3224 5480 3422 5535 habent
3462 5490 3516 5535 et
3546 5494 3741 5536 uxores

2148 5570 2419 5643 legitimas
2482 5572 2831 5645 habuerunt,
2885 5582 2975 5629 aut
3021 5572 3286 5631 defunctis
3335 5573 3589 5630 uxoribus
3636 5573 3741 5632 sibi

2143 5722 2360 5859 “frug;
2380 5729 2496 5803 λε’)
2524 5730 2583 5789 θ·
2609 5732 2699 5803 ⁸ου
2724 5731 2789 5789 Το
2819 5731 2872 5802 1,
2894 5731 2951 5804 2,
2982 5732 3049 5791 U.
3082 5732 3138 5790 in
3165 5732 3232 5791 Δ.
3262 5741 3317 5793 et
3335 5731 3554 5807 reliquis
3577 5751 3592 5792 :
3615 5748 3741 5792 con-
