4024 6350
212 368 328 426 ὶϐιι

1132 359 1410 419 GALLIE
1451 351 1789 415 CONCILIA.
1831 379 1900 392 --
1940 352 2476 424 AUIiELIANENSE
2518 364 2586 422 I-I.

3381 365 3487 426 283

211 484 527 546 concubinas
557 481 764 553 publice
794 467 1123 537 crediderint
1169 470 1470 540 Sociandas,
1515 473 1567 528 id
1600 471 1787 527 obser-
1818 471 1870 533 Α
1896 471 2127 528 alienata
2163 478 2248 532 vel
2287 479 2693 550 quibuscunque
2741 479 3115 535 instrumentis
3145 479 3406 538 inutiliter
3435 484 3488 541 in

210 577 434 635 vandum
473 589 592 630 esse
620 589 928 640 censemus,
971 580 1031 626 ut
1073 571 1212 626 sicut
1263 583 1356 625 eos
1384 567 1473 638 qui
1511 566 1623 635 jam
1667 572 1794 620 sunt

210 670 389 729 clerici
423 683 516 738 per
544 667 895 736 ignorantiam
927 664 1160 719 ordinati
1192 676 1297 717 non
1325 672 1688 724 removemus,
1719 656 1793 714 ita

213 761 500 820 statuimus
530 774 598 815 ne
626 758 851 813 ulterius
879 755 1220 810 ordinentur.

528 851 620 908 XI.
661 849 741 905 De
776 850 980 904 incestis
1007 844 1472 917 conjunctionibus.

279 951 352 1005 De
394 948 612 1004 incestis
648 943 1113 1014 conjunctionibus
1157 942 1232 996 ita
1275 955 1395 1010 qua:
1433 946 1557 994 sunt
1594 943 1793 993 Statuta

209 1051 512 1106 serventur,
556 1051 611 1093 ut
651 1037 732 1092 his
771 1037 859 1106 qui
893 1043 984 1089 aut
1027 1033 1187 1089 modo
1228 1032 1292 1086 ad
1327 1031 1648 1101 baptismum
1698 1044 1794 1084 ve-

209 1141 381 1204 niunt,
414 1145 506 1190 aut
530 1133 723 1204 quibus
753 1130 970 1186 Patrum
1002 1138 1198 1183 statuta
1243 1124 1567 1181 sacerdotali
1600 1122 1795 1192 praedi-

209 1234 418 1288 catione
456 1230 508 1283 in
540 1227 783 1282 notitiam
825 1234 981 1279 antea
1012 1239 1120 1278 non
1149 1229 1434 1286 venerunt,
1467 1221 1538 1276 ita
1570 1234 1668 1290 pro
1696 1233 1795 1274 no-

208 1326 371 1379 vitate
408 1319 778 1377 conversionis
808 1333 872 1374 ac
901 1318 1024 1372 ﬁdei
1060 1331 1172 1372 suae
1203 1316 1472 1370 credimus
1502 1315 1793 1371 consolen-

207 1419 350 1482 dntn,
386 1419 444 1471 iit
473 1423 745 1470 contracta
777 1413 1051 1482 hucusque
1077 1410 1382 1481 hujusmodi
1409 1410 1655 1480 coniugia
1687 1424 1794 1464 non

207 1511 505 1575 salvantur,
541 1507 635 1561 sed
689 1507 742 1559 in
774 1503 1008 1558 futurttm
1059 1503 1198 1572 quod
1225 1502 1293 1556 de
1323 1501 1540 1555 incestis
1565 1499 1794 1571 conjun.

206 1601 476 1658 ctioﬁibus
531 1600 584 1655 in
615 1597 973 1653 anterioribus
1020 1595 1316 1650 canonihus
1343 1594 1682 1649 interdictum
1712 1603 1796 1648 est

207 1692 519 1747 observetur
551 1690 649 1744 :.i'd
678 1697 760 1744 est
791 1697 816 1723 τι
846 1697 906 1742 ιιι
934 1702 998 1742 ne
1025 1686 1145 1757 quis
1172 1686 1272 1741 sibi
1318 1686 1548 1756 conjugii
1581 1686 1794 1740 nomine

205 1786 413 1841 sociare
442 1789 732 1852 prmsumat
779 1781 1016 1835 relictam
1050 1780 1234 1849 patris,
1267 1779 1425 1833 liliam
1460 1779 1659 1844 uxoris,
1706 1793 1794 1834 re-

1895 565 2233 635 dispendium
2282 571 2530 626 ecclesia:
2577 571 2804 643 obligata
2853 580 3183 636 noscuntur,
3240 580 3302 626 et
3348 573 3485 629 intra

1894 658 2211 713 tricennaria
2239 669 2482 730 tempora
2513 663 2763 732 repetitio
2786 663 3044 732 suppetit,
3068 678 3188 733 qua:
3212 675 3331 719 acta
3360 673 3487 720 sunt

1896 748 2222 820 suffragante
2245 750 2452 822 justitia
2483 767 2580 822 per
2611 753 2878 820 publicum
2909 764 3002 808 aut
3028 753 3318 810 electorum
3344 755 3488 825 judi-

1900 842 2043 896 cium
2078 853 2426 899 revocentur.
2458 844 2612 909 Quod
2641 844 2688 898 si
2721 845 2765 899 is
2796 846 2885 914 qui
2920 860 3032 901 rem
3062 846 3484 904 ecclesiasticam

1897 944 2041 992 tenet
2085 936 2387 992 admonitus
2409 936 2670 1007 judicium
2702 938 3073 1006 declinaverit,
3108 954 3386 1011 quousque
3411 941 3479 997 ad

1897 1027 2285 1084 discussiouem
2317 1030 2497 1083 veniat
2531 1037 2586 1083 et
2617 1042 2729 1082 rem
2767 1038 2788 1066 ο
2822 1029 3068 1084 restituat
3115 1031 3483 1088 ecclesiastica

1896 1120 2276 1176 communione
2309 1119 2570 1187 privetur.

1958 1209 2111 1288 XIV.
2152 1209 2231 1265 De
2255 1210 2523 1282 mancipiis
2554 1207 2860 1264 Christianis
2887 1226 3003 1281 qum
3032 1210 3086 1265 in
3112 1211 3417 1270 Iudaeorum

2423 1303 2628 1358 servitio
2657 1304 2964 1357 detinentur.

1971 1397 2047 1452 De
2069 1395 2353 1462 mancipiis
2373 1393 2689 1450 Christianis
2710 1410 2829 1466 qum
2855 1394 2909 1449 itt
2935 1393 3242 1452 Judteorum
3269 1401 3488 1455 servitio

1899 1497 2167 1554 tenentur,
2199 1489 2243 1544 si
2287 1489 2366 1544 eis
2412 1487 2553 1558 quod
2582 1487 2886 1542 Christiana
2917 1487 3103 1559 religio
3133 1500 3275 1544 vetat
3326 1507 3355 1546 a
3386 1493 3485 1546 do-

1898 1582 2056 1639 minis
2084 1584 2398 1654 imponitur,
2430 1591 2520 1637 aut
2547 1581 2590 1636 si
2619 1596 2735 1647 eos,
2769 1596 2903 1652 quos
2934 1581 3174 1638 Ecclesia
3201 1593 3486 1641 excusatus

1899 1677 2068 1743 tollet,
2102 1692 2199 1747 pro
2226 1676 2382 1745 culpa
2423 1690 2543 1746 qua:
2587 1676 2812 1731 remissa
2857 1682 2941 1730 est
2987 1674 3227 1747 afﬂigere
3257 1679 3339 1732 vel
3384 1694 3488 1734 ca:-

1898 1769 2025 1824 derc
2057 1768 2286 1824 fortasse
2319 1768 2782 1838 prtesumpserint,
2813 1777 2866 1822 et
2893 1767 2958 1822 ad
2987 1768 3266 1824 ecclesiam
3297 1771 3489 1826 iterato

207 1878 380 1932 lictam
431 1877 632 1942 fratris,
665 1889 904 1930 sororem
939 1875 1139 1939 uxoris,
1166 1875 1541 1928 consobrinam
1574 1883 1665 1927 aut
1692 1887 1785 1928 so-

1912 1859 2255 1929 :onl'ugerint,
2304 1859 2610 1914 nullatenus
2650 1873 2680 1913 a
2709 1858 2992 1916 sacerdote
3042 1859 3356 1928 reddantur,
3385 1862 3487 1919 nisi

209 1972 440 2036 b'rinam,
471 1971 707 2025 relictam
739 1968 983 2022 avunculi
1018 1967 1099 2020 vel
1129 1967 1320 2036 patrui.
1345 1966 1500 2034 Quod
1544 1966 1587 2019 si
1616 1965 1704 2034 qui
1737 1966 1790 2020 in

202 2062 303 2119 hoc
354 2064 541 2119 incesti
594 2063 858 2116 adulterio
910 2060 1088 2132 potius
1117 2075 1275 2130 quam
1305 2060 1552 2130 coujugio
1599 2061 1793 2114 fuerint

199 2155 410 2219 ειΐιίίτιιί.
443 2154 677 2224 quandiu
714 2167 774 2207 se
813 2167 918 2205 non
963 2149 1436 2218 sequestraverint,
1487 2165 1516 2203 a
1547 2164 1790 2203 commu-

201 2247 370 2302 nione
420 2244 784 2300 ecclesiastica
831 2243 1158 2312 repellantur
1190 2258 1203 2295 :
1236 2242 1369 2296 illud
1394 2255 1606 2311 quoque
1652 2240 1793 2309 adji-

198 2339 452 2393 ciendum
484 2352 604 2393 esse
642 2337 994 2402 credidimus,
1033 2345 1087 2389 ut
1128 2337 1176 2389 in
1208 2335 1441 2406 episc0pi
1469 2336 1552 2390 sui
1580 2335 1791 2389 discus-

199 2431 356 2486 sione
386 2431 704 2485 consistant.
737 2429 811 2483 De
841 2429 922 2482 his
952 2428 1042 2498 qui
1071 2428 1121 2482 in
1153 2429 1366 2482 civitate
1393 2444 1484 2482 sua
1515 2435 1607 2482 aut
1639 2429 1794 2483 terri-

200 2524 345 2578 torio
391 2522 692 2578 consistunt
746 2530 800 2575 et
830 2523 918 2575 tali
959 2529 1081 2574 sunt
1123 2519 1311 2575 ordine
1360 2520 1570 2584 sociati,
1615 2533 1793 2576 utrum

201 2618 511 2690 ignoranter
543 2616 608 2669 ad
641 2615 822 2670 illicita
863 2614 1109 2684 conjugia
1140 2614 1405 2680 venerint,
1435 2628 1500 2666 an
1530 2628 1627 2679 per
1656 2627 1792 2668 con-

202 2709 484 2764 tumaciam
531 2724 650 2778 quae
701 2717 827 2763 sunt
861 2709 1141 2762 interdicta
1178 2709 1637 2777 prtesumpserint,
1670 2708 1793 2778 quia

202 2806 337 2860 sicut
367 2805 451 2859 his
481 2807 570 2875 qui
605 2820 698 2870 per
737 2803 1092 2874 ignorantiam
1141 2803 1274 2873 lapsi
1305 2813 1429 2858 sunt
1456 2802 1792 2870 subvenitur,

203 2897 271 2953 ita
302 2898 414 2952 illis
441 2897 634 2967 quibus
666 2898 814 2967 prius
846 2896 1065 2951 Patrum
1098 2905 1293 2950 statuta
1342 2895 1394 2949 in
1428 2896 1670 2949 notitiam
1704 2910 1796 2950 ve-

201 3001 423 3057 nerunt,
456 2991 653 3061 quique
700 2989 861 3044 etiam
895 2998 1080 3048 contra
1128 2989 1466 3044 sacerdotum
1517 2989 1796 3044 interdicta

201 3081 254 3136 in
289 3082 386 3136 tali
437 3080 792 3152 permixtione
822 3090 1128 3145 versantur,
1160 3079 1395 3149 priorum
1451 3094 1712 3133 canonum
1743 3081 1795 3133 in

203 3171 451 3226 omnibus
501 3181 698 3225 Statuta
750 3179 1079 3224 serventur:
1115 3179 1172 3224 ut
1221 3185 1326 3224 non
1362 3171 1506 3238 prius
1552 3185 1794 3225 commu-

204 3263 364 3326 nione
413 3262 736 3332 recipiantur
779 3278 936 3332 quam
991 3261 1178 3317 incesti
1237 3263 1596 3328 adulterium,
1655 3263 1792 3318 sicut

204 3357 465 3425 scriptum
514 3367 617 3420 est,
651 3355 994 3424 separatione
1041 3356 1374 3419 sanaverint;
1426 3356 1544 3424 quia
1595 3355 1647 3409 in
1676 3356 1793 3426 lege

202 3448 418 3504 Domini
471 3446 753 3502 manifeste
803 3448 995 3516 legitur
1028 3463 1041 3500 :
1076 3445 1386 3501 Maledictus
1416 3448 1504 3517 qui
1531 3448 1793 3502 dormierit

208 3560 318 3596 cum
365 3557 525 3594 uxore
570 3542 728 3610 patris
760 3541 860 3606 sui,
892 3556 1003 3592 cum
1037 3540 1268 3611 privigna
1299 3540 1374 3593 vel
1417 3556 1588 3595 sorore
1619 3542 1793 3596 uxoris

207 3652 334 3703 saw,
371 3644 423 3688 et
475 3632 676 3702 reliqua
723 3632 806 3686 his
845 3632 1036 3688 similia
1089 3648 1104 3686 :
1153 3648 1260 3703 quo
1306 3633 1364 3686 fit
1410 3644 1464 3687 ιιι
1493 3649 1629 3704 quos
1658 3634 1795 3689 Deus

148 3803 151 3809 η
209 3727 553 3783 maledixerit
581 3739 679 3780 nos
709 3723 808 3779 nisi
839 3725 1155 3780 emendatos
1186 3725 1506 3782 benedicere
1538 3741 1646 3781 non
1678 3742 1796 3796 pos-

207 3833 415 3873 SUIIIIIS.

240 3911 404 3984 255
444 3909 560 3965 XII.
597 3907 626 3948 δ
668 3909 748 3964 De
775 3908 1342 4032 cleziec‘i'segglinpfﬁciunt
1373 3925 1521 3962 suum
1549 3908 1764 3978 implere

277 4071 338 4124 Si
373 4071 463 4139 qui
520 4069 706 4124 clerici
741 4069 1040 4122 ministeria
1083 4079 1330 4136 suscepta
1359 4085 1678 4140 quacunque
1709 4086 1796 4127 oc-

205 4164 432 4220 casione
464 4176 624 4233 agere
668 4160 809 4216 sicut
837 4171 890 4216 et
918 4159 1108 4231 reliqui
1140 4161 1461 4229 detrectant,
1494 4173 1546 4218 et
1577 4180 1801 4220 excusa—

205 4257 414 4311 tionem
443 4257 508 4310 de
539 4253 849 4324 patrociniis
879 4266 1317 4325 quorumcunque
1345 4271 1410 4311 ne
1438 4256 1672 4313 ofﬁcium
1702 4260 1802 4315 im-

206 4349 393 4420 pleant
439 4348 821 4417 praatendunt,
873 4360 936 4403 ac
988 4348 1296 4404 sacerdotes
1346 4349 1446 4404 sub
1475 4351 1801 4421 .hujusmodi

213 4456 372 4496 causa
418 4439 725 4495 existimant
772 4455 867 4509 per
895 4439 1311 4495 inobedientiam
1350 4445 1798 4514 conten'tnendos,

215 4533 355 4588 inter
405 4532 646 4602 reliquos
695 4532 982 4588 canonicos
1032 4533 1282 4599 clericos,
1336 4549 1403 4590 ne
1432 4534 1534 4591 hac
1584 4535 1798 4593 licentia

215 4627 298 4682 alii
329 4624 604 4692 vitientur,
665 4626 964 4680 nullatenus
1009 4625 1327 4692 habeantur,
1374 4644 1472 4683 nec
1518 4646 1583 4685 ex
1633 4633 1796 4688 rebus

213 4717 597 4774 ecclesiasticis
646 4730 769 4772 cum
816 4716 1090 4774 canonicis
1141 4718 1406 4789 stipendia
1452 4731 1544 4775 aut
1576 4738 1797 4779 munera

218 4811 316 4866 ulla
352 4809 676 4881 percipiant.

253 4900 396 4959 Xlll.
437 4900 517 4956 De
559 4901 892 4970 facultatibus
927 4903 1280 4965 ecclesiasticis
1323 4921 1423 4960 non
1453 4906 1764 4965 alienandis.

287 4995 365 5051 De
413 4994 599 5065 agellis
631 5009 760 5050 vero
809 4993 1128 5066 ceterisque
1170 4996 1514 5056 facultatibus
1546 5002 1804 5058 ecclesia-

220 5088 368 5143 sticis
399 5101 429 5141 a
458 5086 823 5143 sacerdotibus
849 5102 956 5143 non
987 5089 1306 5159 alienandis,
1342 5106 1440 5147 nec
1468 5107 1565 5163 per
1591 5104 1805 5151 contra-

221 5187 331 5234 ctus
389 5178 605 5235 inutiles
653 5180 953 5249 obligandis
1013 5184 1248 5252 priorum
1294 5198 1557 5242 canonum
1607 5197 1808 5245 statuta

226 5284 503 5332 serventur
539 5294 552 5329 :
590 5284 647 5330 ut
673 5275 824 5330 nobis
855 5291 950 5345 per
980 5276 1152 5331 nullos
1181 5287 1488 5335 contractus
1520 5296 1604 5336 res
1630 5283 1806 5338 eccle-

233 5371 474 5428 siastiCas
520 5371 754 5427 alienare
803 5380 896 5424 aut
945 5371 1202 5427 inutiliter
1245 5372 1402 5427 liceat
1440 5375 1697 5445 obligare.
1732 5375 1808 5431 Ea

228 5465 380 5521 etiam
409 5481 527 5536 quae
571 5466 639 5521 de
664 5466 822 5520 rebus
870 5463 1246 5520 ecclesiasticis
1277 5466 1343 5520 ab
1371 5468 1804 5527 antecessoribus

296 5615 318 5642 τι
346 5606 569 5678 Reliqua
591 5607 657 5662 ab
683 5608 763 5661 his
794 5607 1038 5670 vocibus,
1070 5607 1125 5660 id
1153 5617 1243 5673 est,
1273 5621 1448 5677 usque
1489 5607 1555 5663 ad
1583 5610 1806 5666 canonis

234 5676 384 5748 linem
418 5682 468 5732 itt
488 5676 563 5733 Ἀ.
589 5680 653 5733 ad
681 5679 976 5744 tttarginem
1004 5679 1196 5748 scripta
1230 5676 1372 5731 sunt.

297 5747 320 5785 ι’
356 5751 450 5804 llic
496 5762 547 5804 et
597 5754 879 5819 sequentes
911 5749 1066 5818 hujus
1110 5747 1319 5804 eonciIii
1354 5764 1587 5806 canones
1614 5751 1808 5808 desunt

233 5817 281 5900 in
313 5823 456 5900 A._et
480 5823 540 5876 E.
565 5821 597 5872 5
623 5838 635 5874 :
657 5817 919 5900 desumpti
949 5817 1158 5900 suntex
1181 5821 1375 5880 Codice
1397 5821 1456 5877 Β.
1478 5821 1545 5881 Β.
1569 5837 1688 5882 cum
1719 5840 1810 5885 va-

233 5892 486 5957 riantibus
514 5905 829 5954 ceterorum
861 5893 1199 5953 lectionibus.

1894 1953 2123 2023 pretium
2154 1951 2413 2006 offeratur
2435 1965 2497 2005 ac
2520 1949 2674 2006 detur
2700 1950 2844 2019 quod
2877 1950 3139 2019 mancipia
3169 1951 3281 2022 ipsa
3310 1951 3489 2010 valere

1895 2045 2196 2100 constiterit
2239 2043 2390 2113 juxta
2444 2041 2766 2097 taxationem
2809 2038 2860 2096 ἀ.
2903 2041 3219 2097 ChriStianis
3266 2060 3482 2116 quoque

1895 2136 2144 2190 omnibus
2194 2132 2586 2197 interdicimus,
2619 2147 2685 2186 ne
2710 2131 3020 2186 .ludacorum
3074 2133 3341 2203 conjugiis
3390 2134 3492 2191 mi-

1895 2238 2181 2293 sceantur;
2214 2226 2354 2297 quod
2385 2225 2432 2281 si
2473 2225 2732 2293 fecerint,
2780 2239 2950 2294 usque
2994 2225 3060 2279 ad
3103 2227 3490 2296 sequestratio-

1897 2338 2043 2388 nem,
2077 2319 2320 2390 quisquis
2369 2319 2457 2375 ille
2511 2329 2614 2385 εει,
2665 2333 2695 2373 a
2745 2320 3125 2373 communione
3175 2319 3488 2390 repellatur.

1895 2416 2024 2472 Item
2052 2413 2367 2469 Christianis
2395 2412 2640 2468 convivia
2673 2411 3040 2466 interdicimus
3070 2410 3401 2479 Judaeorum,
3434 2414 3487 2470 in

1893 2509 2089 2580 quibus
2117 2509 2161 2564 si
2194 2509 2328 2564 forte
2361 2507 2527 2563 fuisse
2559 2506 2877 2575 probantur,
2910 2506 3122 2561 annuali
3177 2521 3489 2564 excommu-

1895 2602 2152 2659 nicationi
2178 2615 2274 2672 pro
2297 2599 2604 2669 huiusmodi
2631 2598 2970 2654 contumacia
3001 2598 3378 2669 subjacebunt.

2217 2690 2332 2746 XV.
2379 2689 2455 2745 De
2493 2690 2832 2746 celebratione
2874 2691 3167 2746 missarum.

1971 2785 2048 2841 De
2098 2784 2384 2839 missarum
2430 2782 2746 2838 celebritate
2810 2783 2862 2837 in
2913 2783 3193 2853 prarcipuis
3235 2783 3492 2841 duntaxat

1897 2878 2062 2948 256
2108 2874 2534 2930 solemnitatibus
2583 2876 2634 2928 id
2678 2873 2957 2930 observari
2987 2875 3225 2942 debebit,
3272 2887 3330 2930 ut
3357 2877 3488 2933 hora

1901 2970 2056 3024 tertia
2083 2969 2367 3022 missarum
2399 2968 2688 3023 celebratio
2720 2969 2773 3023 in
2807 2967 2898 3022 Dei
2932 2969 3153 3025 nomine
3183 2970 3486 3038 inchoetur,

1899 3077 2004 3131 quo
2042 3061 2250 3114 facilius
2297 3060 2433 3113 intra
2478 3059 2638 3113 horas
2683 3068 3092 3129 competentes,
3145 3062 3260 3130 ipso
3309 3061 3490 3119 officio

1901 3154 2170 3220 exliedito,
2206 3153 2514 3208 sacerdotes
2545 3153 2747 3220 possint
2775 3151 2840 3206 ad
2871 3154 3173 3220 vespertina
3205 3154 3402 3222 ofﬁcia,
3436 3155 3490 3212 id

1817 3227 1866 3289 ο
1897 3254 1980 3304 est
2009 3248 2060 3301 itt
2094 3247 2400 3316 vespertino
2427 3255 2668 3315 tempore
2712 3246 3001 3300 convenire
3033 3263 3045 3298 :
3079 3248 3201 3317 quia
3235 3248 3489 3302 sacerdo-

1898 3348 2006 3394 tem
2059 3337 2377 3407 vespertinis
2407 3337 2600 3392 ofﬁciis
2650 3337 2718 3390 ab
2765 3336 2997 3393 ecclesia
3052 3338 3243 3395 talibus
3270 3351 3490 3411 printer-

1896 3447 1959 3488 ea
1987 3430 2176 3486 diebus
2204 3446 2302 3486 nec
2330 3430 2484 3486 decet
2511 3430 2704 3486 deesse
2732 3445 2832 3485 nec
2862 3430 3140 3485 convenit.

1995 3523 2134 3579 XVI.
2176 3524 2258 3577 Ne
2287 3524 2553 3593 episcopus
2582 3523 2634 3577 in
2674 3521 2898 3577 alienam
2923 3524 3084 3577 irruat
3120 3521 3396 3584 dimccsini.

1971 3619 2263 3687 Episcopos
2315 3617 2366 3672 in
2413 3617 2630 3673 dimcesi
2679 3618 2851 3673 aliena
2897 3619 2962 3672 ad
3012 3619 3216 3673 alienos
3263 3619 3491 3678 clericos

1897 3710 2224 3767 ordinandas
2251 3709 2335 3764 vel
2364 3709 2730 3764 consecranda
2777 3710 2965 3764 altaria
3016 3709 3223 3765 irruere
3257 3725 3364 3766 non
3394 3711 3491 3768 de-

1901 3807 2028 3861 bere
2067 3821 2080 3857 :
2113 3804 2253 3874 quod
2285 3805 2328 3859 si
2360 3803 2602 3870 fecerint,
2654 3803 2875 3858 remotis
2908 3803 2991 3859 his
3020 3818 3155 3875 quos
3202 3805 3489 3861 ordinave-

1900 3899 2030 3963 rint,
2077 3896 2259 3951 altaris
2307 3905 2485 3951 tamen
2537 3896 2945 3951 consecratione
2994 3907 3265 3961 manente,
3313 3905 3491 3950 trans-

1901 4004 2176 4059 gressores
2220 4003 2487 4046 canonum
2515 3987 2584 4043 ab
2627 4002 2798 4042 annua
2849 3987 3132 4042 missarum
3180 3985 3490 4041 celebritate

1904 4081 2211 4136 cessabunt.

1978 4172 2138 4228 XVII.
2182 4171 2265 4226 Ne
2293 4171 2464 4225 clerici
2493 4171 2547 4224 in
2576 4170 2747 4226 aliena
2779 4169 2980 4224 civitate
3018 4177 3417 4223 commorantur.

1979 4266 2058 4322 De
2096 4268 2178 4321 his
2220 4279 2349 4321 vero
2400 4265 2614 4320 clericis
2662 4263 2749 4336 qui
2802 4263 2902 4318 sub
2931 4263 3168 4332 qualibet
3213 4264 3493 4320 occasione

1907 4369 2000 4415 aut
2027 4359 2340 4415 conditione
2376 4358 2428 4413 in
2458 4359 2684 4412 aliorum
2732 4355 3037 4412 civitatibus
3077 4356 3164 4411 vel
3207 4356 3492 4413 territoriis

1905 4453 2235 4508 crediderint
2265 4450 2681 4517 immorandum,
2710 4465 2812 4507 nec
2837 4449 2906 4504 ad
2937 4449 3181 4504 ultimum
3210 4450 3493 4508 clericatus

1907 4546 2166 4602 honorem
2199 4543 2403 4616 absque
2447 4544 2532 4601 sui
2574 4543 2812 4616 episcopi
2862 4542 3064 4614 scripto
3092 4543 3321 4600 debeant
3372 4561 3495 4615 pro-

1907 4638 2107 4693 moveri
2155 4647 2202 4690 °.

1953 4731 2137 4787 XVIII.
2182 4729 2261 4784 De
2285 4730 2480 4784 clericis
2507 4731 2593 4801 qui
2632 4747 2741 4785 sine
2766 4731 3195 4787 conmtendatitiis
3218 4743 3489 4803 vagantur.

1976 4822 2321 4894 Presbytero,
2348 4822 2578 4877 diacono
2611 4823 2694 4876 vel
2723 4824 3053 4879 subdiacouo
3097 4825 3212 4880 sine
3257 4829 3490 4896 episcopi

1909 4915 1990 4970 sui
2038 4915 2228 4971 litteris
2274 4915 2567 4969 ambulanti
2613 4913 2764 4983 juxta
2814 4923 3012 4970 statuta
3044 4916 3220 4986 priora
3253 4932 3494 4974 commu-

1910 5007 2127 5064 nionem
2158 5006 2335 5061 nullus
2365 5005 2662 5075 impendat.

2167 5099 2310 5155 XIX.
2355 5098 2432 5154 De
2470 5109 2623 5170 raptu
2661 5100 2914 5172 virginum
2951 5118 3237 5157 sacrarum.

1983 5193 2059 5248 De
2103 5191 2405 5261 raptoribus
2475 5190 2736 5262 virginum
2804 5207 3238 5251 consecratarum
3285 5191 3398 5248 sive
3441 5191 3495 5249 in

1912 5285 2183 5356 proposito
2233 5284 2333 5340 sub
2357 5283 2644 5343 devotione
2689 5287 2980 5345 viventium
3022 5288 3075 5342 id
3106 5287 3408 5353 statuimus,
3441 5296 3499 5343 ut

1911 5381 1954 5435 si
1996 5380 2115 5451 quis
2161 5389 2489 5436 consecrata:
2529 5381 2615 5436 vel
2669 5381 2897 5448 devotas,
2949 5382 3000 5436 id
3055 5391 3136 5436 est
3180 5379 3494 5449 religionem

1914 5471 2169 5544 professae
2222 5473 2326 5528 vim
2375 5473 2576 5531 inferre
2607 5471 3030 5545 praesumpserit,
3061 5486 3091 5526 a
3121 5473 3498 5531 communione

1917 5627 1926 5641 ε
1990 5618 2012 5646 ε
2035 5607 2422 5680 IE.,quousquc
2447 5619 2535 5664 aut
2564 5609 2632 5662 ad
2658 5607 3017 5661 discussionent
3049 5605 3237 5674 veniat,
3261 5617 3349 5662 aut
3369 5625 3496 5681 rem,

1918 5688 2148 5821 “05.43.,
2178 5753 2345 5808 valere
2376 5749 2780 5824 pronuntiarerit
2793 5754 2939 5824 justa
2968 5751 3177 5805 taxatio.

1989 5834 2014 5865 ο
2037 5824 2150 5896 .43.,
2184 5822 2550 5898 scriptumque
2576 5830 2824 5879 consensu
2849 5822 3060 5878 debeant
3088 5825 3393 5898 promoveri.
