4024 6350
520 342 631 404 283

1226 337 1608 411 conserto
1639 335 1969 407 essenon
2008 344 2067 403 s.
2108 338 2382 401 lSlDORO
2420 334 2687 400 IIISPAL.‘
2727 339 3083 400 ascensu.

3678 349 3801 409 ςιει

523 468 884 529 ecclesiastica
934 470 1102 543 usque
1147 460 1212 525 ad
1266 469 1468 526 exitum
1521 466 1809 539 repellatur
1834 507 1849 532 ,
1906 463 2098 519 viatico
2121 454 2180 520 Α
2204 454 2494 532 instigante
2518 454 2698 517 actum
2733 458 2897 518 fuisse
2923 447 3221 532 perpatuit,
3249 462 3439 523 rebelli
3468 470 3793 530 auctoritate

526 558 735 619 Ianthm
765 562 814 618 ei
844 559 897 618 in
928 558 1258 617 infirmitatis
1308 548 1549 629 periculo
1600 562 1899 613 reservato.
1949 553 2102 622 Quod

525 646 572 711 si
602 658 721 725 quas
751 654 899 725 rapta
930 652 1125 709 dicitur
1151 654 1271 708 cum
1304 650 1521 721 raptore
1569 649 1817 705 habitare
1866 662 2108 704 consen-

526 743 678 815 serit,
709 746 761 805 et
787 746 897 817 ipsa
926 742 1478 823 excdmmunieatione
1501 734 1661 799 simili
1694 743 1956 800 feriatur:
1987 754 2107 811 quas

526 838 698 895 forma"
747 834 801 894 et
846 833 913 893 de
958 834 1342 906 paenitentibus
1390 852 1454 892 ac
1502 833 1676 892 viduis
1724 837 1775 891 in
1832 836 2107 905 proposito

528 918 862 989 manentibus
911 924 1009 986 sub
1045 926 1381 987 districtione
1417 928 1774 987 ecclesiastica
1822 926 2107 983 'conservee

527 1024 633 1078 tu'r.
669 1023 817 1090 Quod
858 1023 900 1076 si
928 1022 1046 1092 quis
1092 1023 1347 1079 sacerdos
1375 1024 1550 1078 sciens
1580 1022 1882 1091 hujusmodi
1918 1035 2109 1091 perso-

528 1117 610 1168 nis
648 1114 1137 1183 communicavcrit,
1186 1130 1326 1170 anno
1375 1116 1584 1185 integro
1632 1112 1815 1186 pacem
1849 1113 2107 1171 Ecclesia:

527 1219 632 1258 non
663 1200 852 1259 liabebi
866 1215 902 1259 t.

780 1294 898 1350 XX.
944 1304 972 1334 ι
1013 1296 1089 1351 De
1110 1294 1476 1367 mnniﬁcentiis
1513 1296 1855 1377 sacerdotum.

595 1384 671 1440 De
700 1386 1075 1443 muniﬁcentiis
1104 1384 1230 1443 iero
1253 1388 1589 1444 sacerdotum
1612 1388 1662 1444 id
1689 1387 2105 1454 observandum,

522 1486 583 1531 ut
609 1476 653 1531 si
684 1476 809 1546 quid
839 1477 1092 1547 prmsentl
1141 1480 1381 1547 tempore
1426 1496 1453 1533 a
1485 1479 1698 1535 clericis
1751 1480 2108 1535 decedentum

524 1569 902 1624 muniﬁcentils
927 1570 1149 1625 habetur
1187 1572 1268 1625 vel
1300 1571 1601 1640 possidetur
1629 1571 1886 1639 deinceps
1918 1587 1947 1625 a
1981 1585 2105 1626 suc-

523 1660 828 1716 cessoribus
860 1661 1161 1717 nullatenus
1192 1662 1494 1728 auferatur;
1552 1663 1625 1719 ita
1657 1670 1716 1718 ut
1743 1663 1832 1732 qui
1862 1663 2110 1718 decesso-

527 1756 643 1806 t'um
686 1742 1013 1820 largitatib'us
1044 1746 1304 1823 gaudent,
1350 1753 1523 1810 ofﬁcia
1570 1756 1827 1819 ecclesite,
1862 1756 2114 1811 obedien-

529 1847 654 1900 tiam
686 1838 843 1918 251
892 1846 946 1901 et
982 1847 1229 1901 an‘ectum
1274 1848 1641 1904 sacerdotibus
1692 1846 1967 1917 praebeant
1996 1867 2008 1901 :
2043 1849 2110 1904 de

522 1936 713 2009 quibus
758 1940 934 1995 tamen
983 1941 1362 1995 muniﬁcentiis
1409 1946 1529 2011 qua:
1572 1940 1819 2009 praisenti
1871 1948 2111 2013 tempore

524 2032 593 2084 ab
616 2030 697 2084 bis
726 2032 865 2084 sicut
898 2030 1095 2085 dictum
1130 2039 1210 2086 est
1255 2030 1619 2102 possidentur,
1654 2034 1697 2088 si
1730 2034 1828 2103 pro
1852 2040 2109 2103 Opportu-

514 2122 689 2175 nilate
717 2120 968 2191 episeopo
1024 2104 1304 2191 placuerit,
1336 2123 1477 2194 quod
1510 2124 1734 2179 veloci-it
1779 2134 2111 2182 commutare

520 2213 643 2267 sine
688 2213 998 2279 accipientis
1029 2212 1309 2281 dispendio
1341 2214 1390 2270 in
1424 2212 1557 2272 locis
1589 2217 1707 2272 aliis
1729 2224 2109 2274 commutetur.

520 2303 602 2357 De
630 2304 1008 2359 mttnilicentiis
1034 2312 1161 2360 vero
1193 2308 1545 2375 praesentibus
1574 2323 1707 2377 quas
1740 2310 2111 2379 unusquisque

523 2394 735 2450 clericis
783 2402 879 2464 pro
926 2408 1022 2449 sua
1069 2392 1237 2466 gratia
1280 2402 1466 2453 eorum
1518 2399 1791 2469 obsequiis
1842 2401 2112 2456 existimat

516 2486 896 2552 cettferettdas,
922 2487 1057 2545 sicut
1108 2490 1159 2543 in
1193 2490 1418 2544 arbitrio
1449 2491 1625 2546 dantis
1656 2500 1739 2547 est
1772 2488 1826 2546 III.
1872 2493 2111 2551 tribuere

526 2580 718 2648 quibus
746 2580 971 2635 voluerit
1012 2581 1223 2645 debeat,
1257 2581 1329 2636 ita
1375 2583 1419 2638 si
1455 2583 1821 2642 inobedientia
1849 2586 1932 2641 vel
1982 2601 2110 2642 con-

531 2674 757 2726 tumacia
791 2674 840 2726 in
864 2672 1049 2741 aliqua
1082 2675 1395 2743 accipientis
1427 2679 1712 2745 exstiterit;
1747 2680 1900 2750 culpa
1932 2682 2110 2750 agnita

530 2762 581 2817 in
609 2762 831 2818 arbitrio
865 2764 936 2818 sit
971 2764 1305 2833 praesidentis
1337 2780 1513 2824 utrum
1540 2770 1625 2825 vel
1656 2771 1889 2841 qualiter
1917 2771 2112 2829 debeat

530 2850 792 2910 retinenti.

528 2939 670 3003 XXI.
715 2949 790 3003 De
812 2942 1006 3004 clericis
1033 2951 1121 3021 qui
1151 2955 1492 3021 monasteria,
1524 2956 1759 3012 ditat-eses
1779 2956 1856 3012 vel
1876 2958 2113 3017 basilicas

991 3024 1278 3091 suscipiunt
1308 3027 1644 3084 ordinandas.

602 3109 677 3166 De
709 3110 791 3167 bis
818 3128 946 3169 vero
974 3114 1291 3171 clericorum
1321 3119 1587 3187 personis,
1626 3121 1715 3190 qui
1740 3122 1808 3179 de
1831 3123 2111 3181 civitaten-

524 3204 602 3260 sis
630 3208 871 3263 ecclesiae
888 3209 1066 3266 ofﬁcio
1089 3214 1432 3279 monasteria,
1463 3214 1726 3271 dimceses
1754 3219 1835 3273 vel
1864 3218 2111 3275 basilicas

508 3297 587 3354 ,in
615 3299 1019 3370 quibuscunque
1069 3302 1199 3358 locis
1227 3305 1426 3373 positas
1448 3346 1462 3369 ,
1496 3306 1548 3361 id
1576 3319 1656 3362 est
1678 3308 1791 3364 sive
1822 3310 1873 3364 in
1899 3313 2112 3367 territo-

527 3390 623 3445 ri’s
654 3392 767 3447 sive
809 3393 861 3449 in
904 3395 1033 3463 ipsis
1075 3396 1378 3453 civitatibus
1422 3401 1721 3470 suscipiunt
1765 3404 2106 3473 ordinandas,

528 3481 580 3537 Tn
613 3492 874 3551 potestate
903 3485 973 3541 sit
1003 3485 1121 3558 [U.,
1145 3484 1239 3556 6.,
1273 3490 1549 3565 consistat]
1589 3493 1844 3565 episcopi,
1875 3496 1923 3551 si
1952 3498 2018 3552 de
2043 3512 2109 3553 co

510 3572 667 3642 quod
698 3582 823 3630 ante
851 3576 919 3632 de
944 3578 1308 3635 ecclesiastico
1340 3596 1561 3640 munere
1596 3584 1860 3644 habebant
1886 3603 1981 3644 eos
2009 3589 2110 3644 ali-

508 3664 653 3734 .quitl
677 3676 765 3722 aut
792 3668 924 3723 nihil
968 3669 1160 3725 exinde
1208 3672 1403 3730 habere
1449 3676 1714 3735 voluerit:
1748 3680 1871 3749 quia
1903 3682 2107 3738 unicui-

531 3772 635 3828 que
666 3758 887 3815 facultas
919 3764 1150 3833 suscepti
1182 3769 1492 3824 monasterii
1521 3810 1538 3834 ,
1587 3769 1835 3829 dimeesis
1857 3774 1939 3829 vel
1969 3775 2108 3832 basi-

508 3849 646 3906 licae
674 3848 868 3906 debeat
899 3852 1052 3920 plena
1082 3855 1289 3911 ratione
1314 3858 1584 3917 sufﬁt-ere.

851 3940 1017 3998 XXII.
1058 3941 1136 3998 De
1159 3947 1355 4003 clericis
1384 3952 1787 4010 contumacibus.

601 4028 657 4085 Si
686 4031 805 4100 quis
836 4034 1081 4102 superbia
1104 4035 1272 4094 elatus
1298 4038 1534 4097 ofﬁcium
1566 4058 1720 4099 suum
1748 4045 2110 4117 indignatione

523 4133 838 4191 quacunque
861 4123 1087 4194 implere
1112 4128 1357 4195 noluerit,
1377 4130 1527 4199 juxta
1552 4142 1747 4191 statuta
1772 4139 1950 4206 priora
1975 4141 2113 4197 iaica

523 4215 901 4271 communione
942 4227 1223 4274 contentus
1248 4262 1265 4287 ,
1295 4223 1361 4276 ab
1390 4226 1577 4281 ordine
1606 4229 1882 4299 depositus
1932 4234 2113 4289 tandiu

526 4304 787 4361 habeatur
815 4308 1042 4375 alienus,
1073 4312 1306 4380 quandiu
1332 4314 1513 4386 digna,
1544 4319 1682 4375 sicut
1710 4323 1969 4393 scriptum
2002 4336 2107 4393 est,

528 4396 839 4465 ptenitentia
884 4407 939 4453 et
973 4401 1358 4469 supplicatione
1410 4409 1772 4478 satisfecerit,
1843 4427 2112 4484 praesente

504 4484 806 4556 pontiﬁce;
838 4488 907 4541 ita
939 4496 1115 4545 tamen
1142 4501 1197 4547 ut
1238 4492 1342 4548 illis
1374 4498 1685 4567 regulariter
1713 4512 1767 4558 et
1794 4503 2108 4563 charitatem

526 4577 815 4648 integram,
845 4588 899 4635 et
925 4597 1256 4655 quzccunque
1285 4588 1363 4644 eis
1390 4590 1774 4661 stipendiorum
1792 4596 1943 4665 juxta
1974 4615 2105 4656 con-

528 4669 864 4728 Suetudinem
910 4674 1277 4748 redhibeatur,
1328 4697 1423 4752 pro
1467 4684 1721 4754 qualitate
1767 4688 1896 4746 foris
1942 4692 2105 4748 mini-

524 4768 758 4817 stretur:
814 4764 878 4843 de
923 4767 1117 4837 quibus
1160 4772 1205 4826 si
1255 4776 1472 4841 querela
1523 4778 1820 4847 procedat,
1868 4782 2104 4843 ofﬁcium

524 4864 688 4919 agens
714 4863 950 4910 recurrat
975 4859 1040 4912 ad
1070 4863 1355 4930 synodum.

579 4940 766 4997 XXIII.
814 4943 880 5000 Ut
899 4952 1136 5020 .Oppressi
1160 4954 1223 5006 ab
1249 4954 1485 5078 episcopo
1509 4957 1680 5014 clerici
1704 4962 1774 5016 ad
1798 4967 2053 5037 synodum

1170 5040 1412 5078 recurran
1446 5068 1457 5078 .

1170 5040 1457 5079 recurrant.

593 5104 646 5158 Si
676 5102 795 5174 quis
826 5107 1141 5165 Clericorum
1180 5112 1331 5182 juxta
1376 5133 1435 5171 se
1467 5120 1559 5175 aut
1597 5118 1984 5183 dist'rietionem
2016 5139 2107 5186 aut
2143 5098 2147 5101 Δ

525 5189 899 5254 tractationem
931 5202 1167 5271 episcopi
1198 5207 1279 5260 sui
1307 5208 1455 5277 putat
1482 5204 1765 5286 injustam,
1794 5217 1942 5289 juxta
1967 5221 2108 5277 anti-

525 5300 658 5354 quas
681 5292 1096 5351 consuetudines
1124 5310 1365 5356 recurrat
1388 5302 1452 5357 ad
1478 5307 1764 5376 synodum.

523 5374 711 5435 XXIV.
755 5379 830 5436 De
858 5382 1158 5441 clericorum
1183 5374 1648 5518 gensplirationibus
1687 5399 1741 5456 in
1776 5404 1970 5473 synodo
1997 5404 2109 5460 vin-

1221 5477 1333 5518 tean
1374 5481 1436 5518 is.

1221 5477 1436 5520 tcanats.

596 5540 651 5597 Si
677 5543 767 5613 qui
813 5544 1171 5620 clericorum,
1222 5563 1280 5610 ut
1319 5572 1488 5628 nuper
1516 5560 1700 5618 multis
1732 5563 1861 5622 locis
1892 5567 2105 5626 diabolo

594 5672 741 5761 eilia
770 5691 939 5761 canon
985 5682 1296 5756 desumptus
1323 5700 1497 5755 estex
1530 5692 1620 5749 Αἰ.
1650 5714 1662 5750 :
1701 5697 1857 5755 decet
1880 5701 1932 5759 iu
1977 5705 2104 5761 reii-

523 5746 1034 5874 ggi‘sl.e;tatt'zit;nobrcm
1084 5746 1325 5816 correcta
1340 5746 1343 5747 ν
1358 5746 1457 5819 est,
1468 5746 2100 5837 eaerdrﬁii'éiioii'ii

2209 564 2269 607 se
2300 551 2350 605 iu
2378 562 2541 606 unum
2572 552 2941 621 coniuratione
2970 553 3333 612 intercedente
3357 557 3709 630 collegerint,
3735 571 3791 620 et

2208 648 2298 700 aut
2327 649 2661 701 sacramenta
2690 646 2827 702 inter
2854 660 2914 701 se
2944 644 3067 702 data
3096 658 3188 703 aut
3214 649 3457 706 chartula
3483 655 3787 724 conscripta

2208 736 2372 792 fuisse
2413 738 2682 806 patuerit,
2754 738 2916 809 253
2976 734 3140 794 ntillls
3186 742 3625 799 excusationibus
3676 745 3793 804 hac

2207 829 2552 901 praesumptio
2579 826 2910 897 praevaletur,
2938 832 3031 885 sed
3060 844 3145 886 res
3173 832 3403 899 detecta,
3427 850 3548 890 cum
3580 837 3634 891 in
3664 852 3792 909 syn-

2207 922 2366 977 odum
2414 930 2629 977 ventum
2658 921 2821 976 luerit
2844 965 2859 988 ,
2894 923 2947 977 in
2982 924 3455 991 praesumptoribu‘s
3488 930 3638 997 juxta
3671 944 3791 1000 per-

2208 1026 2459 1069 sonarum
2491 1022 2546 1069 et
2576 1014 2820 1069 ordinum
2850 1016 3161 1085 qualitatem
3209 1031 3239 1071 a
3272 1019 3612 1087 pontificibus
3637 1064 3652 1088 ,
3698 1022 3791 1092 qui

2210 1102 2336 1161 ttmc
2381 1106 2437 1161 in
2481 1106 2645 1160 unum
2692 1105 2901 1161 collecti
2954 1105 3182 1173 fuerint,
3216 1108 3513 1165 vindicetur
3548 1109 3667 1183 [U.,
3700 1111 3793 1181 (ἐς,

2206 1196 2500 1267 jndicetur]
2526 1237 2541 1263 ,
2569 1198 2694 1266 quia
2718 1198 2857 1252 sicut
2886 1197 3122 1254 charitas
3160 1214 3227 1255 ex
3256 1202 3538 1270 praeceptis
3564 1202 3796 1262 domini-

2209 1291 2288 1344 eis
2310 1288 2493 1353 corde,
2527 1304 2633 1345 non
2664 1289 2924 1345 chartulae
2955 1291 3353 1360 conscriptione
3379 1301 3462 1348 est
3501 1294 3583 1349 vel
3605 1296 3794 1362 coniu-

2211 1381 2506 1437 rationibus
2536 1380 2853 1448 eshibenda,
2888 1382 2959 1437 ita
2982 1382 3123 1452 quod
3156 1398 3316 1452 supra
3340 1398 3522 1440 sacras
3549 1386 3795 1441 admitti-

2213 1483 2298 1529 tur
2327 1473 2631 1543 Scripturas
2676 1474 2997 1531 auctoritate
3040 1483 3097 1531 et
3142 1474 3473 1534 districtione
3503 1478 3794 1549 pontiﬁcali

2212 1573 2295 1622 est
2314 1566 2728 1630 reprimendum.

2328 1659 2495 1716 XXV.
2538 1660 2615 1716 De
2640 1661 2982 1716 oblationibus
3011 1662 3235 1717 ecclesias
3253 1679 3358 1719 non
3380 1666 3680 1721 retinendis.

2288 1752 2345 1809 Si
2377 1753 2496 1821 quis
2542 1768 2631 1807 res
2671 1752 2929 1808 Ecclesia:
2976 1752 3184 1809 debitas
3222 1756 3305 1811 vel
3353 1759 3599 1826 proprias
3622 1771 3795 1815 sacer-

2143 1813 2189 1877 B
2215 1842 2357 1899 dotis
2388 1813 2670 1899 horrenda
2704 1843 3007 1913 cupiditatis
3039 1844 3292 1902 instinctu
3321 1850 3686 1918 occupaverit,
3716 1866 3795 1908 re-

2215 1935 2438 1991 tintnerit
2462 1944 2557 1990 aut
2602 1950 2630 1988 a
2664 1944 2929 2004 potestate
2952 1951 3015 1991 ex
3062 1939 3445 2007 competitione
3475 1944 3792 2012 perceperit,

2213 2028 2261 2084 si
2285 2042 2377 2085 eas
2404 2043 2509 2085 non
2539 2028 2827 2083 restituerit
2853 2068 2869 2095 ,
2912 2028 3070 2084 nullis
3100 2029 3259 2086 rebus
3288 2041 3603 2096 excusetur;
3635 2034 3727 2089 sed
3753 2034 3795 2093 sl

2215 2119 2398 2187 agnito
2436 2120 2554 2187 jure
2601 2117 2847 2175 ecclesia:
2894 2134 3000 2175 non
3029 2120 3209 2176 statim
3238 2121 3482 2177 ecclesiae
3505 2124 3587 2177 vel
3617 2138 3795 2180 sacer-

2214 2210 2330 2267 doti
2356 2211 2756 2278 reformaverit,
2780 2221 2870 2267 aut
2898 2220 2954 2267 ut
2984 2213 3153 2282 ipsum
3177 2214 3261 2283 jus
3288 2228 3578 2282 agnoscere
3609 2218 3795 2286 possit,

2215 2301 2268 2356 in
2312 2301 2572 2371 judicium
2619 2302 2911 2358 electorum
2963 2302 3147 2359 venire
3194 2303 3501 2371 distulerit,
3546 2306 3727 2362 tandiu
3768 2322 3795 2362 a

2214 2391 2592 2449 communione
2644 2394 3011 2450 ecclesiastica
3038 2396 3412 2465 suspendatur,
3455 2397 3683 2466 quandiu
3712 2414 3796 2455 re-

2213 2485 2414 2543 atitutis
2456 2487 2618 2542 rebus
2663 2495 2770 2542 tam
2818 2487 3062 2543 ecclesire
3086 2503 3241 2557 quam
3285 2489 3649 2545 sacerdotibus
3674 2490 3800 2547 red-

2214 2576 2372 2634 datur
2420 2579 2705 2635 indemnis.
2766 2578 2970 2636 Similis
3015 2580 3174 2636 etiam
3220 2581 3303 2638 bis
3330 2621 3346 2646 ,
3388 2581 3479 2653 qui
3507 2581 3797 2640 oblationes

2214 2667 2587 2725 defunctorum
2618 2671 2865 2740 iegaliter
2892 2672 3143 2729 dimissa:
3169 2674 3408 2744 quolibet
3448 2674 3638 2730 ordine
3670 2677 3797 2733 assi-

2215 2777 2383 2832 gnare
2411 2762 2737 2819 tardaverint
2762 2763 2847 2820 vel
2878 2766 3109 2821 retinere
3131 2768 3591 2836 praesumpserint,
3617 2766 3796 2823 distri-

2215 2856 2410 2912 ctionis
2461 2856 2839 2913 ecclesiastica:
2880 2857 3027 2927 juxta
3082 2859 3287 2929 priores
3340 2872 3572 2916 canones
3635 2859 3797 2915 forma

2216 2956 2503 3006 servetur:
2534 2950 2692 3005 simili
2723 2952 2883 3006 etiam
2916 2951 3197 3008 sententiae
3221 2951 3554 3029 subjacebit,
3586 2953 3632 3010 si
3656 2955 3797 3025 quis-

2215 3040 2338 3109 quis
2362 3040 2452 3097 iile
2478 3040 2716 3110 quolibet
2760 3042 2950 3099 ordine
2976 3043 3119 3114 quod
3146 3059 3243 3114 pro
3273 3043 3561 3102 devotione
3603 3060 3699 3103 sua
3722 3061 3798 3104 ec-

2218 3131 2396 3188 clesiis
2425 3133 2574 3189 dedit
2599 3149 2857 3192 revocare
2879 3136 3299 3207 praesumpserit.

2257 3222 2446 3279 XXVI.
2488 3224 2565 3280 De
2593 3227 2742 3281 rebus
2767 3226 3011 3303 Ecclesia;
3046 3228 3235 3303 absque
3263 3244 3513 3285 consensu
3542 3229 3766 3302 episcopi
3782 3236 3799 3303 j

2776 3315 2888 3369 non
2930 3298 3235 3353 alienandis.

2291 3370 2605 3453 Abbatibus,
2642 3387 2971 3459 presbyteris
3003 3391 3317 3461 cazterisquc
3339 3392 3599 3450 ministris
3632 3395 3700 3452 de
3720 3411 3800 3453 re-

2214 3466 2313 3532 bns
2343 3476 2723 3535 ecclesiasticis
2767 3480 2851 3536 vei
2897 3494 3051 3538 sacro
3097 3483 3395 3540 ministerio
3445 3487 3680 3545 alienare
3723 3488 3800 3546 vel

2217 3556 2459 3638 obligare
2501 3569 2702 3640 absque
2755 3562 3018 3642 permissu
3066 3582 3119 3629 et
3144 3574 3541 3645 subscriptione
3570 3579 3801 3650 episcopi

2212 3658 2295 3714 sui
2346 3657 2475 3714 nihil
2520 3659 2713 3716 liceat:
2744 3662 2883 3731 quod
2921 3662 3011 3733 qui
3050 3666 3451 3736 praesumpserit
3481 3666 3802 3741 degradetur

2213 3751 2361 3825 [/E.,
2415 3751 2755 3826 regradetur]
2802 3744 3177 3812 communione
3236 3773 3513 3827 concessa,
3569 3773 3624 3817 et
3665 3763 3802 3835 quod

2215 3856 2418 3902 temere
2465 3856 2846 3917 prmsumptum
2896 3858 2949 3904 et
3001 3848 3291 3905 alienatum
3340 3860 3424 3908 est
3467 3852 3804 3911 ordinatione

2213 3937 2456 4007 episcopi
2488 3924 2793 3994 revocetur.

2285 4026 2499 4083 XXVII.
2540 4028 2619 4084 De
2656 4032 2905 4101 juvenum
2935 4042 2979 4088 et
3003 4035 3395 4107 conjugalorum
3419 4040 3728 4109 paenitentia.

2286 4119 2365 4176 De
2417 4122 2771 4191 paenitentum
2823 4125 3217 4195 conversione,
3256 4138 3414 4186 utne
3439 4130 3559 4200 quis
3587 4130 3800 4188 benedi-

2216 4213 2450 4268 ctionem
2500 4216 2828 4285 poenitentia:
2870 4217 3158 4289 juvenibus
3206 4221 3355 4294 [Αῑη
3386 4223 3509 4278 add.
3542 4224 3798 4297 personis]

2216 4302 2436 4359 credere
2480 4317 2803 4374 praesumat:
2846 4318 2992 4365 certe
3032 4311 3329 4381 conjugatis
3357 4313 3459 4369 nisi
3491 4329 3557 4370 ex
3579 4330 3799 4371 consen-

2215 4408 2279 4449 su
2311 4395 2539 4463 partium
2569 4406 2623 4453 et
2647 4405 2803 4455 aetate
2822 4398 2931 4469 jam
2963 4401 3119 4471 plena
3156 4418 3275 4460 eam
3297 4403 3425 4461 dare
3446 4420 3554 4462 non
3584 4407 3804 4481 audeat.

2216 4503 2456 4564 XXVIII.
2496 4508 2574 4564 De
2602 4509 2683 4565 Itis
2709 4512 2795 4582 qui
2836 4524 3073 4586 suscepta
3113 4518 3408 4586 pamilentia
3432 4520 3503 4575 ad
3528 4522 3797 4577 swcnlaria

2835 4596 3178 4643 revertuntur.

2280 4692 2338 4749 Si
2366 4694 2485 4764 quis
2515 4695 2883 4755 benedictione
2927 4703 3258 4773 ptenitentite
3301 4716 3550 4779 suscepta
3590 4710 3659 4765 ad
3700 4723 3797 4767 sa-

2212 4785 2449 4841 cularem
2498 4786 2732 4845 habitum
2779 4790 2938 4864 [1:1,
2988 4795 3267 4869 ambitum]
3319 4800 3674 4874 militiamque
3713 4818 3797 4861 re-

2211 4880 2347 4933 verti
2376 4881 2539 4953 259
2568 4887 2990 4954 praesumpserit,
3023 4888 3219 4946 viatico
3246 4903 3507 4952 concesso
3538 4892 3709 4969 usque
3730 4898 3796 4955 ad

2210 4970 2408 5027 exitum
2449 4977 3023 5060 excommuniCatione
3042 4980 3320 5051 plectatur.

2511 5092 2705 5151 XXIX.
2746 5088 2827 5154 De
2850 5103 3009 5158 servis
3039 5098 3140 5159 non
3168 5092 3493 5167 ordinandis.

2279 5204 2346 5262 Ut
2392 5207 2567 5265 nullus
2617 5213 2904 5273 servilibus
2948 5212 3342 5295 colonariisque
3396 5227 3794 5291 conditionibus

2206 5294 2468 5370 obligatus
2502 5298 2664 5381 juxta
2703 5296 2900 5364 statuta
2950 5298 3092 5368 sedis
3122 5294 3432 5383 apostolica:
3460 5321 3526 5375 ad
3560 5322 3793 5383 honores

2204 5388 2601 5451 ceciesiasticos
2650 5399 2966 5458 admittatur
2990 5444 3007 5472 ,
3058 5404 3157 5460 nisi
3204 5407 3352 5477 prius
3384 5420 3475 5465 aut
3505 5426 3601 5484 per
3634 5424 3794 5472 testa-

2204 5484 2442 5541 mentum
2507 5484 2600 5545 aut
2648 5506 2742 5563 per
2794 5495 2999 5551 tabulas
3040 5512 3163 5554 eum
3210 5499 3448 5572 legitime
3492 5492 3792 5565 constiterit

2202 5575 2507 5669 absolutum
2537 5598 2549 5635 :
2582 5584 2726 5655 quod
2755 5586 2801 5641 si
2826 5588 2943 5657 quis
2974 5592 3349 5662 episcoporum
3376 5635 3393 5661 ,
3424 5596 3542 5668 ejus
3580 5601 3671 5669 qui
3697 5616 3789 5657 or-

2202 5666 2413 5725 dinatur
2451 5674 2815 5759 conditionem
2858 5681 3072 5751 sciens,
3118 5687 3414 5757 transgredi
3445 5666 3542 5760 per
3570 5666 3789 5747 ordina-

2201 5757 2399 5853 tionem
2432 5756 2707 5822 inb‘ibitam
2748 5762 2977 5829 fortasse
3006 5774 3233 5835 voluerit
3254 5756 3427 5848 ,θεληηί
3446 5756 3630 5853 spatio
3657 5782 3788 5841 mlas

2202 5850 2290 5910 sas
2322 5851 2496 5913 facere
2519 5872 2627 5917 non
2660 5872 2967 5932 praesumat.
