4024 6350
591 376 3856 415 MM

2022 496 2388 574 XXXIII

1506 642 2173 731 CONCILIUM
2245 642 2947 732 EPAUNENSE

1674 827 1919 873 VIGINTI
1962 824 2263 880 quercea
2307 814 2335 847 ⁸
2380 825 2846 874 evisceratum.

697 959 738 1017 I.
780 956 904 1015 Non
931 955 1083 1011 liceat
1111 956 1385 1025 episcopis,
1417 956 1743 1028 presbyteris.
1769 958 2070 1014 diaconibus

787 1044 935 1084 canes
963 1030 1033 1083 ad
1062 1028 1345 1083 venandum
1376 1029 1454 1083 vel
1479 1030 1747 1100 accipitres
1775 1033 1979 1085 habere.

666 1124 944 1192 Episcopis
966 1165 982 1190 ,
1028 1120 1392 1193 presbyteris,
1438 1120 1756 1177 diaconibus
1794 1136 1960 1179 canes
1987 1122 2052 1178 ad
2084 1137 2179 1179 ve-

592 1216 822 1273 nandum
865 1227 920 1271 et
965 1216 1253 1284 accipitres
1303 1214 1501 1271 habere
1542 1230 1649 1271 non
1698 1216 1896 1272 liceat:
1948 1216 2089 1288 quod
2134 1217 2181 1273 si

588 1310 707 1381 quis
736 1308 917 1364 talium
948 1321 1299 1376 personarum
1330 1306 1383 1361 in
1416 1306 1517 1362 hac
1545 1304 1707 1363 fuerit
1734 1307 2003 1363 voluntate
2031 1308 2180 1364 dete-

592 1416 729 1470 ctus,
763 1406 806 1459 si
834 1402 1119 1473 episcopus
1144 1411 1250 1468 est,
1282 1403 1451 1458 tribus
1480 1401 1754 1459 mensibus
1784 1417 1844 1457 se
1874 1418 1905 1457 a
1932 1418 2178 1459 commu-

594 1498 761 1554 nione
795 1493 1121 1566 suspendat,
1146 1492 1355 1547 duobus
1383 1491 1666 1564 presbyter
1690 1490 2043 1559 abstineatur,
2072 1506 2179 1549 uno

590 1589 845 1644 diaconus
874 1584 942 1639 ab
969 1584 1114 1640 omni
1142 1584 1321 1640 olficio
1350 1594 1405 1639 et
1430 1585 1807 1642 communione
1836 1586 2091 1643 cessabit.

700 1684 761 1739 Il.
807 1680 882 1739 De
911 1682 1216 1755 presbyteris
1244 1683 1321 1755 vel
1348 1682 1648 1755 diaconibus
1677 1682 1787 1738 sine
1813 1682 2045 1754 epistolis

1158 1754 1613 1825 proficiscentibus.

668 1844 991 1918 Presbytero
1018 1844 1103 1900 vel
1135 1844 1366 1900 diacono
1394 1845 1511 1900 sine
1540 1844 1796 1899 antistitis
1823 1844 1903 1900 sui
1934 1844 2179 1916 epistolis

592 1938 883 1994 ambulanti
913 1939 1345 1995 communionem
1377 1939 1557 1993 nullus
1589 1938 1888 2008 impendat.

660 2024 747 2084 Ill.
782 2026 858 2082 De
880 2026 1185 2113 presbyteris
1214 2030 1302 2111 qui
1328 2029 1658 2111 distraa'erint
1687 2029 1751 2083 de
1778 2029 2109 2086 ecclesiastici

1125 2116 1266 2171 Jun!
1292 2116 1627 2173 possessione.

665 2187 933 2260 Quidquid
976 2191 1356 2261 parochiarttm
1401 2191 1701 2263 presbyteri
1728 2193 1798 2249 tle
1824 2193 2177 2253 ecclesiastici

589 2279 728 2352 juris
760 2282 1104 2352 possessione
1130 2282 1508 2347 distraxerint,
1537 2284 1695 2339 inane
1723 2284 1980 2342 habeatur
2003 2296 2057 2343 et
2084 2302 2175 2343 vae

589 2386 782 2429 cuum:
815 2374 867 2428 in
896 2374 1179 2429 venditare
1205 2376 1568 2444 comparentis
1600 2377 1739 2432 actio
1765 2378 2095 2435 reservanda
2125 2378 2175 2438 δ.

787 2464 874 2522 IV.
915 2464 990 2519 De
1014 2466 1308 2537 presbytero
1336 2469 1425 2537 qui
1453 2468 1713 2523 dimcesem
1744 2472 1977 2527 tenuerit.

667 2555 957 2629 Presbyter
983 2556 1111 2612 dum
1142 2558 1432 2615 dimcesem
1464 2568 1608 2616 tenet
1634 2560 1702 2615 de
1733 2562 1816 2618 bis
1845 2578 1963 2633 quae
1992 2570 2178 2620 tenue-

602 2650 675 2706 rit
708 2660 730 2688 ε
762 2659 852 2706 aut
878 2650 1119 2706 ecclesiae
1152 2651 1369 2706 nomine
1397 2653 1716 2723 scripturam
1757 2654 1947 2721 faciat,
1990 2664 2083 2711 aut
2110 2656 2179 2713 ab

591 2740 709 2813 eius
739 2756 897 2814 quam
932 2744 1109 2799 tenuit
1135 2734 1380 2799 ecclesiae
1410 2743 1748 2801 ordinatione
1786 2745 2047 2804 discedat.
2093 2746 2179 2805 Si-

589 2834 732 2892 milis
770 2849 984 2905 quoque
1024 2834 1091 2891 de
1121 2833 1546 2904 venditionibus,
1579 2851 1713 2907 quas
1741 2838 1968 2894 abbates
1999 2838 2177 2895 facere

592 2926 1069 2998 praesumpserint,
1106 2926 1274 2983 forma
1306 2926 1624 2996 servabitur,
1660 2937 1721 2985 ut
1760 2929 2016 3001 quidquid
2058 2931 2177 2987 sine

585 3022 963 3094 episcoporum
1007 3020 1194 3078 notitia
1238 3021 1516 3079 venditum
1557 3022 1721 3079 fuerit
1758 3024 1824 3079 ad
1857 3033 2175 3095 potestatem

585 3117 822 3186 episcopi
853 3125 1165 3179 revocetur;
1198 3115 1458 3186 mancipia
1471 3130 1600 3172 vero
1623 3116 1902 3172 monachis
1925 3116 2121 3172 donata
2147 3112 2176 3154 (ι

585 3206 656 3263 ab
707 3207 898 3263 abbate
952 3222 1058 3262 non
1102 3207 1260 3263 liceat
1305 3208 1611 3265 manumitti
1660 3226 1673 3263 :
1728 3207 1984 3279 injustum
2032 3210 2174 3266 enim

591 3309 842 3370 putamus
874 3306 932 3353 ut
962 3298 1243 3353 monachis
1284 3299 1654 3367 quotidianum
1699 3300 1877 3354 rurale
1914 3314 2051 3370 opus
2092 3300 2174 3357 fa-

589 3392 857 3449 cientibus
883 3390 1026 3447 servi
1056 3404 1245 3446 eorum
1277 3388 1540 3446 libertatis
1567 3390 1681 3446 otio
1712 3391 1980 3461 potiantur

714 3484 782 3543 V.
825 3483 910 3540 Ns
937 3500 1067 3539 unus
1095 3484 1250 3540 abbas
1280 3485 1477 3539 duobus
1509 3486 1683 3554 praesit
1712 3489 2050 3544 monasteriis.

669 3575 841 3633 Unum
882 3576 1132 3634 abbatem
1175 3576 1387 3634 duobus
1428 3576 1769 3635 monasteriis
1809 3579 2177 3638 interdicimus

586 3670 899 3744 praesidere.

792 3768 880 3824 VI.
925 3765 999 3822 De
1037 3765 1181 3821 cellis
1205 3765 1349 3821 novis
1379 3774 1426 3822 et
1455 3766 1973 3840 congregatiunculis.

659 3856 833 3914 Cellas
861 3856 950 3930 [Τ.
981 3859 1004 3913 I
1033 3897 1048 3925 ,
1074 3856 1110 3910 Ξ
1130 3900 1145 3923 ,
1174 3854 1420 3928 cellulas]
1451 3870 1618 3913 novas
1644 3867 1737 3912 aut
1764 3858 2175 3931 congregatiun-

592 3950 746 4008 eules
774 3948 1162 4006 monachorum
1194 3948 1399 4020 absque
1425 3948 1617 4006 notitia
1646 3949 1887 4023 episcopi
1919 3951 2176 4023 prohibe-

588 4057 708 4100 mus
739 4042 969 4099 institui.
2036 4029 2074 4039 ”
2152 4036 2161 4045 ’

588 4156 704 4217 VII.
745 4155 830 4213 Ne
865 4156 1035 4212 clerici
1060 4156 1168 4213 sine
1190 4148 1518 4230 ordinatione
1546 4155 1773 4228 episcopi
1799 4156 1885 4213 sui
1910 4156 2175 4230 publicum

1142 4228 1286 4284 adire
1316 4236 1648 4299 prwsumant.

661 4342 861 4401 Clerici
888 4342 1004 4400 siue
1033 4341 1372 4400 ordinatione
1399 4343 1635 4414 episcopi
1678 4343 1759 4401 sui
1796 4342 1946 4402 adire
1978 4345 2063 4402 vel
2094 4345 2180 4403 in-

594 4435 881 4507 terpellare
932 4433 1203 4505 publicum
1235 4449 1342 4490 non
1374 4446 1705 4505 praesumant
1731 4454 1747 4503 ;
1778 4436 1872 4493 sed
1902 4437 1952 4493 si
1984 4439 2178 4508 pulsati

589 4528 816 4595 fuerint,
846 4527 997 4595 sequi
1027 4525 1093 4582 ad
1123 4527 1378 4583 smculare
1399 4526 1657 4597 judicium
1687 4542 1792 4584 non
1823 4539 2122 4589 morentur.

699 4619 856 4691 263
900 4617 1034 4673 VIII.
1069 4616 1146 4672 De
1170 4616 1318 4672 rebus
1351 4616 1595 4672 Ecclesia
1624 4633 1727 4673 non
1755 4619 2066 4675 alienandis.

662 4711 847 4768 Nullus
876 4709 1161 4781 episcopus
1190 4710 1257 4765 de
1285 4709 1445 4765 rebus
1477 4708 1730 4764 Ecclesiae
1759 4724 1871 4765 suae
1907 4711 2023 4767 sine
2049 4725 2179 4766 con-

590 4807 814 4862 screntia
864 4803 1263 4874 metropolitani
1306 4802 1390 4858 sui
1428 4802 1697 4859 vendendi
1739 4801 1938 4874 aliquid
1984 4802 2178 4860 habeat

592 4906 955 4969 potestatem,
1014 4895 1132 4952 utili
1188 4902 1362 4951 tamen
1436 4894 1687 4951 omnibus
1758 4895 2178 4952 commutatione

589 4992 849 5064 permissa
884 5001 931 5046 ε.

805 5086 895 5143 IX.
925 5086 1002 5140 De
1027 5085 1223 5143 clericis
1251 5085 1373 5159 falsi
1402 5084 1677 5142 testimonii
1703 5083 1963 5139 convictis.

662 5180 715 5235 Si
745 5179 866 5251 quis
897 5176 1127 5235 clericus
1157 5178 1209 5234 in
1242 5178 1377 5234 falso
1405 5177 1715 5235 testimonio
1752 5176 2027 5233 convictus
2057 5173 2177 5231 fue—

595 5271 652 5331 rit
672 5312 688 5341 ,
726 5288 850 5329 reus
878 5272 1122 5343 capitalis
1151 5273 1395 5329 criminis
1422 5280 1731 5329 censeatur.

950 5363 1019 5419 X.
1065 5364 1140 5420 De
1169 5365 1521 5434 munificentia
1552 5362 1821 5436 Ecclesia.

663 5453 915 5526 Quisquis
943 5457 1172 5515 clericus
1198 5457 1398 5531 aliquid
1425 5456 1494 5512 de
1522 5454 1886 5512 muniﬁcentia
1916 5452 2169 5510 Ecclesia

660 5617 693 5695 ξ·
736 5612 812 5666 Es
837 5611 895 5668 Β.
918 5612 1009 5677 Β..
1120 5614 1172 5696 I,
1190 5613 1246 5681 Ω,
1266 5611 1358 5695 IL,
1383 5610 2176 5696 9.,desutnptus[estlnutnerus

590 5684 962 5754 episeopnruut
989 5686 1077 5754 qui
1107 5679 1259 5739 deest
1287 5686 1337 5737 in
1372 5686 1435 5738 Α.
1469 5693 1524 5737 et
1558 5682 1775 5754 reliquis
1804 5679 2112 5737 Codicibus.

663 5752 690 5793 δ
730 5755 792 5810 Β.
819 5753 908 5812 Β..
937 5753 993 5808 Τ-
1031 5754 1086 5812 1.
1115 5756 1169 5812 2.
1201 5756 1516 5812 reret-tende.

662 5832 690 5913 ξ
727 5794 795 5883 ΞΣ
819 5794 912 5898 iii:
943 5794 1360 5900 ὐμξόζὶίιῖἑῖἐιζ

2201 958 2257 1021 Α
2282 957 2371 1014 cui
2400 960 2663 1015 servierat
2691 960 2954 1030 adeptus,
2986 968 3042 1018 et
3081 959 3151 1017 ad
3192 975 3462 1023 summum
3506 967 3873 1034 sacerdotium

2278 1052 2501 1108 alterius
2525 1052 2761 1109 civitatis
2787 1062 2871 1109 est
2897 1064 2989 1110 aut
3032 1054 3192 1112 fuerit
3218 1059 3528 1130 ordinatus,
3559 1066 3702 1136 quod
3730 1068 3870 1128 dono

2278 1142 2487 1215 accepit
2514 1145 2600 1202 vel
2629 1148 2899 1216 acceperit
2927 1148 3159 1216 reddat;
3189 1152 3329 1222 quod
3363 1168 3462 1211 usu
3502 1157 3585 1213 vel
3630 1164 3870 1233 proprie.

2280 1246 2392 1295 tate
2418 1239 2713 1296 secundum
2742 1240 3087 1299 instrumenti
3110 1243 3308 1302 seriem
3335 1247 3650 1318 probabitur
3674 1254 3868 1313 emisse

2279 1334 2576 1405 possideat.

2423 1425 2516 1483 XI.
2544 1425 2624 1482 De
2651 1427 3002 1483 htereticorum
3028 1429 3106 1484 uel
3128 1429 3435 1487 Judceorum
3459 1436 3722 1493 conviciis.

2351 1518 2408 1573 Si
2455 1520 2749 1590 superioris
2797 1519 2900 1575 loci
2946 1520 3174 1577 clericus
3220 1523 3458 1581 haeretici
3504 1527 3866 1603 cujuscunque

2279 1608 2462 1665 clerici
2490 1610 2738 1666 convivio
2771 1610 3071 1667 interfuerit
3091 1654 3106 1679 ,
3134 1613 3259 1670 anni
3287 1616 3517 1684 spatium
3552 1618 3643 1694 [Τ.
3673 1623 3724 1688 I,
3750 1638 3865 1694 spa-

2281 1701 2376 1775 tio]
2410 1719 2598 1773 panem
2633 1701 2731 1777 [B.
2771 1704 2832 1760 fl.
2858 1749 2874 1772 ,
2906 1705 2968 1761 Τ.
3003 1706 3029 1760 I
3060 1747 3076 1773 ,
3103 1706 3172 1770 2,
3205 1709 3429 1783 pacem]
3464 1712 3721 1771 Ecclesia
3765 1734 3865 1776 non

2281 1796 2546 1855 habebit:
2607 1798 2747 1868 quod
2802 1797 3045 1867 juniores
3100 1799 3285 1857 clerici
3332 1804 3378 1858 si
3426 1812 3864 1880 praesumpserint

2284 1889 2633 1961 vapulabunt.
2662 1892 2703 1945 A
2733 1889 3039 1946 Iudaeorum
3072 1907 3199 1949 vero
3226 1897 3485 1953 conviviis
3512 1899 3675 1956 etiam
3707 1902 3862 1961 laicus

2279 1984 2599 2040 constitutio
2644 1994 2825 2041 nostra
2868 1985 3175 2056 prohibuit,
3220 2004 3319 2045 nec
3358 2003 3478 2045 cum
3522 1992 3634 2046 ullo
3671 1994 3861 2050 clerico

2282 2086 2468 2133 nostro
2500 2091 2690 2146 panem
2721 2078 2971 2135 comedat
2997 2078 3241 2152 quisquis
3267 2081 3577 2140 Iudaeorum
3622 2086 3861 2145 convivio

2281 2168 2441 2227 fuerit
2468 2169 2805 2242 inquinatus.

2711 2264 2823 2321 XII.
2854 2264 2930 2321 De
2954 2267 3128 2322 dando
3151 2266 3442 2325 chrismate.

2352 2356 2699 2431 Presbyteros
2739 2372 2960 2430 propter
2999 2361 3223 2419 salutem
3264 2363 3591 2432 animarum,
3620 2380 3780 2436 quam
3810 2365 3865 2423 in

2278 2450 2491 2506 cunctis
2519 2458 2800 2522 optamus,
2834 2452 3137 2523 desperatis
3178 2462 3234 2510 et
3273 2454 3715 2512 decumbentibus
3754 2455 3868 2513 bae-

2278 2543 2494 2609 reticis,
2524 2543 2569 2598 si
2597 2544 3007 2600 conversionem
3036 2559 3191 2601 suam
3222 2547 3451 2602 subitam
3480 2557 3697 2618 petant,
3726 2548 3865 2605 chri-

2278 2646 2451 2693 smate
2483 2638 2841 2708 permittimus
2873 2639 3200 2697 subvenire:
3243 2640 3387 2713 quod
3416 2657 3608 2698 omnes
3636 2658 3858 2702 conver-

2278 2731 2390 2788 auri
2421 2731 2467 2787 si
2498 2732 2613 2789 sani
2641 2740 2767 2785 sunt
2794 2731 2863 2787 ab
2893 2734 3147 2804 episcopo
3176 2736 3424 2790 noverint
3453 2737 3826 2807 expetendum.

2653 2823 2789 2878 XIII.
2834 2823 2911 2878 De
2937 2826 3163 2897 episcopi
3189 2834 3507 2884 testamento.

2351 2916 2407 2973 Si
2449 2915 2739 2988 episcopus
2765 2916 2989 2972 condito
3021 2928 3342 2976 testamento
3372 2921 3572 2991 aliquid
3599 2922 3670 2981 de
3698 2923 3862 2981 cccle-

2278 3009 2479 3067 siastici
2504 3010 2640 3081 juris
2674 3011 3004 3081 proprietate
3030 3009 3290 3082 legaverit
3309 3053 3323 3075 .
3348 3012 3508 3069 aliter
3533 3030 3639 3070 non
3669 3017 3860 3072 valebit

2278 3102 2380 3159 nisi
2406 3102 2487 3159 vel
2516 3110 2719 3157 tantum
2745 3102 2814 3157 de
2834 3100 2972 3172 juris
2999 3103 3201 3174 proprii
3233 3102 3488 3161 facultate
3513 3108 3857 3179 suppleverit.

2455 3216 2597 3275 XIV.
2638 3215 2718 3273 De
2744 3215 2823 3272 Itis
2851 3217 2940 3288 qui
2968 3218 3430 3273 remunerationem
3456 3218 3688 3276 ecclesia:

2899 3290 3232 3359 possederint.

2349 3380 2545 3438 Clerici
2573 3379 2718 3452 quod
2751 3380 2913 3437 etiam
2943 3379 3061 3437 sine
3110 3381 3427 3451 precatoriis
3466 3382 3708 3454 qualibet
3742 3384 3859 3442 diu.

2278 3474 2537 3531 turnitate
2568 3473 2827 3545 temporis
2858 3472 2926 3528 de
2952 3473 3195 3529 ecclesia:
3226 3476 3661 3532 remuneratione
3690 3490 3864 3548 posse-

2277 3567 2483 3634 derint,
2517 3583 2639 3625 cum
2671 3566 2989 3623 auctoritate
3015 3566 3219 3623 domini
3253 3568 3628 3638 gloriosissimi
3671 3569 3864 3639 princi-

2205 3696 2253 3763 ο
2282 3662 2365 3734 pis
2388 3661 2556 3718 nostri
2569 3659 2632 3763 in
2653 3660 2775 3730 jure
2802 3660 3212 3762 proprietarium
3245 3659 3363 3733 [1]..
3387 3662 3439 3718 in
3456 3661 3547 3763 ius
3568 3660 3865 3740 proprium]

2284 3753 2691 3824 praescriptione
2718 3749 2977 3821 temporis
3018 3765 3126 3807 non
3164 3760 3406 3821 vocetur,
3437 3751 3731 3812 dummodo
3758 3769 3857 3827 pa-

2283 3853 2393 3903 teat
2420 3842 2663 3901 ecclesiae
2692 3856 2806 3898 rem
2833 3842 3023 3897 fuisse.

2353 3959 2516 4033 264
2552 3957 2675 4033 XV.
2706 3956 2785 4014 De
2808 3958 3025 4033 diacono
3052 3966 3139 4013 aut
3168 3959 3461 4033 presbytero
3490 3960 3574 4031 qui
3604 3949 3800 4018 crimen

2640 4030 2666 4039 “
2774 4030 2997 4101 capitale
3033 4030 3362 4086 commiserit.

2352 4146 2410 4204 Si
2450 4145 2713 4203 diaconus
2750 4153 2843 4202 aut
2882 4143 3165 4216 presbyter
3201 4141 3404 4200 crimen
3441 4142 3672 4215 capitale
3692 4142 3873 4202 admi-

2280 4239 2446 4308 serit,
2493 4239 2562 4294 ab
2602 4236 2767 4294 ofﬁcii
2816 4235 3021 4293 honore
3062 4234 3339 4306 depositus
3378 4236 3436 4291 in
3479 4238 3871 4296 monasterium

2281 4337 2631 4405 retrudatur,
2697 4334 2878 4407 ibique
2938 4330 3313 4389 tantummodo
3372 4332 3608 4403 quandiu
3668 4330 3872 4392 vixerit

2282 4427 2664 4489 communione
2692 4423 2973 4482 sumenda.

2288 4548 2307 4587 ξ
2607 4518 2750 4576 XVI.
2792 4517 2872 4572 De
2900 4515 3218 4590 professione
3244 4517 3545 4586 reformata.

2283 4619 2290 4634 '
2356 4615 2414 4673 Si
2442 4613 2563 4686 quis
2590 4621 2809 4683 accepta
2853 4608 3204 4680 professaque
3244 4606 3554 4678 poenitentia
3592 4603 3715 4663 boni
3758 4608 3873 4662 Im-

2281 4723 2491 4766 memor
2514 4706 2581 4763 ad
2609 4703 2885 4763 saecularia
2908 4701 3203 4765 relabatur,
3230 4714 3448 4770 prorsus
3472 4697 3876 4758 communicare

2281 4816 2389 4858 non
2410 4798 2623 4871 poterit,
2641 4798 2743 4853 nisi
2767 4794 3100 4867 professione
3122 4790 3210 4864 [B.
3229 4789 3320 4859 R.,
3346 4787 3683 4863 professioni]
3702 4804 3876 4861 quam

2282 4893 2467 4951 illicite
2495 4891 2917 4963 prtetermiserat
2945 4887 3288 4944 reformetur.

2425 4983 2589 5041 XVII.
2631 4982 2711 5037 De
2736 4981 2882 5037 laicis
2910 4980 2998 5052 qui
3019 4980 3207 5035 crimen
3232 4976 3431 5033 clericis
3452 4976 3716 5049 objiciunt.

2205 5066 2260 5129 Ῑ)
2358 5080 2534 5137 Laicis
2576 5087 2762 5135 contra
2806 5075 3090 5148 cujuslibet
3127 5072 3324 5147 gradus
3364 5071 3618 5128 clericum
3657 5067 3700 5122 si
3737 5065 3879 5137 quid

2280 5173 2559 5233 criminale
2586 5181 2781 5244 parant
2803 5170 3062 5242 objicere,
3090 5165 3380 5225 dummodo
3404 5179 3534 5221 vera
3561 5169 3877 5234 suggerant,

2280 5264 2611 5340 praponendi
2644 5264 3003 5335 permittimus
3031 5269 3369 5332 potestatem.

2457 5356 2645 5414 XVIII.
2692 5355 2791 5412 Ubi
2827 5365 3084 5427 ponantur
3112 5352 3350 5424 reliquiae
3373 5358 3701 5405 sanctorum.‘

2346 5450 2670 5516 Sanctorum
2702 5448 2939 5520 reliquias
2968 5448 3020 5504 in
3051 5443 3302 5503 oratoriis
3330 5441 3600 5499 villaribus
3630 5454 3735 5495 non
3770 5452 3877 5512 po.

2344 5580 2382 5644 id
2424 5606 2499 5663 Es
2533 5605 2751 5678 reliquis
2779 5603 3066 5661 Codicibus
3096 5610 3293 5676 praeter
3329 5600 3393 5657 Α.
3420 5642 3437 5669 ,
3468 5600 3522 5656 in
3550 5610 3657 5670 quo
3682 5596 3878 5654 scribi-

2288 5684 2629 5812 ιωίιῗῖαὸ.
2656 5791 2671 5816 ,
2705 5757 3046 5817 potestatem;
3075 5746 3219 5805 utilis
3261 5753 3431 5802 tamen
3470 5742 3707 5799 omnibus
3734 5757 3857 5799 cont

2289 5820 2506 5877 mutatio
2535 5821 2800 5893 permissa.
