4024 6350
197 333 288 389 289

196 540 388 594 vicinos
437 552 558 592 esse
604 535 913 607 contingat,
964 539 1056 607 qui
1105 541 1274 594 sacris
1311 541 1583 596 cineribus
1625 539 1766 609 psal-

195 632 327 687 lendi
358 628 662 701 frequentia
696 630 1025 686 famulemur
1052 648 1067 687 :
1100 633 1240 703 quod
1272 633 1317 688 si
1350 634 1428 688 illi
1458 633 1764 700 defuerint,

194 739 291 780 nou
335 733 456 778 ante
504 725 704 793 proprii
754 723 1089 792 ordinentur,
1135 741 1293 796 quam
1337 727 1416 781 eis
1455 736 1768 799 competens

193 821 352 875 victus
380 827 432 873 et
463 820 686 873 vestitus
714 819 1010 874 substantia
1036 819 1338 888 deputetur.

369 909 526 966 XIX:
554 911 756 965 Altaria
798 912 895 965 nisi
923 912 1126 978 lapidea
1156 929 1258 966 non
1288 919 1570 982 unguntur.

258 1007 457 1064 Altaria
503 1007 606 1061 nisi
651 1005 860 1076 lapidea
907 1007 1211 1062 chrismatis
1257 1009 1492 1078 unguine
1533 1021 1638 1062 non
1681 1021 1770 1062 sa-

191 1108 395 1157 creatur
424 1098 492 1154 ad
522 1099 838 1154 celebranda
871 1098 1046 1154 divina
1079 1099 1254 1155 officia
1283 1116 1296 1154 :
1332 1099 1574 1156 ordinem
1606 1114 1767 1170 quem

192 1190 582 1260 metropolitani
628 1197 810 1246 tenent
850 1189 1209 1260 provinciales
1248 1205 1433 1246 eorum
1473 1190 1766 1247 observare

193 1281 471 1338 debebunt.

533 1372 653 1428 XX.
696 1373 773 1429 De
802 1374 1033 1430 damnati
1062 1374 1404 1432 absolutione.

253 1462 305 1520 Si
332 1463 616 1536 cpiscOpus
645 1478 770 1522 ante
798 1466 1037 1521 damnati
1070 1467 1462 1522 absolutionem
1493 1467 1640 1523 obitu
1682 1481 1768 1524 ra-

191 1556 375 1625 piatur,
404 1567 707 1614 correctum
737 1569 829 1613 aut
859 1559 1211 1629 pteniteutem
1243 1561 1542 1616 successori
1584 1561 1774 1616 licebit

189 1649 480 1733 absolvere.

632 1741 776 1800 X-XI.
817 1743 896 1800 De
926 1747 1080 1818 lapsis
1110 1749 1162 1802 in
1189 1747 1315 1817 ﬁde.

255 1851 440 1923 Laps'ls
462 1897 476 1921 ,
508 1853 560 1910 id
589 1866 691 1923 est,
725 1857 815 1926 qui
845 1857 898 1913 in
931 1859 1191 1914 catholica
1221 1860 1470 1929 baptizati
1503 1863 1762 1930 praevari-

190 1947 396 2002 catione
451 1947 743 2004 damnabili
800 1961 920 2020 post
979 1951 1032 2006 in
1091 1952 1340 2009 bmresim
1398 1956 1756 2024 transierint,

187 2039 438 2107 grandem
481 2039 740 2096 redeun'di
788 2043 1159 2100 difficultatem
1207 2047 1386 2100 sanxit
1429 2047 1760 2116 antiquitas:

184 2133 374 2202 quibu‘s
405 2149 502 2189 nos
530 2149 793 2190 annorum
827 2138 1172 2192 multitudine
1213 2138 1448 2194 breviata
1491 2140 1765 2208 poeniten-

181 2223 308 2278 tiam
363 2225 562 2280 b'iennii
613 2227 923 2282 conditione
972 2229 1327 2299 infrascriptaa
1377 2231 1766 2288 observationis

177 2315 541 2385 imponimus,
575 2327 634 2372 ut
679 2319 997 2389 praescripto
1047 2320 1262 2375 biennio
1315 2322 1466 2377 tertia
1519 2324 1606 2378 die
1652 2324 1767 2379 sine

177 2407 510 2464 rclaxatione
555 2410 832 2480 jejunent,
885 2412 1168 2468 ecclesiam
1219 2413 1471 2468 studeant
1514 2412 1766 2484 frequen-

179 2507 320 2567 tare,
369 2501 425 2556 in
470 2503 822 2572 paenitentum
869 2503 986 2558 loco
1028 2503 1204 2558 standi
1233 2513 1289 2559 et
1317 2504 1503 2560 orandi
1548 2504 1766 2560 humili-

180 2600 338 2648 tatem
371 2594 617 2648 noverint
653 2595 1044 2650 observandam
1065 2634 1083 2665 ,
1113 2595 1274 2650 etiam
1323 2595 1423 2665 ipsi
1465 2611 1584 2651 cum
1617 2606 1763 2652 cate-

181 2683 426 2740 chumeni
457 2687 751 2756 procedere
781 2696 1194 2742 commonentur
1219 2687 1511 2744 abscedant
1539 2707 1550 2742 :
1587 2688 1690 2744 hoc
1717 2687 1764 2744 si

179 2777 467 2832 observare
516 2778 783 2835 noluerint
823 2779 984 2851 265
1027 2784 1322 2836 constituto
1372 2789 1615 2850 tempore
1667 2781 1763 2836 ad-

179 2870 448 2926 mittendis
477 2871 544 2925 ad
570 2872 818 2927 altarium
849 2872 1155 2928 observatio
1185 2873 1456 2930 relaxetur
1483 2891 1496 2940 ;
1530 2888 1684 2944 quam
1718 2874 1765 2929 si

179 2966 389 3021 arduam
423 2967 506 3022 vel
539 2968 727 3022 duram
761 2967 900 3023 forte
949 2968 1273 3036 putaverint,
1323 2978 1519 3024 statuta
1543 2977 1766 3038 praeter-

179 3055 364 3114 itorum
393 3072 660 3114 canonum
689 3059 964 3126 complere
993 3060 1285 3116 debebunt.

457 3149 624 3207 XXII.
665 3152 743 3206 De
769 3153 974 3208 incestis
1003 3153 1471 3226 conjunctionibus.

241 3242 464 3302 Iucestis
486 3243 955 3315 coniunctionibus
982 3245 1109 3300 nihil
1140 3261 1360 3316 prorsus
1389 3245 1560 3301 venia:
1586 3260 1764 3303 reser-

175 3349 374 3403 vamus,
409 3337 509 3393 nisi
539 3353 660 3394 cum
696 3339 1017 3394 adulterium
1047 3339 1392 3409 separatione
1415 3337 1764 3396 sanaverint:

180 3427 404 3485 incestos
435 3446 565 3487 vero
607 3447 706 3486 nec
734 3432 842 3486 ullo
886 3433 1115 3502 cunjugii
1150 3433 1368 3488 nomine
1400 3433 1766 3502 praevalendos

179 3533 368 3589 praeter
407 3522 549 3585 tllos,
589 3537 724 3593 quos
759 3522 844 3578 vel
884 3526 1161 3580 nominare
1211 3529 1476 3580 funestum
1522 3535 1626 3593 est,
1669 3525 1767 3582 hos

179 3627 294 3669 esse
320 3629 602 3670 censemus
635 3636 648 3669 :
681 3617 728 3671 si
775 3617 893 3687 quis
932 3617 1174 3672 relictam
1221 3617 1427 3682 fratris,
1461 3632 1580 3688 qua:
1632 3631 1767 3686 pene

177 3709 320 3777 prius
349 3725 504 3765 soror
529 3709 844 3775 exstiterat,
887 3709 1087 3763 carnali
1117 3708 1493 3777 conjunctione
1521 3709 1767 3764 violave-

175 3797 288 3854 rit:
321 3801 366 3855 si
422 3805 538 3871 quis
597 3803 765 3856 frater
813 3815 1122 3869 germanam
1179 3799 1364 3854 uxoris
1415 3800 1687 3868 accipiat:
1721 3801 1764 3855 si

173 3893 288 3962 quis
336 3909 624 3952 novercam
652 3895 868 3949 duxerit
898 3906 924 3932 ι
957 3912 968 3948 :
1005 3895 1049 3948 si
1078 3895 1195 3963 quis
1224 3893 1560 3948 consobrinus
1589 3893 1766 3948 sobri-

175 3998 365 4053 nmque
409 3999 468 4038 se
506 3987 680 4041 societ
711 4004 724 4040 :
757 3988 896 4054 quod
928 3994 986 4039 ut
1013 4001 1043 4038 a
1073 3983 1322 4054 pra-senti
1353 3993 1596 4054 tempore
1638 3999 1766 4052 pro-

175 4073 448 4140 hibemus,
471 4077 541 4129 ita
569 4089 634 4130 ea
659 4090 780 4144 quas
809 4083 932 4128 sunt
971 4076 1206 4129 anterius
1235 4074 1476 4129 instituta
1508 4089 1614 4128 non
1660 4073 1768 4129 sol-

176 4169 352 4225 vimus
380 4185 396 4222 :
428 4169 474 4224 si
503 4171 622 4241 quis
653 4171 850 4225 relictae
879 4167 1125 4224 avunculi
1155 4169 1447 4222 misceatur
1473 4175 1565 4221 aut
1595 4165 1765 4235 patrui

179 4261 260 4318 vel
296 4261 555 4331 privignae
585 4261 869 4316 concubitu
920 4260 1206 4330 polluatur.
1239 4259 1382 4314 Sane
1407 4259 1600 4329 quibus
1631 4272 1763 4312 con-

175 4357 378 4427 junCtio
407 4356 591 4412 illicita
622 4357 978 4424 interdicitur,
1010 4354 1282 4411 habebunt
1314 4353 1532 4409 ineundi
1569 4353 1765 4408 melio-

179 4449 253 4506 tis
277 4448 507 4520 conjugii
542 4450 864 4505 libertatem.

438 4539 624 4596 XXIII.
674 4541 747 4594 De
770 4541 1068 4612 pauitantia
1103 4539 1497 4595 homicidarum.

249 4634 325 4694 De
355 4636 666 4707 pmnltentia
689 4635 1095 4703 homicidarum,
1128 4638 1216 4708 qui
1247 4637 1428 4692 saeculi
1460 4637 1606 4706 leges
1633 4650 1757 4692 eva-

184 4735 377 4794 serunt,
411 4727 514 4782 hoc
543 4743 747 4784 summa
794 4730 1089 4784 reverentia
1118 4728 1188 4784 de
1232 4728 1311 4784 eis
1340 4729 1478 4784 inter
1515 4744 1615 4784 nos
1646 4727 1759 4796 pla-

182 4819 284 4875 cuit
308 4820 610 4888 observari,
658 4821 800 4891 quod
841 4820 1046 4890 antiqui
1078 4819 1277 4876 Nicmni
1306 4835 1541 4877 canones
1571 4820 1758 4877 decre-

185 4922 382 4970 verunt.

187 5136 218 5191 ά
392 5072 489 5139 Β..
519 5071 583 5127 Τ.
619 5073 671 5142 I,
701 5089 988 5142 novercam,
1017 5073 1178 5142 patris
1221 5088 1436 5130 uxorem
1480 5071 1762 5129 secundam

220 5155 246 5192 α
376 5180 393 5197 .

220 5155 393 5198 αακτυι

195 5306 1023 5341 -ι--ι--ι--ι--ἀ

1089 328 1361 388 GALLIiE
1395 326 1730 388 CONCILIA.
1774 352 1841 369 ι-
1877 325 2577 387 CARPENTORATENSE.

195 455 396 514 cantur,
426 445 526 501 nisi
557 443 776 502 forsitan
808 443 1034 502 clericos
1074 449 1439 518 cujuscunque
1486 447 1757 518 parochias
1784 450 1839 511 Α

1791 3197 1840 3264 C

1036 5311 2418 5338 Μ

3353 336 3458 396 290

2174 447 2362 504 XXIV.
2407 449 2484 506 De
2513 450 2734 506 basilicis
2773 450 3146 509 haereticorum.

1938 539 2195 596 Basilicas
2225 545 2622 609 hatreticorum,
2651 562 2781 617 quas
2809 555 2952 602 tanta
2982 547 3331 602 execratione
3365 547 3460 601 ha-

1868 631 2056 689 bemus
2083 651 2277 691 cxosas
2306 647 2360 692 ut
2393 639 2739 708 pollutionem
2770 655 2953 695 earum
2986 639 3316 710 purgabilem
3347 657 3455 695 non

1868 735 2137 795 putemus,
2169 731 2370 784 sanctis
2401 731 2585 787 usibus
2631 734 2904 803 applicare
2929 733 3253 803 despicimus
3287 750 3300 786 :
3332 747 3461 787 sane

1867 835 2001 889 quas
2030 837 2124 892 per
2162 823 2470 881 violentiam
2500 827 2699 881 nostris
2728 830 2960 899 tulerant
2989 843 3272 899 possumus
3300 841 3437 882 revo-

1869 926 2016 970 care.

2047 1007 2211 1066 XXV.
2256 1009 2317 1067 Si
2344 1011 2458 1082 quis
2496 1027 2694 1067 servum
2723 1016 2988 1084 proprium
3019 1016 3281 1070 occiderit.

1940 1100 1997 1158 Si
2028 1103 2146 1174 quis
2173 1118 2388 1159 servum
2431 1107 2703 1176 proprium
2747 1109 2866 1163 sine
2909 1111 3238 1165 conscientia
3265 1107 3459 1179 judicis

1868 1197 2146 1263 occiderit,
2176 1200 2735 1257 excommunicatione
2765 1202 2967 1260 biennii
2997 1205 3310 1260 effusionem
3342 1220 3456 1258 sau-

1868 1292 2046 1361 guinis
2071 1293 2326 1362 expiabit.

1872 1384 2059 1444 XXVI.
2106 1387 2303 1444 Nullus
2329 1388 2440 1444 sine
2466 1390 2693 1445 remedio
2721 1401 2810 1446 aut
2841 1408 2929 1462 spe
2958 1392 3113 1448 reniic
3151 1393 3214 1448 ab
3240 1390 3465 1448 Ecclesia

2527 1462 2831 1533 repellatur.

1940 1548 2129 1607 Nullus
2158 1551 2275 1609 sine
2304 1553 2544 1610 remedio
2572 1562 2662 1608 aut
2688 1569 2782 1622 spe
2807 1552 2977 1608 venia:
3003 1553 3070 1608 ab
3104 1553 3338 1608 Ecclesia
3372 1568 3467 1610 re-

1870 1642 2128 1711 pellatur,
2164 1662 2299 1702 neve
2340 1647 2463 1714 ulli,
2496 1646 2540 1702 si
2573 1655 2666 1702 aut
2698 1647 3005 1716 paenituerit
3035 1647 3197 1720 266
3222 1659 3310 1701 aut
3342 1663 3466 1702 cor-

1872 1738 2094 1803 rexerit,
2124 1739 2190 1792 ad
2240 1739 2452 1793 veniam
2495 1739 2754 1794 redeundi
2797 1737 2970 1794 aditus
3000 1739 3338 1802 obstruatur;
3367 1737 3464 1793 sed

1798 1825 1845 1886 B
1871 1829 1956 1883 cui
1985 1828 2209 1885 forsitan
2252 1830 2538 1887 discrimen
2571 1830 2762 1886 mortis
2790 1830 3065 1886 immineat
3106 1829 3466 1885 damnationis

1865 1922 2172 1978 constituta:
2226 1933 2465 1994 tempora
2522 1924 2856 1979 relaxantur.
2909 1925 3063 1992 Quod
3108 1925 3152 1980 si
3203 1939 3463 1994 mgroium

1867 2025 2089 2083 accepto
2118 2017 2312 2070 viatico
2351 2017 2688 2072 revalescere
2735 2017 2960 2072 fortasse
2999 2017 3309 2088 contingat,
3356 2027 3466 2072 Sta-

1871 2109 1970 2162 tuti
2001 2111 2261 2180 temporis
2287 2109 2460 2179 spatia
2485 2111 2777 2165 observare
2801 2111 3106 2165 conveniat.

2179 2221 2398 2277 XXVII.
2444 2221 2518 2276 De
2549 2222 2799 2276 laicorum
2828 2221 3169 2276 ordinatione.

1937 2315 2015 2372 Ne
2053 2316 2219 2373 laicus
2263 2318 2366 2373 nisi
2415 2317 2679 2388 religione
2727 2318 3000 2388 praemissa
3048 2315 3274 2371 clericus
3319 2311 3466 2371 ordi-

1868 2419 2046 2467 netur.

2140 2501 2376 2560 XXVIII.
2421 2501 2494 2557 De
2521 2501 2816 2576 puellarum
2849 2501 3193 2558 monasteriis.

1935 2593 2314 2651 Monasterium
2369 2595 2660 2665 puellarum
2713 2612 2817 2650 non
2869 2595 2971 2650 nisi
3029 2597 3266 2665 probata:
3316 2592 3459 2663 vitta,

1863 2686 2038 2742 aetatis
2082 2697 2346 2753 provecta:
2378 2689 2444 2742 ad
2487 2702 2834 2757 quascunque
2878 2703 3058 2742 earum
3110 2687 3462 2742 necessitates

1863 2779 1950 2833 vel
1982 2779 2408 2834 ministrationes
2449 2783 2828 2847 perinittantur
2877 2779 3122 2834 intrare:
3157 2778 3221 2832 ad
3260 2779 3464 2834 facien-

1865 2868 1964 2924 das
2000 2885 2131 2925 vero
2158 2873 2349 2925 missas
2389 2871 2480 2940 qui
2529 2872 2754 2939 ingressi
2807 2872 3002 2925 fuerint
3050 2872 3227 2924 statim
3271 2879 3462 2926 exacto

1865 2963 2169 3019 ministerio
2203 2964 2412 3034 regredi
2446 2961 2778 3018 festinabunt
2809 2981 2821 3016 :
2855 2965 2986 3018 alias
3018 2975 3193 3018 autem
3228 2978 3325 3018 nec
3352 2964 3462 3018 cle«

1865 3051 2015 3110 ricus
2040 3070 2141 3110 nec
2174 3056 2472 3110 monachus
2492 3056 2708 3124 juvenis
2731 3057 2894 3112 ullum
2918 3056 2984 3110 ad
3013 3057 3303 3125 puellarum
3334 3071 3465 3111 cou-

1868 3149 2231 3218 gregationem
2275 3147 2491 3203 habebit
2521 3163 2820 3216 accessum,
2862 3148 2961 3203 nisi
2991 3157 3081 3202 aut
3125 3161 3345 3219 paterna
3372 3157 3468 3206 aut

1870 3259 2123 3316 germana
2166 3244 2513 3299 necessitudo
2545 3243 2802 3313 probetur
2833 3243 3140 3300 admittere.

1993 3335 2184 3392 XXIX.
2229 3335 2304 3389 De
2333 3337 2489 3391 servis
2520 3336 2588 3388 ad
2616 3337 2879 3389 ecclesiam
2908 3335 3342 3407 confugientibus.

1939 3431 2140 3487 Servus
2171 3443 2318 3486 reatu
2349 3431 2618 3486 atrociore
2659 3430 2938 3500 culpabilis
2981 3429 3027 3485 si
3071 3433 3136 3484 ad
3177 3429 3458 3485 ecilesiam

1868 3525 2189 3594 confugerit,
2220 3541 2246 3578 a
2278 3525 2646 3593 covporalilius
2677 3536 2883 3580 tantum
2927 3525 3206 3594 suppliciis
3239 3537 3462 3580 excuse-

1870 3627 1977 3675 tur.
2033 3619 2108 3674 De
2151 3618 2361 3686 capillis
2394 3636 2520 3675 vero
2559 3630 2652 3674 aut
2697 3635 3017 3692 quocunque
3056 3636 3218 3691 opere
3258 3619 3457 3691 placuit

1868 3713 2101 3768 dominis
2127 3712 2431 3780 jurameuta
2465 3729 2570 3766 non
2601 3710 2762 3781 exigi.

2075 3805 2243 3860 XXX.
2288 3804 2365 3859 De
2394 3805 2578 3859 horum
2607 3822 2861 3860 canonum
2893 3805 3258 3860 observatione.

1938 3900 2200 3968 Quocirca
2233 3901 2347 3955 haec
2375 3916 2493 3971 qua:
2542 3915 2777 3971 superna
2809 3900 3156 3968 inspiratione
3188 3898 3460 3954 communi

1868 4009 2134 4049 consensu
2169 3995 2481 4063 placuerunt
2523 3993 2566 4048 si
2617 3995 2738 4062 quis
2782 4001 3088 4047 sanctorum
3136 3992 3460 4055 antistitum,

1869 4087 1957 4156 qui
1981 4093 2178 4140 statuta
2209 4087 2492 4156 praesentia
2509 4085 2992 4154 subscriptionibus
3025 4081 3207 4152 pr0pri
3230 4098 3255 4135 s
3283 4083 3466 4135 firma-

1869 4189 2092 4245 verunt,
2125 4195 2219 4233 nec
2256 4195 2360 4233 non
2402 4186 2461 4234 et
2504 4193 2641 4248 quos
2683 4192 2868 4232 eorum
2915 4176 3054 4231 Deus
3083 4191 3202 4231 esse
3233 4173 3463 4229 voluerit

1869 4287 2236 4336 successores,
2272 4273 2457 4327 relica
2507 4270 2811 4340 integritate
2850 4269 3244 4323 observationis
3273 4278 3460 4320 exces-

1865 4367 2019 4432 serit,
2053 4379 2200 4420 reum
2231 4379 2290 4420 se
2318 4363 2614 4418 divinitatis
2647 4361 2848 4432 pariter
2885 4373 2937 4418 et
2976 4359 3332 4416 fraternitatis
3368 4359 3457 4428 ju-

1865 4461 2006 4518 dicio
2037 4461 2270 4516 fututum
2301 4475 2423 4515 esse
2454 4467 2768 4528 cognoscat.

1789 4566 1845 4628 D
1939 4559 2124 4614 Avitus
2172 4560 2458 4625 episc0pus
2513 4553 2928 4610 constitutiones
2981 4562 3215 4617 nostras,
3273 4549 3324 4603 id
3379 4558 3461 4604 est

1867 4661 2051 4706 sancta
2079 4649 2108 4689 ιι
2147 4649 2488 4704 sacerdotum
2523 4647 2810 4718 provincia:
2842 4645 3162 4702 Viennensis
3201 4641 3364 4713 relegi
3406 4651 3462 4697 et

1865 4744 2155 4811 subscripsi
2189 4742 2281 4797 die
2315 4753 2369 4797 et
2409 4750 2646 4810 tempore
2677 4756 2709 4794 ι
2740 4739 3094 4794 Kalendarum
3139 4737 3338 4792 mensis
3369 4749 3460 4789 oc-

1865 4840 1996 4898 tavl,
2028 4837 2266 4904 Agapeto
2295 4832 2385 4903 jB.
2409 4833 2500 4897 R.,
2530 4829 2755 4901 Agapio]
2774 4831 3011 4885 consule.
3041 4828 3094 4882 lu
3122 4831 3219 4882 hac
3247 4827 3456 4897 synodo

1864 4926 2300 4997 subscripserunt
2323 4923 2560 4993 episcopi
2591 4923 2776 4992 viginti
2809 4932 2916 4977 tres
2945 4934 2991 4978 ε.

1938 5061 1966 5102 ¹³
1998 5061 2054 5117 lu
2085 5065 2174 5129 A.,
2205 5063 2256 5115 in
2285 5069 2479 5118 sancta.

1940 5144 1964 5173 ο
1997 5135 2056 5187 Β.
2081 5134 2171 5202 IL,
2203 5135 2266 5188 'I‘.
2300 5134 2350 5200 I,
2371 5133 2425 5198 2,
2454 5129 2632 5203 viginti
2656 5138 2898 5200 quatuor.

2430 5286 3450 5326 Μ

1631 5403 1980 5479 XXXIV

813 5549 1481 5643 CONCILIUM
1559 5541 2760 5639 CARPENTORATENSE.

251 5701 596 5775 267-268
615 5699 1017 5771 Carpentorata:
1039 5699 1425 5756 convenientes
1448 5697 1756 5768 hujusmodi

193 5791 252 5846 ad
279 5809 371 5851 nos
397 5797 616 5866 querela
644 5795 912 5866 pervenit,
941 5793 1085 5865 quod
1123 5807 1184 5848 ea
1213 5808 1332 5863 qua:
1374 5805 1403 5846 a
1434 5790 1754 5862 quibuscun-

195 5899 289 5957 que
323 5888 566 5948 fidelibus
605 5888 874 5961 parochiis
901 5887 1252 5946 conferuntur
1284 5885 1357 5942 ita
1387 5884 1455 5940 ab
1493 5883 1758 5956 aliquibus

1865 5693 2136 5768 episcopis
2164 5698 2577 5762 pracsumantur,
2609 5693 2667 5736 ut
2691 5689 2780 5734 aut
2804 5691 2987 5748 parum
3012 5683 3102 5729 aut
3127 5687 3293 5745 prope
3317 5668 3454 5734 nihil

1867 5788 2111 5848 ecclesiis
2147 5785 2340 5857 quibus
2371 5781 2564 5836 collata
2597 5777 2805 5831 fuerant
2843 5771 3199 5842 relinquatur.

1940 5883 2051 5939 Hoc
2083 5879 2236 5938 nobis
2261 5876 2463 5950 justum
2511 5881 2564 5929 et
2596 5863 2914 5926 rationabile
2943 5865 3113 5923 visum
3161 5871 3265 5935 est,
3299 5871 3355 5920 ut
3400 5857 3446 5918 si
