  <div class='ocr_page' id='page_1' title='image "/cluster/home/n/w/nwhite01/storage/ocr_20150623/84/hvd.32044015547136/153.png"; bbox 0 0 4024 6350; ppageno 0'>
   <div class='ocr_carea' id='block_1_1' title="bbox 547 436 3823 501">
    <p class='ocr_par' dir='ltr' id='par_1_1' title="bbox 547 436 3823 501">
     <span class='ocr_line' id='line_1_1' title="bbox 547 436 3823 501; baseline -0.002 -9"><span class='ocrx_word' id='word_1_1' title='bbox 547 436 3823 501; x_wconf 42' lang='lat' dir='ltr'><strong>mw</strong></span> 
     </span>
    </p>
   </div>
   <div class='ocr_carea' id='block_1_2' title="bbox 1029 536 2125 747">
    <p class='ocr_par' dir='ltr' id='par_1_2' title="bbox 1029 536 2125 746">
     <span class='ocr_line' id='line_1_2' title="bbox 1029 536 2125 746; baseline -0.002 -1"><span class='ocrx_word' id='word_1_2' title='bbox 1029 655 1687 746; x_wconf 82' lang='lat' dir='ltr'><strong>CONCILIUM</strong></span> <span class='ocrx_word' id='word_1_3' title='bbox 1763 536 2125 743; x_wconf 47' lang='lat' dir='ltr'><strong>ARV};</strong></span> 
     </span>
    </p>
   </div>
   <div class='ocr_carea' id='block_1_3' title="bbox 2235 536 3330 747">
    <p class='ocr_par' dir='ltr' id='par_1_3' title="bbox 2235 539 3330 747">
     <span class='ocr_line' id='line_1_3' title="bbox 2235 539 3330 747; baseline -0.002 -4"><span class='ocrx_word' id='word_1_4' title='bbox 2628 659 3330 747; x_wconf 86' lang='lat' dir='ltr'><strong>SECUNDUM.</strong></span> 
     </span>
    </p>
   </div>
   <div class='ocr_carea' id='block_1_4' title="bbox 605 826 3821 915">
    <p class='ocr_par' dir='ltr' id='par_1_4' title="bbox 605 826 3821 915">
     <span class='ocr_line' id='line_1_4' title="bbox 605 826 3821 915; baseline 0.002 -35"><span class='ocrx_word' id='word_1_5' title='bbox 605 839 958 915; x_wconf 56' lang='lat'><strong>273.274</strong></span> <span class='ocrx_word' id='word_1_6' title='bbox 983 841 1085 897; x_wconf 73' lang='lat' dir='ltr'><strong>Ubi</strong></span> <span class='ocrx_word' id='word_1_7' title='bbox 1116 841 1300 897; x_wconf 64' lang='lat' dir='ltr'><strong>bemus</strong></span> <span class='ocrx_word' id='word_1_8' title='bbox 1330 838 1517 899; x_wconf 52' lang='lat' dir='ltr'><strong>petrus</strong></span> <span class='ocrx_word' id='word_1_9' title='bbox 1545 842 1792 899; x_wconf 54' lang='lat' dir='ltr'><strong>divinitus</strong></span> <span class='ocrx_word' id='word_1_10' title='bbox 1823 842 2133 915; x_wconf 51' lang='lat' dir='ltr'><strong>inspiratus,</strong></span> <span class='ocrx_word' id='word_1_11' title='bbox 2160 831 2212 894; x_wconf 79' lang='grc' dir='ltr'><strong>Α</strong></span> <span class='ocrx_word' id='word_1_12' title='bbox 2238 826 2358 882; x_wconf 81' lang='lat' dir='ltr'><strong>vitae</strong></span> <span class='ocrx_word' id='word_1_13' title='bbox 2388 842 2502 883; x_wconf 77' lang='lat' dir='ltr'><strong>sum</strong></span> <span class='ocrx_word' id='word_1_14' title='bbox 2532 827 2603 882; x_wconf 90' lang='lat' dir='ltr'><strong>ab</strong></span> <span class='ocrx_word' id='word_1_15' title='bbox 2630 826 2818 883; x_wconf 84' lang='lat' dir='ltr'><strong>ordine</strong></span> <span class='ocrx_word' id='word_1_16' title='bbox 2848 828 3053 899; x_wconf 89' lang='lat' dir='ltr'><strong>accepti</strong></span> <span class='ocrx_word' id='word_1_17' title='bbox 3085 826 3311 894; x_wconf 84' lang='lat' dir='ltr'><strong>ordinis,</strong></span> <span class='ocrx_word' id='word_1_18' title='bbox 3339 827 3477 884; x_wconf 92' lang='lat' dir='ltr'><strong>sicut</strong></span> <span class='ocrx_word' id='word_1_19' title='bbox 3502 827 3703 887; x_wconf 89' lang='lat' dir='ltr'><strong>habent</strong></span> <span class='ocrx_word' id='word_1_20' title='bbox 3727 830 3821 888; x_wconf 52' lang='lat' dir='ltr'><strong>Pa.</strong></span> 
     </span>
    </p>
   </div>
   <div class='ocr_carea' id='block_1_5' title="bbox 537 933 2123 1006">
    <p class='ocr_par' dir='ltr' id='par_1_5' title="bbox 537 933 2123 1006">
     <span class='ocr_line' id='line_1_5' title="bbox 537 933 2123 1006; baseline 0.001 -17"><span class='ocrx_word' id='word_1_21' title='bbox 537 943 592 989; x_wconf 89' lang='lat' dir='ltr'><strong>et</strong></span> <span class='ocrx_word' id='word_1_22' title='bbox 621 935 957 989; x_wconf 71' lang='lat' dir='ltr'><strong>confessione</strong></span> <span class='ocrx_word' id='word_1_23' title='bbox 983 950 1078 989; x_wconf 88' lang='lat' dir='ltr'><strong>sua</strong></span> <span class='ocrx_word' id='word_1_24' title='bbox 1106 933 1352 989; x_wconf 83' lang='lat' dir='ltr'><strong>omnibus</strong></span> <span class='ocrx_word' id='word_1_25' title='bbox 1391 935 1733 991; x_wconf 88' lang='lat' dir='ltr'><strong>credentibus</strong></span> <span class='ocrx_word' id='word_1_26' title='bbox 1779 936 2085 1006; x_wconf 83' lang='lat' dir='ltr'><strong>piofuturus</strong></span> <span class='ocrx_word' id='word_1_27' title='bbox 2111 953 2123 990; x_wconf 93' lang='lat'><strong>:</strong></span> 
     </span>
    </p>
   </div>
   <div class='ocr_carea' id='block_1_6' title="bbox 538 1025 2129 1097">
    <p class='ocr_par' dir='ltr' id='par_1_6' title="bbox 538 1025 2129 1097">
     <span class='ocr_line' id='line_1_6' title="bbox 538 1025 2129 1097; baseline 0.002 -16"><span class='ocrx_word' id='word_1_28' title='bbox 538 1026 620 1081; x_wconf 82' lang='lat' dir='ltr'><strong>Tit</strong></span> <span class='ocrx_word' id='word_1_29' title='bbox 639 1043 713 1097; x_wconf 90' lang='lat' dir='ltr'><strong>es,</strong></span> <span class='ocrx_word' id='word_1_30' title='bbox 749 1025 944 1097; x_wconf 88' lang='lat' dir='ltr'><strong>inquit,</strong></span> <span class='ocrx_word' id='word_1_31' title='bbox 976 1027 1211 1082; x_wconf 73' lang='lat' dir='ltr'><strong>Christus</strong></span> <span class='ocrx_word' id='word_1_32' title='bbox 1246 1027 1414 1082; x_wconf 85' lang='lat' dir='ltr'><strong>Filius</strong></span> <span class='ocrx_word' id='word_1_33' title='bbox 1450 1028 1544 1083; x_wconf 87' lang='lat' dir='ltr'><strong>Dei</strong></span> <span class='ocrx_word' id='word_1_34' title='bbox 1572 1029 1689 1095; x_wconf 83' lang='lat' dir='ltr'><strong>vivi,</strong></span> <span class='ocrx_word' id='word_1_35' title='bbox 1730 1043 1830 1083; x_wconf 92' lang='lat' dir='ltr'><strong>nec</strong></span> <span class='ocrx_word' id='word_1_36' title='bbox 1860 1027 2129 1084; x_wconf 86' lang='lat' dir='ltr'><strong>immerito</strong></span> 
     </span>
    </p>
   </div>
   <div class='ocr_carea' id='block_1_7' title="bbox 531 1116 2130 1189">
    <p class='ocr_par' dir='ltr' id='par_1_7' title="bbox 531 1116 2130 1189">
     <span class='ocr_line' id='line_1_7' title="bbox 531 1116 2130 1189; baseline 0.001 -16"><span class='ocrx_word' id='word_1_37' title='bbox 531 1116 718 1173; x_wconf 86' lang='lat' dir='ltr'><strong>beatus</strong></span> <span class='ocrx_word' id='word_1_38' title='bbox 743 1119 1122 1188; x_wconf 83' lang='lat' dir='ltr'><strong>pronuntiatur</strong></span> <span class='ocrx_word' id='word_1_39' title='bbox 1147 1135 1175 1173; x_wconf 91' lang='lat' dir='ltr'><strong>a</strong></span> <span class='ocrx_word' id='word_1_40' title='bbox 1200 1118 1448 1188; x_wconf 91' lang='lat' dir='ltr'><strong>Domino,</strong></span> <span class='ocrx_word' id='word_1_41' title='bbox 1476 1127 1531 1174; x_wconf 90' lang='lat' dir='ltr'><strong>et</strong></span> <span class='ocrx_word' id='word_1_42' title='bbox 1551 1134 1580 1173; x_wconf 91' lang='lat' dir='ltr'><strong>a</strong></span> <span class='ocrx_word' id='word_1_43' title='bbox 1604 1119 1883 1189; x_wconf 82' lang='lat' dir='ltr'><strong>principali</strong></span> <span class='ocrx_word' id='word_1_44' title='bbox 1911 1118 1977 1174; x_wconf 91' lang='lat' dir='ltr'><strong>ad</strong></span> <span class='ocrx_word' id='word_1_45' title='bbox 2005 1119 2130 1175; x_wconf 91' lang='lat' dir='ltr'><strong>divi-</strong></span> 
     </span>
    </p>
   </div>
   <div class='ocr_carea' id='block_1_8' title="bbox 532 1210 2129 1282">
    <p class='ocr_par' dir='ltr' id='par_1_8' title="bbox 532 1210 2129 1282">
     <span class='ocr_line' id='line_1_8' title="bbox 532 1210 2129 1282; baseline 0.002 -19"><span class='ocrx_word' id='word_1_46' title='bbox 532 1224 654 1263; x_wconf 89' lang='lat' dir='ltr'><strong>nam</strong></span> <span class='ocrx_word' id='word_1_47' title='bbox 686 1210 911 1280; x_wconf 77' lang='lat' dir='ltr'><strong>gratiam</strong></span> <span class='ocrx_word' id='word_1_48' title='bbox 964 1210 1303 1267; x_wconf 89' lang='lat' dir='ltr'><strong>referendum</strong></span> <span class='ocrx_word' id='word_1_49' title='bbox 1355 1222 1457 1277; x_wconf 76' lang='lat' dir='ltr'><strong>est,</strong></span> <span class='ocrx_word' id='word_1_50' title='bbox 1512 1211 1726 1280; x_wconf 88' lang='lat' dir='ltr'><strong>quando</strong></span> <span class='ocrx_word' id='word_1_51' title='bbox 1774 1220 1897 1266; x_wconf 92' lang='lat' dir='ltr'><strong>vota</strong></span> <span class='ocrx_word' id='word_1_52' title='bbox 1931 1211 2129 1282; x_wconf 85' lang='lat' dir='ltr'><strong>princi-</strong></span> 
     </span>
    </p>
   </div>
   <div class='ocr_carea' id='block_1_9' title="bbox 490 1304 2128 1375">
    <p class='ocr_par' dir='ltr' id='par_1_9' title="bbox 490 1304 2128 1375">
     <span class='ocr_line' id='line_1_9' title="bbox 490 1304 2128 1375; baseline 0.003 -19"><span class='ocrx_word' id='word_1_53' title='bbox 490 1316 493 1317; x_wconf 69' lang='lat'><strong><em>&#39;</em></strong></span> <span class='ocrx_word' id='word_1_54' title='bbox 533 1312 661 1370; x_wconf 86' lang='lat' dir='ltr'><strong>puni</strong></span> <span class='ocrx_word' id='word_1_55' title='bbox 683 1304 1013 1359; x_wconf 85' lang='lat' dir='ltr'><strong>concordant</strong></span> <span class='ocrx_word' id='word_1_56' title='bbox 1041 1304 1229 1360; x_wconf 90' lang='lat' dir='ltr'><strong>animis</strong></span> <span class='ocrx_word' id='word_1_57' title='bbox 1257 1306 1629 1370; x_wconf 84' lang='lat' dir='ltr'><strong>sacerdotum;</strong></span> <span class='ocrx_word' id='word_1_58' title='bbox 1668 1314 1723 1359; x_wconf 91' lang='lat' dir='ltr'><strong>ut</strong></span> <span class='ocrx_word' id='word_1_59' title='bbox 1752 1304 1877 1360; x_wconf 90' lang='lat' dir='ltr'><strong>dum</strong></span> <span class='ocrx_word' id='word_1_60' title='bbox 1899 1305 1969 1359; x_wconf 85' lang='lat' dir='ltr'><strong>sit</strong></span> <span class='ocrx_word' id='word_1_61' title='bbox 1995 1320 2128 1375; x_wconf 83' lang='lat' dir='ltr'><strong>pon-</strong></span> 
     </span>
    </p>
   </div>
   <div class='ocr_carea' id='block_1_10' title="bbox 543 1394 2121 1465">
    <p class='ocr_par' dir='ltr' id='par_1_10' title="bbox 543 1394 2121 1465">
     <span class='ocr_line' id='line_1_10' title="bbox 543 1394 2121 1465; baseline 0.001 -19"><span class='ocrx_word' id='word_1_62' title='bbox 543 1394 738 1450; x_wconf 88' lang='lat' dir='ltr'><strong>tiﬁcale</strong></span> <span class='ocrx_word' id='word_1_63' title='bbox 764 1396 1069 1462; x_wconf 86' lang='lat' dir='ltr'><strong>concilium,</strong></span> <span class='ocrx_word' id='word_1_64' title='bbox 1100 1412 1342 1452; x_wconf 87' lang='lat' dir='ltr'><strong>normam</strong></span> <span class='ocrx_word' id='word_1_65' title='bbox 1374 1397 1585 1451; x_wconf 82' lang='lat' dir='ltr'><strong>vivendi</strong></span> <span class='ocrx_word' id='word_1_66' title='bbox 1613 1404 1789 1451; x_wconf 83' lang='lat' dir='ltr'><strong>teneat</strong></span> <span class='ocrx_word' id='word_1_67' title='bbox 1813 1396 2121 1465; x_wconf 87' lang='lat' dir='ltr'><strong>capitulatio</strong></span> 
     </span>
    </p>
   </div>
   <div class='ocr_carea' id='block_1_11' title="bbox 531 1485 2129 1562">
    <p class='ocr_par' dir='ltr' id='par_1_11' title="bbox 531 1485 2129 1562">
     <span class='ocr_line' id='line_1_11' title="bbox 531 1485 2129 1562; baseline 0.003 -20"><span class='ocrx_word' id='word_1_68' title='bbox 531 1485 682 1562; x_wconf 67' lang='lat' dir='ltr'><strong>[E.,</strong></span> <span class='ocrx_word' id='word_1_69' title='bbox 713 1489 1107 1561; x_wconf 87' lang='lat' dir='ltr'><strong>recapitulatio]</strong></span> <span class='ocrx_word' id='word_1_70' title='bbox 1132 1492 1344 1560; x_wconf 90' lang='lat' dir='ltr'><strong>antiqua</strong></span> <span class='ocrx_word' id='word_1_71' title='bbox 1367 1505 1629 1545; x_wconf 91' lang='lat' dir='ltr'><strong>canonum</strong></span> <span class='ocrx_word' id='word_1_72' title='bbox 1656 1489 1736 1544; x_wconf 82' lang='lat' dir='ltr'><strong>vel</strong></span> <span class='ocrx_word' id='word_1_73' title='bbox 1755 1503 1809 1543; x_wconf 91' lang='lat' dir='ltr'><strong>ut</strong></span> <span class='ocrx_word' id='word_1_74' title='bbox 1827 1488 1977 1545; x_wconf 87' lang='lat' dir='ltr'><strong>locus</strong></span> <span class='ocrx_word' id='word_1_75' title='bbox 1992 1497 2129 1546; x_wconf 82' lang='lat' dir='ltr'><strong>tem-</strong></span> 
     </span>
    </p>
   </div>
   <div class='ocr_carea' id='block_1_12' title="bbox 538 1581 2128 1651">
    <p class='ocr_par' dir='ltr' id='par_1_12' title="bbox 538 1581 2128 1651">
     <span class='ocr_line' id='line_1_12' title="bbox 538 1581 2128 1651; baseline 0.006 -19"><span class='ocrx_word' id='word_1_76' title='bbox 538 1593 746 1650; x_wconf 90' lang='lat' dir='ltr'><strong>pusque</strong></span> <span class='ocrx_word' id='word_1_77' title='bbox 759 1590 862 1647; x_wconf 85' lang='lat' dir='ltr'><strong>est,</strong></span> <span class='ocrx_word' id='word_1_78' title='bbox 888 1582 940 1635; x_wconf 92' lang='lat' dir='ltr'><strong>in</strong></span> <span class='ocrx_word' id='word_1_79' title='bbox 961 1581 1361 1651; x_wconf 83' lang='lat' dir='ltr'><strong>quibuscunque</strong></span> <span class='ocrx_word' id='word_1_80' title='bbox 1382 1582 1545 1636; x_wconf 89' lang='lat' dir='ltr'><strong>titulis</strong></span> <span class='ocrx_word' id='word_1_81' title='bbox 1560 1582 1827 1637; x_wconf 84' lang='lat' dir='ltr'><strong>veteribus</strong></span> <span class='ocrx_word' id='word_1_82' title='bbox 1846 1582 2128 1640; x_wconf 62' lang='lat' dir='ltr'><strong>adhaerens</strong></span> 
     </span>
    </p>
   </div>
   <div class='ocr_carea' id='block_1_13' title="bbox 535 1673 2127 1745">
    <p class='ocr_par' dir='ltr' id='par_1_13' title="bbox 535 1673 2127 1745">
     <span class='ocr_line' id='line_1_13' title="bbox 535 1673 2127 1745; baseline 0.003 -17"><span class='ocrx_word' id='word_1_83' title='bbox 535 1687 672 1728; x_wconf 90' lang='lat' dir='ltr'><strong>nova</strong></span> <span class='ocrx_word' id='word_1_84' title='bbox 702 1673 1014 1730; x_wconf 90' lang='lat' dir='ltr'><strong>constitutio</strong></span> <span class='ocrx_word' id='word_1_85' title='bbox 1060 1676 1417 1731; x_wconf 88' lang='lat' dir='ltr'><strong>sanctiouum.</strong></span> <span class='ocrx_word' id='word_1_86' title='bbox 1471 1676 1633 1745; x_wconf 92' lang='lat' dir='ltr'><strong>lgitur</strong></span> <span class='ocrx_word' id='word_1_87' title='bbox 1662 1690 1784 1731; x_wconf 89' lang='lat' dir='ltr'><strong>cum</strong></span> <span class='ocrx_word' id='word_1_88' title='bbox 1813 1676 2127 1732; x_wconf 86' lang='lat' dir='ltr'><strong>clementis-</strong></span> 
     </span>
    </p>
   </div>
   <div class='ocr_carea' id='block_1_14' title="bbox 539 1764 2124 1837">
    <p class='ocr_par' dir='ltr' id='par_1_14' title="bbox 539 1764 2124 1837">
     <span class='ocr_line' id='line_1_14' title="bbox 539 1764 2124 1837; baseline 0.004 -20"><span class='ocrx_word' id='word_1_89' title='bbox 539 1764 709 1818; x_wconf 81' lang='lat' dir='ltr'><strong>simus</strong></span> <span class='ocrx_word' id='word_1_90' title='bbox 741 1765 988 1835; x_wconf 89' lang='lat' dir='ltr'><strong>princeps</strong></span> <span class='ocrx_word' id='word_1_91' title='bbox 1018 1766 1269 1822; x_wconf 90' lang='lat' dir='ltr'><strong>dominus</strong></span> <span class='ocrx_word' id='word_1_92' title='bbox 1298 1775 1321 1801; x_wconf 74' lang='grc' dir='ltr'>α</span> <span class='ocrx_word' id='word_1_93' title='bbox 1354 1767 1737 1837; x_wconf 88' lang='lat' dir='ltr'><strong>triumphorum</strong></span> <span class='ocrx_word' id='word_1_94' title='bbox 1762 1768 1931 1822; x_wconf 87' lang='lat' dir='ltr'><strong>titulis</strong></span> <span class='ocrx_word' id='word_1_95' title='bbox 1952 1768 2124 1824; x_wconf 80' lang='lat' dir='ltr'><strong>invic-</strong></span> 
     </span>
    </p>
   </div>
   <div class='ocr_carea' id='block_1_15' title="bbox 536 1856 2127 1929">
    <p class='ocr_par' dir='ltr' id='par_1_15' title="bbox 536 1856 2127 1929">
     <span class='ocr_line' id='line_1_15' title="bbox 536 1856 2127 1929; baseline 0.003 -17"><span class='ocrx_word' id='word_1_96' title='bbox 536 1856 772 1914; x_wconf 87' lang='lat' dir='ltr'><strong>tissimus</strong></span> <span class='ocrx_word' id='word_1_97' title='bbox 799 1857 1175 1915; x_wconf 75' lang='lat' dir='ltr'><strong>Childebertus</strong></span> <span class='ocrx_word' id='word_1_98' title='bbox 1205 1874 1293 1915; x_wconf 79' lang='lat' dir='ltr'><strong>rex</strong></span> <span class='ocrx_word' id='word_1_99' title='bbox 1329 1875 1423 1929; x_wconf 86' lang='lat' dir='ltr'><strong>per</strong></span> <span class='ocrx_word' id='word_1_100' title='bbox 1452 1875 1687 1915; x_wconf 87' lang='lat' dir='ltr'><strong>amorem</strong></span> <span class='ocrx_word' id='word_1_101' title='bbox 1734 1875 1904 1915; x_wconf 82' lang='lat' dir='ltr'><strong>sacra:</strong></span> <span class='ocrx_word' id='word_1_102' title='bbox 1926 1860 2046 1916; x_wconf 88' lang='lat' dir='ltr'><strong>ﬁdei</strong></span> <span class='ocrx_word' id='word_1_103' title='bbox 2072 1869 2127 1917; x_wconf 89' lang='lat' dir='ltr'><strong>et</strong></span> 
     </span>
    </p>
   </div>
   <div class='ocr_carea' id='block_1_16' title="bbox 531 1951 2126 2023">
    <p class='ocr_par' dir='ltr' id='par_1_16' title="bbox 531 1951 2126 2023">
     <span class='ocr_line' id='line_1_16' title="bbox 531 1951 2126 2023; baseline 0.004 -20"><span class='ocrx_word' id='word_1_104' title='bbox 531 1957 730 2004; x_wconf 86' lang='lat' dir='ltr'><strong>statum</strong></span> <span class='ocrx_word' id='word_1_105' title='bbox 769 1952 1041 2022; x_wconf 70' lang='lat' dir='ltr'><strong>religionis</strong></span> <span class='ocrx_word' id='word_1_106' title='bbox 1083 1952 1136 2006; x_wconf 93' lang='lat' dir='ltr'><strong>in</strong></span> <span class='ocrx_word' id='word_1_107' title='bbox 1184 1951 1551 2007; x_wconf 85' lang='lat' dir='ltr'><strong>Aurelianensi</strong></span> <span class='ocrx_word' id='word_1_108' title='bbox 1583 1952 1714 2008; x_wconf 89' lang='lat' dir='ltr'><strong>urbe</strong></span> <span class='ocrx_word' id='word_1_109' title='bbox 1744 1963 2126 2023; x_wconf 76' lang='lat' dir='ltr'><strong>congregasset</strong></span> 
     </span>
    </p>
   </div>
   <div class='ocr_carea' id='block_1_17' title="bbox 481 2042 2125 2117">
    <p class='ocr_par' dir='ltr' id='par_1_17' title="bbox 481 2042 2125 2117">
     <span class='ocr_line' id='line_1_17' title="bbox 481 2042 2125 2117; baseline 0.004 -19"><span class='ocrx_word' id='word_1_110' title='bbox 481 2106 487 2110; x_wconf 96' lang='lat'><em>_</em></span> <span class='ocrx_word' id='word_1_111' title='bbox 526 2042 581 2098; x_wconf 86' lang='lat' dir='ltr'><strong>in</strong></span> <span class='ocrx_word' id='word_1_112' title='bbox 614 2058 773 2099; x_wconf 91' lang='lat' dir='ltr'><strong>unum</strong></span> <span class='ocrx_word' id='word_1_113' title='bbox 807 2043 901 2100; x_wconf 90' lang='lat' dir='ltr'><strong>Dei</strong></span> <span class='ocrx_word' id='word_1_114' title='bbox 929 2045 1260 2114; x_wconf 84' lang='lat' dir='ltr'><strong>sacerdotes,</strong></span> <span class='ocrx_word' id='word_1_115' title='bbox 1304 2048 1526 2117; x_wconf 88' lang='lat' dir='ltr'><strong>cupiens</strong></span> <span class='ocrx_word' id='word_1_116' title='bbox 1551 2063 1618 2103; x_wconf 79' lang='lat' dir='ltr'><strong>ex</strong></span> <span class='ocrx_word' id='word_1_117' title='bbox 1654 2062 1750 2104; x_wconf 92' lang='lat' dir='ltr'><strong>ore</strong></span> <span class='ocrx_word' id='word_1_118' title='bbox 1783 2046 2000 2103; x_wconf 85' lang='lat' dir='ltr'><strong>Patrum</strong></span> <span class='ocrx_word' id='word_1_119' title='bbox 2030 2064 2125 2105; x_wconf 90' lang='lat' dir='ltr'><strong>au-</strong></span> 
     </span>
    </p>
   </div>
   <div class='ocr_carea' id='block_1_18' title="bbox 529 2133 2121 2209">
    <p class='ocr_par' dir='ltr' id='par_1_18' title="bbox 529 2133 2121 2209">
     <span class='ocr_line' id='line_1_18' title="bbox 529 2133 2121 2209; baseline 0.004 -18"><span class='ocrx_word' id='word_1_120' title='bbox 529 2133 648 2192; x_wconf 89' lang='lat' dir='ltr'><strong>dire</strong></span> <span class='ocrx_word' id='word_1_121' title='bbox 676 2139 816 2201; x_wconf 76' lang='lat' dir='ltr'><strong>quod</strong></span> <span class='ocrx_word' id='word_1_122' title='bbox 846 2151 1056 2194; x_wconf 89' lang='lat' dir='ltr'><strong>sacrum</strong></span> <span class='ocrx_word' id='word_1_123' title='bbox 1083 2147 1187 2207; x_wconf 88' lang='lat' dir='ltr'><strong>est,</strong></span> <span class='ocrx_word' id='word_1_124' title='bbox 1235 2140 1376 2209; x_wconf 89' lang='lat' dir='ltr'><strong>quod</strong></span> <span class='ocrx_word' id='word_1_125' title='bbox 1408 2155 1504 2209; x_wconf 92' lang='lat' dir='ltr'><strong>pro</strong></span> <span class='ocrx_word' id='word_1_126' title='bbox 1530 2140 1903 2197; x_wconf 84' lang='lat' dir='ltr'><strong>ecclesiastico</strong></span> <span class='ocrx_word' id='word_1_127' title='bbox 1931 2141 2121 2198; x_wconf 92' lang='lat' dir='ltr'><strong>ordine</strong></span> 
     </span>
    </p>
   </div>
   <div class='ocr_carea' id='block_1_19' title="bbox 525 2219 2204 2301">
    <p class='ocr_par' dir='ltr' id='par_1_19' title="bbox 525 2219 2204 2301">
     <span class='ocr_line' id='line_1_19' title="bbox 525 2219 2204 2301; baseline 0.005 -18"><span class='ocrx_word' id='word_1_128' title='bbox 525 2232 843 2288; x_wconf 86' lang='lat' dir='ltr'><strong>auctoritate</strong></span> <span class='ocrx_word' id='word_1_129' title='bbox 902 2233 1165 2301; x_wconf 84' lang='lat' dir='ltr'><strong>promitur</strong></span> <span class='ocrx_word' id='word_1_130' title='bbox 1225 2234 1517 2301; x_wconf 83' lang='lat' dir='ltr'><strong>pastorali,</strong></span> <span class='ocrx_word' id='word_1_131' title='bbox 1572 2242 1625 2289; x_wconf 89' lang='lat' dir='ltr'><strong>et</strong></span> <span class='ocrx_word' id='word_1_132' title='bbox 1673 2234 2007 2289; x_wconf 87' lang='lat' dir='ltr'><strong>venientibus</strong></span> <span class='ocrx_word' id='word_1_133' title='bbox 2055 2219 2204 2291; x_wconf 75' lang='lat' dir='ltr'><strong>sitB</strong></span> 
     </span>
    </p>
   </div>
   <div class='ocr_carea' id='block_1_20' title="bbox 529 2323 2125 2393">
    <p class='ocr_par' dir='ltr' id='par_1_20' title="bbox 529 2323 2125 2393">
     <span class='ocr_line' id='line_1_20' title="bbox 529 2323 2125 2393; baseline 0.003 -17"><span class='ocrx_word' id='word_1_134' title='bbox 529 2337 717 2377; x_wconf 88' lang='lat' dir='ltr'><strong>norma</strong></span> <span class='ocrx_word' id='word_1_135' title='bbox 746 2334 800 2377; x_wconf 88' lang='lat' dir='ltr'><strong>et</strong></span> <span class='ocrx_word' id='word_1_136' title='bbox 835 2324 1187 2391; x_wconf 62' lang='lat' dir='ltr'><strong>prasentibus</strong></span> <span class='ocrx_word' id='word_1_137' title='bbox 1234 2323 1515 2393; x_wconf 88' lang='lat' dir='ltr'><strong>disciplina</strong></span> <span class='ocrx_word' id='word_1_138' title='bbox 1555 2339 1676 2393; x_wconf 72' lang='lat' dir='ltr'><strong>quae</strong></span> <span class='ocrx_word' id='word_1_139' title='bbox 1720 2327 2040 2380; x_wconf 84' lang='lat' dir='ltr'><strong>conveniant</strong></span> <span class='ocrx_word' id='word_1_140' title='bbox 2093 2340 2125 2381; x_wconf 93' lang='lat' dir='ltr'><strong>a</strong></span> 
     </span>
    </p>
   </div>
   <div class='ocr_carea' id='block_1_21' title="bbox 526 2414 2127 2489">
    <p class='ocr_par' dir='ltr' id='par_1_21' title="bbox 526 2414 2127 2489">
     <span class='ocr_line' id='line_1_21' title="bbox 526 2414 2127 2489; baseline 0.004 -20"><span class='ocrx_word' id='word_1_141' title='bbox 526 2418 779 2486; x_wconf 73' lang='lat' dir='ltr'><strong>prmsenti</strong></span> <span class='ocrx_word' id='word_1_142' title='bbox 812 2424 1054 2486; x_wconf 90' lang='lat' dir='ltr'><strong>tempore</strong></span> <span class='ocrx_word' id='word_1_143' title='bbox 1084 2414 1137 2471; x_wconf 92' lang='lat' dir='ltr'><strong>in</strong></span> <span class='ocrx_word' id='word_1_144' title='bbox 1170 2425 1444 2487; x_wconf 91' lang='lat' dir='ltr'><strong>posterum</strong></span> <span class='ocrx_word' id='word_1_145' title='bbox 1475 2418 1743 2473; x_wconf 89' lang='lat' dir='ltr'><strong>custodire</strong></span> <span class='ocrx_word' id='word_1_146' title='bbox 1766 2459 1784 2485; x_wconf 91' lang='lat'><strong>,</strong></span> <span class='ocrx_word' id='word_1_147' title='bbox 1836 2428 2127 2489; x_wconf 69' lang='lat' dir='ltr'><strong>praestante</strong></span> 
     </span>
    </p>
   </div>
   <div class='ocr_carea' id='block_1_22' title="bbox 527 2505 1693 2581">
    <p class='ocr_par' dir='ltr' id='par_1_22' title="bbox 527 2505 1693 2581">
     <span class='ocr_line' id='line_1_22' title="bbox 527 2505 1693 2581; baseline 0.004 -18"><span class='ocrx_word' id='word_1_148' title='bbox 527 2505 647 2575; x_wconf 87' lang='lat' dir='ltr'><strong>[U.,</strong></span> <span class='ocrx_word' id='word_1_149' title='bbox 678 2508 951 2573; x_wconf 75' lang='lat' dir='ltr'><strong>separaril</strong></span> <span class='ocrx_word' id='word_1_150' title='bbox 976 2510 1086 2565; x_wconf 92' lang='lat' dir='ltr'><strong>Deo</strong></span> <span class='ocrx_word' id='word_1_151' title='bbox 1111 2511 1384 2581; x_wconf 84' lang='lat' dir='ltr'><strong>signanter</strong></span> <span class='ocrx_word' id='word_1_152' title='bbox 1409 2526 1473 2566; x_wconf 80' lang='lat' dir='ltr'><strong>ex</strong></span> <span class='ocrx_word' id='word_1_153' title='bbox 1503 2511 1693 2568; x_wconf 89' lang='lat' dir='ltr'><strong>titulis.</strong></span> 
     </span>
    </p>
   </div>
   <div class='ocr_carea' id='block_1_23' title="bbox 526 2614 2125 2699">
    <p class='ocr_par' dir='ltr' id='par_1_23' title="bbox 526 2614 2125 2699">
     <span class='ocr_line' id='line_1_23' title="bbox 526 2614 2125 2699; baseline 0.006 -25"><span class='ocrx_word' id='word_1_154' title='bbox 526 2614 570 2674; x_wconf 92' lang='grc' dir='ltr'><strong>Ι.</strong></span> <span class='ocrx_word' id='word_1_155' title='bbox 613 2615 693 2674; x_wconf 88' lang='lat' dir='ltr'><strong>De</strong></span> <span class='ocrx_word' id='word_1_156' title='bbox 722 2621 1111 2689; x_wconf 80' lang='lat' dir='ltr'><strong>conﬁrmatione</strong></span> <span class='ocrx_word' id='word_1_157' title='bbox 1151 2621 1494 2699; x_wconf 76' lang='lat' dir='ltr'><strong>damnationis</strong></span> <span class='ocrx_word' id='word_1_158' title='bbox 1533 2632 1791 2681; x_wconf 81' lang='lat' dir='ltr'><strong>sectarum</strong></span> <span class='ocrx_word' id='word_1_159' title='bbox 1827 2624 2125 2699; x_wconf 72' lang='lat' dir='ltr'><strong>Eutychetis</strong></span> 
     </span>
    </p>
   </div>
   <div class='ocr_carea' id='block_1_24' title="bbox 1156 2693 1485 2751">
    <p class='ocr_par' dir='ltr' id='par_1_24' title="bbox 1156 2693 1485 2751">
     <span class='ocr_line' id='line_1_24' title="bbox 1156 2693 1485 2751; baseline 0.006 -3"><span class='ocrx_word' id='word_1_160' title='bbox 1156 2704 1203 2748; x_wconf 91' lang='lat' dir='ltr'><strong>ct</strong></span> <span class='ocrx_word' id='word_1_161' title='bbox 1236 2693 1485 2751; x_wconf 79' lang='lat' dir='ltr'><strong>Nestorii.</strong></span> 
     </span>
    </p>
   </div>
   <div class='ocr_carea' id='block_1_25' title="bbox 600 2801 2125 2883">
    <p class='ocr_par' dir='ltr' id='par_1_25' title="bbox 600 2801 2125 2883">
     <span class='ocr_line' id='line_1_25' title="bbox 600 2801 2125 2883; baseline 0.009 -25"><span class='ocrx_word' id='word_1_162' title='bbox 600 2801 929 2860; x_wconf 77' lang='lat' dir='ltr'><strong>Renovalam</strong></span> <span class='ocrx_word' id='word_1_163' title='bbox 962 2803 1140 2878; x_wconf 86' lang='lat' dir='ltr'><strong>itaque</strong></span> <span class='ocrx_word' id='word_1_164' title='bbox 1188 2806 1449 2865; x_wconf 77' lang='lat' dir='ltr'><strong>nefariam</strong></span> <span class='ocrx_word' id='word_1_165' title='bbox 1479 2819 1705 2881; x_wconf 87' lang='lat' dir='ltr'><strong>sectam,</strong></span> <span class='ocrx_word' id='word_1_166' title='bbox 1738 2827 1897 2883; x_wconf 89' lang='lat' dir='ltr'><strong>quam</strong></span> <span class='ocrx_word' id='word_1_167' title='bbox 1933 2824 2125 2871; x_wconf 84' lang='lat' dir='ltr'><strong>auctor</strong></span> 
     </span>
    </p>
   </div>
   <div class='ocr_carea' id='block_1_26' title="bbox 528 2893 2125 2965">
    <p class='ocr_par' dir='ltr' id='par_1_26' title="bbox 528 2893 2125 2965">
     <span class='ocr_line' id='line_1_26' title="bbox 528 2893 2125 2965; baseline 0.009 -17"><span class='ocrx_word' id='word_1_168' title='bbox 528 2893 668 2949; x_wconf 76' lang='lat' dir='ltr'><strong>male</strong></span> <span class='ocrx_word' id='word_1_169' title='bbox 696 2894 799 2951; x_wconf 88' lang='lat' dir='ltr'><strong>sibi</strong></span> <span class='ocrx_word' id='word_1_170' title='bbox 838 2912 1109 2965; x_wconf 86' lang='lat' dir='ltr'><strong>conscius,</strong></span> <span class='ocrx_word' id='word_1_171' title='bbox 1141 2910 1195 2955; x_wconf 90' lang='lat' dir='ltr'><strong>et</strong></span> <span class='ocrx_word' id='word_1_172' title='bbox 1238 2915 1268 2954; x_wconf 91' lang='lat' dir='ltr'><strong>a</strong></span> <span class='ocrx_word' id='word_1_173' title='bbox 1298 2902 1420 2957; x_wconf 92' lang='lat' dir='ltr'><strong>vivo</strong></span> <span class='ocrx_word' id='word_1_174' title='bbox 1467 2912 1664 2960; x_wconf 76' lang='lat' dir='ltr'><strong>sancta:</strong></span> <span class='ocrx_word' id='word_1_175' title='bbox 1692 2902 1813 2960; x_wconf 90' lang='lat' dir='ltr'><strong>ﬁdei</strong></span> <span class='ocrx_word' id='word_1_176' title='bbox 1839 2906 2125 2963; x_wconf 82' lang='lat' dir='ltr'><strong>catholicae</strong></span> 
     </span>
    </p>
   </div>
   <div class='ocr_carea' id='block_1_27' title="bbox 527 2983 2123 3070">
    <p class='ocr_par' dir='ltr' id='par_1_27' title="bbox 527 2983 2123 3070">
     <span class='ocr_line' id='line_1_27' title="bbox 527 2983 2123 3070; baseline 0.008 -30"><span class='ocrx_word' id='word_1_177' title='bbox 527 2983 674 3041; x_wconf 88' lang='lat' dir='ltr'><strong>fonte</strong></span> <span class='ocrx_word' id='word_1_178' title='bbox 718 2986 1001 3046; x_wconf 88' lang='lat' dir='ltr'><strong>discedens</strong></span> <span class='ocrx_word' id='word_1_179' title='bbox 1048 2991 1342 3063; x_wconf 86' lang='lat' dir='ltr'><strong>sacrilegus</strong></span> <span class='ocrx_word' id='word_1_180' title='bbox 1371 2994 1640 3064; x_wconf 87' lang='lat' dir='ltr'><strong>quondam</strong></span> <span class='ocrx_word' id='word_1_181' title='bbox 1670 2997 1914 3052; x_wconf 89' lang='lat' dir='ltr'><strong>condidit</strong></span> <span class='ocrx_word' id='word_1_182' title='bbox 1954 2998 2123 3070; x_wconf 87' lang='lat' dir='ltr'><strong>Euty-</strong></span> 
     </span>
    </p>
   </div>
   <div class='ocr_carea' id='block_1_28' title="bbox 526 3076 2129 3160">
    <p class='ocr_par' dir='ltr' id='par_1_28' title="bbox 526 3076 2129 3160">
     <span class='ocr_line' id='line_1_28' title="bbox 526 3076 2129 3160; baseline 0.011 -30"><span class='ocrx_word' id='word_1_183' title='bbox 526 3076 655 3133; x_wconf 85' lang='lat' dir='ltr'><strong>ches</strong></span> <span class='ocrx_word' id='word_1_184' title='bbox 702 3079 787 3134; x_wconf 90' lang='lat' dir='ltr'><strong>vel</strong></span> <span class='ocrx_word' id='word_1_185' title='bbox 811 3080 858 3135; x_wconf 92' lang='lat' dir='ltr'><strong>si</strong></span> <span class='ocrx_word' id='word_1_186' title='bbox 879 3096 1105 3153; x_wconf 76' lang='lat' dir='ltr'><strong>quaeque</strong></span> <span class='ocrx_word' id='word_1_187' title='bbox 1132 3098 1163 3139; x_wconf 91' lang='lat' dir='ltr'><strong>a</strong></span> <span class='ocrx_word' id='word_1_188' title='bbox 1200 3086 1444 3140; x_wconf 88' lang='lat' dir='ltr'><strong>veneﬁco</strong></span> <span class='ocrx_word' id='word_1_189' title='bbox 1488 3087 1736 3144; x_wconf 81' lang='lat' dir='ltr'><strong>similiter</strong></span> <span class='ocrx_word' id='word_1_190' title='bbox 1785 3091 1951 3160; x_wconf 89' lang='lat' dir='ltr'><strong>impio</strong></span> <span class='ocrx_word' id='word_1_191' title='bbox 2000 3100 2129 3147; x_wconf 81' lang='lat' dir='ltr'><strong>sunt</strong></span> 
     </span>
    </p>
   </div>
   <div class='ocr_carea' id='block_1_29' title="bbox 527 3169 2124 3251">
    <p class='ocr_par' dir='ltr' id='par_1_29' title="bbox 527 3169 2124 3251">
     <span class='ocr_line' id='line_1_29' title="bbox 527 3169 2124 3251; baseline 0.009 -27"><span class='ocrx_word' id='word_1_192' title='bbox 527 3169 737 3241; x_wconf 88' lang='lat' dir='ltr'><strong>prolata</strong></span> <span class='ocrx_word' id='word_1_193' title='bbox 763 3170 1034 3241; x_wconf 81' lang='lat' dir='ltr'><strong>Nestorio,</strong></span> <span class='ocrx_word' id='word_1_194' title='bbox 1065 3191 1201 3247; x_wconf 91' lang='lat' dir='ltr'><strong>quas</strong></span> <span class='ocrx_word' id='word_1_195' title='bbox 1231 3177 1393 3233; x_wconf 89' lang='lat' dir='ltr'><strong>etiam</strong></span> <span class='ocrx_word' id='word_1_196' title='bbox 1426 3189 1602 3234; x_wconf 88' lang='lat' dir='ltr'><strong>sectas</strong></span> <span class='ocrx_word' id='word_1_197' title='bbox 1630 3180 1788 3235; x_wconf 87' lang='lat' dir='ltr'><strong>sedes</strong></span> <span class='ocrx_word' id='word_1_198' title='bbox 1832 3184 2124 3251; x_wconf 87' lang='lat' dir='ltr'><strong>apostolica</strong></span> 
     </span>
    </p>
   </div>
   <div class='ocr_carea' id='block_1_30' title="bbox 526 3266 2126 3341">
    <p class='ocr_par' dir='ltr' id='par_1_30' title="bbox 526 3266 2126 3341">
     <span class='ocr_line' id='line_1_30' title="bbox 526 3266 2126 3341; baseline 0.008 -23"><span class='ocrx_word' id='word_1_199' title='bbox 526 3272 710 3319; x_wconf 88' lang='lat' dir='ltr'><strong>sancta</strong></span> <span class='ocrx_word' id='word_1_200' title='bbox 733 3266 1079 3335; x_wconf 85' lang='lat' dir='ltr'><strong>condemnat,</strong></span> <span class='ocrx_word' id='word_1_201' title='bbox 1113 3268 1361 3325; x_wconf 82' lang='lat' dir='ltr'><strong>similiter</strong></span> <span class='ocrx_word' id='word_1_202' title='bbox 1382 3282 1435 3326; x_wconf 91' lang='lat' dir='ltr'><strong>et</strong></span> <span class='ocrx_word' id='word_1_203' title='bbox 1465 3284 1565 3326; x_wconf 89' lang='lat' dir='ltr'><strong>nos</strong></span> <span class='ocrx_word' id='word_1_204' title='bbox 1596 3270 1831 3341; x_wconf 81' lang='lat' dir='ltr'><strong>easdem,</strong></span> <span class='ocrx_word' id='word_1_205' title='bbox 1862 3289 1983 3329; x_wconf 86' lang='lat' dir='ltr'><strong>eum</strong></span> <span class='ocrx_word' id='word_1_206' title='bbox 2013 3274 2126 3330; x_wconf 85' lang='lat' dir='ltr'><strong>suis</strong></span> 
     </span>
    </p>
   </div>
   <div class='ocr_carea' id='block_1_31' title="bbox 526 3358 2122 3436">
    <p class='ocr_par' dir='ltr' id='par_1_31' title="bbox 526 3358 2122 3436">
     <span class='ocr_line' id='line_1_31' title="bbox 526 3358 2122 3436; baseline 0.009 -26"><span class='ocrx_word' id='word_1_207' title='bbox 526 3358 837 3413; x_wconf 85' lang='lat' dir='ltr'><strong>auctoribus</strong></span> <span class='ocrx_word' id='word_1_208' title='bbox 856 3368 913 3415; x_wconf 90' lang='lat' dir='ltr'><strong>et</strong></span> <span class='ocrx_word' id='word_1_209' title='bbox 946 3361 1301 3418; x_wconf 84' lang='lat' dir='ltr'><strong>sectatoribus</strong></span> <span class='ocrx_word' id='word_1_210' title='bbox 1331 3374 1644 3421; x_wconf 81' lang='lat' dir='ltr'><strong>execrantes</strong></span> <span class='ocrx_word' id='word_1_211' title='bbox 1673 3368 1955 3436; x_wconf 72' lang='lat' dir='ltr'><strong>praesentis</strong></span> <span class='ocrx_word' id='word_1_212' title='bbox 1981 3384 2122 3425; x_wconf 89' lang='lat' dir='ltr'><strong>con-</strong></span> 
     </span>
    </p>
   </div>
   <div class='ocr_carea' id='block_1_32' title="bbox 528 3448 2117 3528">
    <p class='ocr_par' dir='ltr' id='par_1_32' title="bbox 528 3448 2117 3528">
     <span class='ocr_line' id='line_1_32' title="bbox 528 3448 2117 3528; baseline 0.009 -27"><span class='ocrx_word' id='word_1_213' title='bbox 528 3448 823 3505; x_wconf 87' lang='lat' dir='ltr'><strong>stitutionis</strong></span> <span class='ocrx_word' id='word_1_214' title='bbox 851 3450 1035 3523; x_wconf 79' lang='lat' dir='ltr'><strong>vigore</strong></span> <span class='ocrx_word' id='word_1_215' title='bbox 1062 3454 1577 3511; x_wconf 84' lang='lat' dir='ltr'><strong>anathematizamus</strong></span> <span class='ocrx_word' id='word_1_216' title='bbox 1597 3465 1756 3528; x_wconf 89' lang='lat' dir='ltr'><strong>atque</strong></span> <span class='ocrx_word' id='word_1_217' title='bbox 1777 3460 2117 3528; x_wconf 85' lang='lat' dir='ltr'><strong>damnamus,</strong></span> 
     </span>
    </p>
   </div>
   <div class='ocr_carea' id='block_1_33' title="bbox 532 3547 2121 3615">
    <p class='ocr_par' dir='ltr' id='par_1_33' title="bbox 532 3547 2121 3615">
     <span class='ocr_line' id='line_1_33' title="bbox 532 3547 2121 3615; baseline 0.008 -19"><span class='ocrx_word' id='word_1_218' title='bbox 532 3551 743 3597; x_wconf 83' lang='lat' dir='ltr'><strong>rectum</strong></span> <span class='ocrx_word' id='word_1_219' title='bbox 795 3550 956 3614; x_wconf 91' lang='lat' dir='ltr'><strong>atque</strong></span> <span class='ocrx_word' id='word_1_220' title='bbox 994 3547 1348 3615; x_wconf 86' lang='lat' dir='ltr'><strong>apostolicum</strong></span> <span class='ocrx_word' id='word_1_221' title='bbox 1399 3547 1455 3605; x_wconf 89' lang='lat' dir='ltr'><strong>in</strong></span> <span class='ocrx_word' id='word_1_222' title='bbox 1484 3548 1687 3605; x_wconf 80' lang='lat' dir='ltr'><strong>Christi</strong></span> <span class='ocrx_word' id='word_1_223' title='bbox 1732 3551 1947 3607; x_wconf 90' lang='lat' dir='ltr'><strong>nomine</strong></span> <span class='ocrx_word' id='word_1_224' title='bbox 1998 3551 2121 3608; x_wconf 92' lang='lat' dir='ltr'><strong>ﬁdei</strong></span> 
     </span>
    </p>
   </div>
   <div class='ocr_carea' id='block_1_34' title="bbox 532 3635 1184 3709">
    <p class='ocr_par' dir='ltr' id='par_1_34' title="bbox 532 3635 1184 3709">
     <span class='ocr_line' id='line_1_34' title="bbox 532 3635 1184 3709; baseline 0.006 -19"><span class='ocrx_word' id='word_1_225' title='bbox 532 3635 778 3692; x_wconf 82' lang='lat' dir='ltr'><strong>ordinem</strong></span> <span class='ocrx_word' id='word_1_226' title='bbox 809 3638 1184 3709; x_wconf 83' lang='lat' dir='ltr'><strong>praedicantes.</strong></span> 
     </span>
    </p>
   </div>
   <div class='ocr_carea' id='block_1_35' title="bbox 530 3732 2122 3864">
    <p class='ocr_par' dir='ltr' id='par_1_35' title="bbox 530 3732 2122 3864">
     <span class='ocr_line' id='line_1_35' title="bbox 530 3732 2122 3864; baseline 0.005 -73"><span class='ocrx_word' id='word_1_227' title='bbox 530 3732 596 3791; x_wconf 83' lang='lat' dir='ltr'><strong>ll.</strong></span> <span class='ocrx_word' id='word_1_228' title='bbox 651 3733 730 3791; x_wconf 88' lang='lat' dir='ltr'><strong>De</strong></span> <span class='ocrx_word' id='word_1_229' title='bbox 796 3738 1356 3864; x_wconf 56' lang='lat' dir='ltr'><strong>excommunicatizned</strong></span> <span class='ocrx_word' id='word_1_230' title='bbox 1380 3756 1474 3809; x_wconf 84' lang='lat' dir='ltr'><strong>pro</strong></span> <span class='ocrx_word' id='word_1_231' title='bbox 1512 3739 1704 3797; x_wconf 82' lang='lat' dir='ltr'><strong>leuibus</strong></span> <span class='ocrx_word' id='word_1_232' title='bbox 1746 3742 1879 3813; x_wconf 74' lang='lat' dir='ltr'><strong>(non</strong></span> <span class='ocrx_word' id='word_1_233' title='bbox 1922 3743 2122 3816; x_wconf 86' lang='lat' dir='ltr'><strong>impen-</strong></span> 
     </span>
     <span class='ocr_line' id='line_1_36' title="bbox 1257 3828 1410 3864; baseline 0 0"><span class='ocrx_word' id='word_1_234' title='bbox 1257 3828 1318 3864; x_wconf 92' lang='lat' dir='ltr'><strong>en</strong></span> <span class='ocrx_word' id='word_1_235' title='bbox 1358 3828 1410 3864; x_wconf 90' lang='lat' dir='ltr'><strong>a.</strong></span> 
     </span>
    </p>
   </div>
   <div class='ocr_carea' id='block_1_36' title="bbox 1257 3828 1410 3867">
    <p class='ocr_par' dir='ltr' id='par_1_36' title="bbox 1257 3828 1410 3867">
     <span class='ocr_line' id='line_1_37' title="bbox 1257 3828 1410 3867; baseline 0.007 -1"><span class='ocrx_word' id='word_1_236' title='bbox 1257 3828 1410 3867; x_wconf 86' lang='lat' dir='ltr'><strong>enaa.</strong></span> 
     </span>
    </p>
   </div>
   <div class='ocr_carea' id='block_1_37' title="bbox 598 3896 2121 3973">
    <p class='ocr_par' dir='ltr' id='par_1_37' title="bbox 598 3896 2121 3973">
     <span class='ocr_line' id='line_1_38' title="bbox 598 3896 2121 3973; baseline 0.005 -20"><span class='ocrx_word' id='word_1_237' title='bbox 598 3896 784 3955; x_wconf 78' lang='lat' dir='ltr'><strong>Nullus</strong></span> <span class='ocrx_word' id='word_1_238' title='bbox 813 3899 1151 3959; x_wconf 78' lang='lat' dir='ltr'><strong>sacerdotum</strong></span> <span class='ocrx_word' id='word_1_239' title='bbox 1181 3915 1501 3973; x_wconf 90' lang='lat' dir='ltr'><strong>quemquam</strong></span> <span class='ocrx_word' id='word_1_240' title='bbox 1554 3912 1718 3959; x_wconf 75' lang='lat' dir='ltr'><strong>recta:</strong></span> <span class='ocrx_word' id='word_1_241' title='bbox 1766 3903 1891 3960; x_wconf 87' lang='lat' dir='ltr'><strong>ﬁdei</strong></span> <span class='ocrx_word' id='word_1_242' title='bbox 1942 3902 2121 3961; x_wconf 88' lang='lat' dir='ltr'><strong>homi-</strong></span> 
     </span>
    </p>
   </div>
   <div class='ocr_carea' id='block_1_38' title="bbox 526 3994 2125 4065">
    <p class='ocr_par' dir='ltr' id='par_1_38' title="bbox 526 3994 2125 4065">
     <span class='ocr_line' id='line_1_39' title="bbox 526 3994 2125 4065; baseline 0.003 -15"><span class='ocrx_word' id='word_1_243' title='bbox 526 4006 650 4050; x_wconf 83' lang='lat' dir='ltr'><strong>nem</strong></span> <span class='ocrx_word' id='word_1_244' title='bbox 679 4006 777 4063; x_wconf 90' lang='lat' dir='ltr'><strong>pro</strong></span> <span class='ocrx_word' id='word_1_245' title='bbox 802 3994 976 4065; x_wconf 82' lang='lat' dir='ltr'><strong>parvis</strong></span> <span class='ocrx_word' id='word_1_246' title='bbox 1002 4005 1057 4052; x_wconf 93' lang='lat' dir='ltr'><strong>et</strong></span> <span class='ocrx_word' id='word_1_247' title='bbox 1084 3995 1288 4052; x_wconf 84' lang='lat' dir='ltr'><strong>levibus</strong></span> <span class='ocrx_word' id='word_1_248' title='bbox 1314 3996 1538 4052; x_wconf 88' lang='lat' dir='ltr'><strong>causisa</strong></span> <span class='ocrx_word' id='word_1_249' title='bbox 1569 3998 1950 4054; x_wconf 90' lang='lat' dir='ltr'><strong>communione</strong></span> <span class='ocrx_word' id='word_1_250' title='bbox 2001 4014 2125 4055; x_wconf 88' lang='lat' dir='ltr'><strong>sus-</strong></span> 
     </span>
    </p>
   </div>
   <div class='ocr_carea' id='block_1_39' title="bbox 528 4085 2125 4163">
    <p class='ocr_par' dir='ltr' id='par_1_39' title="bbox 528 4085 2125 4163">
     <span class='ocr_line' id='line_1_40' title="bbox 528 4085 2125 4163; baseline 0.004 -21"><span class='ocrx_word' id='word_1_251' title='bbox 528 4085 748 4157; x_wconf 87' lang='lat' dir='ltr'><strong>pendat,</strong></span> <span class='ocrx_word' id='word_1_252' title='bbox 779 4096 973 4157; x_wconf 74' lang='lat' dir='ltr'><strong>przeter</strong></span> <span class='ocrx_word' id='word_1_253' title='bbox 1001 4102 1095 4145; x_wconf 89' lang='lat' dir='ltr'><strong>eas</strong></span> <span class='ocrx_word' id='word_1_254' title='bbox 1133 4089 1318 4161; x_wconf 83' lang='lat' dir='ltr'><strong>culpas</strong></span> <span class='ocrx_word' id='word_1_255' title='bbox 1351 4104 1447 4161; x_wconf 90' lang='lat' dir='ltr'><strong>pro</strong></span> <span class='ocrx_word' id='word_1_256' title='bbox 1475 4090 1667 4161; x_wconf 88' lang='lat' dir='ltr'><strong>quibus</strong></span> <span class='ocrx_word' id='word_1_257' title='bbox 1709 4091 1913 4163; x_wconf 88' lang='lat' dir='ltr'><strong>antiqui</strong></span> <span class='ocrx_word' id='word_1_258' title='bbox 1940 4091 2125 4149; x_wconf 88' lang='lat' dir='ltr'><strong>Patres</strong></span> 
     </span>
    </p>
   </div>
   <div class='ocr_carea' id='block_1_40' title="bbox 528 4178 1805 4251">
    <p class='ocr_par' dir='ltr' id='par_1_40' title="bbox 528 4178 1805 4251">
     <span class='ocr_line' id='line_1_41' title="bbox 528 4178 1805 4251; baseline 0.004 -18"><span class='ocrx_word' id='word_1_259' title='bbox 528 4178 597 4234; x_wconf 87' lang='lat' dir='ltr'><strong>ab</strong></span> <span class='ocrx_word' id='word_1_260' title='bbox 626 4178 863 4234; x_wconf 82' lang='lat' dir='ltr'><strong>Ecclesia</strong></span> <span class='ocrx_word' id='word_1_261' title='bbox 889 4179 1059 4235; x_wconf 87' lang='lat' dir='ltr'><strong>arceri</strong></span> <span class='ocrx_word' id='word_1_262' title='bbox 1084 4178 1360 4251; x_wconf 84' lang='lat' dir='ltr'><strong>jusserunt</strong></span> <span class='ocrx_word' id='word_1_263' title='bbox 1386 4184 1805 4238; x_wconf 90' lang='lat' dir='ltr'><strong>committentes.</strong></span> 
     </span>
    </p>
   </div>
   <div class='ocr_carea' id='block_1_41' title="bbox 600 4272 2048 4332">
    <p class='ocr_par' dir='ltr' id='par_1_41' title="bbox 600 4272 2048 4332">
     <span class='ocr_line' id='line_1_42' title="bbox 600 4272 2048 4332; baseline 0.003 -4"><span class='ocrx_word' id='word_1_264' title='bbox 600 4272 689 4329; x_wconf 93' lang='lat' dir='ltr'><strong>Ill.</strong></span> <span class='ocrx_word' id='word_1_265' title='bbox 721 4272 807 4330; x_wconf 86' lang='lat' dir='ltr'><strong>Ne</strong></span> <span class='ocrx_word' id='word_1_266' title='bbox 834 4274 1006 4329; x_wconf 76' lang='lat' dir='ltr'><strong>clerici</strong></span> <span class='ocrx_word' id='word_1_267' title='bbox 1046 4290 1164 4329; x_wconf 90' lang='lat' dir='ltr'><strong>cum</strong></span> <span class='ocrx_word' id='word_1_268' title='bbox 1191 4274 1445 4329; x_wconf 78' lang='lat' dir='ltr'><strong>extraneis</strong></span> <span class='ocrx_word' id='word_1_269' title='bbox 1474 4276 1771 4330; x_wconf 82' lang='lat' dir='ltr'><strong>mulieribus</strong></span> <span class='ocrx_word' id='word_1_270' title='bbox 1800 4275 2048 4332; x_wconf 81' lang='lat' dir='ltr'><strong>habitent.</strong></span> 
     </span>
    </p>
   </div>
   <div class='ocr_carea' id='block_1_42' title="bbox 602 4365 2127 4438">
    <p class='ocr_par' dir='ltr' id='par_1_42' title="bbox 602 4365 2127 4438">
     <span class='ocr_line' id='line_1_43' title="bbox 602 4365 2127 4438; baseline 0.001 -16"><span class='ocrx_word' id='word_1_271' title='bbox 602 4365 672 4423; x_wconf 94' lang='lat' dir='ltr'><strong>Ut</strong></span> <span class='ocrx_word' id='word_1_272' title='bbox 697 4368 876 4422; x_wconf 91' lang='lat' dir='ltr'><strong>nullus</strong></span> <span class='ocrx_word' id='word_1_273' title='bbox 904 4365 1213 4437; x_wconf 86' lang='lat' dir='ltr'><strong>episcopus,</strong></span> <span class='ocrx_word' id='word_1_274' title='bbox 1243 4366 1523 4438; x_wconf 80' lang='lat' dir='ltr'><strong>presbyter</strong></span> <span class='ocrx_word' id='word_1_275' title='bbox 1545 4378 1635 4422; x_wconf 93' lang='lat' dir='ltr'><strong>aut</strong></span> <span class='ocrx_word' id='word_1_276' title='bbox 1663 4369 1919 4423; x_wconf 87' lang='lat' dir='ltr'><strong>diaconus</strong></span> <span class='ocrx_word' id='word_1_277' title='bbox 1947 4378 2127 4424; x_wconf 79' lang='lat' dir='ltr'><strong>extra-</strong></span> 
     </span>
    </p>
   </div>
   <div class='ocr_carea' id='block_1_43' title="bbox 534 4458 2128 4529">
    <p class='ocr_par' dir='ltr' id='par_1_43' title="bbox 534 4458 2128 4529">
     <span class='ocr_line' id='line_1_44' title="bbox 534 4458 2128 4529; baseline -0.001 -12"><span class='ocrx_word' id='word_1_278' title='bbox 534 4474 758 4517; x_wconf 84' lang='lat' dir='ltr'><strong>nearum</strong></span> <span class='ocrx_word' id='word_1_279' title='bbox 774 4458 1057 4514; x_wconf 82' lang='lat' dir='ltr'><strong>mulierum</strong></span> <span class='ocrx_word' id='word_1_280' title='bbox 1074 4459 1210 4513; x_wconf 89' lang='lat' dir='ltr'><strong>intra</strong></span> <span class='ocrx_word' id='word_1_281' title='bbox 1223 4459 1440 4513; x_wconf 91' lang='lat' dir='ltr'><strong>domum</strong></span> <span class='ocrx_word' id='word_1_282' title='bbox 1460 4470 1748 4529; x_wconf 67' lang='lat' dir='ltr'><strong>prmsumat</strong></span> <span class='ocrx_word' id='word_1_283' title='bbox 1762 4460 1958 4515; x_wconf 90' lang='lat' dir='ltr'><strong>habere</strong></span> <span class='ocrx_word' id='word_1_284' title='bbox 1985 4461 2128 4515; x_wconf 86' lang='lat' dir='ltr'><strong>sola-</strong></span> 
     </span>
    </p>
   </div>
   <div class='ocr_carea' id='block_1_44' title="bbox 533 4551 2127 4624">
    <p class='ocr_par' dir='ltr' id='par_1_44' title="bbox 533 4551 2127 4624">
     <span class='ocr_line' id='line_1_45' title="bbox 533 4551 2127 4624; baseline 0.001 -16"><span class='ocrx_word' id='word_1_285' title='bbox 533 4556 689 4618; x_wconf 90' lang='lat' dir='ltr'><strong>tium,</strong></span> <span class='ocrx_word' id='word_1_286' title='bbox 711 4562 765 4608; x_wconf 92' lang='lat' dir='ltr'><strong>et</strong></span> <span class='ocrx_word' id='word_1_287' title='bbox 788 4552 872 4608; x_wconf 91' lang='lat' dir='ltr'><strong>cui</strong></span> <span class='ocrx_word' id='word_1_288' title='bbox 894 4552 1055 4608; x_wconf 91' lang='lat' dir='ltr'><strong>etiam</strong></span> <span class='ocrx_word' id='word_1_289' title='bbox 1079 4565 1176 4622; x_wconf 91' lang='lat' dir='ltr'><strong>pro</strong></span> <span class='ocrx_word' id='word_1_290' title='bbox 1198 4551 1426 4608; x_wconf 88' lang='lat' dir='ltr'><strong>utilitate</strong></span> <span class='ocrx_word' id='word_1_291' title='bbox 1442 4567 1537 4607; x_wconf 89' lang='lat' dir='ltr'><strong>sua</strong></span> <span class='ocrx_word' id='word_1_292' title='bbox 1552 4552 1781 4624; x_wconf 86' lang='lat' dir='ltr'><strong>aliquam</strong></span> <span class='ocrx_word' id='word_1_293' title='bbox 1813 4553 2127 4611; x_wconf 80' lang='lat' dir='ltr'><strong>familiarius</strong></span> 
     </span>
    </p>
   </div>
   <div class='ocr_carea' id='block_1_45' title="bbox 539 4644 2126 4718">
    <p class='ocr_par' dir='ltr' id='par_1_45' title="bbox 539 4644 2126 4718">
     <span class='ocr_line' id='line_1_46' title="bbox 539 4644 2126 4718; baseline 0.001 -17"><span class='ocrx_word' id='word_1_294' title='bbox 539 4645 826 4715; x_wconf 85' lang='lat' dir='ltr'><strong>regendam</strong></span> <span class='ocrx_word' id='word_1_295' title='bbox 841 4646 1158 4711; x_wconf 84' lang='lat' dir='ltr'><strong>committat,</strong></span> <span class='ocrx_word' id='word_1_296' title='bbox 1172 4644 1316 4715; x_wconf 91' lang='lat' dir='ltr'><strong>quod</strong></span> <span class='ocrx_word' id='word_1_297' title='bbox 1334 4645 1495 4701; x_wconf 89' lang='lat' dir='ltr'><strong>etiam</strong></span> <span class='ocrx_word' id='word_1_298' title='bbox 1517 4656 1571 4702; x_wconf 94' lang='lat' dir='ltr'><strong>et</strong></span> <span class='ocrx_word' id='word_1_299' title='bbox 1588 4646 1896 4718; x_wconf 77' lang='lat' dir='ltr'><strong>propinquis</strong></span> <span class='ocrx_word' id='word_1_300' title='bbox 1911 4646 2126 4703; x_wconf 79' lang='lat' dir='ltr'><strong>feminis</strong></span> 
     </span>
    </p>
   </div>
   <div class='ocr_carea' id='block_1_46' title="bbox 536 4735 2127 4809">
    <p class='ocr_par' dir='ltr' id='par_1_46' title="bbox 536 4735 2127 4809">
     <span class='ocr_line' id='line_1_47' title="bbox 536 4735 2127 4809; baseline 0.002 -17"><span class='ocrx_word' id='word_1_301' title='bbox 536 4735 684 4792; x_wconf 89' lang='lat' dir='ltr'><strong>horis</strong></span> <span class='ocrx_word' id='word_1_302' title='bbox 704 4736 1080 4794; x_wconf 87' lang='lat' dir='ltr'><strong>indecentibus</strong></span> <span class='ocrx_word' id='word_1_303' title='bbox 1110 4738 1359 4795; x_wconf 86' lang='lat' dir='ltr'><strong>similiter</strong></span> <span class='ocrx_word' id='word_1_304' title='bbox 1388 4739 1757 4809; x_wconf 87' lang='lat' dir='ltr'><strong>prohibemus,</strong></span> <span class='ocrx_word' id='word_1_305' title='bbox 1784 4754 1851 4795; x_wconf 84' lang='lat' dir='ltr'><strong>ne</strong></span> <span class='ocrx_word' id='word_1_306' title='bbox 1876 4739 1979 4795; x_wconf 89' lang='lat' dir='ltr'><strong>sub</strong></span> <span class='ocrx_word' id='word_1_307' title='bbox 2002 4754 2127 4795; x_wconf 86' lang='lat' dir='ltr'><strong>con-</strong></span> 
     </span>
    </p>
   </div>
   <div class='ocr_carea' id='block_1_47' title="bbox 527 4812 2126 4902">
    <p class='ocr_par' dir='ltr' id='par_1_47' title="bbox 527 4812 2126 4902">
     <span class='ocr_line' id='line_1_48' title="bbox 527 4812 2126 4902; baseline 0 -16"><span class='ocrx_word' id='word_1_308' title='bbox 527 4842 682 4886; x_wconf 84' lang='lat' dir='ltr'><strong>cessa</strong></span> <span class='ocrx_word' id='word_1_309' title='bbox 711 4829 812 4886; x_wconf 89' lang='lat' dir='ltr'><strong>sibi</strong></span> <span class='ocrx_word' id='word_1_310' title='bbox 840 4830 1054 4886; x_wconf 84' lang='lat' dir='ltr'><strong>licentia</strong></span> <span class='ocrx_word' id='word_1_311' title='bbox 1080 4830 1342 4901; x_wconf 89' lang='lat' dir='ltr'><strong>parentali</strong></span> <span class='ocrx_word' id='word_1_312' title='bbox 1368 4830 1436 4886; x_wconf 90' lang='lat' dir='ltr'><strong>ab</strong></span> <span class='ocrx_word' id='word_1_313' title='bbox 1464 4812 1989 4902; x_wconf 45' lang='lat' dir='ltr'><strong>earum&#39;sequipedis</strong></span> <span class='ocrx_word' id='word_1_314' title='bbox 2013 4846 2126 4887; x_wconf 91' lang='lat' dir='ltr'><strong>me-</strong></span> 
     </span>
    </p>
   </div>
   <div class='ocr_carea' id='block_1_48' title="bbox 527 4923 2123 4998">
    <p class='ocr_par' dir='ltr' id='par_1_48' title="bbox 527 4923 2123 4998">
     <span class='ocr_line' id='line_1_49' title="bbox 527 4923 2123 4998; baseline -0.002 -16"><span class='ocrx_word' id='word_1_315' title='bbox 527 4935 860 4982; x_wconf 85' lang='lat' dir='ltr'><strong>moratoruin</strong></span> <span class='ocrx_word' id='word_1_316' title='bbox 887 4926 999 4981; x_wconf 87' lang='lat' dir='ltr'><strong>vita</strong></span> <span class='ocrx_word' id='word_1_317' title='bbox 1020 4924 1105 4982; x_wconf 90' lang='lat' dir='ltr'><strong>vel</strong></span> <span class='ocrx_word' id='word_1_318' title='bbox 1131 4926 1313 4998; x_wconf 83' lang='lat' dir='ltr'><strong>Opinio</strong></span> <span class='ocrx_word' id='word_1_319' title='bbox 1336 4925 1633 4995; x_wconf 91' lang='lat' dir='ltr'><strong>polluatur.</strong></span> <span class='ocrx_word' id='word_1_320' title='bbox 1666 4923 1817 4995; x_wconf 85' lang='lat' dir='ltr'><strong>Quod</strong></span> <span class='ocrx_word' id='word_1_321' title='bbox 1846 4925 1891 4979; x_wconf 73' lang='lat' dir='ltr'><strong>si</strong></span> <span class='ocrx_word' id='word_1_322' title='bbox 1915 4926 2123 4997; x_wconf 82' lang='lat' dir='ltr'><strong>episco-</strong></span> 
     </span>
    </p>
   </div>
   <div class='ocr_carea' id='block_1_49' title="bbox 535 5020 2172 5103">
    <p class='ocr_par' dir='ltr' id='par_1_49' title="bbox 535 5020 2172 5103">
     <span class='ocr_line' id='line_1_50' title="bbox 535 5020 2172 5103; baseline 0.002 -30"><span class='ocrx_word' id='word_1_323' title='bbox 535 5020 587 5090; x_wconf 83' lang='lat' dir='ltr'><strong>pi</strong></span> <span class='ocrx_word' id='word_1_324' title='bbox 637 5036 781 5077; x_wconf 89' lang='lat' dir='ltr'><strong>nunc</strong></span> <span class='ocrx_word' id='word_1_325' title='bbox 813 5021 971 5077; x_wconf 91' lang='lat' dir='ltr'><strong>vetita</strong></span> <span class='ocrx_word' id='word_1_326' title='bbox 1016 5023 1091 5076; x_wconf 89' lang='lat' dir='ltr'><strong>uti</strong></span> <span class='ocrx_word' id='word_1_327' title='bbox 1141 5022 1242 5079; x_wconf 88' lang='lat' dir='ltr'><strong>sibi</strong></span> <span class='ocrx_word' id='word_1_328' title='bbox 1282 5023 1383 5077; x_wconf 92' lang='lat' dir='ltr'><strong>sub</strong></span> <span class='ocrx_word' id='word_1_329' title='bbox 1426 5023 1658 5093; x_wconf 87' lang='lat' dir='ltr'><strong>quadam</strong></span> <span class='ocrx_word' id='word_1_330' title='bbox 1701 5020 2172 5103; x_wconf 63' lang='lat' dir='ltr'><strong>praesumptione:</strong></span> 
     </span>
    </p>
   </div>
   <div class='ocr_carea' id='block_1_50' title="bbox 532 5114 2127 5186">
    <p class='ocr_par' dir='ltr' id='par_1_50' title="bbox 532 5114 2127 5186">
     <span class='ocr_line' id='line_1_51' title="bbox 532 5114 2127 5186; baseline 0.002 -19"><span class='ocrx_word' id='word_1_331' title='bbox 532 5114 823 5177; x_wconf 78' lang='lat' dir='ltr'><strong>voluerint,</strong></span> <span class='ocrx_word' id='word_1_332' title='bbox 877 5128 1020 5169; x_wconf 91' lang='lat' dir='ltr'><strong>anno</strong></span> <span class='ocrx_word' id='word_1_333' title='bbox 1049 5128 1156 5170; x_wconf 87' lang='lat' dir='ltr'><strong>uno</strong></span> <span class='ocrx_word' id='word_1_334' title='bbox 1184 5129 1214 5168; x_wconf 91' lang='lat' dir='ltr'><strong>a</strong></span> <span class='ocrx_word' id='word_1_335' title='bbox 1246 5115 1662 5186; x_wconf 86' lang='lat' dir='ltr'><strong>metropolitano</strong></span> <span class='ocrx_word' id='word_1_336' title='bbox 1708 5114 1791 5170; x_wconf 91' lang='lat' dir='ltr'><strong>vel</strong></span> <span class='ocrx_word' id='word_1_337' title='bbox 1822 5128 1851 5168; x_wconf 93' lang='lat' dir='ltr'><strong>a</strong></span> <span class='ocrx_word' id='word_1_338' title='bbox 1876 5127 2127 5183; x_wconf 90' lang='lat' dir='ltr'><strong>compro-</strong></span> 
     </span>
    </p>
   </div>
   <div class='ocr_carea' id='block_1_51' title="bbox 534 5203 2124 5281">
    <p class='ocr_par' dir='ltr' id='par_1_51' title="bbox 534 5203 2124 5281">
     <span class='ocr_line' id='line_1_52' title="bbox 534 5203 2124 5281; baseline -0.001 -21"><span class='ocrx_word' id='word_1_339' title='bbox 534 5205 853 5262; x_wconf 88' lang='lat' dir='ltr'><strong>vincialihus</strong></span> <span class='ocrx_word' id='word_1_340' title='bbox 905 5205 974 5261; x_wconf 88' lang='lat' dir='ltr'><strong>ab</strong></span> <span class='ocrx_word' id='word_1_341' title='bbox 1001 5205 1181 5262; x_wconf 89' lang='lat' dir='ltr'><strong>ofﬁcio</strong></span> <span class='ocrx_word' id='word_1_342' title='bbox 1226 5204 1739 5281; x_wconf 58' lang='lat' dir='ltr'><strong>deponantur|[zE.,</strong></span> <span class='ocrx_word' id='word_1_343' title='bbox 1767 5203 1832 5261; x_wconf 91' lang='lat' dir='ltr'><strong>B.</strong></span> <span class='ocrx_word' id='word_1_344' title='bbox 1863 5204 1957 5272; x_wconf 74' lang='grc' dir='ltr'><strong>Β..</strong></span> <span class='ocrx_word' id='word_1_345' title='bbox 1983 5204 2045 5259; x_wconf 86' lang='grc' dir='ltr'><strong>Τ.</strong></span> <span class='ocrx_word' id='word_1_346' title='bbox 2072 5206 2124 5273; x_wconf 86' lang='lat' dir='ltr'><strong>l,</strong></span> 
     </span>
    </p>
   </div>
   <div class='ocr_carea' id='block_1_52' title="bbox 528 5298 2125 5372">
    <p class='ocr_par' dir='ltr' id='par_1_52' title="bbox 528 5298 2125 5372">
     <span class='ocr_line' id='line_1_53' title="bbox 528 5298 2125 5372; baseline 0.001 -19"><span class='ocrx_word' id='word_1_347' title='bbox 528 5298 987 5369; x_wconf 84' lang='lat' dir='ltr'><strong>suspendantur]:</strong></span> <span class='ocrx_word' id='word_1_348' title='bbox 1036 5300 1222 5357; x_wconf 88' lang='lat' dir='ltr'><strong>clerici</strong></span> <span class='ocrx_word' id='word_1_349' title='bbox 1260 5311 1440 5357; x_wconf 87' lang='lat' dir='ltr'><strong>autem</strong></span> <span class='ocrx_word' id='word_1_350' title='bbox 1502 5316 1535 5357; x_wconf 89' lang='lat' dir='ltr'><strong>a</strong></span> <span class='ocrx_word' id='word_1_351' title='bbox 1581 5299 1811 5372; x_wconf 91' lang='lat' dir='ltr'><strong>propriis</strong></span> <span class='ocrx_word' id='word_1_352' title='bbox 1857 5299 2125 5371; x_wconf 82' lang='lat' dir='ltr'><strong>episcOpis</strong></span> 
     </span>
    </p>
   </div>
   <div class='ocr_carea' id='block_1_53' title="bbox 535 5390 1766 5464">
    <p class='ocr_par' dir='ltr' id='par_1_53' title="bbox 535 5390 1766 5464">
     <span class='ocr_line' id='line_1_54' title="bbox 535 5390 1766 5464; baseline 0.002 -19"><span class='ocrx_word' id='word_1_353' title='bbox 535 5390 694 5446; x_wconf 87' lang='lat' dir='ltr'><strong>modo</strong></span> <span class='ocrx_word' id='word_1_354' title='bbox 721 5390 810 5460; x_wconf 90' lang='lat' dir='ltr'><strong>qui</strong></span> <span class='ocrx_word' id='word_1_355' title='bbox 841 5405 1001 5461; x_wconf 89' lang='lat' dir='ltr'><strong>supra</strong></span> <span class='ocrx_word' id='word_1_356' title='bbox 1031 5390 1263 5464; x_wconf 89' lang='lat' dir='ltr'><strong>scriptus</strong></span> <span class='ocrx_word' id='word_1_357' title='bbox 1292 5402 1377 5450; x_wconf 82' lang='lat' dir='ltr'><strong>est</strong></span> <span class='ocrx_word' id='word_1_358' title='bbox 1404 5392 1766 5462; x_wconf 86' lang='lat' dir='ltr'><strong>corrigantur.</strong></span> 
     </span>
    </p>
   </div>
   <div class='ocr_carea' id='block_1_54' title="bbox 939 5484 1713 5557">
    <p class='ocr_par' dir='ltr' id='par_1_54' title="bbox 939 5484 1713 5557">
     <span class='ocr_line' id='line_1_55' title="bbox 939 5484 1713 5557; baseline -0.004 -16"><span class='ocrx_word' id='word_1_359' title='bbox 939 5484 1028 5541; x_wconf 84' lang='lat' dir='ltr'><strong>IV.</strong></span> <span class='ocrx_word' id='word_1_360' title='bbox 1062 5484 1139 5541; x_wconf 87' lang='lat' dir='ltr'><strong>De</strong></span> <span class='ocrx_word' id='word_1_361' title='bbox 1176 5485 1376 5542; x_wconf 84' lang='lat' dir='ltr'><strong>clericis</strong></span> <span class='ocrx_word' id='word_1_362' title='bbox 1401 5485 1713 5557; x_wconf 82' lang='lat' dir='ltr'><strong>conjugatis.</strong></span> 
     </span>
    </p>
   </div>
   <div class='ocr_carea' id='block_1_55' title="bbox 605 5572 2120 5647">
    <p class='ocr_par' dir='ltr' id='par_1_55' title="bbox 605 5572 2120 5647">
     <span class='ocr_line' id='line_1_56' title="bbox 605 5572 2120 5647; baseline -0.001 -16"><span class='ocrx_word' id='word_1_363' title='bbox 605 5572 661 5632; x_wconf 90' lang='lat' dir='ltr'><strong>Si</strong></span> <span class='ocrx_word' id='word_1_364' title='bbox 685 5574 806 5645; x_wconf 88' lang='lat' dir='ltr'><strong>quis</strong></span> <span class='ocrx_word' id='word_1_365' title='bbox 832 5575 1061 5634; x_wconf 89' lang='lat' dir='ltr'><strong>clericus</strong></span> <span class='ocrx_word' id='word_1_366' title='bbox 1085 5587 1202 5647; x_wconf 88' lang='lat' dir='ltr'><strong>post</strong></span> <span class='ocrx_word' id='word_1_367' title='bbox 1230 5586 1406 5632; x_wconf 87' lang='lat' dir='ltr'><strong>actam</strong></span> <span class='ocrx_word' id='word_1_368' title='bbox 1435 5575 1862 5631; x_wconf 88' lang='lat' dir='ltr'><strong>benedictionem</strong></span> <span class='ocrx_word' id='word_1_369' title='bbox 1895 5573 2120 5645; x_wconf 87' lang='lat' dir='ltr'><strong>cujusli-</strong></span> 
     </span>
    </p>
   </div>
   <div class='ocr_carea' id='block_1_56' title="bbox 530 5666 2115 5740">
    <p class='ocr_par' dir='ltr' id='par_1_56' title="bbox 530 5666 2115 5740">
     <span class='ocr_line' id='line_1_57' title="bbox 530 5666 2115 5740; baseline -0.001 -15"><span class='ocrx_word' id='word_1_370' title='bbox 530 5666 623 5725; x_wconf 88' lang='lat' dir='ltr'><strong>bet</strong></span> <span class='ocrx_word' id='word_1_371' title='bbox 652 5670 753 5725; x_wconf 93' lang='lat' dir='ltr'><strong>loci</strong></span> <span class='ocrx_word' id='word_1_372' title='bbox 785 5670 871 5726; x_wconf 87' lang='lat' dir='ltr'><strong>vel</strong></span> <span class='ocrx_word' id='word_1_373' title='bbox 898 5668 1105 5726; x_wconf 88' lang='lat' dir='ltr'><strong>ordinis</strong></span> <span class='ocrx_word' id='word_1_374' title='bbox 1132 5669 1200 5726; x_wconf 89' lang='lat' dir='ltr'><strong>ad</strong></span> <span class='ocrx_word' id='word_1_375' title='bbox 1242 5668 1523 5740; x_wconf 87' lang='lat' dir='ltr'><strong>conjugale</strong></span> <span class='ocrx_word' id='word_1_376' title='bbox 1552 5675 1723 5724; x_wconf 91' lang='lat' dir='ltr'><strong>torum</strong></span> <span class='ocrx_word' id='word_1_377' title='bbox 1755 5666 1966 5735; x_wconf 90' lang='lat' dir='ltr'><strong>denuo,</strong></span> <span class='ocrx_word' id='word_1_378' title='bbox 2002 5667 2115 5736; x_wconf 89' lang='lat' dir='ltr'><strong>jam</strong></span> 
     </span>
    </p>
   </div>
   <div class='ocr_carea' id='block_1_57' title="bbox 529 5759 2115 5834">
    <p class='ocr_par' dir='ltr' id='par_1_57' title="bbox 529 5759 2115 5834">
     <span class='ocr_line' id='line_1_58' title="bbox 529 5759 2115 5834; baseline -0.003 -15"><span class='ocrx_word' id='word_1_379' title='bbox 529 5762 633 5819; x_wconf 87' lang='lat' dir='ltr'><strong>sibi</strong></span> <span class='ocrx_word' id='word_1_380' title='bbox 681 5763 948 5828; x_wconf 87' lang='lat' dir='ltr'><strong>illicitum,</strong></span> <span class='ocrx_word' id='word_1_381' title='bbox 998 5762 1174 5820; x_wconf 89' lang='lat' dir='ltr'><strong>redire</strong></span> <span class='ocrx_word' id='word_1_382' title='bbox 1223 5762 1647 5834; x_wconf 69' lang='lat' dir='ltr'><strong>praesumpserit,</strong></span> <span class='ocrx_word' id='word_1_383' title='bbox 1680 5775 1846 5832; x_wconf 88' lang='lat' dir='ltr'><strong>usque</strong></span> <span class='ocrx_word' id='word_1_384' title='bbox 1875 5759 1927 5815; x_wconf 93' lang='lat' dir='ltr'><strong>in</strong></span> <span class='ocrx_word' id='word_1_385' title='bbox 1972 5760 2115 5815; x_wconf 89' lang='lat' dir='ltr'><strong>diem</strong></span> 
     </span>
    </p>
   </div>
   <div class='ocr_carea' id='block_1_58' title="bbox 2231 924 3823 997">
    <p class='ocr_par' dir='ltr' id='par_1_58' title="bbox 2231 924 3823 997">
     <span class='ocr_line' id='line_1_59' title="bbox 2231 924 3823 997; baseline 0.005 -19"><span class='ocrx_word' id='word_1_386' title='bbox 2231 932 2370 978; x_wconf 88' lang='lat' dir='ltr'><strong>trum</strong></span> <span class='ocrx_word' id='word_1_387' title='bbox 2400 924 2606 995; x_wconf 84' lang='lat' dir='ltr'><strong>antiqui</strong></span> <span class='ocrx_word' id='word_1_388' title='bbox 2628 938 2885 990; x_wconf 86' lang='lat' dir='ltr'><strong>canones,</strong></span> <span class='ocrx_word' id='word_1_389' title='bbox 2918 939 2980 979; x_wconf 88' lang='lat' dir='ltr'><strong>ac</strong></span> <span class='ocrx_word' id='word_1_390' title='bbox 3007 924 3187 980; x_wconf 86' lang='lat' dir='ltr'><strong>ofﬁcio</strong></span> <span class='ocrx_word' id='word_1_391' title='bbox 3215 925 3559 997; x_wconf 63' lang='lat' dir='ltr'><strong>(deponatur,</strong></span> <span class='ocrx_word' id='word_1_392' title='bbox 3594 929 3643 985; x_wconf 89' lang='lat' dir='ltr'><strong>ei</strong></span> <span class='ocrx_word' id='word_1_393' title='bbox 3692 940 3823 987; x_wconf 89' lang='lat' dir='ltr'><strong>tan-</strong></span> 
     </span>
    </p>
   </div>
   <div class='ocr_carea' id='block_1_59' title="bbox 2231 1014 3224 1074">
    <p class='ocr_par' dir='ltr' id='par_1_59' title="bbox 2231 1014 3224 1074">
     <span class='ocr_line' id='line_1_60' title="bbox 2231 1014 3224 1074; baseline 0.002 -4"><span class='ocrx_word' id='word_1_394' title='bbox 2231 1014 2507 1071; x_wconf 90' lang='lat' dir='ltr'><strong>tummodo</strong></span> <span class='ocrx_word' id='word_1_395' title='bbox 2536 1018 2915 1073; x_wconf 90' lang='lat' dir='ltr'><strong>communione</strong></span> <span class='ocrx_word' id='word_1_396' title='bbox 2944 1031 3224 1074; x_wconf 86' lang='lat' dir='ltr'><strong>concessa.</strong></span> 
     </span>
    </p>
   </div>
   <div class='ocr_carea' id='block_1_60' title="bbox 2303 1105 3712 1183">
    <p class='ocr_par' dir='ltr' id='par_1_60' title="bbox 2303 1105 3712 1183">
     <span class='ocr_line' id='line_1_61' title="bbox 2303 1105 3712 1183; baseline 0.008 -24"><span class='ocrx_word' id='word_1_397' title='bbox 2303 1110 2310 1117; x_wconf 85' lang='lat'>&#39;</span> <span class='ocrx_word' id='word_1_398' title='bbox 2339 1106 2401 1160; x_wconf 85' lang='lat' dir='ltr'><strong>V.</strong></span> <span class='ocrx_word' id='word_1_399' title='bbox 2456 1105 2539 1161; x_wconf 89' lang='lat' dir='ltr'><strong>Ne</strong></span> <span class='ocrx_word' id='word_1_400' title='bbox 2562 1110 2829 1178; x_wconf 81' lang='lat' dir='ltr'><strong>episcopus</strong></span> <span class='ocrx_word' id='word_1_401' title='bbox 2869 1107 3097 1163; x_wconf 83' lang='lat' dir='ltr'><strong>alienum</strong></span> <span class='ocrx_word' id='word_1_402' title='bbox 3126 1108 3368 1165; x_wconf 84' lang='lat' dir='ltr'><strong>clericum</strong></span> <span class='ocrx_word' id='word_1_403' title='bbox 3394 1123 3712 1183; x_wconf 75' lang='lat' dir='ltr'><strong>promoveat.</strong></span> 
     </span>
    </p>
   </div>
   <div class='ocr_carea' id='block_1_61' title="bbox 2300 1197 3819 1261">
    <p class='ocr_par' dir='ltr' id='par_1_61' title="bbox 2300 1197 3819 1261">
     <span class='ocr_line' id='line_1_62' title="bbox 2300 1197 3819 1261; baseline 0.005 -8"><span class='ocrx_word' id='word_1_404' title='bbox 2300 1197 2370 1254; x_wconf 88' lang='lat' dir='ltr'><strong>Ut</strong></span> <span class='ocrx_word' id='word_1_405' title='bbox 2394 1199 2569 1253; x_wconf 89' lang='lat' dir='ltr'><strong>nullus</strong></span> <span class='ocrx_word' id='word_1_406' title='bbox 2596 1197 2851 1254; x_wconf 85' lang='lat' dir='ltr'><strong>clericum</strong></span> <span class='ocrx_word' id='word_1_407' title='bbox 2876 1215 2971 1255; x_wconf 89' lang='lat' dir='ltr'><strong>seu</strong></span> <span class='ocrx_word' id='word_1_408' title='bbox 3000 1200 3258 1257; x_wconf 89' lang='lat' dir='ltr'><strong>lectorem</strong></span> <span class='ocrx_word' id='word_1_409' title='bbox 3307 1201 3544 1258; x_wconf 87' lang='lat' dir='ltr'><strong>alienum</strong></span> <span class='ocrx_word' id='word_1_410' title='bbox 3589 1206 3710 1261; x_wconf 89' lang='lat' dir='ltr'><strong>sine</strong></span> <span class='ocrx_word' id='word_1_411' title='bbox 3740 1205 3819 1261; x_wconf 91' lang='lat' dir='ltr'><strong>sui</strong></span> 
     </span>
    </p>
   </div>
   <div class='ocr_carea' id='block_1_62' title="bbox 2228 1291 3820 1367">
    <p class='ocr_par' dir='ltr' id='par_1_62' title="bbox 2228 1291 3820 1367">
     <span class='ocr_line' id='line_1_63' title="bbox 2228 1291 3820 1367; baseline 0.004 -21"><span class='ocrx_word' id='word_1_412' title='bbox 2228 1291 2477 1347; x_wconf 89' lang='lat' dir='ltr'><strong>cessione</strong></span> <span class='ocrx_word' id='word_1_413' title='bbox 2506 1291 2775 1361; x_wconf 89' lang='lat' dir='ltr'><strong>pontiﬁcis</strong></span> <span class='ocrx_word' id='word_1_414' title='bbox 2798 1291 2879 1346; x_wconf 90' lang='lat' dir='ltr'><strong>vel</strong></span> <span class='ocrx_word' id='word_1_415' title='bbox 2932 1307 3249 1361; x_wconf 72' lang='lat' dir='ltr'><strong>promovere</strong></span> <span class='ocrx_word' id='word_1_416' title='bbox 3279 1295 3365 1348; x_wconf 89' lang='lat' dir='ltr'><strong>vel</strong></span> <span class='ocrx_word' id='word_1_417' title='bbox 3391 1295 3494 1350; x_wconf 90' lang='lat' dir='ltr'><strong>sibi</strong></span> <span class='ocrx_word' id='word_1_418' title='bbox 3518 1297 3820 1367; x_wconf 86' lang='lat' dir='ltr'><strong>quibusque</strong></span> 
     </span>
    </p>
   </div>
   <div class='ocr_carea' id='block_1_63' title="bbox 2228 1383 3819 1456">
    <p class='ocr_par' dir='ltr' id='par_1_63' title="bbox 2228 1383 3819 1456">
     <span class='ocr_line' id='line_1_64' title="bbox 2228 1383 3819 1456; baseline 0.002 -17"><span class='ocrx_word' id='word_1_419' title='bbox 2228 1383 2628 1439; x_wconf 83' lang='lat' dir='ltr'><strong>conditionibus</strong></span> <span class='ocrx_word' id='word_1_420' title='bbox 2674 1384 2870 1440; x_wconf 88' lang='lat' dir='ltr'><strong>audeat</strong></span> <span class='ocrx_word' id='word_1_421' title='bbox 2911 1383 3223 1440; x_wconf 90' lang='lat' dir='ltr'><strong>vindicare:</strong></span> <span class='ocrx_word' id='word_1_422' title='bbox 3274 1384 3416 1453; x_wconf 88' lang='lat' dir='ltr'><strong>quod</strong></span> <span class='ocrx_word' id='word_1_423' title='bbox 3455 1386 3503 1439; x_wconf 86' lang='lat' dir='ltr'><strong>si</strong></span> <span class='ocrx_word' id='word_1_424' title='bbox 3532 1388 3649 1456; x_wconf 87' lang='lat' dir='ltr'><strong>quis</strong></span> <span class='ocrx_word' id='word_1_425' title='bbox 3678 1387 3819 1443; x_wconf 79' lang='lat' dir='ltr'><strong>hanc</strong></span> 
     </span>
    </p>
   </div>
   <div class='ocr_carea' id='block_1_64' title="bbox 2229 1476 3819 1550">
    <p class='ocr_par' dir='ltr' id='par_1_64' title="bbox 2229 1476 3819 1550">
     <span class='ocr_line' id='line_1_65' title="bbox 2229 1476 3819 1550; baseline 0.001 -14"><span class='ocrx_word' id='word_1_426' title='bbox 2229 1478 2659 1536; x_wconf 82' lang='lat' dir='ltr'><strong>constitutionem</strong></span> <span class='ocrx_word' id='word_1_427' title='bbox 2672 1476 3163 1550; x_wconf 86' lang='lat' dir='ltr'><strong>fueritquacunque</strong></span> <span class='ocrx_word' id='word_1_428' title='bbox 3194 1480 3611 1549; x_wconf 64' lang='lat' dir='ltr'><strong>prmsumptione</strong></span> <span class='ocrx_word' id='word_1_429' title='bbox 3636 1490 3819 1537; x_wconf 84' lang='lat' dir='ltr'><strong>trans-</strong></span> 
     </span>
    </p>
   </div>
   <div class='ocr_carea' id='block_1_65' title="bbox 2227 1574 3819 1643">
    <p class='ocr_par' dir='ltr' id='par_1_65' title="bbox 2227 1574 3819 1643">
     <span class='ocr_line' id='line_1_66' title="bbox 2227 1574 3819 1643; baseline 0.001 -16"><span class='ocrx_word' id='word_1_430' title='bbox 2227 1588 2467 1643; x_wconf 85' lang='lat' dir='ltr'><strong>gressus,</strong></span> <span class='ocrx_word' id='word_1_431' title='bbox 2492 1583 2802 1629; x_wconf 73' lang='lat' dir='ltr'><strong>memorata:</strong></span> <span class='ocrx_word' id='word_1_432' title='bbox 2832 1588 3075 1643; x_wconf 63' lang='lat' dir='ltr'><strong>personae</strong></span> <span class='ocrx_word' id='word_1_433' title='bbox 3114 1574 3183 1630; x_wconf 89' lang='lat' dir='ltr'><strong>ab</strong></span> <span class='ocrx_word' id='word_1_434' title='bbox 3211 1589 3299 1642; x_wconf 92' lang='lat' dir='ltr'><strong>eo,</strong></span> <span class='ocrx_word' id='word_1_435' title='bbox 3359 1574 3445 1629; x_wconf 92' lang='lat' dir='ltr'><strong>cui</strong></span> <span class='ocrx_word' id='word_1_436' title='bbox 3475 1583 3597 1629; x_wconf 90' lang='lat' dir='ltr'><strong>sunt</strong></span> <span class='ocrx_word' id='word_1_437' title='bbox 3624 1574 3819 1630; x_wconf 64' lang='lat' dir='ltr'><strong>debite</strong></span> 
     </span>
    </p>
   </div>
   <div class='ocr_carea' id='block_1_66' title="bbox 2228 1664 3818 1735">
    <p class='ocr_par' dir='ltr' id='par_1_66' title="bbox 2228 1664 3818 1735">
     <span class='ocr_line' id='line_1_67' title="bbox 2228 1664 3818 1735; baseline 0.002 -16"><span class='ocrx_word' id='word_1_438' title='bbox 2228 1680 2326 1721; x_wconf 91' lang='lat' dir='ltr'><strong>seu</strong></span> <span class='ocrx_word' id='word_1_439' title='bbox 2355 1664 2724 1721; x_wconf 86' lang='lat' dir='ltr'><strong>ecclesiastico</strong></span> <span class='ocrx_word' id='word_1_440' title='bbox 2748 1664 2874 1735; x_wconf 86' lang='lat' dir='ltr'><strong>jure</strong></span> <span class='ocrx_word' id='word_1_441' title='bbox 2901 1664 3015 1721; x_wconf 87' lang='lat' dir='ltr'><strong>sive</strong></span> <span class='ocrx_word' id='word_1_442' title='bbox 3052 1666 3296 1735; x_wconf 81' lang='lat' dir='ltr'><strong>praprio,</strong></span> <span class='ocrx_word' id='word_1_443' title='bbox 3343 1674 3639 1729; x_wconf 73' lang='lat' dir='ltr'><strong>revocate,</strong></span> <span class='ocrx_word' id='word_1_444' title='bbox 3689 1666 3818 1735; x_wconf 85' lang='lat' dir='ltr'><strong>quia</strong></span> 
     </span>
    </p>
   </div>
   <div class='ocr_carea' id='block_1_67' title="bbox 2229 1757 3819 1833">
    <p class='ocr_par' dir='ltr' id='par_1_67' title="bbox 2229 1757 3819 1833">
     <span class='ocr_line' id='line_1_68' title="bbox 2229 1757 3819 1833; baseline 0.001 -19"><span class='ocrx_word' id='word_1_445' title='bbox 2229 1760 2414 1816; x_wconf 89' lang='lat' dir='ltr'><strong>illicita</strong></span> <span class='ocrx_word' id='word_1_446' title='bbox 2461 1761 2741 1816; x_wconf 88' lang='lat' dir='ltr'><strong>vacatione</strong></span> <span class='ocrx_word' id='word_1_447' title='bbox 2781 1758 2868 1833; x_wconf 81' lang='grc' dir='ltr'><strong>[Β.</strong></span> <span class='ocrx_word' id='word_1_448' title='bbox 2903 1758 2996 1826; x_wconf 83' lang='lat' dir='ltr'><strong>R.,</strong></span> <span class='ocrx_word' id='word_1_449' title='bbox 3034 1758 3093 1815; x_wconf 85' lang='grc' dir='ltr'><strong>Τ.</strong></span> <span class='ocrx_word' id='word_1_450' title='bbox 3131 1762 3180 1825; x_wconf 81' lang='lat' dir='ltr'><strong>t,</strong></span> <span class='ocrx_word' id='word_1_451' title='bbox 3214 1757 3516 1831; x_wconf 90' lang='lat' dir='ltr'><strong>vocatione]</strong></span> <span class='ocrx_word' id='word_1_452' title='bbox 3543 1759 3819 1819; x_wconf 83' lang='lat' dir='ltr'><strong>discesse-</strong></span> 
     </span>
    </p>
   </div>
   <div class='ocr_carea' id='block_1_68' title="bbox 2229 1849 3877 1933">
    <p class='ocr_par' dir='ltr' id='par_1_68' title="bbox 2229 1849 3877 1933">
     <span class='ocr_line' id='line_1_69' title="bbox 2229 1849 3877 1933; baseline -0.002 -26"><span class='ocrx_word' id='word_1_453' title='bbox 2229 1863 2373 1920; x_wconf 92' lang='lat' dir='ltr'><strong>runt,</strong></span> <span class='ocrx_word' id='word_1_454' title='bbox 2408 1852 2477 1907; x_wconf 89' lang='lat' dir='ltr'><strong>ab</strong></span> <span class='ocrx_word' id='word_1_455' title='bbox 2507 1852 2686 1907; x_wconf 88' lang='lat' dir='ltr'><strong>ofﬁcio</strong></span> <span class='ocrx_word' id='word_1_456' title='bbox 2708 1852 2790 1907; x_wconf 90' lang='lat' dir='ltr'><strong>vel</strong></span> <span class='ocrx_word' id='word_1_457' title='bbox 2821 1852 3026 1906; x_wconf 91' lang='lat' dir='ltr'><strong>honore</strong></span> <span class='ocrx_word' id='word_1_458' title='bbox 3061 1859 3312 1920; x_wconf 90' lang='lat' dir='ltr'><strong>suscepto</strong></span> <span class='ocrx_word' id='word_1_459' title='bbox 3348 1851 3502 1920; x_wconf 77' lang='lat' dir='ltr'><strong>juxta</strong></span> <span class='ocrx_word' id='word_1_460' title='bbox 3530 1849 3815 1905; x_wconf 84' lang='lat' dir='ltr'><strong>arbitrium</strong></span> <span class='ocrx_word' id='word_1_461' title='bbox 3867 1910 3877 1933; x_wconf 44' lang='grc' dir='ltr'>ε</span> 
     </span>
    </p>
   </div>
   <div class='ocr_carea' id='block_1_69' title="bbox 2226 1946 3877 2018">
    <p class='ocr_par' dir='ltr' id='par_1_69' title="bbox 2226 1946 3877 2018">
     <span class='ocr_line' id='line_1_70' title="bbox 2226 1946 3877 2018; baseline -0.003 -15"><span class='ocrx_word' id='word_1_462' title='bbox 2226 1948 2311 2003; x_wconf 90' lang='lat' dir='ltr'><strong>sui</strong></span> <span class='ocrx_word' id='word_1_463' title='bbox 2340 1946 2610 2018; x_wconf 90' lang='lat' dir='ltr'><strong>pontiﬁcis</strong></span> <span class='ocrx_word' id='word_1_464' title='bbox 2639 1946 3075 2018; x_wconf 85' lang='lat' dir='ltr'><strong>suspendantur:</strong></span> <span class='ocrx_word' id='word_1_465' title='bbox 3109 1946 3394 2015; x_wconf 81' lang='lat' dir='ltr'><strong>episcopus</strong></span> <span class='ocrx_word' id='word_1_466' title='bbox 3442 1959 3569 2001; x_wconf 89' lang='lat' dir='ltr'><strong>vero</strong></span> <span class='ocrx_word' id='word_1_467' title='bbox 3592 1946 3683 2015; x_wconf 91' lang='lat' dir='ltr'><strong>qui</strong></span> <span class='ocrx_word' id='word_1_468' title='bbox 3731 1958 3816 2000; x_wconf 91' lang='lat' dir='ltr'><strong>or-</strong></span> <span class='ocrx_word' id='word_1_469' title='bbox 3870 1964 3877 2011; x_wconf 67' lang='grc' dir='ltr'>ε</span> 
     </span>
    </p>
   </div>
   <div class='ocr_carea' id='block_1_70' title="bbox 2227 2028 3879 2109">
    <p class='ocr_par' dir='ltr' id='par_1_70' title="bbox 2227 2028 3879 2109">
     <span class='ocr_line' id='line_1_71' title="bbox 2227 2028 3879 2109; baseline 0.001 -14"><span class='ocrx_word' id='word_1_470' title='bbox 2227 2040 2514 2109; x_wconf 89' lang='lat' dir='ltr'><strong>dinaverit,</strong></span> <span class='ocrx_word' id='word_1_471' title='bbox 2568 2055 2665 2098; x_wconf 79' lang='lat' dir='ltr'><strong>sex</strong></span> <span class='ocrx_word' id='word_1_472' title='bbox 2721 2056 2938 2098; x_wconf 87' lang='lat' dir='ltr'><strong>menses</strong></span> <span class='ocrx_word' id='word_1_473' title='bbox 2985 2050 3189 2096; x_wconf 89' lang='lat' dir='ltr'><strong>tantum</strong></span> <span class='ocrx_word' id='word_1_474' title='bbox 3251 2040 3442 2095; x_wconf 87' lang='lat' dir='ltr'><strong>missas</strong></span> <span class='ocrx_word' id='word_1_475' title='bbox 3490 2039 3667 2096; x_wconf 86' lang='lat' dir='ltr'><strong>facere</strong></span> <span class='ocrx_word' id='word_1_476' title='bbox 3706 2054 3816 2097; x_wconf 87' lang='lat' dir='ltr'><strong>non</strong></span> <span class='ocrx_word' id='word_1_477' title='bbox 3858 2028 3879 2109; x_wconf 59' lang='grc' dir='ltr'><em>ξ</em></span> 
     </span>
    </p>
   </div>
   <div class='ocr_carea' id='block_1_71' title="bbox 2228 2101 3875 2284">
    <p class='ocr_par' dir='ltr' id='par_1_71' title="bbox 2228 2101 3875 2284">
     <span class='ocr_line' id='line_1_72' title="bbox 2228 2101 3875 2284; baseline 0.002 -95"><span class='ocrx_word' id='word_1_478' title='bbox 2228 2144 2535 2205; x_wconf 65' lang='lat' dir='ltr'><strong>praesumat.</strong></span> 
     </span>
     <span class='ocr_line' id='line_1_73' title="bbox 2655 2227 3388 2284; baseline -0.001 0"><span class='ocrx_word' id='word_1_479' title='bbox 2655 2227 2743 2284; x_wconf 83' lang='lat' dir='ltr'><strong>Vl.</strong></span> <span class='ocrx_word' id='word_1_480' title='bbox 2794 2228 2880 2283; x_wconf 87' lang='lat' dir='ltr'><strong>Ne</strong></span> <span class='ocrx_word' id='word_1_481' title='bbox 2906 2229 3037 2283; x_wconf 79' lang='lat' dir='ltr'><strong>servi</strong></span> <span class='ocrx_word' id='word_1_482' title='bbox 3063 2227 3388 2284; x_wconf 82' lang='lat' dir='ltr'><strong>ordinentur.</strong></span> 
     </span>
    </p>
   </div>
   <div class='ocr_carea' id='block_1_72' title="bbox 2655 2227 3388 2284">
    <p class='ocr_par' dir='ltr' id='par_1_72' title="bbox 2655 2227 3388 2284">
     <span class='ocr_line' id='line_1_74' title="bbox 2655 2227 3388 2284; baseline -0.001 0"><span class='ocrx_word' id='word_1_483' title='bbox 2655 2227 2743 2284; x_wconf 83' lang='lat' dir='ltr'><strong>Vl.</strong></span> <span class='ocrx_word' id='word_1_484' title='bbox 2794 2228 2880 2283; x_wconf 87' lang='lat' dir='ltr'><strong>Ne</strong></span> <span class='ocrx_word' id='word_1_485' title='bbox 2906 2229 3037 2283; x_wconf 79' lang='lat' dir='ltr'><strong>servi</strong></span> <span class='ocrx_word' id='word_1_486' title='bbox 3063 2227 3388 2284; x_wconf 82' lang='lat' dir='ltr'><strong>ordinentur.</strong></span> 
     </span>
    </p>
   </div>
   <div class='ocr_carea' id='block_1_73' title="bbox 2301 2290 3873 2395">
    <p class='ocr_par' dir='ltr' id='par_1_73' title="bbox 2301 2290 3873 2395">
     <span class='ocr_line' id='line_1_75' title="bbox 2301 2290 3873 2395; baseline -0.003 -15"><span class='ocrx_word' id='word_1_487' title='bbox 2301 2323 2373 2380; x_wconf 86' lang='lat' dir='ltr'><strong>Ut</strong></span> <span class='ocrx_word' id='word_1_488' title='bbox 2396 2337 2610 2381; x_wconf 89' lang='lat' dir='ltr'><strong>servum</strong></span> <span class='ocrx_word' id='word_1_489' title='bbox 2640 2324 2731 2395; x_wconf 91' lang='lat' dir='ltr'><strong>qui</strong></span> <span class='ocrx_word' id='word_1_490' title='bbox 2763 2323 3063 2380; x_wconf 86' lang='lat' dir='ltr'><strong>libertatem</strong></span> <span class='ocrx_word' id='word_1_491' title='bbox 3093 2339 3121 2377; x_wconf 90' lang='lat' dir='ltr'><strong>a</strong></span> <span class='ocrx_word' id='word_1_492' title='bbox 3152 2322 3388 2378; x_wconf 87' lang='lat' dir='ltr'><strong>dominis</strong></span> <span class='ocrx_word' id='word_1_493' title='bbox 3431 2322 3661 2394; x_wconf 88' lang='lat' dir='ltr'><strong>propriis</strong></span> <span class='ocrx_word' id='word_1_494' title='bbox 3703 2335 3813 2378; x_wconf 85' lang='lat' dir='ltr'><strong>non</strong></span> <span class='ocrx_word' id='word_1_495' title='bbox 3852 2290 3873 2309; x_wconf 41' lang='grc'><strong>“’</strong></span> 
     </span>
    </p>
   </div>
   <div class='ocr_carea' id='block_1_74' title="bbox 2229 2414 3816 2486">
    <p class='ocr_par' dir='ltr' id='par_1_74' title="bbox 2229 2414 3816 2486">
     <span class='ocr_line' id='line_1_76' title="bbox 2229 2414 3816 2486; baseline -0.001 -17"><span class='ocrx_word' id='word_1_496' title='bbox 2229 2419 2499 2485; x_wconf 82' lang='lat' dir='ltr'><strong>acceperit</strong></span> <span class='ocrx_word' id='word_1_497' title='bbox 2526 2424 2618 2470; x_wconf 81' lang='lat' dir='ltr'><strong>aut</strong></span> <span class='ocrx_word' id='word_1_498' title='bbox 2643 2415 2804 2470; x_wconf 89' lang='lat' dir='ltr'><strong>etiam</strong></span> <span class='ocrx_word' id='word_1_499' title='bbox 2824 2416 3049 2472; x_wconf 91' lang='lat' dir='ltr'><strong>liberum</strong></span> <span class='ocrx_word' id='word_1_500' title='bbox 3078 2416 3256 2471; x_wconf 90' lang='lat' dir='ltr'><strong>nullus</strong></span> <span class='ocrx_word' id='word_1_501' title='bbox 3282 2416 3647 2486; x_wconf 86' lang='lat' dir='ltr'><strong>episcoporum</strong></span> <span class='ocrx_word' id='word_1_502' title='bbox 3675 2414 3816 2468; x_wconf 68' lang='lat' dir='ltr'><strong>abso</strong></span> 
     </span>
    </p>
   </div>
   <div class='ocr_carea' id='block_1_75' title="bbox 2232 2507 3818 2578">
    <p class='ocr_par' dir='ltr' id='par_1_75' title="bbox 2232 2507 3818 2578">
     <span class='ocr_line' id='line_1_77' title="bbox 2232 2507 3818 2578; baseline -0.001 -16"><span class='ocrx_word' id='word_1_503' title='bbox 2232 2522 2337 2577; x_wconf 90' lang='lat' dir='ltr'><strong>que</strong></span> <span class='ocrx_word' id='word_1_504' title='bbox 2366 2507 2484 2577; x_wconf 90' lang='lat' dir='ltr'><strong>ejus</strong></span> <span class='ocrx_word' id='word_1_505' title='bbox 2512 2516 2717 2563; x_wconf 90' lang='lat' dir='ltr'><strong>tantum</strong></span> <span class='ocrx_word' id='word_1_506' title='bbox 2778 2508 3053 2563; x_wconf 89' lang='lat' dir='ltr'><strong>voluntate</strong></span> <span class='ocrx_word' id='word_1_507' title='bbox 3080 2508 3233 2578; x_wconf 87' lang='lat' dir='ltr'><strong>cujus</strong></span> <span class='ocrx_word' id='word_1_508' title='bbox 3264 2516 3357 2561; x_wconf 91' lang='lat' dir='ltr'><strong>aut</strong></span> <span class='ocrx_word' id='word_1_509' title='bbox 3381 2522 3566 2563; x_wconf 83' lang='lat' dir='ltr'><strong>servus</strong></span> <span class='ocrx_word' id='word_1_510' title='bbox 3608 2514 3695 2561; x_wconf 88' lang='lat' dir='ltr'><strong>est</strong></span> <span class='ocrx_word' id='word_1_511' title='bbox 3719 2511 3818 2561; x_wconf 88' lang='lat' dir='ltr'><strong>aut</strong></span> 
     </span>
    </p>
   </div>
   <div class='ocr_carea' id='block_1_76' title="bbox 2227 2597 3815 2673">
    <p class='ocr_par' dir='ltr' id='par_1_76' title="bbox 2227 2597 3815 2673">
     <span class='ocr_line' id='line_1_78' title="bbox 2227 2597 3815 2673; baseline -0.001 -20"><span class='ocrx_word' id='word_1_512' title='bbox 2227 2599 2523 2654; x_wconf 89' lang='lat' dir='ltr'><strong>absolvisse</strong></span> <span class='ocrx_word' id='word_1_513' title='bbox 2552 2597 2671 2673; x_wconf 72' lang='lat'><strong>(0.,</strong></span> <span class='ocrx_word' id='word_1_514' title='bbox 2704 2600 2978 2654; x_wconf 89' lang='lat' dir='ltr'><strong>absolutus</strong></span> <span class='ocrx_word' id='word_1_515' title='bbox 3001 2598 3141 2670; x_wconf 91' lang='lat' dir='ltr'><strong>esse]</strong></span> <span class='ocrx_word' id='word_1_516' title='bbox 3181 2598 3531 2671; x_wconf 82' lang='lat' dir='ltr'><strong>dignoscitur,</strong></span> <span class='ocrx_word' id='word_1_517' title='bbox 3555 2598 3815 2653; x_wconf 89' lang='lat' dir='ltr'><strong>clericum</strong></span> 
     </span>
    </p>
   </div>
   <div class='ocr_carea' id='block_1_77' title="bbox 2227 2690 3812 2765">
    <p class='ocr_par' dir='ltr' id='par_1_77' title="bbox 2227 2690 3812 2765">
     <span class='ocr_line' id='line_1_79' title="bbox 2227 2690 3812 2765; baseline -0.002 -18"><span class='ocrx_word' id='word_1_518' title='bbox 2227 2694 2420 2749; x_wconf 87' lang='lat' dir='ltr'><strong>audeat</strong></span> <span class='ocrx_word' id='word_1_519' title='bbox 2446 2693 2695 2749; x_wconf 88' lang='lat' dir='ltr'><strong>ordinare</strong></span> <span class='ocrx_word' id='word_1_520' title='bbox 2722 2711 2735 2747; x_wconf 87' lang='lat'><strong>:</strong></span> <span class='ocrx_word' id='word_1_521' title='bbox 2767 2692 2911 2765; x_wconf 88' lang='lat' dir='ltr'><strong>quod</strong></span> <span class='ocrx_word' id='word_1_522' title='bbox 2939 2693 3184 2764; x_wconf 81' lang='lat' dir='ltr'><strong>quisquis</strong></span> <span class='ocrx_word' id='word_1_523' title='bbox 3206 2691 3419 2759; x_wconf 86' lang='lat' dir='ltr'><strong>fecerit,</strong></span> <span class='ocrx_word' id='word_1_524' title='bbox 3462 2693 3506 2748; x_wconf 89' lang='lat' dir='ltr'><strong>is</strong></span> <span class='ocrx_word' id='word_1_525' title='bbox 3535 2693 3620 2762; x_wconf 88' lang='lat' dir='ltr'><strong>qui</strong></span> <span class='ocrx_word' id='word_1_526' title='bbox 3662 2690 3812 2746; x_wconf 87' lang='lat' dir='ltr'><strong>ordi-</strong></span> 
     </span>
    </p>
   </div>
   <div class='ocr_carea' id='block_1_78' title="bbox 2228 2784 3815 2856">
    <p class='ocr_par' dir='ltr' id='par_1_78' title="bbox 2228 2784 3815 2856">
     <span class='ocr_line' id='line_1_80' title="bbox 2228 2784 3815 2856; baseline -0.004 -13"><span class='ocrx_word' id='word_1_527' title='bbox 2228 2799 2385 2843; x_wconf 90' lang='lat' dir='ltr'><strong>natus</strong></span> <span class='ocrx_word' id='word_1_528' title='bbox 2414 2798 2496 2843; x_wconf 91' lang='lat' dir='ltr'><strong>est</strong></span> <span class='ocrx_word' id='word_1_529' title='bbox 2525 2802 2555 2842; x_wconf 88' lang='lat' dir='ltr'><strong>a</strong></span> <span class='ocrx_word' id='word_1_530' title='bbox 2592 2787 2811 2842; x_wconf 92' lang='lat' dir='ltr'><strong>domino</strong></span> <span class='ocrx_word' id='word_1_531' title='bbox 2841 2795 3122 2843; x_wconf 91' lang='lat' dir='ltr'><strong>revocetur</strong></span> <span class='ocrx_word' id='word_1_532' title='bbox 3147 2804 3160 2853; x_wconf 90' lang='lat'><strong>;</strong></span> <span class='ocrx_word' id='word_1_533' title='bbox 3189 2798 3244 2841; x_wconf 91' lang='lat' dir='ltr'><strong>et</strong></span> <span class='ocrx_word' id='word_1_534' title='bbox 3269 2785 3358 2841; x_wconf 91' lang='lat' dir='ltr'><strong>ille</strong></span> <span class='ocrx_word' id='word_1_535' title='bbox 3387 2785 3478 2856; x_wconf 90' lang='lat' dir='ltr'><strong>qui</strong></span> <span class='ocrx_word' id='word_1_536' title='bbox 3523 2794 3607 2841; x_wconf 90' lang='lat' dir='ltr'><strong>est</strong></span> <span class='ocrx_word' id='word_1_537' title='bbox 3651 2784 3815 2838; x_wconf 85' lang='lat' dir='ltr'><strong>colla-</strong></span> 
     </span>
    </p>
   </div>
   <div class='ocr_carea' id='block_1_79' title="bbox 2230 2876 3816 2948">
    <p class='ocr_par' dir='ltr' id='par_1_79' title="bbox 2230 2876 3816 2948">
     <span class='ocr_line' id='line_1_81' title="bbox 2230 2876 3816 2948; baseline -0.003 -12"><span class='ocrx_word' id='word_1_538' title='bbox 2230 2892 2316 2937; x_wconf 91' lang='lat' dir='ltr'><strong>tor</strong></span> <span class='ocrx_word' id='word_1_539' title='bbox 2335 2878 2563 2946; x_wconf 88' lang='lat' dir='ltr'><strong>ordinis,</strong></span> <span class='ocrx_word' id='word_1_540' title='bbox 2591 2880 2634 2935; x_wconf 90' lang='lat' dir='ltr'><strong>si</strong></span> <span class='ocrx_word' id='word_1_541' title='bbox 2664 2882 2841 2935; x_wconf 89' lang='lat' dir='ltr'><strong>sciens</strong></span> <span class='ocrx_word' id='word_1_542' title='bbox 2882 2877 3073 2934; x_wconf 87' lang='lat' dir='ltr'><strong>fecisse</strong></span> <span class='ocrx_word' id='word_1_543' title='bbox 3117 2878 3390 2948; x_wconf 81' lang='lat' dir='ltr'><strong>probatur,</strong></span> <span class='ocrx_word' id='word_1_544' title='bbox 3420 2891 3515 2933; x_wconf 77' lang='lat' dir='ltr'><strong>sex</strong></span> <span class='ocrx_word' id='word_1_545' title='bbox 3544 2876 3816 2932; x_wconf 82' lang='lat' dir='ltr'><strong>mensibus</strong></span> 
     </span>
    </p>
   </div>
   <div class='ocr_carea' id='block_1_80' title="bbox 2231 2966 3813 3042">
    <p class='ocr_par' dir='ltr' id='par_1_80' title="bbox 2231 2966 3813 3042">
     <span class='ocr_line' id='line_1_82' title="bbox 2231 2966 3813 3042; baseline -0.003 -15"><span class='ocrx_word' id='word_1_546' title='bbox 2231 2980 2434 3028; x_wconf 91' lang='lat' dir='ltr'><strong>tantum</strong></span> <span class='ocrx_word' id='word_1_547' title='bbox 2463 2970 2625 3042; x_wconf 73' lang='lat'><strong>275</strong></span> <span class='ocrx_word' id='word_1_548' title='bbox 2658 2971 2874 3025; x_wconf 67' lang='lat' dir='ltr'><strong>missam</strong></span> <span class='ocrx_word' id='word_1_549' title='bbox 2905 2970 3081 3025; x_wconf 84' lang='lat' dir='ltr'><strong>facere</strong></span> <span class='ocrx_word' id='word_1_550' title='bbox 3109 2985 3213 3025; x_wconf 89' lang='lat' dir='ltr'><strong>non</strong></span> <span class='ocrx_word' id='word_1_551' title='bbox 3248 2977 3558 3039; x_wconf 67' lang='lat' dir='ltr'><strong>praesumat.</strong></span> <span class='ocrx_word' id='word_1_552' title='bbox 3596 2966 3655 3022; x_wconf 91' lang='lat' dir='ltr'><strong>Si</strong></span> <span class='ocrx_word' id='word_1_553' title='bbox 3687 2982 3813 3022; x_wconf 92' lang='lat' dir='ltr'><strong>vero</strong></span> 
     </span>
    </p>
   </div>
   <div class='ocr_carea' id='block_1_81' title="bbox 2227 3060 3815 3132">
    <p class='ocr_par' dir='ltr' id='par_1_81' title="bbox 2227 3060 3815 3132">
     <span class='ocr_line' id='line_1_83' title="bbox 2227 3060 3815 3132; baseline -0.004 -12"><span class='ocrx_word' id='word_1_554' title='bbox 2227 3066 2565 3120; x_wconf 69' lang='lat' dir='ltr'><strong>saecularium</strong></span> <span class='ocrx_word' id='word_1_555' title='bbox 2602 3079 2661 3119; x_wconf 93' lang='lat' dir='ltr'><strong>se</strong></span> <span class='ocrx_word' id='word_1_556' title='bbox 2675 3077 2790 3118; x_wconf 62' lang='lat' dir='ltr'><strong>.‘vus</strong></span> <span class='ocrx_word' id='word_1_557' title='bbox 2812 3077 2931 3119; x_wconf 89' lang='lat' dir='ltr'><strong>esse</strong></span> <span class='ocrx_word' id='word_1_558' title='bbox 2960 3062 3316 3129; x_wconf 87' lang='lat' dir='ltr'><strong>convincitur,</strong></span> <span class='ocrx_word' id='word_1_559' title='bbox 3348 3061 3399 3116; x_wconf 90' lang='lat' dir='ltr'><strong>ei</strong></span> <span class='ocrx_word' id='word_1_560' title='bbox 3424 3060 3515 3132; x_wconf 90' lang='lat' dir='ltr'><strong>qui</strong></span> <span class='ocrx_word' id='word_1_561' title='bbox 3540 3060 3815 3115; x_wconf 87' lang='lat' dir='ltr'><strong>ordinatus</strong></span> 
     </span>
    </p>
   </div>
   <div class='ocr_carea' id='block_1_82' title="bbox 2229 3151 3818 3221">
    <p class='ocr_par' dir='ltr' id='par_1_82' title="bbox 2229 3151 3818 3221">
     <span class='ocr_line' id='line_1_84' title="bbox 2229 3151 3818 3221; baseline -0.004 -8"><span class='ocrx_word' id='word_1_562' title='bbox 2229 3168 2312 3213; x_wconf 83' lang='lat' dir='ltr'><strong>est</strong></span> <span class='ocrx_word' id='word_1_563' title='bbox 2337 3158 2711 3213; x_wconf 87' lang='lat' dir='ltr'><strong>benedictione</strong></span> <span class='ocrx_word' id='word_1_564' title='bbox 2737 3166 2968 3221; x_wconf 88' lang='lat' dir='ltr'><strong>servata,</strong></span> <span class='ocrx_word' id='word_1_565' title='bbox 3001 3154 3229 3210; x_wconf 84' lang='lat' dir='ltr'><strong>boiiesto</strong></span> <span class='ocrx_word' id='word_1_566' title='bbox 3259 3153 3447 3209; x_wconf 89' lang='lat' dir='ltr'><strong>ordine</strong></span> <span class='ocrx_word' id='word_1_567' title='bbox 3478 3151 3696 3206; x_wconf 89' lang='lat' dir='ltr'><strong>domino</strong></span> <span class='ocrx_word' id='word_1_568' title='bbox 3717 3164 3818 3206; x_wconf 92' lang='lat' dir='ltr'><strong>suo</strong></span> 
     </span>
    </p>
   </div>
   <div class='ocr_carea' id='block_1_83' title="bbox 2229 3243 3817 3321">
    <p class='ocr_par' dir='ltr' id='par_1_83' title="bbox 2229 3243 3817 3321">
     <span class='ocr_line' id='line_1_85' title="bbox 2229 3243 3817 3321; baseline -0.005 -14"><span class='ocrx_word' id='word_1_569' title='bbox 2229 3252 2504 3321; x_wconf 86' lang='lat' dir='ltr'><strong>impendat</strong></span> <span class='ocrx_word' id='word_1_570' title='bbox 2562 3250 2920 3320; x_wconf 88' lang='lat' dir='ltr'><strong>obsequium;</strong></span> <span class='ocrx_word' id='word_1_571' title='bbox 2969 3246 3111 3319; x_wconf 93' lang='lat' dir='ltr'><strong>quod</strong></span> <span class='ocrx_word' id='word_1_572' title='bbox 3162 3246 3208 3301; x_wconf 93' lang='lat' dir='ltr'><strong>si</strong></span> <span class='ocrx_word' id='word_1_573' title='bbox 3256 3244 3532 3302; x_wconf 75' lang='lat' dir='ltr'><strong>smcularis</strong></span> <span class='ocrx_word' id='word_1_574' title='bbox 3572 3243 3817 3299; x_wconf 83' lang='lat' dir='ltr'><strong>dominus</strong></span> 
     </span>
    </p>
   </div>
   <div class='ocr_carea' id='block_1_84' title="bbox 2228 3335 3816 3411">
    <p class='ocr_par' dir='ltr' id='par_1_84' title="bbox 2228 3335 3816 3411">
     <span class='ocr_line' id='line_1_86' title="bbox 2228 3335 3816 3411; baseline -0.004 -15"><span class='ocrx_word' id='word_1_575' title='bbox 2228 3343 2456 3411; x_wconf 87' lang='lat' dir='ltr'><strong>amplius</strong></span> <span class='ocrx_word' id='word_1_576' title='bbox 2483 3357 2605 3397; x_wconf 90' lang='lat' dir='ltr'><strong>eum</strong></span> <span class='ocrx_word' id='word_1_577' title='bbox 2656 3340 2879 3396; x_wconf 90' lang='lat' dir='ltr'><strong>voluerit</strong></span> <span class='ocrx_word' id='word_1_578' title='bbox 2912 3338 3192 3405; x_wconf 82' lang='lat' dir='ltr'><strong>inclinare,</strong></span> <span class='ocrx_word' id='word_1_579' title='bbox 3234 3346 3291 3391; x_wconf 94' lang='lat' dir='ltr'><strong>ut</strong></span> <span class='ocrx_word' id='word_1_580' title='bbox 3335 3351 3488 3391; x_wconf 92' lang='lat' dir='ltr'><strong>sacro</strong></span> <span class='ocrx_word' id='word_1_581' title='bbox 3517 3335 3691 3391; x_wconf 89' lang='lat' dir='ltr'><strong>ordini</strong></span> <span class='ocrx_word' id='word_1_582' title='bbox 3732 3336 3816 3391; x_wconf 88' lang='lat' dir='ltr'><strong>in-</strong></span> 
     </span>
    </p>
   </div>
   <div class='ocr_carea' id='block_1_85' title="bbox 2228 3429 3819 3505">
    <p class='ocr_par' dir='ltr' id='par_1_85' title="bbox 2228 3429 3819 3505">
     <span class='ocr_line' id='line_1_87' title="bbox 2228 3429 3819 3505; baseline -0.003 -16"><span class='ocrx_word' id='word_1_583' title='bbox 2228 3437 2366 3491; x_wconf 92' lang='lat' dir='ltr'><strong>ferre</strong></span> <span class='ocrx_word' id='word_1_584' title='bbox 2404 3435 2648 3491; x_wconf 88' lang='lat' dir='ltr'><strong>videatur</strong></span> <span class='ocrx_word' id='word_1_585' title='bbox 2687 3434 2973 3505; x_wconf 87' lang='lat' dir='ltr'><strong>injuriam,</strong></span> <span class='ocrx_word' id='word_1_586' title='bbox 3019 3433 3156 3488; x_wconf 92' lang='lat' dir='ltr'><strong>duos</strong></span> <span class='ocrx_word' id='word_1_587' title='bbox 3186 3446 3394 3498; x_wconf 87' lang='lat' dir='ltr'><strong>servos,</strong></span> <span class='ocrx_word' id='word_1_588' title='bbox 3432 3434 3574 3487; x_wconf 90' lang='lat' dir='ltr'><strong>sicut</strong></span> <span class='ocrx_word' id='word_1_589' title='bbox 3600 3439 3655 3487; x_wconf 88' lang='lat' dir='ltr'><strong>et</strong></span> <span class='ocrx_word' id='word_1_590' title='bbox 3680 3429 3819 3486; x_wconf 83' lang='lat' dir='ltr'><strong>anti-</strong></span> 
     </span>
    </p>
   </div>
   <div class='ocr_carea' id='block_1_86' title="bbox 2229 3523 3816 3601">
    <p class='ocr_par' dir='ltr' id='par_1_86' title="bbox 2229 3523 3816 3601">
     <span class='ocr_line' id='line_1_88' title="bbox 2229 3523 3816 3601; baseline -0.004 -17"><span class='ocrx_word' id='word_1_591' title='bbox 2229 3532 2317 3601; x_wconf 89' lang='lat' dir='ltr'><strong>qui</strong></span> <span class='ocrx_word' id='word_1_592' title='bbox 2347 3544 2581 3586; x_wconf 87' lang='lat' dir='ltr'><strong>canones</strong></span> <span class='ocrx_word' id='word_1_593' title='bbox 2612 3530 2828 3595; x_wconf 90' lang='lat' dir='ltr'><strong>habent,</strong></span> <span class='ocrx_word' id='word_1_594' title='bbox 2858 3529 3143 3596; x_wconf 89' lang='lat' dir='ltr'><strong>episcopus</strong></span> <span class='ocrx_word' id='word_1_595' title='bbox 3162 3527 3251 3595; x_wconf 89' lang='lat' dir='ltr'><strong>qui</strong></span> <span class='ocrx_word' id='word_1_596' title='bbox 3273 3541 3394 3581; x_wconf 91' lang='lat' dir='ltr'><strong>eum</strong></span> <span class='ocrx_word' id='word_1_597' title='bbox 3421 3524 3689 3581; x_wconf 87' lang='lat' dir='ltr'><strong>ordinavit</strong></span> <span class='ocrx_word' id='word_1_598' title='bbox 3714 3523 3816 3578; x_wconf 82' lang='lat' dir='ltr'><strong>do-</strong></span> 
     </span>
    </p>
   </div>
   <div class='ocr_carea' id='block_1_87' title="bbox 2230 3620 3819 3688">
    <p class='ocr_par' dir='ltr' id='par_1_87' title="bbox 2230 3620 3819 3688">
     <span class='ocr_line' id='line_1_89' title="bbox 2230 3620 3819 3688; baseline -0.005 -10"><span class='ocrx_word' id='word_1_599' title='bbox 2230 3626 2378 3681; x_wconf 90' lang='lat' dir='ltr'><strong>mino</strong></span> <span class='ocrx_word' id='word_1_600' title='bbox 2407 3620 2650 3678; x_wconf 70' lang='lat' dir='ltr'><strong>saeculari</strong></span> <span class='ocrx_word' id='word_1_601' title='bbox 2682 3621 2926 3676; x_wconf 82' lang='lat' dir='ltr'><strong>restituat</strong></span> <span class='ocrx_word' id='word_1_602' title='bbox 2952 3635 2967 3685; x_wconf 90' lang='lat'><strong>;</strong></span> <span class='ocrx_word' id='word_1_603' title='bbox 2996 3629 3048 3675; x_wconf 90' lang='lat' dir='ltr'><strong>et</strong></span> <span class='ocrx_word' id='word_1_604' title='bbox 3073 3620 3359 3688; x_wconf 87' lang='lat' dir='ltr'><strong>episcopus</strong></span> <span class='ocrx_word' id='word_1_605' title='bbox 3389 3632 3511 3672; x_wconf 92' lang='lat' dir='ltr'><strong>eum</strong></span> <span class='ocrx_word' id='word_1_606' title='bbox 3540 3632 3697 3688; x_wconf 89' lang='lat' dir='ltr'><strong>quem</strong></span> <span class='ocrx_word' id='word_1_607' title='bbox 3730 3628 3819 3670; x_wconf 84' lang='lat' dir='ltr'><strong>or-</strong></span> 
     </span>
    </p>
   </div>
   <div class='ocr_carea' id='block_1_88' title="bbox 2228 3711 3820 3781">
    <p class='ocr_par' dir='ltr' id='par_1_88' title="bbox 2228 3711 3820 3781">
     <span class='ocr_line' id='line_1_90' title="bbox 2228 3711 3820 3781; baseline -0.005 -8"><span class='ocrx_word' id='word_1_608' title='bbox 2228 3718 2433 3775; x_wconf 85' lang='lat' dir='ltr'><strong>dinavit</strong></span> <span class='ocrx_word' id='word_1_609' title='bbox 2455 3716 2521 3773; x_wconf 86' lang='lat' dir='ltr'><strong>ad</strong></span> <span class='ocrx_word' id='word_1_610' title='bbox 2548 3716 2841 3773; x_wconf 87' lang='lat' dir='ltr'><strong>Ecclesiam</strong></span> <span class='ocrx_word' id='word_1_611' title='bbox 2871 3726 3022 3769; x_wconf 89' lang='lat' dir='ltr'><strong>suam</strong></span> <span class='ocrx_word' id='word_1_612' title='bbox 3052 3711 3338 3769; x_wconf 89' lang='lat' dir='ltr'><strong>revocandi</strong></span> <span class='ocrx_word' id='word_1_613' title='bbox 3362 3712 3557 3769; x_wconf 90' lang='lat' dir='ltr'><strong>habeat</strong></span> <span class='ocrx_word' id='word_1_614' title='bbox 3585 3720 3820 3781; x_wconf 85' lang='lat' dir='ltr'><strong>potesta-</strong></span> 
     </span>
    </p>
   </div>
   <div class='ocr_carea' id='block_1_89' title="bbox 2227 3820 2356 3869">
    <p class='ocr_par' dir='ltr' id='par_1_89' title="bbox 2227 3820 2356 3869">
     <span class='ocr_line' id='line_1_91' title="bbox 2227 3820 2356 3869; baseline -0.016 -1"><span class='ocrx_word' id='word_1_615' title='bbox 2227 3820 2331 3869; x_wconf 91' lang='lat' dir='ltr'><strong>tem</strong></span> <span class='ocrx_word' id='word_1_616' title='bbox 2342 3850 2356 3866; x_wconf 91' lang='lat'><strong>.</strong></span> 
     </span>
    </p>
   </div>
   <div class='ocr_carea' id='block_1_90' title="bbox 2546 3900 3455 3959">
    <p class='ocr_par' dir='ltr' id='par_1_90' title="bbox 2546 3900 3455 3959">
     <span class='ocr_line' id='line_1_92' title="bbox 2546 3900 3455 3959; baseline -0.006 0"><span class='ocrx_word' id='word_1_617' title='bbox 2546 3902 2654 3959; x_wconf 71' lang='grc' dir='ltr'><strong>γη.</strong></span> <span class='ocrx_word' id='word_1_618' title='bbox 2686 3902 2762 3958; x_wconf 88' lang='lat' dir='ltr'><strong>De</strong></span> <span class='ocrx_word' id='word_1_619' title='bbox 2790 3902 3117 3957; x_wconf 78' lang='lat' dir='ltr'><strong>manumissis</strong></span> <span class='ocrx_word' id='word_1_620' title='bbox 3138 3901 3192 3956; x_wconf 88' lang='lat' dir='ltr'><strong>in</strong></span> <span class='ocrx_word' id='word_1_621' title='bbox 3217 3900 3455 3957; x_wconf 84' lang='lat' dir='ltr'><strong>ecclesia.</strong></span> 
     </span>
    </p>
   </div>
   <div class='ocr_carea' id='block_1_91' title="bbox 2302 3989 3815 4065">
    <p class='ocr_par' dir='ltr' id='par_1_91' title="bbox 2302 3989 3815 4065">
     <span class='ocr_line' id='line_1_93' title="bbox 2302 3989 3815 4065; baseline -0.005 -13"><span class='ocrx_word' id='word_1_622' title='bbox 2302 3995 2370 4052; x_wconf 86' lang='lat' dir='ltr'><strong>Et</strong></span> <span class='ocrx_word' id='word_1_623' title='bbox 2397 3995 2517 4065; x_wconf 87' lang='lat' dir='ltr'><strong>quia</strong></span> <span class='ocrx_word' id='word_1_624' title='bbox 2552 3995 2902 4064; x_wconf 88' lang='lat' dir='ltr'><strong>plurimorum</strong></span> <span class='ocrx_word' id='word_1_625' title='bbox 2934 3996 3275 4065; x_wconf 81' lang='lat' dir='ltr'><strong>suggestione</strong></span> <span class='ocrx_word' id='word_1_626' title='bbox 3302 3989 3668 4061; x_wconf 89' lang='lat' dir='ltr'><strong>comperimus</strong></span> <span class='ocrx_word' id='word_1_627' title='bbox 3699 3998 3815 4057; x_wconf 82' lang='lat' dir='ltr'><strong>eos,</strong></span> 
     </span>
    </p>
   </div>
   <div class='ocr_carea' id='block_1_92' title="bbox 2229 4085 3820 4161">
    <p class='ocr_par' dir='ltr' id='par_1_92' title="bbox 2229 4085 3820 4161">
     <span class='ocr_line' id='line_1_94' title="bbox 2229 4085 3820 4161; baseline -0.004 -16"><span class='ocrx_word' id='word_1_628' title='bbox 2229 4090 2318 4161; x_wconf 87' lang='lat' dir='ltr'><strong>qui</strong></span> <span class='ocrx_word' id='word_1_629' title='bbox 2347 4089 2398 4144; x_wconf 90' lang='lat' dir='ltr'><strong>in</strong></span> <span class='ocrx_word' id='word_1_630' title='bbox 2422 4088 2664 4144; x_wconf 89' lang='lat' dir='ltr'><strong>ecclesiis</strong></span> <span class='ocrx_word' id='word_1_631' title='bbox 2689 4088 2839 4158; x_wconf 76' lang='lat' dir='ltr'><strong>juxta</strong></span> <span class='ocrx_word' id='word_1_632' title='bbox 2868 4088 3271 4157; x_wconf 87' lang='lat' dir='ltr'><strong>parocliitanam</strong></span> <span class='ocrx_word' id='word_1_633' title='bbox 3295 4085 3739 4141; x_wconf 78' lang='lat' dir='ltr'><strong>consuetudinem</strong></span> <span class='ocrx_word' id='word_1_634' title='bbox 3786 4099 3820 4139; x_wconf 87' lang='lat' dir='ltr'><strong>a</strong></span> 
     </span>
    </p>
   </div>
   <div class='ocr_carea' id='block_1_93' title="bbox 2231 4180 3871 4261">
    <p class='ocr_par' dir='ltr' id='par_1_93' title="bbox 2231 4180 3871 4261">
     <span class='ocr_line' id='line_1_95' title="bbox 2231 4180 3871 4261; baseline -0.005 -20"><span class='ocrx_word' id='word_1_635' title='bbox 2231 4185 2453 4241; x_wconf 88' lang='lat' dir='ltr'><strong>servitio</strong></span> <span class='ocrx_word' id='word_1_636' title='bbox 2479 4184 2711 4238; x_wconf 89' lang='lat' dir='ltr'><strong>fuissent</strong></span> <span class='ocrx_word' id='word_1_637' title='bbox 2738 4182 2989 4250; x_wconf 91' lang='lat' dir='ltr'><strong>absoluti,</strong></span> <span class='ocrx_word' id='word_1_638' title='bbox 3038 4196 3133 4252; x_wconf 90' lang='lat' dir='ltr'><strong>pro</strong></span> <span class='ocrx_word' id='word_1_639' title='bbox 3180 4180 3334 4235; x_wconf 89' lang='lat' dir='ltr'><strong>libitu</strong></span> <span class='ocrx_word' id='word_1_640' title='bbox 3380 4191 3822 4249; x_wconf 82' lang='lat' dir='ltr'><strong>quorunicunquo</strong></span> <span class='ocrx_word' id='word_1_641' title='bbox 3865 4252 3871 4261; x_wconf 24' lang='grc' dir='ltr'><strong>ν</strong></span> 
     </span>
    </p>
   </div>
   <div class='ocr_carea' id='block_1_94' title="bbox 2230 4271 3819 4341">
    <p class='ocr_par' dir='ltr' id='par_1_94' title="bbox 2230 4271 3819 4341">
     <span class='ocr_line' id='line_1_96' title="bbox 2230 4271 3819 4341; baseline -0.004 -11"><span class='ocrx_word' id='word_1_642' title='bbox 2230 4274 2423 4332; x_wconf 89' lang='lat' dir='ltr'><strong>iterum</strong></span> <span class='ocrx_word' id='word_1_643' title='bbox 2455 4276 2520 4331; x_wconf 85' lang='lat' dir='ltr'><strong>ad</strong></span> <span class='ocrx_word' id='word_1_644' title='bbox 2545 4275 2821 4330; x_wconf 86' lang='lat' dir='ltr'><strong>servitium</strong></span> <span class='ocrx_word' id='word_1_645' title='bbox 2861 4273 3129 4340; x_wconf 90' lang='lat' dir='ltr'><strong>revocari,</strong></span> <span class='ocrx_word' id='word_1_646' title='bbox 3168 4272 3391 4341; x_wconf 90' lang='lat' dir='ltr'><strong>itnpium</strong></span> <span class='ocrx_word' id='word_1_647' title='bbox 3421 4286 3542 4327; x_wconf 91' lang='lat' dir='ltr'><strong>esse</strong></span> <span class='ocrx_word' id='word_1_648' title='bbox 3572 4271 3819 4325; x_wconf 80' lang='lat' dir='ltr'><strong>tractavi-</strong></span> 
     </span>
    </p>
   </div>
   <div class='ocr_carea' id='block_1_95' title="bbox 2229 4367 3820 4441">
    <p class='ocr_par' dir='ltr' id='par_1_95' title="bbox 2229 4367 3820 4441">
     <span class='ocr_line' id='line_1_97' title="bbox 2229 4367 3820 4441; baseline -0.006 -15"><span class='ocrx_word' id='word_1_649' title='bbox 2229 4384 2369 4437; x_wconf 85' lang='lat' dir='ltr'><strong>mus,</strong></span> <span class='ocrx_word' id='word_1_650' title='bbox 2398 4378 2454 4425; x_wconf 93' lang='lat' dir='ltr'><strong>ut</strong></span> <span class='ocrx_word' id='word_1_651' title='bbox 2494 4369 2637 4441; x_wconf 90' lang='lat' dir='ltr'><strong>quod</strong></span> <span class='ocrx_word' id='word_1_652' title='bbox 2678 4370 2730 4424; x_wconf 90' lang='lat' dir='ltr'><strong>in</strong></span> <span class='ocrx_word' id='word_1_653' title='bbox 2773 4368 3001 4423; x_wconf 88' lang='lat' dir='ltr'><strong>ecclesia</strong></span> <span class='ocrx_word' id='word_1_654' title='bbox 3049 4367 3143 4422; x_wconf 90' lang='lat' dir='ltr'><strong>Dei</strong></span> <span class='ocrx_word' id='word_1_655' title='bbox 3189 4367 3622 4421; x_wconf 85' lang='lat' dir='ltr'><strong>consideratione</strong></span> <span class='ocrx_word' id='word_1_656' title='bbox 3650 4381 3681 4419; x_wconf 90' lang='lat' dir='ltr'><strong>a</strong></span> <span class='ocrx_word' id='word_1_657' title='bbox 3710 4368 3820 4418; x_wconf 81' lang='lat' dir='ltr'><strong>rin-</strong></span> 
     </span>
    </p>
   </div>
   <div class='ocr_carea' id='block_1_96' title="bbox 2230 4457 3822 4519">
    <p class='ocr_par' dir='ltr' id='par_1_96' title="bbox 2230 4457 3822 4519">
     <span class='ocr_line' id='line_1_98' title="bbox 2230 4457 3822 4519; baseline -0.006 0"><span class='ocrx_word' id='word_1_658' title='bbox 2230 4463 2353 4519; x_wconf 90' lang='lat' dir='ltr'><strong>culo</strong></span> <span class='ocrx_word' id='word_1_659' title='bbox 2400 4460 2674 4517; x_wconf 90' lang='lat' dir='ltr'><strong>servitutis</strong></span> <span class='ocrx_word' id='word_1_660' title='bbox 2735 4460 3029 4515; x_wconf 88' lang='lat' dir='ltr'><strong>absolvitur</strong></span> <span class='ocrx_word' id='word_1_661' title='bbox 3076 4460 3288 4513; x_wconf 90' lang='lat' dir='ltr'><strong>irritum</strong></span> <span class='ocrx_word' id='word_1_662' title='bbox 3341 4457 3626 4513; x_wconf 90' lang='lat' dir='ltr'><strong>habeatur.</strong></span> <span class='ocrx_word' id='word_1_663' title='bbox 3677 4457 3822 4510; x_wconf 81' lang='lat' dir='ltr'><strong>Adeo</strong></span> 
     </span>
    </p>
   </div>
   <div class='ocr_carea' id='block_1_97' title="bbox 2229 4555 3821 4631">
    <p class='ocr_par' dir='ltr' id='par_1_97' title="bbox 2229 4555 3821 4631">
     <span class='ocr_line' id='line_1_99' title="bbox 2229 4555 3821 4631; baseline -0.004 -18"><span class='ocrx_word' id='word_1_664' title='bbox 2229 4559 2442 4630; x_wconf 91' lang='lat' dir='ltr'><strong>pietatis</strong></span> <span class='ocrx_word' id='word_1_665' title='bbox 2487 4572 2647 4613; x_wconf 88' lang='lat' dir='ltr'><strong>causa</strong></span> <span class='ocrx_word' id='word_1_666' title='bbox 2689 4557 2977 4631; x_wconf 89' lang='lat' dir='ltr'><strong>communi</strong></span> <span class='ocrx_word' id='word_1_667' title='bbox 3011 4557 3235 4611; x_wconf 89' lang='lat' dir='ltr'><strong>consilio</strong></span> <span class='ocrx_word' id='word_1_668' title='bbox 3286 4556 3487 4625; x_wconf 79' lang='lat' dir='ltr'><strong>placuit</strong></span> <span class='ocrx_word' id='word_1_669' title='bbox 3531 4555 3821 4610; x_wconf 84' lang='lat' dir='ltr'><strong>observan-</strong></span> 
     </span>
    </p>
   </div>
   <div class='ocr_carea' id='block_1_98' title="bbox 2230 4646 3821 4723">
    <p class='ocr_par' dir='ltr' id='par_1_98' title="bbox 2230 4646 3821 4723">
     <span class='ocr_line' id='line_1_100' title="bbox 2230 4646 3821 4723; baseline -0.006 -15"><span class='ocrx_word' id='word_1_670' title='bbox 2230 4653 2378 4718; x_wconf 90' lang='lat' dir='ltr'><strong>dum,</strong></span> <span class='ocrx_word' id='word_1_671' title='bbox 2410 4662 2472 4707; x_wconf 91' lang='lat' dir='ltr'><strong>ut</strong></span> <span class='ocrx_word' id='word_1_672' title='bbox 2500 4667 2833 4723; x_wconf 66' lang='lat' dir='ltr'><strong>quiscunque</strong></span> <span class='ocrx_word' id='word_1_673' title='bbox 2880 4649 3144 4719; x_wconf 88' lang='lat' dir='ltr'><strong>mancipia</strong></span> <span class='ocrx_word' id='word_1_674' title='bbox 3195 4647 3265 4702; x_wconf 88' lang='lat' dir='ltr'><strong>ab</strong></span> <span class='ocrx_word' id='word_1_675' title='bbox 3304 4648 3548 4720; x_wconf 78' lang='lat' dir='ltr'><strong>ingenuis</strong></span> <span class='ocrx_word' id='word_1_676' title='bbox 3590 4646 3821 4701; x_wconf 87' lang='lat' dir='ltr'><strong>dominis</strong></span> 
     </span>
    </p>
   </div>
   <div class='ocr_carea' id='block_1_99' title="bbox 2229 4743 3818 4814">
    <p class='ocr_par' dir='ltr' id='par_1_99' title="bbox 2229 4743 3818 4814">
     <span class='ocr_line' id='line_1_101' title="bbox 2229 4743 3818 4814; baseline -0.004 -13"><span class='ocrx_word' id='word_1_677' title='bbox 2229 4747 2486 4802; x_wconf 84' lang='lat' dir='ltr'><strong>servitute</strong></span> <span class='ocrx_word' id='word_1_678' title='bbox 2533 4748 2798 4814; x_wconf 78' lang='lat' dir='ltr'><strong>laxantur,</strong></span> <span class='ocrx_word' id='word_1_679' title='bbox 2851 4746 2903 4799; x_wconf 92' lang='lat' dir='ltr'><strong>in</strong></span> <span class='ocrx_word' id='word_1_680' title='bbox 2948 4760 3012 4799; x_wconf 87' lang='lat' dir='ltr'><strong>ea</strong></span> <span class='ocrx_word' id='word_1_681' title='bbox 3068 4743 3315 4798; x_wconf 78' lang='lat' dir='ltr'><strong>libertate</strong></span> <span class='ocrx_word' id='word_1_682' title='bbox 3359 4750 3615 4797; x_wconf 79' lang='lat' dir='ltr'><strong>maneant</strong></span> <span class='ocrx_word' id='word_1_683' title='bbox 3658 4754 3818 4811; x_wconf 89' lang='lat' dir='ltr'><strong>quam</strong></span> 
     </span>
    </p>
   </div>
   <div class='ocr_carea' id='block_1_100' title="bbox 2232 4835 3819 4913">
    <p class='ocr_par' dir='ltr' id='par_1_100' title="bbox 2232 4835 3819 4913">
     <span class='ocr_line' id='line_1_102' title="bbox 2232 4835 3819 4913; baseline -0.004 -18"><span class='ocrx_word' id='word_1_684' title='bbox 2232 4851 2361 4900; x_wconf 90' lang='lat' dir='ltr'><strong>tunc</strong></span> <span class='ocrx_word' id='word_1_685' title='bbox 2405 4858 2436 4898; x_wconf 92' lang='lat' dir='ltr'><strong>a</strong></span> <span class='ocrx_word' id='word_1_686' title='bbox 2466 4841 2695 4899; x_wconf 90' lang='lat' dir='ltr'><strong>dominis</strong></span> <span class='ocrx_word' id='word_1_687' title='bbox 2742 4849 3129 4913; x_wconf 88' lang='lat' dir='ltr'><strong>perceperant:</strong></span> <span class='ocrx_word' id='word_1_688' title='bbox 3167 4838 3470 4906; x_wconf 87' lang='lat' dir='ltr'><strong>hujusmodi</strong></span> <span class='ocrx_word' id='word_1_689' title='bbox 3518 4835 3819 4908; x_wconf 87' lang='lat' dir='ltr'><strong>quoqucli-</strong></span> 
     </span>
    </p>
   </div>
   <div class='ocr_carea' id='block_1_101' title="bbox 2230 4928 3819 5006">
    <p class='ocr_par' dir='ltr' id='par_1_101' title="bbox 2230 4928 3819 5006">
     <span class='ocr_line' id='line_1_103' title="bbox 2230 4928 3819 5006; baseline -0.008 -11"><span class='ocrx_word' id='word_1_690' title='bbox 2230 4938 2427 5005; x_wconf 90' lang='lat' dir='ltr'><strong>bertas,</strong></span> <span class='ocrx_word' id='word_1_691' title='bbox 2462 4938 2567 4993; x_wconf 90' lang='lat' dir='ltr'><strong>sia</strong></span> <span class='ocrx_word' id='word_1_692' title='bbox 2614 4950 2934 5006; x_wconf 92' lang='lat' dir='ltr'><strong>quocunque</strong></span> <span class='ocrx_word' id='word_1_693' title='bbox 2976 4934 3178 5004; x_wconf 75' lang='lat' dir='ltr'><strong>pulsat:-</strong></span> <span class='ocrx_word' id='word_1_694' title='bbox 3230 4931 3412 4998; x_wconf 76' lang='lat' dir='ltr'><strong>fuerit,</strong></span> <span class='ocrx_word' id='word_1_695' title='bbox 3447 4947 3569 4986; x_wconf 84' lang='lat' dir='ltr'><strong>cum</strong></span> <span class='ocrx_word' id='word_1_696' title='bbox 3616 4928 3819 4998; x_wconf 85' lang='lat' dir='ltr'><strong>justitia</strong></span> 
     </span>
    </p>
   </div>
   <div class='ocr_carea' id='block_1_102' title="bbox 2230 5025 3820 5097">
    <p class='ocr_par' dir='ltr' id='par_1_102' title="bbox 2230 5025 3820 5097">
     <span class='ocr_line' id='line_1_104' title="bbox 2230 5025 3820 5097; baseline -0.004 -10"><span class='ocrx_word' id='word_1_697' title='bbox 2230 5034 2300 5089; x_wconf 86' lang='lat' dir='ltr'><strong>ab</strong></span> <span class='ocrx_word' id='word_1_698' title='bbox 2323 5032 2566 5089; x_wconf 86' lang='lat' dir='ltr'><strong>ecclesiis</strong></span> <span class='ocrx_word' id='word_1_699' title='bbox 2588 5029 2926 5095; x_wconf 84' lang='lat' dir='ltr'><strong>defendatur,</strong></span> <span class='ocrx_word' id='word_1_700' title='bbox 2954 5038 3148 5097; x_wconf 67' lang='lat' dir='ltr'><strong>printer</strong></span> <span class='ocrx_word' id='word_1_701' title='bbox 3174 5043 3267 5082; x_wconf 86' lang='lat' dir='ltr'><strong>eas</strong></span> <span class='ocrx_word' id='word_1_702' title='bbox 3299 5028 3489 5096; x_wconf 89' lang='lat' dir='ltr'><strong>culpas</strong></span> <span class='ocrx_word' id='word_1_703' title='bbox 3519 5026 3717 5096; x_wconf 88' lang='lat' dir='ltr'><strong>quibus</strong></span> <span class='ocrx_word' id='word_1_704' title='bbox 3748 5025 3820 5080; x_wconf 89' lang='lat' dir='ltr'><strong>le-</strong></span> 
     </span>
    </p>
   </div>
   <div class='ocr_carea' id='block_1_103' title="bbox 2230 5118 3676 5198">
    <p class='ocr_par' dir='ltr' id='par_1_103' title="bbox 2230 5118 3676 5198">
     <span class='ocr_line' id='line_1_105' title="bbox 2230 5118 3676 5198; baseline -0.007 -16"><span class='ocrx_word' id='word_1_705' title='bbox 2230 5140 2324 5198; x_wconf 89' lang='lat' dir='ltr'><strong>ges</strong></span> <span class='ocrx_word' id='word_1_706' title='bbox 2352 5125 2574 5180; x_wconf 89' lang='lat' dir='ltr'><strong>collatas</strong></span> <span class='ocrx_word' id='word_1_707' title='bbox 2602 5122 2771 5179; x_wconf 79' lang='lat' dir='ltr'><strong>servis</strong></span> <span class='ocrx_word' id='word_1_708' title='bbox 2798 5137 3053 5179; x_wconf 86' lang='lat' dir='ltr'><strong>revocare</strong></span> <span class='ocrx_word' id='word_1_709' title='bbox 3073 5121 3347 5190; x_wconf 67' lang='lat' dir='ltr'><strong>jusserant</strong></span> <span class='ocrx_word' id='word_1_710' title='bbox 3374 5118 3676 5175; x_wconf 85' lang='lat' dir='ltr'><strong>libertates.</strong></span> 
     </span>
    </p>
   </div>
   <div class='ocr_carea' id='block_1_104' title="bbox 2326 5212 3726 5338">
    <p class='ocr_par' dir='ltr' id='par_1_104' title="bbox 2326 5212 3726 5338">
     <span class='ocr_line' id='line_1_106' title="bbox 2326 5212 3726 5338; baseline -0.005 -66"><span class='ocrx_word' id='word_1_711' title='bbox 2326 5215 2461 5272; x_wconf 77' lang='lat' dir='ltr'><strong>Vill.</strong></span> <span class='ocrx_word' id='word_1_712' title='bbox 2494 5215 2579 5271; x_wconf 87' lang='lat' dir='ltr'><strong>Ne</strong></span> <span class='ocrx_word' id='word_1_713' title='bbox 2601 5215 2715 5287; x_wconf 84' lang='lat' dir='ltr'><strong>quis</strong></span> <span class='ocrx_word' id='word_1_714' title='bbox 2753 5215 3003 5287; x_wconf 81' lang='lat' dir='ltr'><strong>defuncto</strong></span> <span class='ocrx_word' id='word_1_715' title='bbox 3036 5215 3273 5338; x_wconf 53' lang='lat' dir='ltr'><strong>episcopo</strong></span> <span class='ocrx_word' id='word_1_716' title='bbox 3307 5214 3419 5274; x_wconf 74' lang='lat' dir='ltr'><strong>eius</strong></span> <span class='ocrx_word' id='word_1_717' title='bbox 3451 5212 3726 5276; x_wconf 76' lang='lat' dir='ltr'><strong>facultates</strong></span> 
     </span>
     <span class='ocr_line' id='line_1_107' title="bbox 2884 5301 3140 5338; baseline 0 0"><span class='ocrx_word' id='word_1_718' title='bbox 2884 5301 3094 5338; x_wconf 82' lang='lat' dir='ltr'><strong>assuma</strong></span> <span class='ocrx_word' id='word_1_719' title='bbox 3125 5320 3140 5338; x_wconf 96' lang='lat'><strong>.</strong></span> 
     </span>
    </p>
   </div>
   <div class='ocr_carea' id='block_1_105' title="bbox 2884 5301 3140 5341">
    <p class='ocr_par' dir='ltr' id='par_1_105' title="bbox 2884 5301 3140 5341">
     <span class='ocr_line' id='line_1_108' title="bbox 2884 5301 3140 5341; baseline -0.008 -2"><span class='ocrx_word' id='word_1_720' title='bbox 2884 5301 3140 5341; x_wconf 81' lang='lat' dir='ltr'><strong>assumat.</strong></span> 
     </span>
    </p>
   </div>
   <div class='ocr_carea' id='block_1_106' title="bbox 2306 5372 3822 5450">
    <p class='ocr_par' dir='ltr' id='par_1_106' title="bbox 2306 5372 3822 5450">
     <span class='ocr_line' id='line_1_109' title="bbox 2306 5372 3822 5450; baseline -0.009 -11"><span class='ocrx_word' id='word_1_721' title='bbox 2306 5382 2375 5440; x_wconf 88' lang='lat' dir='ltr'><strong>Ut</strong></span> <span class='ocrx_word' id='word_1_722' title='bbox 2403 5382 2456 5438; x_wconf 92' lang='lat' dir='ltr'><strong>in</strong></span> <span class='ocrx_word' id='word_1_723' title='bbox 2482 5379 2704 5438; x_wconf 86' lang='lat' dir='ltr'><strong>civitate</strong></span> <span class='ocrx_word' id='word_1_724' title='bbox 2732 5378 2825 5436; x_wconf 91' lang='lat' dir='ltr'><strong>ubi</strong></span> <span class='ocrx_word' id='word_1_725' title='bbox 2856 5378 3094 5450; x_wconf 80' lang='lat' dir='ltr'><strong>pontifex</strong></span> <span class='ocrx_word' id='word_1_726' title='bbox 3126 5377 3251 5446; x_wconf 86' lang='lat' dir='ltr'><strong>jure</strong></span> <span class='ocrx_word' id='word_1_727' title='bbox 3281 5377 3533 5433; x_wconf 72' lang='lat' dir='ltr'><strong>humanm</strong></span> <span class='ocrx_word' id='word_1_728' title='bbox 3558 5372 3822 5430; x_wconf 84' lang='lat' dir='ltr'><strong>conditio-</strong></span> 
     </span>
    </p>
   </div>
   <div class='ocr_carea' id='block_1_107' title="bbox 2230 5467 3821 5544">
    <p class='ocr_par' dir='ltr' id='par_1_107' title="bbox 2230 5467 3821 5544">
     <span class='ocr_line' id='line_1_110' title="bbox 2230 5467 3821 5544; baseline -0.006 -14"><span class='ocrx_word' id='word_1_729' title='bbox 2230 5473 2314 5530; x_wconf 92' lang='lat' dir='ltr'><strong>nis</strong></span> <span class='ocrx_word' id='word_1_730' title='bbox 2353 5473 2567 5540; x_wconf 91' lang='lat' dir='ltr'><strong>obierit,</strong></span> <span class='ocrx_word' id='word_1_731' title='bbox 2612 5472 2789 5529; x_wconf 92' lang='lat' dir='ltr'><strong>nullus</strong></span> <span class='ocrx_word' id='word_1_732' title='bbox 2819 5474 3105 5544; x_wconf 90' lang='lat' dir='ltr'><strong>episcopus</strong></span> <span class='ocrx_word' id='word_1_733' title='bbox 3148 5481 3277 5527; x_wconf 89' lang='lat' dir='ltr'><strong>ante</strong></span> <span class='ocrx_word' id='word_1_734' title='bbox 3316 5467 3821 5524; x_wconf 86' lang='lat' dir='ltr'><strong>subinstitutionem</strong></span> 
     </span>
    </p>
   </div>
   <div class='ocr_carea' id='block_1_108' title="bbox 2228 5560 3823 5641">
    <p class='ocr_par' dir='ltr' id='par_1_108' title="bbox 2228 5560 3823 5641">
     <span class='ocr_line' id='line_1_111' title="bbox 2228 5560 3823 5641; baseline -0.009 -16"><span class='ocrx_word' id='word_1_735' title='bbox 2228 5569 2460 5640; x_wconf 88' lang='lat' dir='ltr'><strong>reparati</strong></span> <span class='ocrx_word' id='word_1_736' title='bbox 2490 5584 2585 5641; x_wconf 91' lang='lat' dir='ltr'><strong>per</strong></span> <span class='ocrx_word' id='word_1_737' title='bbox 2616 5569 2863 5625; x_wconf 91' lang='lat' dir='ltr'><strong>ordinem</strong></span> <span class='ocrx_word' id='word_1_738' title='bbox 2910 5564 3245 5625; x_wconf 80' lang='lat' dir='ltr'><strong>successoris</strong></span> <span class='ocrx_word' id='word_1_739' title='bbox 3271 5571 3361 5621; x_wconf 88' lang='lat' dir='ltr'><strong>aut</strong></span> <span class='ocrx_word' id='word_1_740' title='bbox 3392 5561 3445 5616; x_wconf 92' lang='lat' dir='ltr'><strong>in</strong></span> <span class='ocrx_word' id='word_1_741' title='bbox 3478 5560 3701 5615; x_wconf 91' lang='lat' dir='ltr'><strong>civitate</strong></span> <span class='ocrx_word' id='word_1_742' title='bbox 3730 5562 3823 5611; x_wconf 82' lang='lat' dir='ltr'><strong>aut</strong></span> 
     </span>
    </p>
   </div>
   <div class='ocr_carea' id='block_1_109' title="bbox 2228 5650 3821 5735">
    <p class='ocr_par' dir='ltr' id='par_1_109' title="bbox 2228 5650 3821 5735">
     <span class='ocr_line' id='line_1_112' title="bbox 2228 5650 3821 5735; baseline -0.011 -14"><span class='ocrx_word' id='word_1_743' title='bbox 2228 5678 2324 5734; x_wconf 87' lang='lat' dir='ltr'><strong>per</strong></span> <span class='ocrx_word' id='word_1_744' title='bbox 2377 5664 2659 5735; x_wconf 88' lang='lat' dir='ltr'><strong>parochias</strong></span> <span class='ocrx_word' id='word_1_745' title='bbox 2709 5662 2963 5719; x_wconf 88' lang='lat' dir='ltr'><strong>ordinare</strong></span> <span class='ocrx_word' id='word_1_746' title='bbox 3013 5662 3241 5718; x_wconf 87' lang='lat' dir='ltr'><strong>clericos</strong></span> <span class='ocrx_word' id='word_1_747' title='bbox 3272 5668 3366 5713; x_wconf 85' lang='lat' dir='ltr'><strong>aut</strong></span> <span class='ocrx_word' id='word_1_748' title='bbox 3399 5653 3593 5713; x_wconf 82' lang='lat' dir='ltr'><strong>altaria</strong></span> <span class='ocrx_word' id='word_1_749' title='bbox 3624 5650 3821 5707; x_wconf 84' lang='lat' dir='ltr'><strong>audeat</strong></span> 
     </span>
    </p>
   </div>
   <div class='ocr_carea' id='block_1_110' title="bbox 2225 5748 3824 5830">
    <p class='ocr_par' dir='ltr' id='par_1_110' title="bbox 2225 5748 3824 5830">
     <span class='ocr_line' id='line_1_113' title="bbox 2225 5748 3824 5830; baseline -0.008 -17"><span class='ocrx_word' id='word_1_750' title='bbox 2225 5772 2568 5829; x_wconf 83' lang='lat' dir='ltr'><strong>consecrare,</strong></span> <span class='ocrx_word' id='word_1_751' title='bbox 2596 5757 2684 5816; x_wconf 87' lang='lat' dir='ltr'><strong>vel</strong></span> <span class='ocrx_word' id='word_1_752' title='bbox 2712 5757 3001 5830; x_wconf 87' lang='lat' dir='ltr'><strong>quidquam</strong></span> <span class='ocrx_word' id='word_1_753' title='bbox 3030 5755 3098 5814; x_wconf 90' lang='lat' dir='ltr'><strong>de</strong></span> <span class='ocrx_word' id='word_1_754' title='bbox 3137 5754 3299 5813; x_wconf 87' lang='lat' dir='ltr'><strong>rebus</strong></span> <span class='ocrx_word' id='word_1_755' title='bbox 3328 5748 3590 5809; x_wconf 74' lang='lat' dir='ltr'><strong>Ecclesia:</strong></span> <span class='ocrx_word' id='word_1_756' title='bbox 3622 5749 3824 5820; x_wconf 66' lang='lat' dir='ltr'><strong>praeter</strong></span> 
     </span>
    </p>
   </div>
   <div class='ocr_carea' id='block_1_111' title="bbox 604 5874 2286 5949">
    <p class='ocr_par' dir='ltr' id='par_1_111' title="bbox 604 5874 2286 5949">
     <span class='ocr_line' id='line_1_114' title="bbox 604 5874 2286 5949; baseline 0 -15"><span class='ocrx_word' id='word_1_757' title='bbox 604 5889 629 5918; x_wconf 68' lang='grc' dir='ltr'>α</span> <span class='ocrx_word' id='word_1_758' title='bbox 665 5877 767 5946; x_wconf 79' lang='grc' dir='ltr'><strong>υ.’,</strong></span> <span class='ocrx_word' id='word_1_759' title='bbox 809 5877 1044 5949; x_wconf 74' lang='lat' dir='ltr'><strong>princeps</strong></span> <span class='ocrx_word' id='word_1_760' title='bbox 1091 5879 1139 5941; x_wconf 81' lang='lat' dir='ltr'><strong>ét</strong></span> <span class='ocrx_word' id='word_1_761' title='bbox 1188 5877 1551 5935; x_wconf 81' lang='lat' dir='ltr'><strong>invictissimits</strong></span> <span class='ocrx_word' id='word_1_762' title='bbox 1600 5876 1839 5934; x_wconf 83' lang='lat' dir='ltr'><strong>dominus</strong></span> <span class='ocrx_word' id='word_1_763' title='bbox 1880 5874 2286 5935; x_wconf 76' lang='lat' dir='ltr'><strong>Tlteodobemts.</strong></span> 
     </span>
    </p>
   </div>
  </div>
