4024 6350
167 346 253 406 I97

1091 342 1372 404 GALLIE
1409 346 1746 406 CONCILIA.
1784 375 1858 391 --
1895 348 2360 415 ARVERNENSE
2397 357 2464 416 II.

3316 371 3424 432 298

83 439 100 492 ³
161 460 527 519 immanitatem
545 469 834 530 praesumat
850 461 1245 534 auferre:quod
1260 463 1304 520 si
1323 465 1561 536 quisquis
1582 475 1740 522 teme—
1765 466 1821 530 Α
1843 466 2104 525 charitate
2157 486 2472 542 suspensus,
2505 474 2680 532 donec
2707 439 2808 546 ipsi
2844 477 3101 538 Ecclesia;
3135 484 3288 555 cujus
3338 491 3422 548 di-

162 558 428 613 rarioattsu
460 565 654 610 statuta
702 556 1109 621 transcenderit,
1162 567 1454 611 conventus
1486 557 1553 610 ab
1583 558 1733 612 insti-

160 658 262 703 tuto
302 647 580 718 pontifice,
607 649 948 704 verecundia:
992 651 1278 704 consulens
1324 651 1442 706 sine
1478 651 1732 708 dilatione

159 739 560 813 [/E.,dilatione
586 738 784 811 ablata]
815 741 1078 796 restituat.
1104 743 1158 797 Si
1189 758 1316 798 vero
1337 759 1446 797 suae
1473 744 1730 798 libertatis

158 836 362 890 arbitrio
383 835 463 889 vel
477 851 916 905 quorumcunque
933 837 1178 903 precibus
1197 846 1347 891 actus
1361 853 1730 908 quamcunque

156 941 419 996 personam
453 936 543 980 aut
567 941 881 995 promovere
911 939 1001 981 aut
1025 938 1212 982 contra
1243 927 1346 983 hoc
1380 929 1724 984 interdit-tum

154 1034 219 1074 Ire
245 1022 665 1089 prresumpserit,
694 1037 834 1076 anno
861 1021 1070 1094 integro
1092 1023 1284 1078 missas
1317 1032 1519 1078 tantum
1550 1023 1727 1079 facere

152 1123 242 1163 n0n
271 1119 578 1176 przesumat.

214 1199 298 1255 Ι-Χρ.
332 1200 536 1256 Nullus
559 1203 724 1257 laicus
747 1206 1017 1327 anlcdanni
1046 1207 1424 1261 conuersionem
1454 1207 1724 1278 episcOpus

795 1293 848 1327 OT
892 1289 1080 1327 ιηειην.

795 1289 1080 1331 aratnetur.

214 1362 268 1419 Ut
300 1363 476 1420 nullus
506 1380 569 1420 ex
614 1365 764 1420 laicis
796 1370 997 1438 absque
1037 1368 1162 1424 anni
1195 1369 1547 1425 conversione
1589 1386 1724 1440 prte-

149 1455 296 1510 missa
326 1458 616 1528 episcopus
655 1459 957 1524 ordinetur,
1002 1463 1072 1516 ita
1128 1474 1184 1516 ut
1228 1461 1370 1516 intra
1430 1462 1558 1516 anni
1603 1478 1723 1532 spa-

149 1549 265 1603 tium
297 1567 326 1606 a
353 1553 531 1608 doctis
561 1561 612 1608 et
645 1553 885 1622 probatis
926 1555 1056 1608 viris
1098 1555 1400 1624 disciplinis
1430 1565 1483 1611 et
1525 1558 1722 1625 regulis

146 1643 498 1712 spir'itualibus
525 1646 734 1716 plenius
757 1647 1065 1702 instituatur
1092 1645 1206 1719 |U.,
1238 1646 1330 1714 6.,
1361 1648 1717 1720 instruatur]:

145 1737 272 1806 quod
303 1738 348 1792 si
378 1739 484 1795 hoc
519 1743 749 1810 quisque
778 1741 1154 1810 episcoporum
1188 1743 1565 1798 transcendere
1589 1758 1718 1813 qua-

144 1839 338 1898 cunque
362 1831 674 1887 conditione
707 1833 1108 1901 praesumpserit
1138 1841 1187 1899 α,
1237 1833 1400 1904 276
1444 1849 1584 1888 anno
1631 1835 1716 1889 in-

142 1925 279 1987 tegro
309 1922 376 1976 ab
417 1923 598 1979 officio
643 1925 730 1980 vel
758 1924 1018 1981 ebaritate
1056 1924 1282 1981 fratrum
1339 1927 1599 1982 habeatur
1629 1943 1724 1984 ex-

141 2017 368 2068 II‘MIBUS.

265 2101 458 2160 Nullus
487 2107 838 2176 episcopatum
865 2107 1032 2178 pretio
1060 2116 1152 2162 aut
1177 2107 1402 2176 praemiis
1440 2107 1685 2163 obtineat.

202 2193 269 2248 Ut
301 2197 437 2250 nulli
479 2198 848 2267 episc0patum
896 2200 1136 2267 quolibet
1182 2209 1338 2269 pacto
1393 2201 1550 2256 liceat
1587 2216 1725 2271 prai-

132 2285 364 2340 miis-aut
395 2291 799 2358 comparatione
828 2291 1076 2360 adipisci,
1112 2292 1207 2348 sed
1239 2294 1378 2347 sicut
1404 2295 1455 2348 in
1485 2296 1722 2366 antiquis

132 2376 423 2429 canonibus
453 2386 664 2434 tenetur
693 2383 953 2448 scriptum
998 2397 1118 2436 cum
1173 2398 1438 2438 consensu
1495 2385 1624 2440 cleri
1663 2395 1721 2442 et

133 2465 295 2532 plebis
326 2482 355 2520 a
389 2470 806 2540 metropolitano
860 2473 945 2527 vel
994 2490 1153 2542 quem
1195 2475 1248 2529 in
1283 2477 1396 2532 vice
1446 2493 1542 2532 sua
1593 2495 1716 2547 per-

135 2557 333 2615 miserit
386 2575 509 2615 eunt
550 2564 1090 2631 comprovincialibus
1145 2568 1386 2636 pontifex
1436 2586 1720 2628 con~ecre-

137 2657 249 2704 tur:
297 2655 439 2721 quod
481 2656 526 2709 si
579 2657 700 2725 quis
751 2657 887 2713 hanc
928 2659 1164 2728 regulam
1223 2676 1318 2730 per
1364 2664 1716 2733 contemptio-

137 2753 246 2795 nem
287 2744 446 2814 hujus
498 2756 697 2802 sanctae
752 2749 1155 2803 constitutionis
1206 2754 1541 2819 excesserit,
1590 2771 1711 2811 eum

138 2835 214 2901 qui
255 2851 349 2903 per
393 2840 617 2907 prmmia
665 2839 944 2896 ordinatus
998 2840 1164 2896 fuerit
1207 2845 1490 2901 statuimus
1541 2861 1715 2903 remo-

137 2927 370 2984 vendum.

333 3023 423 3078 XI.
457 3023 650 3080 Nullus
686 3026 871 3081 inuitus
907 3027 1171 3082 ordinetur
1202 3029 1490 3102 episcopus.

198 3110 318 3166 Item
350 3115 494 3170 sicut
517 3117 718 3186 antiqui
763 3132 999 3173 canones
1029 3120 1388 3175 decreverunt
1429 3123 1603 3178 nullus
1635 3124 1715 3178 in-

134 3199 244 3255 vitis
272 3205 428 3260 detur
452 3203 479 3241 δ

135 3291 254 3346 tium
281 3310 635 3363 personarum
662 3301 725 3352 ad
759 3314 1083 3355 consensum
1118 3303 1419 3358 faciendum
1453 3305 1596 3362 cives
1621 3317 1711 3362 aut

133 3381 324 3454 clerici,
382 3391 524 3459 quod
567 3391 670 3447 dici
730 3392 881 3448 nefas
935 3405 1036 3458 est,
1069 3395 1422 3464 inclinentur;
1473 3401 1612 3467 quod
1665 3401 1711 3456 si

133 3473 321 3532 factum
355 3480 536 3551 fuerit,
553 3483 668 3552 ipse
689 3485 972 3556 episcopus
990 3488 1078 3557 qtti
1106 3491 1272 3559 magis
1291 3506 1382 3559 per
1401 3491 1707 3549 violentiam

132 3583 274 3638 quam
309 3589 405 3642 per
426 3576 703 3632 decretum
735 3578 1028 3649 legitimum
1059 3581 1362 3650 ordinatur,
1395 3586 1460 3639 ab
1491 3586 1708 3655 indepto

131 3664 454 3728 pontiﬁcntus
510 3667 716 3725 honore
772 3670 824 3725 in
877 3685 1193 3743 perpetuum
1225 3673 1311 3746 [T.
1347 3677 1400 3741 1,
1433 3677 1487 3742 2,
1518 3693 1707 3748 perpe-

128 3758 209 3808 tuo
233 3755 249 3826 ]
282 3758 603 3826 deponatur.

256 3849 371 3905 XII.
444 3852 638 3909 Nullus
692 3856 882 3910 vivente
927 3858 1164 3929 episwpo
1221 3871 1561 3931 supponatur.

192 3938 254 3994 Ut
296 3942 478 3998 nullus
509 3949 720 4000 vivente
765 3948 1021 4018 episcopo
1048 3951 1184 4004 alius
1231 3965 1562 4020 supponatur
1612 3963 1705 4009 aut

119 4033 556 4100 superordinetur
603 4038 885 4104 episcopus
918 4039 1017 4092 ιιἰηὶ
1048 4039 1271 4095 forsitan
1297 4043 1351 4096 in
1381 4045 1496 4113 ejus
1527 4048 1701 4101 locum

119 4135 270 4191 quem
295 4122 546 4191 capitalis
566 4127 723 4195 culpa
754 4128 1036 4195 dejecerit.

345 4215 488 4271 XIII.
526 4219 600 4273 De
631 4222 965 4291 eleemosynis
1011 4240 1114 4276 non
1152 4225 1458 4280 alienandis.

187 4305 259 4362 Ne
307 4305 394 4361 cni
431 4308 588 4364 liccat
619 4325 706 4366 tes
739 4315 822 4366 vel
863 4312 1141 4370 facultates
1173 4317 1414 4372 ecclesiis
1454 4327 1547 4373 aut
1586 4335 1701 4374 mo-

128 4399 363 4454 ttasteriis
393 4404 477 4457 vel
511 4404 860 4459 xenodocbiis
891 4421 989 4474 pro
1018 4423 1334 4479 quacunque
1358 4411 1694 4484 elecmmyna

130 4488 388 4562 delegatas
422 4503 443 4531 ο
477 4506 771 4560 retentare,
830 4499 1064 4554 alienare
1110 4512 1270 4571 atque
1320 4504 1640 4560 subtrahere
1673 4523 1686 4557 :

524 3208 828 3278 episcopus,
857 3209 953 3264 sed
1009 3225 1108 3265 nec
1150 3214 1498 3282 Oppressione
1531 3225 1710 3282 potest-
1741 3208 1789 3275 C
1819 3239 1850 3290 α

1835 571 1984 617 recto
2021 566 2210 622 ordine
2235 568 2372 636 juris
2416 580 2496 624 est
2547 572 2719 626 ablati
2769 575 3033 630 restituat.

1833 658 1994 728 277
2022 657 2046 696 ἀ
2062 659 2176 717 XV.
2213 663 2289 716 De
2313 673 2692 723 conservatione
2710 673 3014 727 xenodochii
3037 673 3416 745 Lugdunensis.

1907 751 1981 805 De
2012 756 2342 811 xenoJochio
2369 775 2494 813 vero
2517 765 2656 829 quod
2691 765 2961 828 piissimus
2990 783 3078 821 rex
3105 768 3415 826 Cltildeber-

1831 849 1918 896 tus
1956 845 2038 898 vel
2070 847 2366 916 conjugalis
2397 865 2490 904 sua
2543 853 2869 924 Guldragoto
2902 860 3078 917 regina
3111 861 3158 912 in
3207 860 3418 931 Lugdu-

1830 933 1980 987 nensi
2011 935 2139 990 urbe
2169 938 2461 1005 inspirante
2491 942 2714 996 Domino
2744 948 3091 1004 c0uditleruut
3113 993 3126 1016 ,
3157 953 3308 1020 cujus
3337 957 3418 1010 itt-

1828 1021 2121 1080 Stitutionis
2137 1028 2380 1083 ordinem
2405 1032 2485 1086 vel
2505 1048 2814 1102 expensam,
2841 1041 3100 1096 rationem
3117 1046 3419 1114 petentibus

1828 1111 1982 1181 ipsis,
2017 1132 2268 1174 mantmm
2303 1133 2606 1178 nostrarum
2639 1127 3033 1196 subscriptione
3065 1136 3415 1208 firmavimus,

1825 1204 2001 1263 visum
2032 1219 2114 1264 est
2162 1228 2258 1282 pro
2310 1213 2405 1269 Dei
2437 1221 2892 1286 contemplatione
2934 1222 3136 1290 junctis
3183 1231 3334 1283 ttobis
3366 1231 3415 1284 in

1826 1311 1992 1352 Unum
2049 1317 2394 1368 permansura
2447 1309 2765 1364 auctoritate
2793 1313 3124 1381 decernere,
3167 1333 3221 1371 ut
3266 1322 3418 1388 quid-

1824 1390 1957 1458 quid
2028 1397 2246 1462 prmfato
2299 1401 2640 1455 xenodocltLO
2693 1413 2785 1456 aut
2843 1419 2936 1473 per
2990 1409 3418 1476 supradictorum

1824 1494 2005 1549 regum
2033 1486 2360 1542 oblationem
2412 1500 2503 1545 aut
2551 1508 2644 1559 per
2691 1509 3130 1568 quoruntcunque
3180 1501 3416 1557 ﬁdelium

1825 1571 2222 1646 eleemosynam
2251 1581 2505 1636 curiatum
2529 1593 2622 1638 aut
2649 1585 3031 1643 conferendum
3063 1602 3174 1656 est,
3216 1595 3268 1646 in
3294 1596 3417 1664 qui-

1824 1666 2132 1739 buscunque
2179 1675 2339 1729 rebus
2387 1686 2479 1730 aut
2523 1680 2868 1748 corporibus,
2920 1685 3046 1738 ttibil
3102 1687 3298 1743 e\inde
3348 1688 3417 1743 ad

1822 1770 1881 1812 se
1901 1763 2138 1828 quolibet
2159 1772 2398 1834 tempore
2415 1769 2639 1825 antistes
2658 1773 2906 1830 Ecclesia:
2925 1775 3294 1845 Lugdunensis
3321 1797 3417 1837 vo-

1752 1845 1800 1906 Β
1824 1863 2009 1906 eetaut
2027 1854 2194 1923 adjus
2216 1858 2470 1914 Ecclesia:
2495 1864 2806 1918 transferat:
2827 1879 2914 1920 aut
2934 1870 3283 1927 succedentes
3314 1873 3418 1928 sibi

1827 1957 1923 2012 per
1963 1955 2261 2015 temporum
2311 1952 2557 2009 ordinent
2598 1956 2906 2013 sacerdotes
2963 1976 3067 2016 non
3120 1963 3291 2019 solum
3325 1975 3418 2021 aut

1825 2036 1894 2092 de
1924 2040 2171 2098 facultate
2205 2047 2526 2103 xenodocbii
2568 2050 2735 2119 ipsius
2773 2054 3010 2109 stabilita
3039 2065 3132 2110 aut
3174 2058 3243 2114 de
3281 2074 3416 2114 eon-

1824 2134 2104 2190 stitutione
2167 2138 2298 2193 nihil
2348 2142 2620 2209 minuant,
2672 2145 2767 2198 sed
2796 2145 2929 2201 dent
2972 2163 3190 2218 operam
3239 2152 3413 2219 quali-

1824 2231 1907 2278 ter
1935 2227 2010 2280 rei
2042 2227 2206 2297 ipsius
2238 2232 2504 2288 stabilitas
2536 2236 2603 2290 -in
2634 2236 2832 2291 nullam
2869 2247 3071 2306 partem
3123 2242 3417 2299 detrimen-

1823 2323 1934 2370 tum
1964 2330 2055 2373 aut
2084 2321 2492 2381 diminutionem
2524 2327 2575 2381 in
2607 2328 2787 2398 aliquo
2833 2333 3096 2400 patiatur;
3132 2336 3417 2404 providen-

1824 2418 1902 2464 tes
1927 2410 2120 2466 intuitu
2151 2414 2524 2472 retributionis
2551 2427 2789 2486 mtcrnm,
2821 2432 2876 2476 ttt
2901 2429 3170 2496 praepositi
3202 2443 3414 2498 semper

1820 2504 2026 2556 strenui
2058 2519 2120 2557 ac
2145 2504 2312 2561 Deum
2348 2509 2598 2566 timentes
2628 2514 3012 2570 decedentibus
3041 2517 3410 2589 instituantur,

1817 2601 1874 2647 et
1901 2610 2026 2650 cura
2061 2603 2435 2666 mgrotautium
2467 2619 2531 2659 ac
2563 2621 2816 2661 numerus
2870 2610 2952 2664 vel
2993 2614 3236 2681 exceptio
3263 2631 3414 2684 pere-

1816 2684 2091 2753 grinorum
2141 2695 2435 2747 secundum
2486 2694 2710 2752 inditam
2755 2699 3142 2758 institutionem
3191 2705 3414 2760 inviola-

1816 2776 1906 2831 bili
1939 2795 2154 2848 semper
2198 2785 2490 2842 stabditate
2528 2803 2858 2857 permaneat.
2893 2793 3047 2858 Quod
3074 2793 3121 2848 si
3154 2799 3291 2865 quis,
3319 2813 3413 2851 cu-

1812 2867 2035 2936 jttslibet
2066 2876 2346 2941 potestatis
2383 2887 2476 2931 aut
2502 2882 2708 2935 ordinis
2742 2897 3005 2951 persona,
3051 2899 3236 2942 contra
3272 2892 3410 2945 banc

1817 2959 2205 3018 institutionem
2249 2977 2487 3023 nostram
2520 2974 2703 3027 venire
2750 2977 3058 3043 tentaverit,
3086 2989 3176 3031 aut
3205 2980 3406 3049 aliquid

1816 3050 1884 3106 de
1917 3056 2306 3112 consuetudine
2327 3060 2410 3112 vel
2460 3063 2708 3117 facultate
2739 3065 3059 3120 xenodocltii
3094 3067 3259 3136 ipsius
3288 3072 3411 3126 abso

1821 3145 2020 3210 tulerit,
2053 3158 2144 3201 aut
2181 3150 2571 3206 xeuodocltium
2595 3194 2610 3220 ,
2659 3155 2801 3224 quod
2846 3166 3054 3213 avertat
3086 3161 3245 3225 Deus,
3290 3179 3409 3219 esse

1857 3238 2052 3305 esinat,
2104 3252 2161 3296 ut
2211 3255 2429 3300 necator
2459 3262 2752 3318 pauperum
2803 3251 3143 3311 irrevocabili
3187 3259 3407 3315 anathe-

1817 3340 1959 3386 mate
1985 3333 2226 3390 feriatur.

1869 3425 2003 3479 XVI.
2035 3429 2109 3482 De
2147 3447 2247 3484 non
2277 3434 2573 3504 (inferendis
2615 3437 2944 3491 ecclesiarum
2987 3441 3345 3501 oblationibus.

1881 3518 2132 3589 Quisquis
2154 3525 2314 3577 etiam
2344 3535 2436 3579 aut
2477 3525 2742 3596 majorum
2771 3541 2861 3584 aut
2905 3533 3254 3589 mediocrium
3285 3551 3401 3606 per-

1807 3623 2060 3665 sottarum
2090 3629 2410 3685 quocunque
2437 3633 2659 3673 munere
2686 3621 2766 3673 vel
2800 3620 3076 3679 facultates-
3110 3629 3402 3683 sacerdoti-

1806 3700 1925 3767 bus,
1958 3715 2047 3757 aut
2071 3707 2339 3774 ecclesiis,
2363 3719 2449 3762 aut
2479 3709 2804 3777 quibusltbet
2833 3713 2964 3767 locis
2994 3717 3194 3770 sanctis
3223 3719 3400 3772 smdio

1807 3795 2067 3848 mercedis
2118 3813 2213 3864 pro
2262 3797 2355 3851 Dei
2405 3801 2856 3869 contemplatione
2883 3803 3141 3872 collatas,
3198 3815 3288 3860 aut
3332 3823 3396 3863 ea

1806 3904 1924 3958 qua:
1976 3907 2006 3944 a
2061 3893 2368 3960 parentibus
2423 3894 2615 3949 donata
2674 3907 3013 3964 noscuntur,
3059 3901 3396 3968 postmodum

1807 3980 2017 4037 auferre
2044 3986 2463 4052 praesumpserit,
2492 3987 2754 4053 superiori
2783 3990 3049 4043 sententia
3081 4000 3138 4044 ut
3168 3997 3391 4045 necator

1806 4087 2099 4143 pauperum
2127 4093 2154 4130 a
2183 4080 2556 4133 communione
2585 4079 2836 4148 privetur.

1950 4185 2112 4241 XVII.
2143 4188 2409 4256 Quomodo
2429 4190 2773 4246 Ecclesiarum
2797 4210 2966 4251 causa?
2992 4197 3249 4264 ﬁnienda.

1876 4295 2081 4353 Placuit
2128 4301 2322 4368 etiam,
2374 4314 2429 4357 ιιι
2462 4305 2506 4358 si
2553 4322 2886 4379 quaecunque
2935 4326 3157 4379 persona
3203 4320 3390 4369 contra

1800 4386 2108 4458 episcopum
2137 4393 2217 4446 vel
2244 4403 2452 4449 actores
2477 4397 2729 4470 Ecclesiae
2759 4415 2819 4453 se
2849 4402 3116 4470 proprium
3146 4406 3287 4458 credi
3315 4408 3388 4460 3e-

1801 4479 1868 4532 rit
1893 4478 2091 4534 habere
2123 4483 2419 4554 negotium,
2445 4485 2593 4555 ptius
2615 4467 2684 4540 ad
2708 4503 2828 4542 eum
2855 4467 3092 4547 recurrat
3116 4497 3390 4552 altat-italis

133 4585 258 4650 φηιά
291 4587 535 4655 quisquis
563 4588 772 4654 fecer“,
820 4600 1068 4660 umquam
1124 4606 1342 4648 “ccam.
1380 4611 1689 4666 pauperum,
1727 4586 1775 4645 ι)
1801 4572 2010 4635 Studio.
2060 4584 2116 4627 ut
2157 4574 2406 4630 familiari
2433 4580 2705 4634 additiotte
2733 4584 2963 4636 munitos
2987 4599 3174 4638 sanare
3205 4601 3263 4640 ea
3294 4589 3390 4642 de-

134 4678 456 4745 aotiquorutn
507 4694 771 4735 canonum
812 4684 1093 4738 sententiis
1131 4686 1454 4742 consn-ictus
1503 4691 1570 4743 ab
1609 4703 1698 4743 ec-

133 4763 294 4822 clesia:
331 4770 601 4826 liminibus
634 4774 812 4828 tandiu
841 4776 1156 4830 excludatur
1202 4781 1438 4847 quandiu
1482 4782 1551 4837 ab
1579 4780 1695 4851 ipso

134 4869 186 4910 ea
212 4875 322 4930 qua:
349 4873 476 4918 sunt
503 4865 676 4920 ablata
707 4867 790 4921 vel
820 4877 1023 4922 retenta
1055 4870 1365 4925 reddantur.

163 4945 287 5008 XIV.
327 4955 527 5009 Nullus
579 4957 788 5011 alterius
835 4958 1081 5084 Ecclfsia:
1135 4978 1215 5016 res
1253 4962 1483 5032 accipere
1528 4979 1661 5034 pra:-

812 5047 955 5084 sumu
986 5072 997 5084 .

812 5047 997 5084 sumat.

199 5112 447 5174 Utnullus
484 5119 854 5191 episcoporum
902 5133 998 5178 aut
1030 5124 1311 5192 cujuslibet
1342 5126 1551 5183 ordinis
1582 5130 1693 5184 cle-

136 5200 260 5261 ricus
285 5211 360 5265 vel
391 5210 501 5265 alia
539 5229 764 5284 qumque
794 5230 1018 5283 persona
1073 5217 1397 5287 quibuslibet
1427 5221 1694 5275 conditio-

135 5295 270 5353 nibus
313 5317 403 5357 seu
451 5302 502 5358 in
548 5322 655 5360 uno
679 5322 842 5377 regno
871 5323 965 5361 seu
1012 5308 1064 5362 in
1095 5310 1201 5363 alio
1236 5312 1444 5380 positus
1474 5314 1694 5369 alterius

135 5387 482 5466 cujuscunque
517 5397 770 5453 Ecclesia:
823 5415 912 5454 res
957 5409 1052 5454 aut
1096 5413 1239 5471 petat
1291 5415 1378 5458 aut
1410 5418 1696 5473 praesumat

136 5482 354 5549 accipere
397 5506 411 5542 :
457 5490 598 5558 quod
629 5492 673 5544 si
709 5489 913 5557 fecerit,
947 5494 1126 5547 tandiu
1188 5495 1450 5552 habeatur
1489 5514 1519 5552 a
1549 5515 1695 5554 corn-

137 5576 366 5636 munione
394 5583 578 5637 altaris
607 5585 690 5639 vel
724 5586 792 5639 ab
836 5588 1072 5641 omnium
1102 5589 1324 5644 fratrum
1366 5605 1431 5647 ac
1461 5593 1692 5650 filiorum

199 5716 222 5794 ε
246 5710 295 5765 Ill
322 5714 606 5794 Codicibus
629 5735 642 5770 :
669 5723 1051 5794 prwsumpscrit
1078 5724 1463 5794 ordinandum;
1494 5719 1708 5790 omissa.

137 5787 208 5852 est
223 5797 313 5836 vox
341 5790 702 5852 ordinandum,
736 5802 792 5845 nt
823 5787 974 5848 iH’U.

196 5847 220 5890 ι’
251 5855 486 5931 Β.ιι.,τ.
515 5859 650 5927 1,8,
682 5847 774 5928 IL,
804 5847 994 5919 insitus
1023 5867 1313 5928 ordinetur.

470 5952 750 6015 Parnon.
790 5954 1147 6022 LXXXIV.

1800 4665 1923 4720 beat
1945 4683 2064 4736 qua:
2095 4668 2147 4722 in
2176 4672 2569 4737 querimoniam
2603 4672 2966 4740 deducuntur;
2995 4693 3152 4745 quam
3199 4694 3310 4734 rem
3340 4681 3388 4735 si

1798 4757 2013 4814 differre
2042 4761 2288 4830 voluerit,
2341 4771 2466 4818 tunc
2495 4764 2710 4818 demum
2754 4767 2819 4819 ad
2853 4768 3241 4833 metropolitani
3291 4787 3390 4824 au-

1798 4851 2049 4906 dientiam
2084 4853 2328 4908 veniatur
2355 4872 2368 4908 :
2401 4856 2468 4908 de
2492 4871 2594 4925 qua
2625 4871 2684 4910 re
2706 4859 3008 4927 cum278
3030 4857 3233 4913 literas
3264 4876 3389 4916 suas

1799 4946 2240 5015 metropolitanus
2269 4949 2334 5000 ad
2366 4949 2866 5017 comprovincialem
2897 4964 3049 5005 Suum
3073 4952 3383 5021 episcopum

1798 5036 2041 5102 dederit,
2103 5048 2156 5092 et
2204 5053 2366 5093 causa
2417 5039 2530 5108 ipsa
2584 5041 2722 5096 inter
2771 5051 3020 5112 utr05que
3066 5060 3382 5115 quacunque

1799 5133 2158 5188 transactione
2205 5133 2393 5188 amicis
2451 5134 2643 5191 mediis
2684 5152 2790 5192 non
2839 5137 2997 5194 fuerit
3036 5139 3275 5202 definita,
3329 5149 3385 5192 ut

1798 5224 1898 5292 ipsi
1928 5225 2340 5294 metropolitano
2369 5227 2733 5284 necesSarium
2764 5230 2835 5287 sit
2870 5232 2922 5285 in
2951 5231 3137 5285 eodem
3166 5230 3380 5299 negouo

1798 5316 1992 5371 iterare
2023 5317 2366 5386 rescriptum,
2415 5325 2472 5374 et
2521 5322 2755 5376 secundo
2803 5323 3104 5377 admonitus
3152 5335 3380 5391 sanare,

1799 5409 2010 5463 mittere
2039 5416 2129 5461 aut
2173 5407 2354 5464 venire
2382 5409 2681 5481 distulerit,
2718 5415 2898 5468 taudiu
2923 5428 2952 5466 a
2982 5413 3240 5467 cbaritate
3269 5429 3382 5468 me-

1801 5501 2105 5568 tropolitani
2146 5501 2226 5555 sui
2273 5517 2332 5557 se
2373 5507 2582 5558 noverit
2617 5520 2739 5561 esse
2769 5519 3083 5573 suspensum
3105 5504 3279 5560 donec
3308 5506 3376 5561 ad

1797 5598 2133 5667 praesentiam
2163 5601 2277 5671 ejus
2306 5603 2525 5659 veniens
2555 5617 2714 5659 causa
2759 5601 2925 5672 ipsius
2953 5601 3018 5656 de
3047 5617 3148 5672 qua
3181 5602 3378 5670 petitur

1871 5731 2082 5807 ῗβξίῖον
2119 5733 2184 5790 Τ.
2215 5735 2267 5800 1,
2297 5735 2354 5796 2.
2379 5735 2471 5799 U.,
2494 5737 2752 5807 religatas.

1864 5802 1893 5877 ᾖ
1917 5803 2011 5860 Hic
2038 5821 2208 5877 canon
2240 5808 2555 5876 desutnptus
2587 5800 2679 5861 est
2703 5821 2773 5862 ex
2801 5800 3001 5863 Codice
3025 5807 3142 5877 Αἴης
3168 5822 3290 5867 nam
3316 5810 3370 5868 in

1795 5873 2014 5946 reliquis
2041 5875 2324 5934 Codicibus
2346 5873 2543 5934 deficit.
2911 5970 2990 6036 ω
