4024 6350
565 281 678 342 $03

1263 277 1632 336 EOLLECTIO
1668 274 2002 335 CANONUM
2040 276 2101 334 S.
2142 271 2420 333 ISIDORO
2459 271 2726 331 HISPAL.
2768 269 3136 332 ASCRII’TA.

3729 277 3839 335 SOI

562 393 691 453 εἰπε
717 392 1016 451 idololatria
1047 395 1303 464 perﬁcere
1340 394 1514 450 scelus
1560 411 1670 450 non
1727 395 1917 465 potuit,
1944 408 2042 448 nec
2083 391 2135 445 in
2164 390 2214 449 Α
2242 389 2638 444 matrimonium
2694 388 2883 443 dandae.
2936 395 3063 443 sunt
3112 384 3347 455 virgines
3395 384 3746 455 Christiane,
3774 408 3843 450 ne

564 485 728 547 linem
758 488 1160 559 impertiendam
1185 501 1303 542 esse
1338 487 1410 541 illi
1453 486 1475 561 [
1501 485 1569 543 Π.
1590 527 1605 554 ,
1636 486 1735 554 0.,
1768 482 1855 556 ei]
1906 500 2144 541 commu-

565 580 802 635 nionem.
886 580 909 587 ”

570 668 684 727 VII.
741 670 817 724 De
855 669 1208 739 paenitentibus
1238 672 1463 727 niteclir'w
1487 673 1531 727 si
1553 689 1730 727 rursus
1769 674 2139 729 masc/laverint.

634 762 691 817 Si
718 777 837 831 quis
856 766 987 815 forte
1008 764 1182 818 ﬁdelis
1203 773 1322 833 post
1347 766 1548 834 lapsum
1580 766 1845 833 tnmclnse,
1865 775 1983 833 post
2009 777 2144 820 tein-

564 867 697 923 pora
748 854 1029 907 constituta
1083 865 1200 909 acta
1253 858 1584 925 panitentia,
1614 857 1789 912 denuo
1831 858 1989 912 fuerit
2030 856 2141 911 fur-

564 944 794 1015 nicatus,
826 944 1025 1014 placuit
1046 962 1145 1003 nec
1172 949 1225 1002 in
1253 951 1413 1005 linem
1444 949 1641 1004 habere
1664 966 1784 1005 eum
1815 950 2144 1005 communio-

560 1050 703 1091 DCIII.

562 1126 697 1184 VIII.
742 1129 820 1183 De
861 1133 1061 1201 feminis
1114 1149 1230 1203 qua!
1265 1134 1456 1189 relictis
1487 1136 1605 1189 viris
1634 1135 1739 1189 suis
1770 1135 1887 1188 aliis
1920 1133 2137 1190 nubunt.

629 1220 757 1275 Item
788 1222 1016 1287 leminm,
1046 1238 1163 1291 quin
1188 1225 1329 1279 nulla
1357 1226 1692 1291 praecedente
1721 1240 1878 1279 causa
1912 1227 2139 1294 relique-

551 1312 661 1365 rint
689 1313 831 1366 viros
853 1326 979 1367 suos
1001 1324 1053 1367 et
1075 1316 1257 1369 alteris
1275 1334 1333 1371 se
1358 1318 1745 1385 cupulaverint,
1779 1332 1878 1372 ncc
1903 1318 1957 1372 iu
1978 1320 2138 1373 linem

553 1404 817 1469 accipiant
845 1406 1303 1461 communionem.

554 1495 653 1552 1X.
681 1496 758 1551 De
785 1496 988 1568 feminis
1031 1515 1147 1570 quis:
1183 1501 1446 1555 adulteros
1495 1503 1707 1557 maritos
1744 1502 2041 1573 relinquunt
2094 1512 2142 1558 et

1160 1573 1278 1625 aliis
1317 1574 1536 1627 nubunt.

626 1660 755 1715 Item
786 1660 980 1716 femina
1014 1662 1206 1729 ﬁdelis,
1242 1680 1360 1731 quze
1388 1665 1693 1721 adulterum
1728 1668 1975 1721 maritum
2008 1667 2135 1724 reli-

2245 496 2375 539 aatas
2408 486 2457 538 in
2484 485 2616 540 ﬁore
2640 495 2850 539 tumens
2879 484 2929 538 in
2957 483 3275 538 adulterium
3297 481 3490 538 animm
3512 484 3839 547 resolvatur,

2244 574 2382 630 XVI.
2411 577 2485 630 De
2513 578 2695 644 puellis
2721 576 2960 646 ﬁdelibus
2990 592 3053 629 ne
3089 576 3383 645 inﬁdelibus
3428 579 3838 647 coniungantur.

2318 671 2561 725 Ilaaretici
2595 672 2636 725 si
2680 686 2738 725 se
2764 671 3051 726 transferre
3101 671 3366 725 noluerint
3414 674 3478 724 ad
3539 671 3838 727 Ecclesiam

2242 764 2584 827 catholicam,
2621 779 2718 817 nec
2751 766 2879 828 ipsis
2902 764 3194 820 catholicas
3217 764 3420 819 dandas
3444 780 3567 820 esse
3592 767 3834 834 puellas;

2242 853 2335 908 sed
2369 870 2542 924 neque
2562 854 2761 909 Iudicis
2792 872 2964 926 neque
2998 856 3265 911 haereticis
3320 857 3447 911 dare
3499 857 3734 923 placuit,
3771 873 3838 913 eo

2240 946 2381 1017 quod
2413 947 2552 1001 nulla
2588 948 2898 1014 possitesse
2926 948 3156 1003 societas
3186 948 3328 1002 ﬁdeli
3376 963 3496 1001 cum
3537 946 3765 1005 inﬁdele
3821 969 3833 1003 :

2241 1038 2284 1091 si
2308 1050 2494 1092 contra
2528 1038 2867 1092 interdictum
2901 1042 3062 1111 235
3097 1040 3321 1095 fecerint
3353 1054 3603 1109 parentes
3626 1080 3643 1107 ,
3669 1040 3838 1095 absti-

2242 1131 2356 1185 neri
2409 1146 2504 1196 per
2534 1131 2955 1201 quinquennium
2991 1136 3179 1198 placet.

2296 1218 2459 1275 XVII.
2492 1220 2569 1274 De
2597 1222 2675 1274 his
2711 1226 2800 1291 qui
2830 1220 2968 1289 ﬁlias
2996 1239 3113 1275 suas
3142 1223 3487 1277 sacerdotibus
3508 1220 3788 1279 Gentilium

2848 1294 3189 1364 conjungunt.

2310 1380 2365 1435 Si
2390 1382 2476 1449 qui
2500 1380 2635 1436 forte
2663 1382 3029 1437 sacerdotibus
3053 1382 3314 1437 idolorum
3339 1382 3475 1437 ﬁlias
3503 1398 3630 1439 suas
3649 1383 3836 1454 jume-

2240 1476 2365 1539 rint,
2400 1475 2594 1543 placuit
2635 1490 2733 1531 nec
2774 1476 2827 1531 iu
2869 1476 3032 1532 ﬁnem
3060 1476 3139 1532 eis
3165 1476 3397 1533 dandam
3425 1491 3550 1535 esse
3586 1492 3833 1535 commu-

2240 1565 2479 1621 nionem.

2278 1656 2464 1713 XVIII.
2501 1658 2577 1714 De
2606 1661 2956 1715 sacerdotibus
2976 1670 3026 1715 et
3056 1661 3303 1716 ministris
3332 1662 3378 1717 si
3416 1662 3797 1719 mtechaverint.

550 1758 727 1824 querit
757 1755 966 1811 ﬁdelem
994 1765 1048 1810 et
1069 1756 1296 1811 alterum
1326 1756 1503 1824 ducit,
1534 1758 1884 1828 prohibeatur
1925 1775 1993 1814 ne
2034 1760 2132 1813 du-
2165 1756 2207 1815 Β
2311 1749 2578 1819 Episcopi.
2623 1753 2959 1825 oresliyteres
2992 1765 3046 1807 et
3079 1753 3334 1808 diacones
3361 1754 3407 1809 si
3446 1755 3499 1809 in
3528 1756 3827 1812 ministerio

549 1854 681 1902 cat:
730 1848 776 1903 si
811 1847 1027 1904 duxerit
1069 1866 1173 1903 non
1221 1850 1367 1919 prius
1404 1850 1632 1920 accipiat
1676 1855 2133 1917 eumtnunionetn,

546 1939 651 1995 nisi
694 1955 852 2010 quem
902 1942 1121 2010 reliquit
1164 1941 1232 1995 de
1278 1943 1479 1997 saeculo
1528 1943 1742 2010 exierit,
1773 1944 1873 1999 nisi
1912 1946 2132 2000 fonsitan

545 2032 836 2088 necessitas
865 2031 1189 2088 inﬁrmitatis
1216 2033 1347 2089 dare
1376 2036 1715 2103 compulerit.

688 2122 760 2179 Χ.
783 2122 860 2179 De
878 2124 1053 2179 relicta
1080 2126 1427 2181 catechumeni
1447 2129 1489 2181 si
1518 2129 1739 2181 alterum
1766 2127 1987 2181 duxerit.

620 2215 677 2271 Si
702 2230 763 2269 ea
795 2230 950 2283 quam
994 2217 1411 2272 catechumenos
1445 2219 1695 2286 relinquit
1724 2218 1937 2273 duxerit
1971 2218 2133 2273 mari-

549 2314 685 2373 tum,
711 2316 888 2376 potest
915 2307 979 2361 ad
1014 2307 1211 2363 fontem
1246 2310 1445 2362 lavacri
1471 2310 1678 2364 admitti
1713 2328 1728 2364 :
1764 2312 1865 2364 boc
1895 2319 1951 2365 ct
1988 2312 2132 2367 circa

547 2393 778 2452 feminas
801 2398 1209 2455 catechumenos
1238 2399 1402 2472 285.
1426 2401 1949 2459 er.tobservaudum.
1978 2402 2130 2470 Quod

545 2489 593 2541 si
613 2484 772 2543 fuerit
803 2490 976 2545 ﬁdelis
1003 2508 1123 2560 qua:
1152 2492 1274 2547 dum
1304 2509 1366 2547 ur
1395 2493 1464 2549 ab
1485 2509 1549 2547 eo
1574 2495 1662 2565 qui
1691 2511 1910 2550 uxorem
1958 2494 2129 2551 incul-

541 2592 723 2654 patam
747 2582 1022 2653 relinquit,
1050 2594 1248 2639 etcum
1279 2586 1462 2641 scierit
1488 2587 1632 2640 illum
1664 2588 1861 2641 habere
1884 2603 2126 2652 uxorem,

543 2688 704 2743 quani
730 2676 844 2729 sine
874 2690 1033 2730 causa
1061 2675 1298 2745 reliquit,
1324 2677 1520 2746 placuit
1551 2676 1604 2732 in
1636 2680 1795 2732 linem
1821 2678 2127 2748 bujusmodi

542 2768 661 2825 dari
693 2772 1120 2826 communionem
1156 2780 1203 2824 ι.

684 2861 776 2917 XI.
810 2862 886 2917 De
905 2863 1265 2918 catechumena
1312 2864 1357 2917 si
1398 2865 1616 2934 graviter
1644 2868 1979 2937 (egrotaverit.

610 2954 753 3009 Intra
780 2956 1130 3026 quinquennii
1164 2965 1342 3013 autem
1383 2966 1620 3025 tempora
1668 2964 2050 3014 catectiutnena
2078 2961 2125 3015 si

520 3045 777 3117 igraviter
806 3047 966 3104 fuerit
998 3047 1283 3115 inﬁrmata,
1309 3048 1542 3104 dandum
1571 3049 1622 3105 ei
1652 3049 1971 3120 baptismum
2004 3052 2124 3121 pla-

533 3137 662 3203 cuit,
688 3152 792 3192 non
818 3138 1089 3208 denegari.

687 3229 797 3283 XII.
831 3227 908 3283 De
932 3228 1232 3283 mulieribus
1261 3245 1376 3298 quia
1404 3232 1712 3285 lenocinium
1743 3232 1974 3303 fecerint.

612 3320 779 3375 Mater
802 3321 883 3376 vel
911 3336 1102 3389 parens
1129 3321 1212 3375 vel
1242 3322 1492 3388 qiiwlibet
1522 3323 1714 3389 ﬁdelis,
1732 3325 1777 3378 si
1804 3327 2121 3381 lenocinium

538 3411 858 3475 exercuerit,
890 3426 957 3466 eo
984 3411 1124 3479 quod
1167 3412 1403 3466 alienum
1454 3412 1748 3468 tendiderit
1793 3431 1989 3484 corpus
2037 3418 2123 3473 vel

538 3504 716 3573 potius
740 3518 917 3571 suum,
949 3504 1147 3571 placuit
1172 3519 1287 3559 eam
1315 3519 1415 3560 nec
1442 3502 1497 3559 in
1522 3507 1680 3561 tinent
1712 3508 1954 3577 accipere
1974 3523 2121 3563 corno

538 3598 862 3652 munionem.

607 3686 742 3742 XIII.
778 3687 855 3742 De
873 3688 1148 3760 virginibus
1173 3689 1279 3745 Deo
1308 3695 1519 3746 sacratis
1556 3692 1601 3744 si
1627 3691 2043 3751 adulteraverint.

608 3779 851 3848 Virgines
880 3797 997 3843 una:
1027 3797 1085 3836 se
1117 3781 1225 3836 Deo
1247 3782 1579 3846 dicaverunt,
1612 3784 1657 3838 si
1696 3794 1906 3853 pactum
1940 3787 2117 3855 perdi-

529 3868 709 3925 derint
732 3870 1071 3941 virginitatis,
1095 3881 1253 3941 atque
1269 3872 1443 3928 eidem
1471 3873 1674 3929 libidini
1695 3875 1983 3931 servierint
2010 3895 2116 3934 non

528 3961 886 4037 intelligentes
915 3968 1043 4038 quid
1073 3968 1407 4037 admiserint,
1430 3969 1624 4036 placuit
1654 3985 1751 4025 nec
1773 3973 1823 4025 in
1854 3972 2010 4025 linem
2038 3973 2117 4028 eis

528 4056 762 4112 dandam
785 4074 907 4113 esse
935 4060 1388 4116 communionem.
1413 4063 1564 4129 Quod
1606 4064 1649 4118 si
1681 4066 1846 4119 semel
1893 4080 2115 4135 persua-

529 4167 608 4209 sae
631 4162 722 4209 aut
761 4153 958 4207 inﬁrmi
983 4155 1225 4223 corporis
1253 4154 1400 4224 lapsu
1448 4158 1644 4212 vitiata:
1692 4160 1837 4213 omni
1880 4170 2116 4228 tempore

527 4246 652 4300 vita:
681 4260 794 4300 sum
841 4245 1147 4313 littjusmodi
1198 4246 1407 4300 feminae
1456 4248 1663 4315 egerint
1721 4250 2113 4317 paenitentiam,

525 4344 585 4390 ttt
610 4337 911 4390 abstineant
935 4351 994 4389 se
1021 4350 1051 4389 a
1078 4342 1240 4399 coitu,
1257 4352 1321 4391 eo
1343 4340 1481 4407 quod
1506 4339 1667 4407 lapsa:
1698 4344 1870 4409 potius
1898 4343 2114 4398 videan-

526 4438 635 4495 tur,
686 4428 885 4497 placuit
929 4442 1022 4481 eas
1067 4427 1122 4481 in
1170 4429 1327 4483 ﬁnem
1382 4434 1812 4486 communionem
1870 4436 2113 4505 accipere

523 4522 740 4577 debere.

628 4612 770 4668 XIV.
802 4611 875 4667 De
897 4610 1172 4683 virginibus
1192 4612 1524 4667 sa'cularibus
1551 4615 1595 4668 si
1625 4617 1995 4675 mmchaverint.

596 4694 845 4777 Virgines
876 4719 992 4772 qua:
1010 4701 1363 4772 virginitatem
1394 4720 1545 4759 suam
1578 4723 1682 4761 non
1731 4711 2099 4780 custodierint,

519 4800 562 4853 si
588 4797 802 4851 eosdem
837 4798 925 4865 qui
956 4810 1052 4851 eas
1083 4795 1399 4850 violaverint
1431 4797 1683 4852 duxerint
1732 4810 1784 4853 et
1835 4804 2105 4858 tenuerint

519 4890 758 4958 maritus,
792 4903 858 4943 eo
896 4888 1037 4958 quod
1066 4889 1209 4943 solas
1236 4890 1443 4957 nuptias
1468 4892 1801 4961 violaverim,
1850 4907 1962 4962 post
2010 4912 2104 4952 an-

519 4995 643 5034 nutn
676 4984 792 5033 sine
824 4978 1133 5047 paenitentia
1174 4979 1506 5035 reconciliari
1555 4982 1860 5050 debebunt;
1919 4986 1999 5040 vel
2054 4986 2103 5040 si

515 5071 648 5123 alios
698 5070 1045 5137 cognoverint
1095 5066 1257 5135 viros,
1317 5084 1382 5124 eo
1434 5072 1576 5140 quod
1625 5078 1907 5129 inmci.at:e
1953 5085 2099 5142 sunt,

520 5165 719 5232 placuit
743 5180 834 5231 per
857 5162 1207 5233 quinquennii
1239 5175 1480 5233 tempora
1511 5176 1627 5220 acta
1662 5169 1899 5236 legitima
1931 5171 2103 5240 pinni-

519 5256 682 5310 tentia
708 5254 919 5309 admitti
939 5269 1033 5310 eas
1058 5255 1124 5308 ad
1155 5258 1586 5313 communionem
1611 5272 1883 5328 oportere.

589 5368 701 5424 XV.
728 5369 1045 5441 Deconjngio
1068 5386 1243 5424 eorum
1266 5373 1350 5441 qui
1379 5388 1443 5428 ea:
1464 5370 1764 5430 Gentilitate
1793 5377 1976 5431 veniun
1987 5386 2026 5432 ι.

588 5483 812 5554 Pmpter
836 5485 1043 5555 copiam
1090 5486 1387 5557 puellarum
1433 5487 1721 5557 gentilibus
1772 5490 1996 5549 minime
2045 5494 2101 5552 in

584 5628 612 5658 ι
651 5619 783 5680 B.R.
812 5637 825 5675 :
856 5622 1183 5694 placuilihuic
1210 5626 1263 5677 in
1285 5625 1437 5694 ﬁnem
1461 5641 1563 5678 non
1583 5625 1810 5679 dandam
1826 5644 1934 5682 esse
1954 5646 2098 5685 cam-

518 5694 831 5765 munionem.
857 5693 921 5748 Τ.
953 5696 1005 5754 1.
1037 5693 1094 5761 2,
1124 5693 1316 5763 placuit
1339 5697 1457 5747 huic
1477 5712 1566 5749 nec
1594 5695 1648 5749 in
1666 5697 1819 5765 ﬁnem
1843 5702 2093 5760 dandam.

581 5761 609 5800 ι’
645 5762 733 5829 U.,
758 5779 820 5819 ne
844 5761 1206 5821 circumeuntes
1231 5765 1536 5837 provincias,
1561 5761 1874 5837 qutéstuosas
1904 5775 2095 5830 nundi-

2245 1840 2401 1908 positi
2459 1843 2651 1896 detecti
2699 1842 2897 1898 fuerint
2942 1845 3083 1914 quod
3133 1845 3243 1900 sint
3295 1847 3546 1902 mmcliati
3575 1889 3592 1914 ,
3632 1847 3833 1918 placuit

2238 1943 2459 2004 propter
2489 1937 2798 1990 scandalum
2839 1948 2893 1992 et
2923 1948 3142 2008 propter
3174 1938 3451 2008 profanum
3483 1941 3691 1996 crimen
3723 1956 3826 1997 nec

2235 2023 2288 2078 in
2320 2024 2477 2079 liuent
2508 2039 2601 2079 eos
2628 2027 3060 2082 communionem
3092 2029 3338 2097 accipere
3366 2030 3591 2086 debere.

2307 2114 2448 2170 XIX.
2489 2114 2567 2169 De
2590 2118 2790 2171 clericis
2820 2119 3023 2191 negotia
3051 2130 3098 2173 et
3128 2122 3391 2175 nundinas
3427 2122 3750 2177 sectantibus.

2306 2208 2578 2278 Episcopi,
2617 2210 2956 2281 presbyteres
2981 2221 3035 2266 et
3059 2210 3315 2268 diacones
3340 2214 3407 2269 de
3438 2214 3570 2268 locis
3596 2214 3707 2269 suis
3733 2228 3829 2269 ne-

2232 2301 2470 2370 gmiandi
2542 2316 2700 2356 causa
2760 2318 2863 2357 non
2926 2303 3242 2373 discedant,
3292 2320 3391 2361 nec
3435 2308 3829 2362 circumeuntes

2234 2392 2534 2456 provincias
2562 2405 2891 2462 quaestuosas
2918 2396 3183 2450 nundinas
3212 2408 3484 2453 sectentur
3504 2395 3559 2451 5:
3588 2413 3719 2453 sane
3751 2399 3826 2455 ad

2234 2482 2429 2537 victum
2480 2484 2579 2539 sibi
2626 2488 3047 2555 (Ὀιιίιυὶτθιιάυιιι
3095 2500 3184 2543 aut
3238 2490 3404 2545 lilium
3453 2499 3543 2545 aut
3572 2491 3822 2546 libertum

2230 2584 2325 2628 aut
2370 2581 2755 2633 mercenarium
2796 2589 2889 2635 aut
2931 2581 3159 2636 amicum
3198 2594 3291 2638 aut
3330 2584 3622 2655 quemeet
3651 2596 3673 2624 ε
3704 2587 3826 2641 mit-

2231 2677 2364 2736 tant;
2395 2681 2449 2725 ct
2479 2672 2522 2725 si
2548 2673 2812 2729 voluerint
2840 2676 3100 2746 negatiari
3134 2717 3152 2747 ,
3192 2678 3328 2734 intra
3372 2678 3701 2748 provinciam
3730 2693 3823 2736 ne-

2228 2763 2518 2832 gotientur.

2529 2853 2647 2910 XX.
2684 2854 2760 2911 De
2788 2859 2987 2913 clericis
3009 2867 3057 2912 et
3087 2859 3233 2916 laicis
3261 2862 3535 2918 usurariis.

2299 2944 2356 3001 Si
2387 2945 2505 3014 quis
2529 2947 2847 3002 clericorum
2880 2951 3123 3006 detectus
3158 2954 3315 3008 luerit
3337 2969 3527 3009 usuras
3554 2957 3816 3028 accipere,

2229 3038 2429 3107 p‘acuit
2456 3054 2577 3094 eum
2606 3042 2885 3110 degradari
2910 3053 2965 3097 et
2995 3044 3272 3100 abstineri.
3305 3046 3361 3102 Si
3386 3050 3509 3117 quis
3533 3049 3693 3105 etiam
3721 3049 3818 3103 lai-

2152 3123 2196 3186 C
2229 3144 2321 3183 ens
2351 3132 2623 3200 accepisse
2651 3133 2905 3201 prnbatur
2927 3152 3150 3201 usuras,
3191 3146 3246 3191 et
3271 3140 3577 3208 iii-amiserit
3600 3157 3816 3211 correp-

2229 3231 2313 3274 tus
2341 3221 2450 3291 jam
2481 3238 2540 3279 se
2568 3216 2902 3281 cessaturtitii
2950 3244 3047 3283 nec
3072 3233 3294 3286 ulterius
3324 3245 3663 3302 exacturum,
3697 3234 3813 3305 pla-

2223 3318 2333 3369 cnit
2371 3320 2418 3372 ei
2449 3324 2657 3373 veniam
2692 3322 2850 3375 tribui
2892 3337 2908 3375 :
2950 3323 2995 3377 si
3030 3339 3158 3378 vero
3189 3327 3238 3378 in
3269 3342 3329 3381 ea
3358 3326 3637 3397 iniqui.atc
3662 3328 3817 3383 dura-

2227 3410 2382 3472 verit,
2413 3410 2482 3464 ab
2506 3410 2740 3466 Ecclesia
2770 3432 2890 3471 esse
2916 3417 3325 3486 prnjiCiendutn.

2332 3502 2471 3558 XXI.
2506 3505 2584 3559 De
2610 3508 2690 3560 Itis
2714 3509 2805 3578 qui
2833 3510 3031 3563 tardius
3056 3511 3124 3563 ad
3152 3511 3416 3567 ecclesiam
3437 3515 3704 3569 accedunt.

2292 3597 2344 3651 Si
2375 3600 2493 3667 quis
2525 3599 2575 3652 in
2608 3599 2825 3656 ciVitate
2858 3604 3062 3669 positus
3089 3613 3197 3658 tres
3219 3604 3518 3661 dominicas
3544 3607 3609 3661 ad
3639 3605 3815 3662 eccle-

2218 3691 2351 3746 siam
2384 3710 2486 3748 non
2517 3699 2844 3761 accesserit,
2880 3712 3052 3767 pauco
3079 3709 3322 3771 tempore
3347 3703 3721 3768 abstineatur,
3754 3707 3815 3756 ut

2219 3796 2500 3855 correptus
2522 3804 2643 3845 esse
2667 3790 2932 3848 videatur.

2328 3900 2493 3956 XXII.
2526 3902 2604 3957 De
2642 3905 2907 3986 catholicis
2938 3906 2991 3957 in
3018 3904 3261 3961 Ita'resem
3299 3905 3698 3988 transeuntibus,

2798 3993 2841 4030 SI
2867 3988 3201 4032 reuertuntur.

2274 4077 2343 4142 'Si
2370 4086 2490 4157 quis
2518 4087 2588 4142 de
2624 4087 2884 4143 catholica
2924 4090 3165 4146 Ecclesia
3210 4092 3277 4147 ad
3327 4092 3588 4147 limresem
3636 4100 3811 4145 trans-

2216 4177 2350 4233 itum
2383 4180 2570 4237 fecerit
2599 4197 2893 4253 rursusque
2921 4187 3229 4250 recurre-it,
3265 4186 3458 4254 placuit
3490 4185 3613 4238 huic
3637 4185 3807 4251 pinni-

2219 4274 2437 4327 tentiani
2486 4288 2593 4327 non
2634 4288 2754 4328 esse
2802 4276 3166 4344 denegandam
3217 4294 3284 4332 eo
3312 4278 3452 4348 quod
3499 4277 3810 4347 cognoverit

2218 4377 2495 4433 peccatum
2528 4383 2681 4421 suum
2715 4384 2729 4433 ;
2772 4370 2861 4435 qui
2894 4370 3053 4423 etiam
3086 4370 3272 4425 decem
3307 4374 3460 4425 annis
3488 4382 3610 4441 agat
3640 4373 3810 4441 pecni-

2139 4484 2191 4544 υ
2220 4460 2438 4512 tentiam
2466 4499 2482 4525 ,
2522 4461 2608 4515 cui
2659 4474 2778 4529 post
2804 4461 2987 4517 decem
3018 4478 3186 4521 annos
3218 4466 3461 4534 praestari
3499 4468 3810 4520 communio

2212 4553 2407 4617 debet;
2441 4554 2484 4606 si
2509 4568 2635 4607 Vero
2674 4554 2904 4609 infantes
2938 4558 3134 4611 fuerint
3167 4561 3497 4623 transducti,
3530 4561 3671 4629 quod
3699 4575 3806 4614 non

2208 4660 2306 4699 suo
2326 4645 2458 4699 vitio
2473 4648 2811 4714 peccaverint
2831 4650 3201 4706 incunctanter
3217 4651 3381 4721 recipi
3406 4651 3603 4711 debent
3616 4652 3808 4726 [B.R.,

2206 4736 2519 4809 debebunt].

2406 4832 2572 4902 286
2591 4831 2785 4889 XXIII.
2812 4832 2887 4886 De
2918 4836 3227 4902 temporibus
3247 4837 3593 4908 jejuniorurn.

2272 4920 2470 4992 Jejunii
2501 4925 2956 4993 superpositiones
2982 4924 3129 4998 [/E.,
3162 4926 3226 4982 Τ.
3250 4926 3306 4992 2,
3337 4928 3807 4996 superimpositio-

2204 5016 2321 5087 nes]
2356 5032 2449 5086 per
2480 5019 2719 5085 singulos
2751 5035 2966 5076 menses
3000 5022 3198 5090 placuit
3222 5022 3482 5076 eelelirari
3508 5062 3525 5087 ,
3563 5024 3807 5091 exceptis

2202 5112 2390 5165 diebus
2419 5112 2642 5165 duorum
2668 5114 2930 5169 mensium
2956 5114 3086 5171 Julii
3108 5128 3163 5171 et
3184 5116 3407 5185 Augusti
3434 5128 3653 5187 propter
3671 5130 3809 5187 quo-

2204 5203 2448 5258 rumdam
2481 5204 2869 5262 inﬁrmitatem.

2309 5315 2498 5373 XXIV.
2528 5313 2609 5371 De
2636 5316 2716 5373 his
2742 5319 2827 5393 qui
2851 5319 2905 5373 in
2936 5337 3140 5393 peregre
3163 5319 3509 5388 baptiaantur,
3540 5327 3597 5375 ut
3621 5323 3695 5375 ad

2699 5391 2894 5445 clerum
2932 5409 3033 5445 non
3056 5391 3297 5448 'veniant.

2269 5500 2455 5558 Omnis
2478 5504 2568 5573 qui
2591 5504 2642 5558 in
2666 5519 2888 5575 peregre
2914 5506 3113 5561 fuerint
3140 5505 3413 5576 baptizati,
3444 5503 3680 5577 ecquod
3701 5517 3805 5561 oo-

2198 5651 2293 5691 nas
2318 5645 2562 5709 sectantes
2587 5638 2639 5690 in
2672 5638 2901 5709 periculo
2924 5641 3214 5698 incurrant.

2270 5719 2293 5748 °
2328 5706 2417 5775 U.,
2443 5706 2715 5778 quemlibet
2740 5711 2970 5779 ﬁdelem.
