4024 6350
196 416 294 473 505

1082 422 1403 482 CONCILIA
1442 426 1812 485 HISPANIA.
1846 462 1921 477 —
1955 433 2495 501 ELIBERITANUM.

3355 454 3463 516 506

196 552 303 593 rum
333 534 550 591 minime
586 536 659 592 sit
697 539 909 609 cognita
936 542 1066 608 vita,
1090 544 1285 609 placuit
1311 545 1377 600 ad
1408 547 1613 601 clerum
1657 562 1762 603 non
1789 551 1841 607 Δ
1870 548 1979 604 Ient
2009 593 2025 618 ,
2065 568 2131 607 eo
2168 558 2308 624 quod
2338 575 2481 628 srepe
2523 561 2625 618 sub
2657 561 2881 620 obtentu
2928 566 3191 627 orationis
3229 570 3457 635 latenter

195 644 307 685 esse
329 631 716 696 promovendos
746 633 800 685 in
830 634 1022 689 alienis
1048 636 1350 703 provinciis.

259 720 419 776 XXV.
457 721 530 775 De
555 723 783 789 epistolis
822 728 1288 783 communicatoriis
1327 730 1695 801 ronfessorum.

253 810 435 868 Omnis
468 813 557 880 qui
607 814 847 869 attulerit
894 816 1099 871 litteras
1143 819 1504 875 confessorias
1554 823 1770 878 sublato

196 904 398 962 nomine
421 905 767 971 confessoris,
796 923 863 961 eo
892 911 1031 979 quod
1061 924 1250 967 omnes
1279 912 1378 967 sub
1410 913 1509 968 hac
1534 914 1769 970 nominis

191 998 349 1068 gloria
378 998 576 1068 passim
608 1000 916 1055 concutiant
936 1001 1208 1071 simplices
1228 1040 1246 1071 ,
1272 1005 1768 1063 communicatoria

189 1087 231 1144 ei
249 1088 437 1144 danda:
464 1100 586 1143 sunt
616 1089 832 1145 littera}.

463 1184 653 1239 XXVI.
689 1184 755 1239 Ut
788 1187 927 1240 omni
953 1188 1159 1243 sabbato
1179 1190 1467 1262 jejunetur.

251 1275 498 1332 Errorem
524 1278 719 1347 placuit
742 1280 958 1352 corrigi,
978 1292 1035 1337 ut
1060 1283 1204 1337 omni
1237 1282 1444 1339 sabbati
1465 1283 1554 1341 die
1574 1298 1765 1355 super-

187 1367 471 1440 positiones
492 1369 848 1425 celebremus.

218 1460 426 1519 XXVII.
460 1460 539 1516 De
565 1463 765 1518 clericis
786 1504 803 1531 ,
848 1474 903 1518 ut
944 1476 1211 1521 extraneas
1254 1468 1470 1537 feminas
1496 1471 1548 1522 in
1577 1469 1730 1524 domo

783 1552 886 1590 non
925 1538 1163 1592 habeant.

246 1622 543 1693 Episcopus
585 1626 667 1681 vel
698 1627 921 1697 quilibet
950 1631 1086 1683 alius
1136 1628 1361 1685 clericus
1401 1638 1494 1686 aut
1522 1646 1762 1690 sororem

181 1727 264 1771 ant
306 1717 467 1772 tiliam
498 1722 755 1790 virginem
793 1722 1026 1777 dicatam
1081 1725 1187 1778 Deo
1217 1734 1422 1782 tantum
1457 1743 1638 1784 secum
1670 1730 1766 1783 ha-

180 1810 298 1867 beat
329 1830 341 1865 :
373 1823 684 1869 extraneam
712 1832 1046 1887 nequaquam
1072 1819 1269 1877 habere
1301 1821 1520 1890 placuit.

205 1903 437 2018 X'XYIII.
456 1906 529 1963 De
548 1910 894 2018 oblqtionibus
911 1928 1085 1966 eorum
1105 1914 1191 1984 qui
1207 1930 1309 1968 non
1333 1917 1732 1974 communicant.
1795 1926 1840 1988 Β
1868 1903 2017 2013 ἐξείη,
2044 1903 2728 2018 ὧςέιτπῖἐῖείῖ

243 1999 566 2075 Episcopum
609 2003 806 2071 placuit
847 2004 916 2060 ab
959 2021 1048 2071 eo,
1091 2008 1184 2076 qui
1229 2022 1336 2062 non
1379 2016 1761 2077 communicat,

174 2107 364 2147 munus
387 2101 410 2128 ⁸
443 2092 688 2163 accipere
712 2111 817 2150 non
844 2096 1064 2152 debere.

175 2185 368 2242 XXIX.
400 2186 480 2240 De
508 2191 862 2259 energumenis
889 2191 1110 2260 qualiter
1137 2191 1425 2245 habeantur
1451 2209 1503 2246 tn
1528 2194 1761 2251 ecclesia.

241 2278 650 2348 Energumenus
689 2283 776 2350 qui
820 2282 887 2337 ab
931 2284 1163 2337 erratico
1200 2285 1394 2355 spiritu
1441 2287 1760 2355 exagitatur,

168 2368 325 2439 hujus
346 2387 539 2426 nomen
572 2387 742 2443 neque
773 2373 838 2428 ad
867 2373 1036 2429 altare
1063 2389 1185 2429 cum
1214 2374 1486 2431 oblatione
1522 2392 1643 2433 esse
1674 2392 1762 2434 re-

168 2466 460 2535 citandum,
494 2482 593 2524 nec
619 2469 1030 2539 permittendum
1054 2478 1115 2524 ut
1140 2484 1234 2526 sua
1261 2486 1423 2526 manu
1446 2471 1501 2527 in
1530 2472 1759 2529 ecclesia

172 2560 455 2617 ministret.

236 2672 406 2730 XXX.
439 2671 519 2729 De
545 2672 624 2729 his
647 2674 735 2745 qui
766 2681 874 2736 post
899 2673 1162 2729 lavacrum
1190 2674 1428 2731 mcchati
1454 2686 1595 2747 sunt,
1626 2694 1689 2733 ne

695 2749 1029 2801 subdiacones
1050 2748 1199 2816 ﬁant.

236 2837 606 2895 Subdiaconos
633 2852 729 2895 eos
753 2839 990 2894 ordinari
1027 2855 1132 2895 non
1178 2839 1373 2897 debere
1398 2841 1487 2913 qni
1528 2841 1579 2895 in
1623 2842 1756 2899 ado-

171 2927 413 2985 lescentia
446 2945 540 2985 sua
579 2928 775 2986 fuerint
806 2932 1056 2988 mtechati
1078 2974 1095 3001 ,
1138 2948 1204 2988 eo
1245 2934 1387 3003 quod
1417 2934 1757 3005 postmodum

170 3038 258 3093 per
284 3025 686 3093 subreptionem
730 3025 798 3081 ad
833 3026 1081 3082 altiorem
1123 3028 1346 3098 gradum
1398 3045 1755 3099 promovean-

168 3125 290 3175 tur:
324 3120 409 3177 vel
460 3120 506 3176 si
542 3120 634 3193 qui
682 3131 805 3178 sunt
851 3121 905 3177 iu
947 3126 1273 3193 praeteritum
1318 3123 1569 3193 ordinati,
1601 3138 1756 3181 atuo-

166 3223 400 3269 Veautur.

1870 645 2073 700 scelera
2096 652 2460 708 committunt.

2106 739 2349 798 XXXVI.
2382 742 2464 797 Ne
2492 747 2710 816 picturte
2738 754 2792 805 in
2819 751 3030 806 ecclesia
3060 754 3212 822 ﬁant.

1940 828 2141 886 Placuit
2181 836 2413 903 picturas
2438 837 2490 890 iu
2532 840 2756 896 ecclesia
2797 860 2919 899 esse
2954 861 3057 900 non
3081 848 3303 914 debere,
3335 866 3402 907 ne
3426 849 3459 889 ι’

1866 921 2007 991 quod
2031 924 2225 977 colitur
2251 935 2306 979 et
2331 926 2582 981 aduratur
2614 931 2664 983 in
2701 933 2990 997 parietibus
3017 937 3351 1009 depingatur.

1982 1058 1983 1061 η
2078 1017 2344 1075 XXXVII.
2370 1020 2447 1074 De
2467 1027 2817 1093 cnergumenis
2843 1044 2945 1082 non
2971 1028 3263 1099 baptisatis.

1937 1108 2160 1181 Eos'qni
2189 1113 2257 1167 ab
2280 1115 2568 1170 immundis
2598 1117 2871 1184 Spirltihus
2893 1136 3176 1191 vexantur,
3200 1126 3244 1180 si
3274 1124 3327 1180 itt
3355 1128 3461 1187 ﬁne

1863 1203 2052 1256 mortis
2083 1204 2283 1260 fuerint
2318 1209 2613 1275 constituti,
2659 1210 2915 1278 baptizari
2944 1217 3151 1283 placet;
3192 1219 3238 1273 si
3273 1221 3461 1278 ﬁdeles

1866 1290 2080 1359 iui-rint,
2124 1295 2353 1351 dandam
2402 1314 2524 1354 esse
2567 1301 3018 1359 connuuuiotiem.
3063 1305 3459 1367 Prohibendam

1863 1384 2023 1440 etiim
2070 1402 2138 1443 ne
2176 1390 2422 1444 lucernas
2464 1390 2517 1446 hi
2562 1392 2770 1462 publice
2816 1396 3111 1452 accendant
3144 1418 3161 1461 ;
3199 1400 3245 1455 si
3283 1403 3461 1461 facere

1864 1488 2047 1534 contra
2080 1482 2424 1539 interdictum
2447 1485 2731 1553 voluerint,
2763 1486 3133 1544 abstineantur
3154 1506 3183 1545 a
3206 1507 3457 1549 commn-

1864 1588 2043 1629 mone.

1814 1681 1821 1692 ‘
1866 1668 2029 1739 288
2070 1667 2355 1725 XXXVIII.
2387 1669 2455 1727 Ut
2479 1673 2533 1726 in
2554 1636 2847 1729 necessitate
2875 1683 2923 1729 ct
2954 1675 3134 1746 fideles
3176 1677 3457 1747 baptisent.‘

1936 1760 2080 1815 Loco
2131 1777 2353 1834 peregre
2398 1764 2710 1832 navigantes
2749 1776 2839 1820 aut
2886 1769 2929 1819 si
2959 1769 3181 1824 ecclesia
3212 1770 3456 1838 proximo

1865 1865 1971 1906 non
2006 1850 2182 1916 fuerit,
2217 1869 2375 1924 posse
2415 1854 2625 1911 ﬁdelem
2649 1900 2664 1924 ,
2698 1856 2788 1926 qui
2827 1856 3099 1912 lavacrum
3137 1873 3291 1914 suum
3320 1859 3458 1917 inte-

2760 1951 3033 2020 baptizare
3062 1952 3114 2005 in
3138 1953 3459 2010 necessitate

1864 2035 2192 2091 inﬁrmitatis
2220 2039 2451 2106 positum
2477 2043 2950 2108 catechumenum,
2983 2042 3055 2099 ita
3100 2055 3156 2096 ut
3195 2042 3242 2097 si
3268 2058 3460 2111 snper-

1866 2128 2052 2183 νὶχρι-ἰι
2080 2130 2145 2183 ad
2180 2131 2489 2199 episcopum
2530 2146 2651 2186 eum
2699 2132 2989 2201 perducat,
3029 2142 3087 2187 ut
3131 2148 3224 2201 per
3262 2149 3458 2193 manus

1864 2217 2259 2288 impositioncm
2291 2221 2471 2290 perﬁci
2504 2225 2689 2289 possit.

1945 2310 2187 2368 XXXIX.
2224 2313 2301 2368 De
2329 2312 2613 2369 Gentilibus
2641 2315 2689 2369 si
2726 2314 2781 2438 it:
2818 2314 3113 2371 discriminc
3137 2314 3388 2388 baptizari

2534 2399 2751 2438 exnetun
2782 2427 2795 2438 .

2534 2399 2795 2454 expetunt.

1932 2468 2175 2527 Gentiles
2191 2472 2235 2527 si
2257 2473 2308 2528 in
2334 2472 2642 2529 inﬁrmitate
2661 2475 3085 2531 desideraverint
3104 2476 3209 2531 sibi
3233 2491 3455 2537 manum

1860 2561 2087 2633 imponi,
2119 2566 2162 2619 si
2193 2565 2356 2620 fuerit
2383 2582 2568 2622 eorum
2598 2585 2662 2623 ex
2688 2568 2863 2636 aliqua
2888 2576 3037 2638 parte
3067 2570 3289 2626 honesta
3317 2572 3452 2639 vita,

1859 2656 2060 2725 placuit
2089 2657 2170 2712 eis
2200 2673 2414 2713 manum
2446 2660 2646 2730 imponi
2676 2672 2730 2714 et
2759 2661 2870 2715 ﬁeri
2902 2661 3255 2717 Christianos.

1933 2748 2044 2806 XL.
2075 2749 2160 2805 Nc
2188 2752 2242 2805 id
2269 2753 2405 2822 quod
2434 2738 2777 2824 idolotltytttm
2805 2764 2880 2809 est
2910 2754 3086 2822 ﬁdeles
3107 2756 3382 2825 accipiant.

1932 2839 2211 2895 Prohiberi
2250 2843 2485 2910 placuit,
2517 2853 2575 2898 ut
2609 2860 2732 2898 cum
2765 2845 2999 2899 rationes
3038 2860 3163 2900 suas
3189 2846 3460 2915 accipiunt

1859 2944 2219 3000 possessores,
2251 2934 2504 3003 quidquid
2536 2934 2601 2987 ad
2634 2936 2834 2991 idolum
2858 2936 3037 2990 datum
3071 2936 3228 2992 fuerit
3252 2952 3450 3007 accep-

1861 3029 1917 3076 to
1949 3036 2054 3075 non
2088 3022 2261 3077 ierant
2286 3041 2299 3076 :
2328 3023 2374 3078 si
2406 3033 2523 3093 post
2547 3025 2884 3079 interdictum
2912 3024 3151 3093 fecerint,
3185 3042 3279 3096 per
3303 3029 3458 3098 quiu-

1858 3111 2077 3182 quenuii
2100 3116 2276 3181 spatia
2318 3124 2619 3186 temporum
2650 3131 2681 3171 a
2708 3120 3088 3176 communione
3113 3134 3235 3176 esse
3261 3134 3453 3177 arcen-

1856 3204 1972 3258 dos.

228 3309 388 3381 287
419 3307 614 3366 xxx].
650 3308 725 3363 οε
747 3309 1150 3383 “omnum”,
1175 3310 1263 3380 qui
1281 3317 1395 3383 ροει
1422 3312 1684 3368 ιαυαοηηη
1778 3307 1829 3372 α
1895 3294 2032 3351 XLI.
2067 3295 2136 3352 Ut
2166 3298 2465 3363 prohibeant
2503 3299 2701 3355 domini
2730 3300 2874 3356 idola
2898 3300 3065 3357 colere
3100 3301 3261 3357 servis
3284 3303 3412 3358 suis.

752 3381 987 3437 nttzchati
1013 3393 1153 3437 sunt.

227 3470 611 3527 Adulescentes
631 3472 722 3544 qui
746 3485 865 3544 post
888 3474 1043 3529 tidem
1070 3475 1262 3531 lavacri
1294 3475 1541 3532 salutaris
1556 3475 1755 3535 fuerint

163 3567 407 3623 mtechati
434 3609 448 3632 ,
487 3582 607 3623 cum
634 3568 887 3624 duxerint
918 3584 1134 3639 usorcs,
1163 3580 1281 3626 acta
1310 3571 1545 3640 legitima
1576 3571 1752 3641 pleni-

162 3662 318 3716 tentia
349 3661 548 3729 placuit
573 3662 638 3715 ad
670 3663 1104 3719 communionem
1134 3680 1229 3719 eos
1254 3665 1483 3720 admitti.

162 3750 376 3808 XXXII.
410 3752 488 3810 De
511 3758 965 3811 excommunicatis
993 3757 1328 3827 preslyleris,
1368 3767 1424 3811 ut
1450 3758 1503 3812 in
1529 3760 1752 3814 necessi-

621 3837 724 3882 tate
750 3830 1153 3881 communionem
1177 3829 1318 3882 dent.

220 3923 378 3993 Apud
410 3922 804 3993 presbyterum,
837 3922 881 3973 si
923 3921 1042 3988 quis
1082 3924 1226 3991 gravi
1268 3920 1419 3987 lapsu
1451 3920 1505 3975 in
1540 3923 1750 3976 ruinam

152 4016 343 4073 mortis
373 4011 659 4075 inciderit,
693 4010 887 4079 placuit
913 4024 1073 4076 agere
1119 4010 1483 4076 pmnitentiam
1526 4027 1631 4064 non
1659 4011 1753 4066 de-

150 4107 306 4171 bere,
336 4104 434 4157 sed
464 4102 638 4171 potius
668 4100 806 4170 apud
830 4100 1136 4169 episcopum
1180 4118 1191 4151 :
1223 4112 1446 4170 cogente
1473 4110 1647 4157 tamen
1675 4104 1755 4155 in-

153 4198 406 4255 ﬁrmitate
424 4211 643 4252 necesse
664 4206 744 4251 est
768 4195 1131 4266 presbyterum
1158 4196 1589 4251 communionem
1614 4212 1756 4267 prte-

156 4303 294 4350 stare
324 4290 547 4355 debere,
577 4299 632 4345 et
652 4289 931 4344 diaconem
961 4290 1005 4342 si
1036 4289 1085 4344 ei
1107 4288 1325 4355 jusserit
1351 4287 1620 4344 sacerdos.

226 4403 469 4464 XXXIII.
501 4401 577 4458 De
614 4403 865 4527 episcopi;
892 4412 936 4484 et
968 4403 1232 4467 ministris,
1264 4410 1318 4455 ut
1345 4404 1408 4456 ab
1436 4403 1679 4459 uxoribus

790 4491 821 4527 a
857 4484 1097 4527 stmeant.

790 4484 1097 4528 abstineant.

226 4589 432 4645 Placuit
452 4587 505 4642 in
529 4596 694 4643 totum
719 4588 999 4658 prohibere
1021 4588 1312 4657 episcopis,
1345 4590 1670 4661 presbyteris
1692 4604 1749 4648 et

1926 3390 2222 3445 Admoneri
2268 3391 2465 3460 placuit
2494 3392 2713 3459 ﬁdeles,
2762 3404 2819 3448 ut
2861 3395 2911 3447 in
2946 3404 3200 3463 quantum
3230 3403 3455 3464 possunt

1854 3485 2171 3554 prohibeant
2198 3500 2265 3539 ne
2286 3484 2424 3540 idola
2453 3486 2504 3541 in
2528 3488 2777 3541 domibus
2805 3488 2915 3542 suis
2945 3487 3178 3542 habeant
3204 3504 3218 3542 :
3244 3488 3291 3544 si
3320 3504 3449 3546 vero

1854 3578 1959 3632 vim
1979 3589 2225 3632 metuunt
2243 3594 2545 3648 servorum,
2565 3584 2644 3635 vel
2664 3598 2723 3635 se
2746 3582 2893 3650 ipsos
2909 3597 3070 3649 puros
3092 3593 3449 3650 conservent;

1853 3676 1899 3729 si
1925 3689 2033 3730 non
2065 3675 2314 3741 fecerint,
2345 3675 2502 3730 alieni
2532 3678 2599 3729 ab
2633 3675 2870 3731 Ecclesia
2901 3677 3213 3732 habeantur.

2010 3769 2191 3825 ~XLII.
2224 3770 2300 3825 De
2322 3769 2403 3825 his
2431 3773 2519 3844 qui
2547 3773 2615 3823 ad
2635 3772 2791 3840 ﬁdem
2816 3774 3039 3841 veniunt,
3068 3774 3273 3844 quando

2468 3842 2809 3914 b-ipttsentur.

1925 3930 2030 3987 Eos
2060 3932 2149 4000 qni
2176 3933 2241 3986 ad
2271 3934 2496 4003 primam
2529 3937 2686 3988 ﬁdem
2712 3933 3043 3989 credulitatis
3070 3932 3331 3990 accedunt
3353 3974 3371 4001 ,
3400 3935 3452 3991 si

1854 4021 2007 4077 bona:
2036 4025 2228 4080 iuerint
2259 4026 2679 4081 conversationis
2707 4068 2720 4087 ,
2754 4028 2892 4080 intra
2923 4027 3194 4081 biennium
3226 4035 3439 4096 tempo-

1854 4129 1970 4168 rum
2006 4116 2205 4184 placuit
2233 4119 2296 4170 ad
2330 4118 2573 4184 baptismi
2606 4117 2827 4185 gratiam
2858 4118 3064 4172 admitti
3095 4117 3314 4185 debere,
3345 4118 3450 4175 nisi

1856 4205 2165 4262 inlirmitate
2208 4208 2565 4276 cornipeltente
2610 4209 2843 4279 coegerit
2882 4212 3021 4263 ratio
3061 4211 3293 4266 velocius
3320 4212 3448 4268 sub-

1852 4300 2036 4354 venire
2060 4300 2380 4370 periclitanti
2411 4300 2491 4356 vel
2520 4302 2745 4369 gratiam
2779 4316 2811 4371 p
2848 4302 3087 4355 stulanti.

2141 4391 2320 4446 XLIII.
2350 4392 2423 4446 De
2452 4393 2790 4447 celebratione
2814 4394 3159 4450 Pentecostes.

1923 4481 2144 4536 Pravam
2181 4484 2567 4540 iusti:utiunem
2614 4487 2886 4541 emendari
2934 4488 3127 4553 placuit
3158 4487 3306 4558 juxta
3338 4504 3442 4545 au-

1850 4581 2148 4629 ctoritatem
2191 4576 2608 4645 Scripturarum,
2640 4589 2694 4632 ut
2724 4582 2899 4634 cuncti
2931 4580 3071 4635 diem
3105 4580 3445 4640 Pentecostes

164 4681 464 4738 diaconibns
493 4683 576 4737 vel
612 4684 860 4737 omnibus
896 4684 1106 4739 clericis
1138 4684 1328 4755 positis
1360 4686 1411 4739 iu
1442 4686 1741 4743 ministerio

1875 4665 2205 4732 clebremus,
2247 4683 2313 4720 ne
2344 4668 2387 4721 si
2417 4668 2533 4737 quis
2565 4682 2667 4723 non
2696 4667 2879 4725 iecerit
2906 4680 2929 4709 ο
2963 4686 3153 4726 novam
3183 4673 3444 4733 hteresctn

165 4779 422 4835 abstinere
444 4793 504 4833 se
525 4795 551 4830 a
580 4778 896 4849 coniugibus
920 4779 1052 4845 suis,
1080 4790 1134 4834 et
1158 4798 1260 4833 non
1290 4797 1546 4848 generare
1568 4781 1703 4838 ﬁlios
1732 4802 1745 4838 :

165 4871 457 4942 quicunque
483 4884 609 4925 vero
635 4870 851 4937 iecerit,
897 4870 966 4924 ab
1006 4872 1209 4925 honore
1242 4872 1529 4928 clericatus
1559 4884 1745 4930 exter-

165 4962 403 5018 minetur.

290 5078 541 5136 XXXIV.
574 5078 658 5134 Ne
672 5077 803 5134 cerei
832 5077 886 5131 in
910 5077 1208 5131 caemeteriis
1239 5078 1599 5134 incendantur.

226 5191 419 5249 Cereos
452 5207 546 5262 per
572 5191 713 5246 diem
739 5190 934 5259 placuit
958 5190 1009 5243 in
1038 5190 1348 5246 cemeterio
1374 5206 1475 5243 non
1508 5190 1741 5261 incendi,

166 5281 485 5353 inquietandi
524 5286 665 5338 enim
705 5294 1013 5336 sanctorum
1061 5285 1279 5348 spiritus
1324 5302 1427 5338 non
1467 5294 1611 5339 sunt.
1643 5285 1742 5352 Qui

167 5369 271 5429 haec
307 5392 414 5430 non
463 5372 867 5430 ohservaverint
901 5383 1183 5427 arceantur
1212 5372 1281 5427 ab
1307 5375 1562 5429 Ecclesize
1591 5390 1742 5430 com-

302 5485 419 5523 one.

285 5478 331 5521 -0
406 5511 419 5523 .

167 5478 514 5615 ωωηχῗξιν.
547 5558 626 5613 Ne
644 5558 852 5625 femina:
877 5561 930 5611 in
954 5559 1251 5612 cremeteriis
1280 5558 1597 5629 pervigilant.

228 5648 429 5707 Placuit
460 5649 729 5721 prohiberi
757 5665 824 5705 ne
848 5649 1060 5705 feminae
1086 5651 1140 5703 in
1171 5651 1482 5705 cocmeterio
1513 5649 1743 5721 pervigi-

235 5792 259 5853 F
289 5784 403 5853 3.,
434 5784 593 5852 Il.R.,
622 5784 688 5839 Τ.
722 5784 773 5848 1,,
798 5782 853 5850 2,
883 5785 973 5847 ϐ..
998 5801 1231 5840 munera.

233 5852 262 5893 ι
290 5858 401 5924 AL,
431 5858 588 5917 n.u..
617 5857 676 5910 E.
703 5856 847 5919 3.1.
882 5860 932 5922 t,
964 5857 1020 5920 2,
1046 5873 1156 5912 ηις.

238 5932 261 5965 ⁸
286 5924 349 5985 Τ.
370 5930 422 5999 ι,
452 5929 584 5983 diem
601 5924 924 5983 Pctttccostes
953 5938 1062 5998 post
1085 5923 1291 5983 Pascha
1309 5925 1615 5985 celebremus
1636 5944 1739 5988 non

1852 4757 2126 4812 induxisse
2155 4768 2389 4813 notetur.

1943 4847 2129 4903 XLIV.
2176 4850 2247 4903 De
2277 4851 2620 4905 meretricibus
2654 4853 2867 4921 paganis
2893 4852 2938 4906 si
2964 4864 3342 4911 convertuntur.

1918 4937 2168 4993 Meretrix
2204 4955 2323 5009 qua:
2361 4942 2647 5008 aliquando
2688 4943 2843 4997 fuerit
2875 4943 2899 4980 ά
2942 4954 2996 4999 et
3023 4957 3202 5014 postea
3244 4948 3442 5005 babae-

1848 5032 1921 5084 rit‘
1948 5032 2220 5096 maritum,
2252 5034 2293 5086 si
2330 5034 2668 5101 postmodum
2699 5036 2764 5088 ad
2792 5036 3158 5093 credulitatem
3192 5041 3438 5106 venerit,

1847 5118 2216 5175 incunctanter
2245 5122 2435 5192 placuit
2465 5139 2583 5178 esse
2620 5126 3004 5193 recipiendam.

2052 5212 2212 5270 XLV.
2264 5215 2339 5268 De
2380 5217 2752 5273 catechumenis
2778 5221 2867 5290 qui
2905 5220 3171 5276 ecclesiam
3199 5235 3299 5274 non
3325 5219 3403 5288 [re

2506 5299 2768 5359 quentant.
3382 5330 3385 5331 ν

1916 5373 2014 5441 Qui
2044 5374 2329 5443 aliquando
2371 5376 2534 5432 fuerit
2560 5383 2975 5436 catechumenos
3018 5390 3072 5435 et
3101 5396 3195 5447 per
3231 5380 3437 5439 inﬁnita

1844 5472 2085 5537 tempora
2133 5484 2400 5539 nunquam
2445 5471 2509 5525 ad
2558 5472 2841 5526 ecclesiam
2892 5472 3201 5537 accesserit,
3232 5475 3273 5526 si
3310 5487 3435 5531 eum

1845 5559 1915 5615 de
1957 5563 2109 5615 clero
2154 5566 2378 5632 quisque
2419 5565 2727 5634 cognoverit
2770 5577 2891 5617 esse
2933 5563 3311 5633 Christianum,
3344 5576 3436 5623 aut

1846 5658 2008 5707 testes
2033 5653 2199 5724 aliqui
2230 5657 2531 5711 exstiterint
2572 5656 2774 5719 ﬁdeles,
2805 5655 3001 5721 placuit
3028 5658 3076 5711 ei
3108 5656 3433 5729 baptismum

1843 5789 2286 5867 quadragesimum
2315 5791 2415 5845 nisi
2442 5789 2914 5867 quinquagesimum
2944 5804 2965 5845 :
2992 5793 3078 5863 qui
3106 5811 3207 5851 non
3231 5797 3427 5867 fecerit.

1916 5860 1942 5900 d
1977 5858 2077 5932 υξ,
2115 5878 2228 5932 qua:
2251 5879 2454 5933 pagana
2474 5858 2755 5932 aliquando
2781 5861 2953 5929 fuerit.
