4024 6350
212 356 331 416 009

400 468 593 527 LXVI.
645 470 725 525 De
752 472 831 528 his
859 473 947 543 qui
986 472 1245 544 privignos
1288 488 1408 528 suas
1437 471 1648 526 ducunt.

282 562 343 620 Si
375 565 508 634 quis
541 564 833 636 privignam
862 574 888 604 ι
917 580 1067 621 suam
1090 566 1303 621 duxerit
1328 578 1572 630 uxorem,
1594 580 1659 620 eo
1685 564 1826 634 quod

205 654 280 712 sit
315 655 594 727 incestus,
628 658 829 728 placuit
870 672 972 714 nec
998 657 1052 713 in
1084 656 1245 714 linem
1276 656 1504 711 dandam
1534 670 1655 712 esse
1679 671 1826 711 com-

210 747 566 804 muniunem.

356 841 577 898 LXVII.
629 839 708 898 De
745 844 986 914 conjugio
1031 843 1404 897 catechnmema
1451 840 1678 910 femina.

285 934 701 991 Probibendum
732 950 798 991 ne
844 951 946 1004 qua
995 936 1168 991 ﬁdelis
1194 935 1279 991 vel
1322 935 1705 991 catechumena
1731 937 1825 988 aut

205 1038 465 1092 comatos
492 1037 585 1084 aut
612 1029 757 1083 viros
785 1026 1077 1083 cinerarius
1112 1025 1140 1065 ι)
1186 1029 1417 1083 habeant
1446 1041 1462 1082 :
1493 1038 1825 1097 quaecunque

201 1114 309 1172 hoc
340 1115 584 1172 fecerint
609 1132 636 1169 a
669 1117 1051 1172 communione
1079 1124 1388 1173 arceantur.

197 1205 452 1283 LXVIII.
502 1209 578 1264 De
620 1210 985 1265 catechumena
1029 1212 1264 1265 adultera
1304 1224 1421 1279 quae
1462 1208 1628 1280 ﬁlium
1655 1210 1817 1263 necat.

271 1302 691 1357 Catechumeua
721 1305 765 1357 si
797 1314 894 1372 per
922 1301 1241 1358 adulterium
1271 1303 1577 1373 conceperit
1605 1309 1659 1357 et
1687 1315 1821 1372 pra-

198 1391 500 1458 focaverit,
535 1394 870 1464 placuiteam
902 1394 955 1450 in
991 1395 1095 1450 line
1123 1393 1403 1465 baptizari.

192 1484 395 1545 LXIX.
434 1486 518 1541 De
541 1487 661 1541 viris
688 1476 981 1559 coniugatis
1010 1501 1187 1556 postea
1213 1489 1267 1542 in
1292 1487 1605 1542 adulterium
1634 1484 1817 1558 lapsis.

269 1581 331 1637 Si
363 1580 495 1651 quis
544 1578 682 1637 forte
734 1580 938 1637 habens
968 1597 1189 1637 uxorem
1221 1581 1389 1637 semel
1414 1580 1575 1635 fuerit
1614 1580 1815 1648 lapsus,

198 1670 415 1742 placuit
466 1688 589 1728 eum
636 1668 1063 1745 Quinquemtillm
1112 1689 1272 1744 agere
1318 1674 1517 1729 debere
1548 1674 1816 1742 paeniten-

192 1761 327 1817 tiam
353 1772 415 1819 et
436 1766 516 1819 sic
542 1765 900 1833 reconciliari,
916 1767 1015 1821 nisi
1040 1768 1329 1821 necessitas
1352 1765 1677 1821 inllrmitatis
1691 1779 1816 1820 coe-

189 1858 335 1925 gerit
364 1868 498 1914 ante
529 1864 743 1928 tempus
772 1859 885 1914 dari
935 1861 1371 1917 communionem
1401 1877 1415 1914 :
1442 1863 1546 1917 hoc
1585 1869 1641 1917 et
1667 1861 1809 1917 circa

1917 1831 2032 1881 acta
2057 1821 2288 1890 legitima
2313 1821 2621 1889 paenitentia
2644 1826 2764 1891 post
2789 1821 3071 1877 triennium
3091 1821 3335 1887 accipere
3356 1830 3441 1870 cor

1840 1951 1855 1967 .
1916 1912 2222 1965 munionem
2255 1929 2267 1962 :
2301 1910 2441 1981 quod
2472 1910 2517 1965 si
2547 1909 2682 1965 alius
2714 1924 2837 1969 eum
2865 1909 3156 1973 detexerit,
3195 1918 3313 1985 post
3355 1909 3507 1977 quin-

188 1946 437 2007 !eminas
469 1953 891 2009 observantium.

263 2044 448 2100 LXX.
481 2045 559 2101 De
583 2047 787 2115 feminis
814 2065 926 2117 quae
955 2050 1172 2104 consciis
1198 2049 1398 2103 maritis
1424 2049 1736 2103 adulteram.

263 2136 325 2192 Si
364 2152 498 2192 cum
530 2140 867 2194 conscientia
910 2138 1086 2193 mariti
1137 2156 1273 2193 uxor
1322 2141 1477 2193 fuerit
1523 2140 1809 2206 maechata,

182 2226 410 2298 placuit
430 2244 528 2283 nec
554 2229 606 2283 in
628 2228 788 2285 ﬁnem
811 2229 1040 2284 dandam
1065 2231 1111 2285 ei
1130 2230 1215 2302 [Β.
1239 2230 1328 2295 Β..
1353 2230 1445 2297 U.,
1469 2229 1674 2301 G.,eisJ
1693 2244 1812 2285 esse

189 2321 649 2377 communionem
687 2339 700 2374 :
736 2323 781 2377 si
809 2337 938 2377 vero
968 2338 1086 2375 eam
1135 2322 1428 2391 reliquerit,
1457 2333 1576 2390 post
1621 2322 1809 2375 decem

189 2424 378 2466 annos
427 2412 657 2481 accipiat
710 2413 1164 2483 communionem,
1219 2410 1266 2466 si
1311 2425 1430 2466 eam
1476 2426 1596 2466 cum
1648 2412 1810 2467 sciret

192 2502 727 2581 adulteramaliquo,
747 2514 989 2573 tempore
1022 2505 1072 2558 in
1115 2505 1274 2557 domo
1298 2518 1392 2556 sua
1421 2502 1661 2557 retinuit.

492 2582 681 2655 LXXI.
718 2592 795 2648 De
820 2596 1195 2665 stupratoribus
1224 2610 1518 2669 puerorum.

265 2686 693 2758 Stupratoribus
721 2702 1010 2765 puerorum
1037 2703 1138 2747 nec
1165 2688 1220 2743 in
1246 2686 1408 2745 ﬁnem
1431 2686 1661 2742 dandam
1688 2702 1809 2744 esse

202 2781 673 2836 communionem.

192 2892 411 2955 LXXII.
446 2894 530 2955 De
556 2896 723 2953 viduis
759 2897 969 2973 maliis
995 2896 1315 2973 sinitedem
1356 2903 1532 2973 postea
1568 2899 1810 2957 maritum

875 2970 1141 3024 duxerint.

265 3080 323 3139 Si
371 3096 483 3151 qua
519 3082 677 3137 vidua
728 3081 891 3139 fuerit
936 3082 1202 3137 mmchata
1246 3089 1301 3136 et
1347 3079 1593 3136 eumdem
1629 3087 1809 3148 postea

196 3170 456 3228 habuerit
482 3175 754 3240 maritum,
782 3184 901 3243 post
927 3173 1273 3245 quinquennii
1299 3183 1508 3241 tempus
1534 3183 1647 3226 acta
1680 3172 1807 3238 legi-

180 3264 321 3329 tima
348 3256 669 3339 panilrentia
696 3269 890 3338 placuit
909 3283 1027 3324 eam
1047 3267 1407 3328 communioni
1430 3266 1763 3323 reconciliari
1788 3284 1804 3321 :

195 3358 237 3413 si
287 3362 461 3417 alium
508 3362 730 3419 duxerit
772 3364 961 3421 relmto
1002 3363 1116 3429 illo,
1151 3379 1250 3419 nec
1290 3363 1341 3421 in
1375 3364 1532 3423 linem
1572 3361 1805 3415 dandam

194 3466 318 3510 esse
370 3459 843 3523 communionem;
896 3459 979 3513 vel
1029 3457 1074 3517 si
1123 3457 1279 3515 fuerit
1311 3457 1400 3512 ille
1445 3455 1618 3512 ﬁdelis
1648 3471 1804 3526 quem

194 3546 433 3614 accepit,
484 3548 924 3607 communionem
964 3564 1069 3607 non
1120 3548 1367 3624 accipiet,
1422 3546 1523 3603 nisi
1558 3556 1677 3618 post
1718 3546 1807 3602 de-

194 3648 319 3693 um
353 3652 530 3695 annos
561 3646 680 3695 acta
716 3640 950 3711 legitima
982 3641 1318 3709 pmuitentia,
1351 3639 1510 3710 293
1542 3640 1623 3699 vei
1650 3638 1698 3695 si
1725 3638 1807 3701 in-

194 3723 433 3781 ﬁrmitas
466 3729 705 3800 coegerit
732 3730 969 3785 velocius
996 3732 1115 3789 dari
1142 3732 1600 3793 communionem.

654 3839 886 3896 LXXIII.
918 3841 995 3897 De
1032 3843 1359 3901 delatoribus.

259 3950 497 4007 Deiator
521 3953 566 4008 si
593 3956 711 4020 quis
749 3957 1013 4011 exstiterit
1044 3956 1237 4023 ﬁdelis,
1265 3968 1316 4012 et
1360 3972 1454 4025 per
1480 3957 1807 4014 delationem

188 4042 316 4110 eius
346 4043 553 4114 aliquis
577 4044 736 4099 fuerit
768 4048 1105 4116 proscriptus
1135 4050 1215 4102 vel
1246 4048 1580 4111 interfectus,
1610 4050 1809 4118 placuit

186 4146 317 4187 eum
350 4148 460 4189 nec
488 4136 541 4190 in
575 4139 735 4192 linem
759 4140 1005 4207 accipere
1032 4141 1502 4207 communionem;
1542 4142 1587 4195 si
1642 4140 1809 4196 levior

196 4238 367 4280 causa
412 4223 600 4295 fuerit,
652 4230 791 4285 intra
840 4232 1258 4302 quinquennium
1315 4234 1560 4301 accipere
1612 4232 1810 4303 poterit

196 4318 641 4374 communionem
674 4335 688 4375 :
720 4321 764 4375 si
796 4320 1215 4378 catechumenus
1264 4320 1444 4387 fuerit,
1497 4332 1619 4393 post
1646 4323 1807 4394 quin-

206 4412 432 4481 quennii
464 4424 701 4485 tempora
730 4417 1045 4472 admittetur
1072 4417 1137 4471 ad
1170 4416 1516 4486 baptismum.

641 4504 876 4563 LXXIV.
908 4507 984 4562 De
1004 4509 1150 4580 falsis
1177 4508 1403 4562 testibus.

1121 354 1440 415 CONCILIA
1481 353 1850 413 HISPANIA.

1890 381 1964 398 --
1999 352 2582 415 TARRACONENSE.
3389 365 3503 431 δια.

1852 471 1909 532 Δ
1934 486 2053 525 man
2097 486 2203 527 non
2253 471 2412 527 fuerit
2459 473 2683 529 mortale
2708 472 2848 543 quod
2874 472 3071 542 obiecit
3115 482 3173 529 et
3198 476 3503 543 probaverit

1927 564 2065 633 quod
2093 579 2198 618 non
2244 566 2490 627 tacuerit,
2524 558 2725 619 biennii
2773 578 3011 633 tempore
3046 565 3431 634 abstinebitur;
3464 572 3506 633 si

1926 666 2103 712 autem
2149 673 2253 713 non
2300 659 2628 729 probaverit,
2671 669 2941 718 convento
2982 660 3127 723 eiero
3176 661 3373 731 placuit
3415 680 3503 733 pet

1925 751 2343 820 quinquennium
2375 751 2654 807 abstineri.

1925 841 2135 898 LXXV.
2171 840 2249 897 De
2273 842 2354 897 Itis
2381 844 2467 914 qui
2515 845 2803 899 sacerdotes
2849 845 2931 901 ut
2968 846 3224 902 ministres
3266 859 3506 902 “ausam

2544 931 2634 971 nos
2664 916 2897 980 urebant.

1995 1009 2051 1065 εἰ
2081 1010 2201 1080 quis
2225 1020 2401 1065 autem
2430 1010 2741 1079 episcopum
2775 1012 2858 1066 vel
2888 1012 3256 1085 presbyterum
3288 1013 3372 1070 vel
3399 1013 3501 1073 die:

1923 1115 2119 1157 conum
2169 1101 2319 1156 falsis
2368 1100 2681 1161 criminibus
2728 1102 3014 1171 appetiuit
3052 1112 3108 1161 et
3148 1105 3374 1174 probare
3404 1117 3508 1165 non

1922 1190 2176 1261 potuerit,
2209 1205 2311 1247 nos
2338 1190 2392 1247 in
2440 1191 2604 1248 ﬁnem
2648 1191 2880 1249 dandam
2921 1192 2973 1251 si
3018 1206 3142 1251 esse
3177 1196 3505 1257 ωιιιιιιιιιιίορ

1921 1296 2069 1338 nem.

1919 1371 2154 1430 LXXVI.
2187 1372 2271 1429 lis
2303 1374 2689 1500 Λίακίδηὸοὲ
2708 1380 2837 1503 {an
2861 1372 3105 1435 sonorem
3133 1388 3369 1446 nam
3391 1390 3507 1450 m-

2637 1463 2703 1503 an
2729 1462 2808 1503 ur.

2637 1462 2808 1507 antur.

1989 1538 2191 1610 Siquis
2234 1538 2519 1599 diaconum
2551 1553 2611 1594 se
2640 1537 2941 1611 permiserit
2966 1536 3204 1600 ordinari
3243 1545 3300 1594 et
3324 1546 3507 1615 postea

1919 1631 2081 1693 fuerit
2127 1630 2373 1693 detectus
2422 1633 2475 1692 in
2523 1631 2750 1695 crimine
2794 1630 2982 1692 mortis
3033 1631 3175 1708 quod
3224 1628 3507 1697 aliquando

1918 1725 2271 1793 commiserit,
2321 1725 2365 1785 si
2414 1733 2606 1797 sponte
2636 1723 2796 1783 fuerit
2822 1722 3119 1789 confessus,
3163 1720 3360 1801 placuit
3386 1738 3506 1783 eum

3091 1818 3335 1887 accipere
3356 1830 3506 1873 com-

1913 2003 2202 2073 quennium
2244 2011 2361 2059 acta
2392 2001 2558 2078 294
2579 2002 2890 2077 pmnitentia
2916 2002 3160 2081 accipere
3174 1999 3507 2063 communio-

1915 2111 2035 2151 nem
2068 2096 2255 2150 laicam
2279 2095 2497 2151 debere.

1913 2188 2175 2246 LXXVII.
2202 2188 2281 2244 Ds
2329 2188 2599 2260 baptisatis
2640 2189 2747 2319 qui;
2785 2186 3013 2244 nondum
3060 2183 3350 2257 conﬁrmati
3400 2199 3508 2239 mo-

2460 2308 2463 2316 .
2604 2276 2724 2317 nun
2750 2276 2829 2317 ιη’.

2604 2276 2829 2317 nuntur.

1984 2353 2039 2411 Si
2070 2356 2189 2423 quis
2216 2352 2477 2413 diaconus
2506 2366 2700 2422 regens
2731 2350 2942 2421 plebem
2982 2347 3100 2406 sine
3128 2347 3381 2421 episcopo
3424 2345 3507 2401 vel

1911 2445 2226 2516 presbytero
2273 2444 2484 2513 aliquos
2534 2442 2912 2511 baptizaverit,
2954 2440 3239 2508 episcopus
3288 2451 3383 2493 eos
3414 2452 3508 2504 per

1911 2537 2340 2601 benedictionem
2368 2536 2627 2611 perlicere
2651 2534 2867 2591 debebit
2890 2551 2905 2589 :
2928 2532 3071 2609 quod
3098 2534 3141 2589 si
3167 2540 3292 2587 ante
3314 2530 3382 2587 de
3405 2546 3507 2586 sae-

1908 2633 2031 2687 culo
2078 2632 2424 2697 recesserint,
2469 2630 2571 2687 sub
2598 2630 2707 2691 lida
2747 2645 2852 2701 qua
2897 2631 3015 2699 quis
3044 2626 3270 2689 credidit
3310 2625 3507 2696 poterit

1908 2739 2028 2779 esse
2045 2725 2222 2793 justus

1910 2834 2192 2894 LXXVIII.
2240 2836 2320 2891 De
2360 2834 2604 2907 ﬁdelibus
2649 2836 2957 2907 conjagatis,
2988 2833 3034 2889 si
3071 2850 3188 2890 cum
3218 2830 3406 2895 Iudae
3428 2833 3506 2888 vel

2390 2910 2533 2963 eunti
2573 2906 2834 2969 ampliata:
2862 2906 3075 2979 fuerint.

1984 3020 2041 3078 Si
2070 3023 2189 3091 quis
2218 3020 2393 3076 ﬁdelis
2423 3022 2627 3076 habens
2655 3034 2875 3076 uxorem
2899 3034 3019 3075 cum
3044 3017 3226 3075 Judaea
3251 3020 3335 3075 vel
3358 3019 3505 3077 Gen-

1914 3114 1990 3167 till
2024 3115 2180 3168 luerit
2211 3114 2531 3177 mmcbatus,
2561 3111 3002 3174 a,communion¢
3028 3119 3277 3169 arceatur
3313 3126 3334 3167 s
3362 3112 3504 3180 quod

1835 3212 1882 3275 ε
1914 3208 1957 3261 si
1988 3207 2124 3260 alius
2154 3220 2275 3261 eum
2309 3205 2597 3267 detexerit,
2629 3214 2751 3275 post
2772 3202 3195 3274 quinquennium
3226 3212 3344 3259 acta
3372 3204 3503 3273 legi-

1909 3302 2035 3356 tima
2084 3300 2397 3372 poenitentia
2447 3299 2645 3370 poterit
2689 3299 2973 3355 dominica
3024 3298 3223 3356 sociari
3271 3310 3503 3359 autume-

1908 3407 2076 3446 ment.
3060 3412 3063 3413 '

1964 3406 2076 3447 om.
2162 3483 2404 3541 LXXIX.
2439 3484 2515 3540 De
2557 3485 2640 3542 his
2674 3485 2763 3556 qui
2791 3484 3022 3539 tabulam
3050 3485 3254 3541 ludunt.

1976 3595 2033 3651 Si
2065 3598 2185 3665 quis
2218 3597 2389 3653 lidelis
2418 3599 2615 3667 aleam,
2657 3598 2709 3653 id
2741 3606 2824 3653 est
2853 3599 3087 3653 tabulam
3121 3596 3307 3651 luserit
3350 3609 3503 3651 num-

1907 3689 2030 3757 mis,
2062 3689 2266 3759 placuit
2312 3703 2432 3744 eum
2464 3690 2756 3753 abstineri;
2807 3698 2861 3743 et
2890 3689 2936 3743 si
2967 3690 3284 3743 emendatus
3326 3700 3503 3742 cessa-

1907 3782 2064 3846 verit,
2094 3789 2217 3850 post
2239 3795 2438 3834 annum
2464 3780 2659 3848 pulerit
2680 3778 3045 3833 communioni
3075 3776 3431 3833 reconciliari.

2409 3888 2623 3947 LXXX.
2666 3890 2747 3945 De
2787 3889 2998 3944 libertis.

1980 4006 2379 4063 Probibendum
2406 4016 2463 4061 ut
2493 4006 2688 4068 liberti,
2714 4018 2938 4074 quorum
2981 3999 3190 4071 patroni
3229 4000 3282 4055 in
3306 3997 3503 4054 saeculo

1911 4096 2132 4165 fuerint,
2157 4101 2221 4159 ad
2248 4102 2451 4159 clerum
2482 4112 2587 4159 non
2613 4101 3050 4171 promoveantur.

2230 4213 2465 4270 LXXXI.
2499 4212 2573 4268 De
2598 4212 2904 4282 feminarum
2928 4208 3178 4280 epistolis.

1980 4326 2057 4383 Ne
2082 4326 2299 4384 feminae
2346 4342 2443 4383 suo
2475 4328 2653 4398 potius
2676 4326 2881 4394 absque
2922 4325 3235 4380 maritorum
3266 4320 3497 4377 nomini-

1910 4423 2011 4479 bus
2039 4422 2190 4479 laicis
2218 4423 2455 4479 scribere
2484 4424 2745 4487 audeant;
2772 4434 2893 4491 qua
2936 4418 3126 4474 ﬁdeles
3145 4427 3268 4473 sunt
3293 4414 3377 4471 vel
3408 4416 3499 4471 lit-

1912 4523 2051 4572 teras
2078 4517 2305 4586 alicujus
2336 4516 2585 4587 paciﬁcas
2610 4514 2680 4571 ad
2716 4527 2872 4571 suum
2918 4513 3097 4569 solum
3137 4523 3337 4567 nomen
3361 4508 3501 4567 scri-

272 4592 470 4654 Falsus
493 4598 647 4653 testis
676 4609 832 4669 prout
860 4612 940 4655 est
968 4601 1172 4656 crimen
1213 4602 1569 4659 abstinebitnr
1598 4619 1615 4657 ς
1640 4602 1687 4659 si
1716 4609 1799 4658 ta-
1826 4584 1884 4643 Ῑ)
1908 4617 2025 4680 ptas
2048 4584 2333 4679 accipiant.

184 4796 189 4800 δ
278 4737 304 4808 ς
440 4732 513 4808 IL
524 4731 582 4789 Si
603 4735 720 4808 quis
744 4744 1032 4808 catenatum
1056 4738 1362 4808 privignam,

278 4797 304 4837 ³³
335 4796 411 4857 Ex
450 4796 565 4873 Ᾱίη
598 4796 756 4871 li.ii.,
780 4806 839 4862 Τ.
875 4809 925 4874 I,
958 4807 1024 4864 U.
1056 4796 1113 4866 In
1136 4796 1211 4865 Δί’
1325 4798 1379 4875 3,
1404 4808 1713 4867 eenorarios.
1742 4809 1802 4867 ln

1909 4745 1971 4801 Τ.
1996 4744 2055 4815 2,
2083 4745 2393 4816 generari”.

211 4908 3495 4967 ΞΜ

1488 5084 1493 5089 -
1673 5040 2026 5114 XXXIX
3481 5048 3485 5053 ’

985 5185 1653 5271 CONCILIUM
1726 5179 2685 5271 TARRACONENSE

216 5319 429 5375 DECBM
472 5332 942 5399 EPIBCOPOBUM,
989 5339 1280 5382 HABITUM
1326 5340 1467 5383 EBA
1512 5341 1686 5396 DLIV,
1719 5339 1810 5383 ΔΝῙ

1931 5336 2139 5380 sux'ro
2179 5336 2573 5381 τπιουοιιιαι
2617 5336 2828 5393 alata,
2857 5328 3231 5381 consonare
3273 5323 3495 5387 vim,

1313 5420 1431 5463 SUB
1474 5420 1583 5462 DIE
1631 5421 1745 5464 VIII
1789 5417 1934 5462 IDUS
1978 5416 2367 5462 Νονιιωηιιε.

285 5560 637 5635 295-196
678 5563 910 5635 Antiqua
951 5564 1166 5620 Patrum
1202 5573 1397 5621 statuta
1444 5566 1514 5623 de
1563 5565 1647 5623 his
1672 5580 1801 5623 cen-

225 5648 384 5708 suisse
412 5653 687 5724 videntur,
721 5670 840 5727 quae
886 5658 940 5711 in
972 5668 1211 5727 tempore
1251 5666 1345 5713 aut
1381 5658 1450 5713 ad
1482 5658 1602 5715 ilics
1630 5658 1801 5715 relata

203 5750 579 5814 pervenerunt
614 5754 707 5801 aut
737 5756 884 5805 certe
933 5759 1048 5806 acta
1078 5750 1387 5806 testimonio
1413 5752 1627 5821 p‘roprio
1655 5765 1801 5806 com-

232 5830 573 5896 probaverunt
604 5851 618 5889 :
647 5836 799 5907 cujus
823 5839 899 5897 rei
926 5851 978 5896 et
1019 5855 1117 5897 nos
1153 5850 1441 5915 sequentes
1468 5841 1798 5921 exemplum,

1908 5564 2000 5621 illa
2022 5577 2146 5634 qua
2175 5575 2319 5620 nunc
2346 5561 2481 5618 ﬁunt
2506 5560 2700 5633 placuit
2732 5554 3068 5621 observanda
3094 5555 3410 5625 decernere,
3436 5567 3493 5614 ut

1907 5657 2175 5728 preterita
2204 5655 2405 5726 absque
2440 5655 2666 5724 ambage
2692 5648 3078 5717 matodiantur,
3122 5658 3177 5707 et
3206 5652 3494 5721 praesentis

1907 5750 2281 5806 observatione
2307 5747 2415 5803 sint
2440 5746 2614 5801 ﬁrma.
2644 5743 2806 5813 Igitur
2832 5753 2954 5794 cum
3001 5740 3056 5797 in
3098 5758 3260 5799 unum
3292 5743 3491 5814 pariter

1840 5887 1850 5896 .
1908 5842 2345 5919 convenissemus
2396 5840 2451 5893 in
2502 5836 2687 5895 urbem
2736 5833 3189 5895 Tarraconensem
3238 5849 3360 5909 quae
3410 5842 3490 5891 es!
