4024 6350
536 376 635 437 511

1243 363 1623 426 COLLECTIO
1658 361 1990 421 CANONUSI
2030 359 2093 416 S.
2132 355 2407 416 ISIDORO
2448 357 2716 416 HISPAL.
2761 359 3117 419 ASCRIP'I'A.

3733 367 3856 427 312

539 495 951 565 metropolitana
973 501 1021 558 ι,
1041 488 1225 546 titulos
1244 486 1431 543 subter
1452 498 1693 541 annexos
1713 480 2133 550 conscripsimus
2160 477 2213 541 Α
2240 478 2473 534 monitus
2502 493 2529 530 a
2563 478 2977 548 metropolitano
3007 477 3073 532 ad
3105 477 3367 551 synodum
3396 478 3538 535 nulla
3567 482 3723 551 gravi
3765 482 3855 537 in-

538 586 923 645 observandas.

539 680 585 740 1.
620 680 690 739 Ut
711 680 863 736 etiam
888 678 957 732 ad
986 675 1244 757 proximas
1272 671 1542 798 ωηᾶικὶἰιὶι
1568 669 1740 725 clerici
1762 684 1879 723 cum
1905 666 2133 722 testimo-

1168 760 1255 798 nio
1291 762 1351 798 ea
1391 761 1455 798 an
1483 780 1499 796 .

1168 760 1255 801 ηιο
1291 760 1499 799 cadant.

611 842 691 900 De
720 842 825 911 his,
851 840 1045 913 quibus
1068 854 1200 895 cura
1229 853 1327 908 pro
1356 835 1647 907 parentelae
1676 832 2021 905 proximitate
2044 832 2134 887 ha-

537 936 669 993 bere
710 932 1057 1004 permittitur,
1101 939 1160 985 ut
1199 945 1263 986 es
1308 928 1515 985 cautela
1561 942 1747 983 earum
1777 930 2132 983 necessitates

538 1032 863 1088 sustentent,
896 1033 953 1077 ut
979 1022 1197 1093 pietatis
1230 1020 1487 1076 beneficia
1516 1034 1635 1087 quae
1660 1020 1739 1075 eis
1782 1029 1905 1079 sunt
1948 1032 2134 1073 neces-

538 1116 679 1173 saria
712 1132 741 1171 a
783 1115 997 1186 longius
1028 1114 1305 1185 prtebeant
1332 1130 1345 1166 :
1380 1112 1481 1183 ipsi
1506 1127 1635 1167 vero
1663 1127 1759 1181 pro
1790 1112 2025 1167 visendis
2052 1111 2133 1166 eis

539 1222 662 1263 cum
694 1206 920 1277 ingressi
951 1204 1168 1269 iuerint,
1187 1204 1352 1259 celeri
1376 1204 1697 1257 salutatione
1724 1211 2006 1257 recurrant
2034 1216 2133 1256 nec

537 1298 669 1353 inibi
697 1298 894 1353 iaciam
937 1297 1270 1353 mansionem
1308 1314 1321 1351 :
1353 1297 1440 1366 qui
1470 1306 1646 1350 tamen
1674 1310 1794 1349 cum
1839 1295 1905 1349 ad
1948 1310 2131 1350 earnm

535 1388 904 1446 visitationem
933 1398 1181 1458 pergunt,
1214 1398 1403 1443 testem
1433 1386 1609 1441 solatii
1639 1387 1722 1441 sui
1758 1386 1863 1440 lide
1890 1396 1945 1441 et
1974 1395 2134 1441 :etate

538 1483 826 1556 probatum
851 1484 1139 1538 adhibeant
1166 1497 1370 1539 secum.
1412 1482 1467 1537 Si
1495 1482 1616 1552 quis
1646 1482 1760 1534 hazc
1789 1495 1817 1532 a
1849 1480 2002 1535 nobis
2026 1492 2133 1535 sta-

538 1584 653 1631 tuta
695 1578 1105 1642 contempserit,
1134 1576 1177 1630 si
1209 1576 1442 1629 clericus
1486 1585 1586 1638 est,
1624 1573 1724 1628 lmi
1767 1573 1848 1629 sui
1879 1575 2135 1644 dignitate

538 1668 814 1735 privetur;
842 1668 887 1722 si
922 1666 1033 1740 [G.,
1064 1665 1173 1739 sin]
1201 1682 1329 1722 vero
1376 1666 1653 1736 religiosus
1684 1667 1763 1721 rel
1812 1667 2131 1734 monachus,

544 1759 601 1815 In
651 1760 785 1817 cella
833 1760 1144 1815 monasterii
1198 1761 1439 1814 reclusus
1498 1760 1829 1828 paenitentiae
1888 1760 2134 1814 lamentis

2238 572 2545 628 tercedente
2568 573 2886 627 necessitate
2906 572 3172 642 corporali
3201 572 3382 627 venire
3412 573 3849 641 contempserit,

2235 668 2374 724 sicut
2400 675 2595 722 statuta
2642 665 2855 721 Patrum
2902 674 3216 733 sanxerunt,
3248 680 3419 735 usque
3472 664 3540 719 ad
3590 668 3849 722 laturum

2236 760 2519 818 concilium
2542 770 2855 817 cunctorum
2877 759 3252 831 episcoporum
3275 757 3556 815 cbaritatis
3580 776 3850 815 continu-

2234 856 2394 910 nione
2420 854 2677 923 privetur.

2236 948 2343 1005 νη.
2388 946 2453 1004 Ut
2477 947 2749 1003 dimcesnni
2776 946 2947 1001 clerici
2974 946 3286 1011 septimanos
3306 955 3506 1001 teneant
3529 956 3578 1004 et
3596 949 3683 1003 die
3714 948 3848 1005 sab-

2572 1019 2675 1074 bati
2703 1035 2876 1074 omnes
2902 1019 2954 1072 in
2981 1036 3135 1072 unum
3158 1020 3478 1075 conveniant.

2308 1110 2382 1166 De
2402 1109 2725 1165 diceet-sanis
2748 1108 2993 1164 ecclesiis
3013 1107 3096 1163 vel
3119 1107 3264 1163 clero
3292 1107 3343 1162 id
3376 1107 3572 1177 placuit
3590 1109 3845 1178 deﬁniri,

2234 1214 2290 1260 ut
2318 1204 2615 1274 presbyteri
2643 1205 2726 1261 vel
2751 1203 2961 1259 diaconi
2980 1203 3068 1273 qui
3092 1203 3163 1259 ibi
3192 1201 3219 1242 δ
3247 1203 3522 1259 constituti
3548 1216 3668 1261 smit
3705 1220 3842 1263 cum

2235 1297 2444 1352 cle:icis
2470 1298 2794 1367 septimanas
2848 1299 3168 1362 observent;
3214 1294 3268 1349 id
3300 1304 3384 1349 est
3428 1306 3485 1349 ut
3536 1298 3837 1367 presbyter

2237 1405 2395 1443 unam
2428 1388 2587 1444 faciat
2616 1388 3030 1452 hebdomadam.
3057 1404 3162 1459 qua
3207 1387 3426 1456 expleta
3475 1388 3742 1442 succedat
3777 1388 3833 1444 ei

2236 1482 2492 1539 diaconus
2515 1484 2783 1551 similiter,
2807 1500 2869 1539 ea
2899 1485 3109 1540 scilicet
3156 1484 3467 1539 conditione
3511 1496 3756 1549 serv.:ta,
3788 1491 3850 1541 ut

2236 1576 2418 1631 omnis
2441 1578 2619 1632 clerus
2648 1578 2735 1631 die
2755 1577 2963 1632 sabbati
2990 1578 3057 1631 ad
3086 1592 3134 1627 vi
3152 1590 3339 1646 speras
3356 1576 3428 1630 sit
3450 1586 3685 1645 paratus,
3728 1591 3849 1646 quo

2236 1668 2442 1725 facilius
2471 1670 2558 1725 die
2587 1671 2857 1725 dominico
2895 1670 3210 1725 soleinnitas
3268 1684 3392 1723 cum
3420 1670 3655 1723 omnium
3690 1686 3847 1737 pra:-

2235 1771 2407 1823 sentia
2436 1768 2736 1823 celebretur
2768 1785 2782 1821 :
2817 1768 2885 1821 ita
2910 1777 3088 1822 tamen
3118 1774 3177 1821 ut
3206 1766 3456 1821 omnibus
3495 1767 3677 1821 diebus
3708 1782 3847 1823 ves-

539 1852 835 1917 incumbat,
885 1852 975 1907 ubi
1020 1852 1279 1923 singulari
1335 1852 1626 1907 afﬂictione
1676 1853 1829 1921 panis
1873 1860 1929 1907 et
1978 1868 2131 1924 aqua:
2159 1851 2209 1914 Β
2240 1876 2363 1929 pera
2396 1870 2451 1915 (οι
2482 1862 2739 1916 matutina
2772 1860 3134 1924 celebrentur,
3165 1860 3287 1928 quia
3332 1858 3622 1915 desistente
3651 1861 3838 1928 clero,

540 1948 745 2000 victum
774 1961 839 2000 ex
863 1945 1071 2000 abbatis
1096 1945 1433 2000 ordinatione
1460 1944 1736 2012 percipiat.

536 2039 603 2096 11.
638 2040 707 2095 Ut
726 2040 893 2095 clerici
922 2040 1121 2095 emendi
1148 2040 1294 2123 vilitas
1318 2040 1395 2123 vel
1421 2038 1670 2093 vendendi
1691 2038 1861 2093 carius
1882 2055 1981 2094 non
2012 2054 2134 2108 per-

1188 2120 1479 2165 mittantur.

610 2206 765 2263 Sicut
789 2219 1054 2260 canonum
1084 2206 1294 2259 statutis
1322 2204 1591 2259 firmatum
1618 2214 1720 2269 est,
1749 2203 2055 2274 quicunque
2080 2202 2134 2258 In

541 2301 691 2357 clero
718 2315 840 2356 esse
866 2301 1099 2355 voluerit
1124 2298 1338 2354 emendi
1372 2298 1527 2353 vilius
1555 2298 1639 2353 vel
1664 2296 1927 2353 vendendi
1956 2296 2135 2353 carius

542 2393 721 2448 studio
752 2407 856 2445 non
887 2401 1065 2446 utatur
1096 2408 1109 2445 :
1140 2399 1285 2446 certe
1328 2390 1373 2445 si
1423 2391 1536 2446 hazc
1579 2389 1807 2444 voluerit
1858 2402 2131 2455 exercere,

540 2484 857 2541 cohibeatur
884 2498 915 2538 a
943 2485 1113 2539 clero.

538 2576 629 2635 111.
667 2576 736 2634 Ut
773 2576 947 2633 clerici
987 2580 1032 2633 si
1062 2577 1653 2660 solidumprtestiterint
1681 2577 1791 2632 sine
1810 2592 1967 2632 usura
1996 2576 2136 2632 reci-

1266 2660 1430 2703 mam.

1265 2666 1430 2719 piant.

611 2746 669 2804 Si
695 2746 817 2819 quis
846 2759 974 2802 vero
1001 2744 1234 2800 clericus
1280 2743 1510 2799 solidum
1554 2742 1607 2798 in
1639 2741 1961 2798 necessitate
1992 2756 2133 2813 pra:-

537 2843 758 2910 stiterit,
807 2842 909 2898 hoc
954 2842 1022 2897 de
1070 2840 1195 2895 vino
1224 2838 1310 2893 vel
1365 2840 1633 2892 frumento
1681 2836 1932 2906 accipiat,
1992 2835 2135 2906 quod

543 2935 819 2992 mercandi
851 2948 1010 2989 causa
1038 2942 1280 3002 tempore
1311 2938 1512 2985 statuto
1540 2930 1818 2984 decretum
1862 2927 2019 2983 fuerit
2044 2943 2135 2985 ve-

535 3028 766 3085 nundari
798 3046 812 3081 :
842 3038 1094 3083 caeterum
1144 3024 1192 3079 si
1229 3023 1459 3091 speciem
1508 3038 1613 3077 non
1667 3023 1911 3078 habuerit
1950 3037 2136 3077 neces-

535 3120 759 3189 sariam,
797 3120 973 3191 ipsum
1004 3117 1146 3190 quod
1182 3115 1331 3172 dedit
1376 3116 1496 3171 sine
1536 3115 1643 3171 ullo
1685 3124 1969 3186 augmento
1999 3113 2136 3169 reci-

534 3224 735 3366 iitum
763 3306 939 3363 nullus
968 3308 1241 3376 episcopus
1268 3305 1347 3360 vel
1375 3306 1514 3375 infra
1544 3304 1744 3373 positus
1770 3302 1854 3357 die
1880 3302 2137 3357 dominico

946 3394 1127 3433 causas
1148 3377 1392 3448 judicare
1416 3387 1714 3448 prttsumat.

609 3493 679 3549 Ut
706 3493 888 3548 nullus
914 3491 1289 3561 episconornm
1320 3498 1413 3545 aut
1444 3488 1879 3561 presbyterorum
1908 3487 1989 3542 vel
2020 3486 2136 3541 cle-

537 3583 777 3640 ricorum
800 3583 887 3640 die
916 3582 1190 3637 dominico
1222 3581 1549 3650 prepositnm
1574 3580 1938 3649 cujuscunque
1961 3594 2138 3634 causa:

538 3678 809 3751 negoﬁnm
853 3677 1046 3731 audeat
1088 3675 1355 3746 judicare,
1398 3672 1495 3727 nisi
1528 3674 1627 3727 hoc
1677 3680 1902 3737 tantum,
1932 3681 1987 3724 ut
2028 3670 2137 3726 Deo

546 3782 744 3829 statuta
774 3770 1037 3825 solemnia
1068 3775 1361 3838 peragant:
1387 3767 1593 3820 creteris
1632 3779 1760 3818 vero
1790 3764 1976 3819 diebus
2006 3778 2135 3818 con-

541 3866 850 3921 niventibus
901 3861 1147 3933 personis
1197 3861 1288 3915 illa
1332 3875 1448 3930 quin
1470 3860 1610 3930 jnsta
1641 3867 1766 3912 sunt
1812 3859 2043 3914 habeant
2068 3858 2132 3913 li-

540 3957 768 4015 centiam
790 3956 1085 4028 judicandi,
1116 3961 1345 4023 excepto
1373 3951 1669 4008 criminal‘ra
1700 3950 1932 4019 negotia.

537 4073 605 4129 V.
641 4072 707 4129 Ut
736 4074 826 4143 qui
855 4072 905 4125 in
938 4071 1331 4138 metropolitano
1362 4068 1559 4121 civitate
1586 4082 1686 4119 non
1726 4065 1998 4143 ordinatur
2026 4065 2136 4132 epi-

609 4138 814 4214 scopas,
864 4154 976 4214 post
1027 4143 1160 4196 duos
1208 4155 1405 4195 menses
1460 4155 1515 4193 se
1559 4138 1947 4208 metropolitano
2001 4151 2135 4206 pra:-

606 4225 785 4269 sentet.

612 4327 670 4383 Si
701 4328 822 4398 gris
853 4343 902 4380 in
933 4326 1346 4393 metropolitana
1368 4326 1584 4380 civitate
1610 4340 1715 4378 non
1741 4323 1898 4378 luerit
1924 4321 2135 4390 episcoo

542 4435 643 4491 pus
689 4418 1009 4481 ordinatus,
1064 4428 1412 4487 posmaquam
1465 4430 1638 4477 suscei
1660 4421 1711 4468 ta
1765 4412 2135 4468 benedictione

540 4512 691 4587 [1E.,
726 4513 813 4573 T..
861 4508 1220 4580 ordinatione]
1245 4524 1338 4576 per
1369 4506 1758 4576 metropolitani
1806 4506 2008 4560 litteras
2036 4506 2135 4558 ho-

2236 1952 2380 2019 quod
2412 1962 2494 2008 est
2528 1953 2843 2021 pessimum,
2885 1953 3248 2020 comperimus
3295 1952 3348 2006 in
3379 1950 3607 2007 basilicis
3633 1967 3745 2008 nec
3770 1957 3846 2008 lu-

2237 2045 2460 2100 minaria
2490 2045 2803 2099 ministrari.
2829 2044 2885 2101 Si
2910 2047 2999 2117 qui
3028 2060 3161 2101 sane
3190 2046 3526 2116 negligentiae
3553 2046 3677 2100 vitio
3705 2046 3841 2104 haec

2237 2139 2461 2211 implere
2513 2141 2825 2209 noluerint,
2859 2139 3109 2195 noverint
3165 2154 3224 2194 se
3273 2139 3567 2195 secundum
3623 2150 3843 2197 statuta

2236 2248 2501 2289 canonum
2536 2250 2631 2304 pro
2663 2234 2822 2290 modo
2853 2248 3201 2301 personarum
3227 2231 3503 2289 canonica:
3529 2232 3847 2302 disciplina

2235 2326 2562 2380 subtlendos.

2239 2415 2373 2471 VIII.
2411 2415 2478 2470 Ut
2521 2416 2671 2469 annis
2712 2416 2929 2487 singulis
2970 2417 3190 2487 episcopi
3218 2417 3481 2472 dimcesem
3525 2416 3749 2487 eiciunt,
3782 2422 3844 2474 es

2305 2499 2360 2542 ut
2390 2503 2490 2541 non
2521 2492 2636 2555 plus
2673 2503 2827 2555 quam
2854 2489 3052 2542 tertiani
3082 2489 3148 2542 de
3194 2489 3449 2558 parochiis
3475 2489 3753 2556 accipiant.

2307 2580 2595 2638 Multorum
2622 2594 2843 2634 casuum
2871 2584 3203 2649 caperientia
3228 2583 3577 2647 magistrante
3600 2582 3828 2650 reperi-

2234 2689 2355 2729 mus
2382 2675 2664 2729 nonnullas
2695 2674 3027 2729 dimcesanas
3058 2689 3178 2730 esse
3207 2675 3467 2731 ecclesias
3496 2674 3789 2732 destitutas
3814 2692 3835 2734 :

2234 2766 2305 2822 ob
2334 2782 2495 2838 quam
2530 2782 2640 2821 rem
2666 2764 2716 2819 id
2730 2766 3114 2820 constitutione
3135 2766 3497 2833 decrevimus,
3522 2769 3837 2835 utantiqua

2234 2860 2643 2917 consuetudinis
2680 2860 2815 2915 ordo
2865 2871 3131 2926 servetur,
3159 2868 3216 2915 et
3270 2860 3463 2915 annuis
3512 2860 3712 2915 vicibus
3758 2862 3837 2917 ab

2234 2955 2490 3025 episcopo
2517 2953 2782 3009 dioeceses
2804 2953 3110 3017 visitentur,
3144 2963 3199 3008 ut
3237 2955 3281 3008 si
3312 2969 3413 3024 qua
3440 2953 3577 3009 forte
3604 2954 3836 3013 basilica

2234 3059 2451 3119 reperta
2475 3048 2633 3105 fuerit
2655 3048 2911 3103 destituta
2938 3049 3276 3104 ordinatione
3319 3047 3484 3118 ipsius
3510 3059 3829 3117 reparetur;

2234 3148 2355 3217 quia
2381 3146 2538 3199 tertia
2566 3161 2632 3200 ex
2664 3143 2912 3199 omnibus
2948 3159 3043 3211 per
3072 3159 3137 3198 an
3166 3145 3339 3213 iquam
3372 3142 3707 3198 traditionem
3766 3151 3832 3201 ut

2164 3231 2214 3297 (ἶ
2245 3242 2536 3309 accipiatur
2562 3240 2630 3294 ab
2655 3238 2921 3309 episcopis
2953 3238 3196 3293 novimus
3226 3247 3503 3291 statutum.

2236 3333 2328 3393 lX.
2362 3335 2437 3389 De
2466 3334 2665 3387 clericis
2686 3342 2735 3385 et
2775 3332 2997 3386 ostiariis
3019 3333 3107 3399 qui
3130 3329 3381 3384 adulteris
3407 3329 3699 3384 mulieribus
3726 3329 3835 3385 ad-

2543 3405 2839 3470 miscentur,
2868 3412 2923 3456 ut
2952 3406 3136 3457 aclero
3161 3403 3521 3474 projiciantur.

2308 3497 2363 3553 Si
2394 3496 2515 3567 quis
2542 3499 2801 3551 lectorum
2833 3495 3093 3549 adultera:
3123 3492 3332 3548 mulieri
3362 3493 3595 3549 voluerit
3614 3492 3837 3557 misceri

2236 3590 2319 3645 vel
2347 3590 2622 3645 adliazrere
2644 3588 2939 3654 consortio,
2972 3596 3065 3641 aut
3091 3587 3360 3655 relinquat
3392 3586 3708 3653 adulteram,
3733 3594 3838 3645 aut

2236 3696 2267 3736 a
2291 3682 2436 3735 clero
2469 3683 2729 3735 habeatur
2754 3689 3042 3735 eatraneus
3077 3696 3089 3731 :
3123 3679 3316 3733 similis
3358 3678 3625 3733 sententia
3656 3677 3833 3734 ostia-

2236 3773 2436 3828 riorum
2471 3772 2707 3827 mani-bit
2735 3770 3000 3825 scholam.

2264 3865 2329 3921 Χ.
2360 3863 2425 3918 Ut
2454 3865 2623 3918 nullus
2646 3863 2911 3934 episcopus
2938 3878 3031 3932 pro
3050 3861 3269 3933 judiciis
3298 3876 3510 3915 munera
3545 3860 3802 3930 accipiat.

2306 3956 2711 4013 Observandum
2749 3970 2960 4026 quoque
3004 3956 3374 4020 decrevimus,
3409 3967 3477 4007 ne
3500 3951 3617 4023 quis
3644 3966 3832 4009 sacer-

2235 4052 2419 4109 dotum
2444 4050 2527 4105 vel
2556 4052 2873 4106 clericorum
2924 4064 3076 4103 more
3133 4046 3469 4102 secularium
3500 4046 3833 4118 2983udi-

2234 4162 2353 4202 cum
2382 4149 2571 4204 audeat
2604 4148 2854 4214 accipere
2905 4160 3003 4213 pro
3063 4142 3324 4211 impensis
3370 4143 3683 4212 patrociniis
3706 4157 3831 4197 tnu-

2236 4254 2387 4301 nera,
2418 4238 2519 4292 nisi
2550 4236 2689 4292 forte
2714 4237 2765 4290 in
2798 4234 3024 4291 ecclesia
3057 4233 3239 4287 oblata
3277 4233 3532 4304 gratuita,
3566 4247 3687 4301 qua:
3716 4246 3832 4290 non

2235 4329 2418 4385 favore
2443 4332 2683 4384 muneris
2714 4328 2996 4384 videantur
3025 4336 3271 4395 accepta,
3301 4325 3397 4380 sed
3428 4324 3717 4381 collatione
3734 4325 3831 4384 de-

2236 4421 2469 4475 votionis
2499 4421 2681 4487 illata;
2712 4422 2833 4489 quia
2863 4422 2908 4476 si
2936 4436 3035 4488 qua
3065 4421 3166 4473 ista
3197 4417 3309 4491 [G.,
3331 4418 3408 4473 sic
3430 4418 3519 4488 qui
3549 4415 3670 4488 ista]
3704 4432 3833 4486 pro-

2236 4514 2433 4569 bantur
2460 4515 2730 4581 accipere,
2763 4514 2925 4569 veluti
2985 4523 3266 4568 exactores
3294 4512 3494 4570 fenoris
3516 4520 3609 4566 aut
3636 4526 3833 4567 usura-

543 4625 731 4666 norem
782 4605 937 4660 luerit
986 4607 1327 4673 episcopa'us
1357 4600 1601 4669 adepluS.
1634 4598 1683 4650 id
1725 4598 1981 4665 οιιῑίηιυιη
2011 4612 2131 4652 εεεθ
2161 4602 2211 4662 D
2238 4622 2352 4660 rttm
2385 4620 2723 4676 possessores
2747 4605 3039 4660 secundum
3081 4614 3277 4659 statuta
3305 4604 3522 4658 Patrum
3570 4618 3633 4659 se
3663 4618 3831 4661 nove-

539 4699 895 4763 decrevimus,
922 4705 977 4749 ut
1018 4695 1351 4765 po~ttnodutu
1400 4701 1599 4745 statqu
1642 4700 1907 4754 tempore,
1935 4687 1986 4742 id
2020 4697 2126 4753 est,

540 4790 779 4859 impletis
809 4787 1017 4841 duobus
1068 4784 1363 4847 mensibus,
1386 4796 1447 4837 se
1490 4777 1884 4849 metropolitani
1929 4778 2011 4832 sui
2042 4793 2128 4833 re-

540 4880 1186 4956 praesentetaspcctibus,
1208 4886 1265 4931 ut
1293 4877 1359 4929 ab
1391 4875 1480 4928 illo
1511 4872 1725 4927 monitis
1753 4871 2130 4926 ecclesiasticis

540 4979 831 5034 instructus
876 4975 1081 5042 plenius
1125 4970 1269 5041 quod
1300 4967 1443 5041 [A1,
1495 4966 1560 5021 Ε.
1607 4965 1660 5032 5,
1704 4964 1794 5030 (1.,
1841 4963 1932 5031 6.,
1982 4962 2129 5037 quid]

512 5054 827 5125 iobservare
875 5066 1067 5120 debeat
1121 5067 1469 5131 recognoscat
1520 5076 1533 5112 :
1581 5057 1722 5127 quod
1767 5056 1810 5112 si
1854 5055 1989 5112 loite
2018 5058 2131 5110 lnec

541 5163 767 5231 implere
800 5158 1118 5228 neglexerit,
1153 5157 1204 5209 in
1246 5154 1451 5225 synodo
1482 5154 1784 5219 increpatus
1815 5164 1843 5204 a
1874 5149 2129 5205 fratribus

540 5254 875 5324 corrigatur;
908 5252 1047 5321 quod
1076 5251 1121 5304 si
1152 5248 1457 5302 infirmitate
1486 5246 1659 5313 aliqua
1691 5259 1757 5299 ne
1785 5244 1887 5298 hoe
1913 5244 2131 5311 impleat

542 5349 694 5401 fuerit
731 5346 1069 5416 pra-peditus,
1106 5342 1208 5397 hoc
1234 5341 1346 5396 suis
1384 5339 1573 5394 litteris
1601 5336 2014 5407 metropolitano
2044 5335 2123 5389 in-

545 5440 725 5495 dicare
758 5446 1026 5507 procuret.

543 5532 701 5603 297
737 5531 820 5584 W-
851 5532 917 5586 U‘
944 5530 1229 5603 θρίδεοριη.
1264 5527 1352 5596 Qui
1388 5542 1420 5579 a
1465 5524 1873 5603 inetmpolitano
1903 5538 2129 5577 commo-

638 5596 773 5655 intus
792 5604 857 5654 ad
880 5596 1131 5672 synodum
1159 5615 1263 5653 non
1312 5599 1519 5663 venerit,
1551 5596 2034 5651 excommunicetun

614 5696 670 5751 Si
705 5697 825 5765 quis
857 5695 1229 5764 episcoporum
1255 5691 1415 5765 [1.1,
1446 5693 1504 5753 2.
1535 5690 1626 5758 [1..
1653 5689 1962 5761 episcopus]
1990 5704 2130 5745 eom-

616 5833 639 5894 τι
672 5825 739 5879 Α.
768 5825 833 5878 Ε.
859 5823 915 5887 3,
949 5826 1345 5894 metropolitana
1372 5826 1722 5882 observatione
1753 5826 1991 5894 fundata.

616 5844 639 5859 "
672 5844 739 5879 ﬂ.
770 5844 833 5878 Ib.
860 5844 915 5887 θ,
949 5844 1107 5880 metro
1148 5844 1345 5881 outana
1372 5844 1722 5882 ooservauone
1753 5844 1805 5894 lu

616 5893 644 5935 ³
676 5894 791 5965 AL,
821 5894 978 5967 8.3.,
1009 5894 1073 5952 Ε.
1098 5844 1155 5966 ζ,
1180 5897 1325 5954 inibi.
1360 5897 1450 5971 U.,
1482 5897 1572 5969 6.,
1599 5899 1653 5954 in
1677 5899 1805 5954 vico.

2233 4695 2339 4750 rint
2365 4696 2738 4766 degradandos
2764 4706 2811 4747 ο.

2232 4803 2321 4863 XI.
2359 4804 2427 4860 Ut
2468 4806 2746 4859 monac/ius
2773 4805 2956 4858 missus
2994 4805 3184 4860 alicubi
3234 4804 3574 4859 ministerium
3606 4806 3832 4861 clerica-

2302 4885 2382 4931 tus
2407 4894 2555 4949 ngere
2580 4895 2682 4931 non
2713 4887 2988 4935 vrwsumat
3006 4918 3021 4943 ,
3048 4892 3138 4931 nec
3192 4878 3479 4949 negotiator
3500 4894 3591 4932 nec
3619 4893 3832 4932 exsecu-

2303 4957 2382 5002 tor
2407 4954 2616 5003 ea‘istnt.

2301 5038 2543 5093 Monachi
2573 5054 2602 5092 a
2634 5037 2962 5094 monasterio
2990 5036 3131 5093 foras
3151 5038 3493 5108 egredientes
3515 5053 3583 5093 ne
3608 5038 3830 5108 aliquod

2231 5131 2585 5187 ministerium
2614 5132 3037 5185 ecclesiasticum
3068 5139 3392 5199 pncsumant
3442 5145 3602 5200 agere
3635 5131 3828 5200 prohi-

2230 5225 2437 5287 bemus.
2471 5224 2570 5278 nisi
2596 5221 2732 5279 forte
2768 5240 2890 5280 cum
2931 5225 3139 5280 abbatis
3188 5223 3413 5295 imperio
3444 5241 3458 5276 :
3486 5224 3738 5278 similiter
3767 5232 3832 5281 ut

2230 5317 2409 5373 nullus
2436 5332 2648 5384 eorum,
2698 5317 2748 5372 id
2776 5327 2858 5373 est
2904 5317 3314 5385 monachorum,
3364 5316 3593 5371 forensis
3624 5316 3829 5384 negotii

2229 5421 2509 5477 susceptor
2538 5411 2620 5465 vel
2647 5418 2929 5464 exsecutor
2954 5408 3167 5476 existat,
3201 5408 3301 5464 nisi
3328 5407 3381 5463 id
3429 5406 3573 5478 quod
3603 5421 3827 5465 monas-

2231 5502 2353 5559 terii
2381 5503 2865 5573 esposcitntildas,
2890 5501 3085 5557 abbate
3126 5501 3229 5558 sibi
3278 5500 3628 5556 nihilominus
3651 5502 3828 5569 impe-

2229 5606 2406 5663 rante,
2435 5609 2701 5651 canonum
2714 5603 2839 5651 ante
2865 5593 3044 5651 omnia
3074 5593 3469 5650 Gallicanorum
3494 5591 3563 5648 de
3591 5592 3673 5647 eis
3694 5606 3826 5647 con-

2230 5688 2506 5745 stitutione
2529 5695 2760 5743 servata.

2309 5834 2331 5863 ο
2358 5824 2435 5881 Ex
2483 5824 2696 5895 caeteris
2740 5820 3065 5892 Codicibus,
3096 5829 3294 5895 praeter
3346 5821 3439 5892 Α..
3472 5820 3526 5879 in
3555 5835 3664 5893 quo
3692 5818 3823 5890 ιαμ.

2229 5904 2319 5954 tur
2347 5909 2365 5954 :
2391 5894 2736 5969 deneganda,
