4024 6350
233 380 329 436 515

1176 369 1490 428 CONCILIA
1532 367 1898 426 HISPANIA}.
1924 397 1996 411 —
2029 365 2516 426 GERUNDENSE.

3385 367 3493 424 ω

231 497 336 555 XII.
372 492 440 550 Ut
464 492 508 546 si
536 492 804 559 episcOpus
843 489 1114 545 intestatus
1153 489 1351 549 abierit,
1379 486 1714 559 inventarium
1737 485 1799 559 de
1826 491 1879 550 Α
1973 485 2171 540 Paulus
2195 487 2246 540 in
2293 487 2490 542 Christi
2536 484 2754 543 nomine
2798 484 3083 556 episcopus
3132 483 3494 554 [imperitante

291 568 436 621 rebus
467 557 578 636 ejus
630 557 796 616 clerici
847 563 1038 632 faciunt
1085 573 1131 615 et
1169 560 1342 613 nullus
1388 558 1572 612 exinde
1602 557 1800 628 aliquid

290 643 511 707 auferat.

294 728 472 787 Sicubi
502 726 785 780 defunctus
810 725 968 780 fuerit
1017 723 1299 791 episcopus
1347 722 1650 787 intestatus,
1687 729 1808 788 post

227 823 612 892 depositionem
645 820 760 888 ejus
783 834 809 870 a
853 817 1179 887 presbyteris
1208 826 1261 870 et
1289 813 1600 868 diaconibus
1629 815 1696 870 de
1725 829 1808 869 re-

227 915 320 969 bus
342 914 510 978 ipsius
534 914 695 965 breve
725 912 955 965 fideliter
995 909 1362 963 conscribatur
1391 923 1421 961 a
1477 907 1698 960 minimo
1727 922 1806 960 us-

226 1021 324 1076 que
350 1006 412 1058 ad
445 1006 753 1062 niaximum,
773 1003 821 1055 id
846 1011 930 1056 est
951 1003 1019 1056 de
1050 1000 1358 1055 utensilibus
1390 998 1501 1071 [U.,
1526 997 1807 1070 utensihis]

229 1100 303 1152 Vel
334 1097 478 1150 omni
512 1095 868 1165 supeIIeCIiIc,
901 1095 972 1147 ita
1003 1103 1180 1146 tamen
1209 1101 1269 1146 ut
1290 1092 1332 1144 si
1357 1094 1474 1161 quis
1504 1091 1696 1145 exinde
1725 1090 1807 1144 vel

229 1189 626 1258 prmsiiinnsisse
654 1189 734 1241 vel
760 1189 965 1240 occulte
993 1185 1152 1238 fuerit
1194 1185 1376 1237 tulisse
1399 1183 1695 1248 convictus,
1730 1197 1810 1236 se-

226 1282 448 1337 cundum
483 1282 606 1334 furti
641 1290 881 1336 tenorem
915 1279 1157 1333 restituat
1185 1277 1450 1329 universa.

229 1375 358 1431 XIII.
393 1374 457 1428 Ut
489 1375 756 1445 episcopus
779 1374 1091 1426 dfacesanos
1143 1369 1463 1445 presbyteros
1492 1378 1542 1421 et
1564 1369 1812 1435 quosdam

326 1463 386 1498 ex
416 1442 562 1499 laicis
591 1442 854 1499 convenire
880 1445 946 1495 ad
986 1443 1240 1512 synodum
1270 1442 1451 1493 litteris
1484 1451 1704 1493 moneat.

294 1535 549 1604 lipistolit-
582 1536 714 1590 talvs
747 1551 840 1601 per
890 1534 1084 1586 fratres
1137 1549 1165 1584 a
1221 1530 1636 1597 metropolitano
1689 1537 1814 1583 sunt

226 1628 533 1695 dirigenda,
568 1640 624 1681 ut
677 1643 784 1679 non
817 1630 988 1679 solum
1041 1639 1070 1677 a
1128 1622 1522 1678 cathedrubbus
1568 1621 1813 1676 ccclesiis

228 1724 583 1791 presbyteros,
611 1737 789 1775 verum
818 1721 976 1773 etiam
1001 1719 1068 1770 de
1091 1717 1411 1771 dioecesauis
1432 1716 1496 1768 ad
1527 1716 1811 1769 Concilium

227 1822 459 1878 trahant,
489 1828 535 1868 et
563 1817 770 1881 aliquos
795 1816 861 1868 de
884 1813 1005 1868 ﬁliis
1045 1810 1302 1866 Ecclesia!
1353 1811 1698 1866 sa'cularibus
1726 1826 1809 1865 se-

222 1921 341 1963 cum
368 1910 631 1962 adduci-re
658 1909 905 1961 debeant.

289 2000 522 2056 Joannes
551 2000 600 2053 in
625 1999 823 2054 Christi
852 1998 1066 2054 nomine
1084 1997 1367 2068 episcopus
1393 1996 1812 2053 Tarraconensis

220 2095 450 2150 civitatis
481 2097 891 2151 constitutiones
919 2110 951 2149 a
983 2095 1137 2148 nobis
1183 2092 1517 2160 000:0flpl35
1549 2088 1668 2161 [U.,
1701 2091 1810 2147 fac-

221 2187 325 2260 tas]
346 2187 662 2256 subscripsi.

292 2329 319 2359 ἰ
345 2321 458 2385 Αἱ,
486 2321 639 2384 ιλιι..
664 2319 1077 2392 Carthaginensis
1096 2318 1408 2391 metr0polis.
1433 2317 1497 2374 T.
1519 2319 1569 2385 l,
1595 2318 1814 2373 Cartha.

218 2391 356 2463 ginis
386 2393 697 2462 metropolis.

292 2461 315 2498 ι)
353 2464 426 2518 Ex
458 2460 568 2528 (EI,
607 2464 766 2531 ΒΑΜ,
797 2464 859 2518 Ε.
892 2464 946 2528 5,
979 2463 1044 2518 Τ.
1083 2464 1133 2530 1,
1164 2461 1221 2528 9.,
1255 2461 1320 2517 G.
1349 2460 1403 2515 ln
1438 2460 1528 2528 A.,
1562 2460 1652 2529 U.,
1678 2460 1811 2514 Tor-

219 2541 429 2589 tosante.

1905 578 2132 632 civitatis
2158 579 2470 648 subscripsi.

1977 671 2172 726 Hector
2203 673 2253 725 in
2292 671 2492 726 Christi
2523 671 2741 728 nomine
2761 670 3044 743 episcOpus
3057 667 3497 736 Carthaginensis

1907 763 2329 832 metropolitanae
2354 773 2378 800 ιι
2407 763 2723 833 subscripsi.

1979 858 2357 912 Frontinianus
2387 857 2404 930 Ῐ
2436 856 2497 914 Τ.
2526 857 2579 924 l,
2613 858 2908 914 Fontianus
2928 856 2948 932 ]
2971 859 3023 913 in
3053 857 3250 913 Christi
3275 857 3492 914 nomine

1909 951 2187 1020 episcopus
2217 947 2581 1004 Gerundensis
2606 950 2836 1006 civitatis
2872 951 3186 1021 subscripsi.

1981 1042 2224 1111 Agricius
2248 1043 2299 1096 in
2317 1042 2512 1096 Clll’lall
2536 1044 2752 1098 nomine
2777 1043 3060 1114 episcopus
3085 1041 3498 1100 Barcinonensis

1909 1135 2138 1190 civitatis
2167 1134 2483 1202 subscripsi.

1983 1228 2238 1281 Orontius
2269 1228 2319 1281 in
2348 1226 2546 1283 Christi
2569 1227 2787 1284 nomine
2838 1229 3124 1301 episcopus
3153 1230 3497 1288 Eliberitanze

1911 1321 2140 1376 civitatis
2171 1322 2485 1391 subscripsi.

1984 1437 2148 1508 299
2177 1436 2491 1490 Vincentius
2519 1436 2572 1490 in
2600 1421 2802 1492 Christi
2831 1434 3049 1490 nomine
3075 1435 3360 1506 episc0pus
3382 1434 3502 1492 Cte-

1913 1540 2310 1599 saraugustanec
2332 1530 2565 1584 civitatis
2591 1530 2910 1599 subscripsi.

1989 1624 2155 1679 Ursus
2185 1624 2235 1676 in
2267 1623 2464 1678 (ιιιτίεεί
2519 1624 2740 1679 nomine
2788 1624 3073 1694 episcopus
3127 1621 3441 1678 Dertosanze
3468 1619 3497 1660 ι’

1914 1716 2141 1773 civitatis
2171 1715 2373 1771 siibscri
2386 1719 2485 1785 psi.

1985 1810 2235 1882 Cynidius
2261 1821 2284 1848 ο
2326 1812 2377 1864 in
2408 1810 2607 1865 Christi
2637 1810 2854 1867 nomine
2891 1808 3174 1881 episcopus
3199 1808 3362 1880 300
3390 1808 3504 1866 Au-

1917 1913 2175 1961 sonztaoie
2201 1905 2431 1961 civitatis
2451 1906 2741 1975 subscripsi
2764 1901 2811 1959 ά.

1987 1997 2262 2053 Νἱὺι·ἰ‹1ιιιε
2285 1999 2336 2052 in
2367 1999 2567 2053 Christi
2622 1999 2840 2054 nomine
2882 1998 3136 2053 minimus
3163 1995 3506 2053 sacerdotum

1913 2093 2352 2146 constitutionem
2394 2099 2702 2145 sanctorum
2754 2105 3020 2146 canonum
3072 2088 3386 2159 subscripsi,
3416 2102 3507 2144 ec-

1912 2181 2087 2238 clesia:
2113 2184 2400 2252 Egarensis
2427 2183 2672 2237 minister

1989 2329 2012 2358 ε
2049 2319 2123 2373 Ex
2149 2318 2264 2384 .43.,
2291 2317 2354 2373 Ε.
2379 2318 2433 2384 5,
2461 2317 2524 2373 T.
2549 2316 2604 2385 2,
2635 2316 2725 2376 U.,
2755 2315 2821 2372 G.
2845 2315 2900 2372 ln
2925 2317 3018 2385 A.,
3043 2318 3320 2374 Dinudius.
3346 2315 3508 2389 Β.ιι.;

1915 2389 1978 2446 Τ.
2009 2392 2059 2458 l,
2091 2393 2357 2444 Canidius.

1985 2459 2011 2500 ἀ
2040 2462 2129 2531 υ.,
2161 2465 2428 2534 episcopus
2457 2461 2677 2518 Ausona:
2703 2463 3002 2535 subscripsi.

224 2651 3500 2708 ψ

1785 2785 1932 2857 XL

1090 2929 1765 3015 CONCILIUM
1840 2920 2657 3015 GERUNDENSE

256 3085 506 3133 SEPTEM
550 3086 1013 3141 EPISCOPORUM,
1063 3089 1354 3131 HABITUM
1402 3088 1543 3130 EBA
1580 3086 1725 3143 nLv,
1770 3085 1938 3129 anno
1973 3084 2244 3127 SEPTIMO
2280 3067 2498 3143 [B.R.,
2533 3065 2790 3139 TERTIO]
2821 3078 3215 3123 THEODOBICI
3259 3080 3468 3142 necis,

858 3170 1061 3213 SEXTO
1107 3169 1253 3213 IDUS
1296 3168 1547 3230 JUNIAS,
1592 3167 1885 3212 AGAPETO
1933 3167 2080 3209 VIRO
2124 3164 2502 3208 CLABISSIMO
2546 3161 2852 3207 CONSULE.

219 3319 260 3378 Ι.
291 3321 358 3379 Ut
386 3337 701 3392 unaquazque
728 3321 989 3392 provincia
1028 3323 1081 3374 in
1132 3320 1310 3390 officio
1360 3319 1609 3375 Ecclesia:
1648 3335 1808 3373 unum
1836 3323 1884 3387 C
1919 3318 1985 3374 V.
2015 3316 2084 3372 Ut
2116 3322 2267 3371 unius
2287 3315 2389 3370 diei
2410 3315 2602 3385 infans,
2626 3314 2671 3368 si
2690 3313 2743 3368 in
2772 3311 3065 3366 discrimine
3087 3318 3179 3377 est,
3200 3310 3504 3383 baptisetur.

787 3394 1015 3446 ordinem
1037 3403 1227 3446 teneat.

288 3489 363 3545 De
392 3489 729 3544 institutione
761 3491 1067 3554 missarum,
1101 3497 1158 3540 ut
1197 3486 1468 3556 quomodo
1518 3483 1570 3539 in
1603 3493 1807 3540 metro-

218 3582 448 3652 politana
475 3584 708 3637 Ecclesia
762 3581 914 3646 ﬁunt,
944 3581 1014 3635 ita
1063 3581 1114 3633 in
1146 3579 1239 3634 Dei
1291 3580 1505 3634 nomine
1552 3579 1606 3632 in
1659 3577 1806 3632 omni

218 3674 606 3731 Tarraconensi
633 3675 903 3745 provincia
938 3683 1043 3726 tam
1075 3672 1245 3741 ipsius
1282 3672 1459 3726 missa:
1486 3669 1619 3723 ordo
1649 3685 1806 3739 quam

219 3769 479 3838 psallendi
511 3769 590 3823 vel
619 3766 957 3822 ministrandi
993 3763 1333 3820 consuetudo
1355 3773 1625 3820 servetur.

217 3858 280 3917 ll.
311 3860 379 3917 Ut
409 3860 606 3916 (itania:
635 3871 747 3931 post
777 3861 1108 3932 Pentecosten
1134 3878 1166 3914 a
1191 3862 1372 3932 quinta
1413 3860 1545 3930 feria
1575 3873 1733 3928 usque
1753 3860 1809 3912 in

697 3933 964 3985 sabbatum
988 3931 1323 3986 celebrentur.

288 4024 368 4078 De
397 4023 621 4090 Iitaniis,
650 4034 708 4079 ut
733 4026 946 4094 expleta
976 4025 1318 4080 solemnitate
1348 4025 1695 4080 Pentecostes
1723 4039 1811 4080 se-

219 4127 390 4184 quens
420 4115 762 4180 septimanaa
793 4115 977 4186 quinta
1003 4115 1139 4169 feria
1194 4130 1366 4185 usque
1424 4113 1478 4168 in
1529 4113 1809 4168 sabbatum

215 4220 312 4279 per
343 4206 447 4263 hoc
469 4208 697 4263 triduum
720 4209 1044 4264 abstinentia
1068 4208 1392 4264 celebretur.

287 4302 372 4358 Ill.
402 4301 479 4358 De
501 4304 734 4360 secundis
758 4304 949 4429 litanii;
975 4303 1225 4428 [griendis
1257 4302 1505 4357 Kalendis
1535 4300 1585 4360 Ν
1589 4316 1755 4357 ovem-

946 4393 987 4429 ri
1030 4392 1108 4429 us.

946 4392 1108 4429 ηοω.

288 4465 417 4521 ltem
444 4465 693 4521 secundae
721 4465 923 4520 litanire
975 4465 1237 4521 faciendas
1277 4465 1533 4521 Kalendis
1578 4463 1808 4519 Novem-

219 4557 420 4620 bribus,
449 4573 508 4614 ea
536 4568 712 4614 tamen
739 4559 1047 4614 conditione
1065 4570 1292 4622 servata,
1318 4565 1375 4612 ut
1401 4558 1444 4612 si
1478 4556 1665 4612 iisdem
1698 4557 1809 4611 die-

221 4649 316 4705 bus
362 4651 624 4706 dominica
668 4652 1053 4719 intercesserit,
1105 4652 1159 4706 in
1201 4651 1306 4705 alia
1359 4650 1692 4705 hebdomade
1720 4665 1808 4705 se-

223 4744 448 4798 cundum
480 4743 675 4812 prioris
698 4743 1035 4797 abstinentia:
1086 4741 1483 4796 observantiam
1534 4757 1562 4794 a
1621 4740 1804 4809 quinta

223 4831 346 4888 feria
377 4835 718 4903 Incipiantur,
741 4841 796 4886 et
847 4833 897 4888 in
954 4833 1182 4887 sabbato
1207 4846 1432 4901 vespere
1479 4832 1638 4886 missa
1667 4831 1804 4886 facta

224 4921 473 4981 finiantur
505 4945 517 4979 :
551 4926 746 4996 quibus
777 4937 954 4979 tamen
985 4924 1172 4980 diebus
1201 4938 1232 4977 a
1258 4923 1510 4979 carnibus
1539 4933 1591 4977 et
1618 4937 1648 4977 a
1679 4923 1805 4976 vino

227 5017 555 5076 decrevimus
577 5020 976 5074 abstinendum.

226 5106 308 5166 ιν.
363 5112 428 5167 Ut
470 5111 662 5182 pascha
709 5121 903 5164 tantum
954 5119 1006 5165 et
1061 5109 1225 5165 natali
1267 5107 1478 5162 Domini
1518 5105 1802 5170 baptismus

321 5183 492 5250 detur,
525 5185 744 5251 exceptis
772 5184 847 5236 his
877 5184 962 5253 qui
992 5182 1046 5235 in
1092 5183 1340 5252 languore
1385 5182 1690 5234 consistunt.

290 5274 362 5328 De
385 5275 786 5331 catechumenis
825 5273 1160 5341 baptizandis
1196 5273 1246 5327 id
1294 5281 1552 5326 statutum
1609 5277 1713 5334 est,
1745 5275 1805 5323 ut

226 5365 339 5434 quia
400 5367 452 5422 in
505 5366 724 5421 Pascha:
791 5365 1132 5419 solemnitate
1183 5363 1268 5417 vel
1310 5363 1503 5417 natalis
1568 5361 1801 5426 Domini,

228 5457 426 5522 quando
452 5459 622 5526 magis
645 5455 1004 5512 solemnitatis
1031 5454 1319 5510 celebritas
1369 5454 1541 5522 major
1579 5458 1684 5517 est,
1717 5466 1804 5504 ra-

227 5546 382 5604 riores
409 5549 480 5605 ad
505 5548 882 5616 baptizandum
912 5546 1167 5614 veniunt,
1196 5546 1407 5601 caeteris
1453 5542 1802 5599 solemnitati-

229 5637 319 5697 bus
353 5643 549 5700 inﬁrmi
601 5641 981 5699 tantummodo
1025 5639 1256 5696 debeant
1306 5639 1582 5707 baptizari,
1608 5637 1802 5706 quibus

229 5749 532 5810 qiiocunque
555 5744 797 5809 tempore
823 5735 1077 5792 convenit
1100 5734 1423 5807 baptismum
1455 5747 1562 5788 non
1585 5731 1786 5802 negari.

1985 3412 2060 3466 De
2093 3410 2332 3481 parvulis
2360 3424 2488 3464 vero
2519 3409 2608 3479 qui
2668 3421 2838 3476 nuper
2871 3416 3116 3461 materno
3163 3415 3316 3460 utero
3344 3405 3506 3476 301

1912 3504 2037 3560 editi
2069 3513 2192 3558 sunt
2234 3503 2433 3570 placuit
2462 3500 2735 3565 consului,
2779 3507 2837 3553 ut
2883 3498 2924 3552 si
2965 3496 3162 3552 inﬁrmi
3222 3507 3276 3551 ut
3305 3498 3507 3557 assolet

1912 3595 2106 3651 fuerint
2131 3605 2183 3650 et
2214 3594 2295 3649 Iac
2317 3603 2616 3648 maternum
2659 3607 2764 3645 non
2820 3597 3098 3659 appetunt,
3127 3591 3287 3644 etiam
3317 3589 3506 3649 eadem

1911 3690 1999 3745 die
2027 3705 2128 3757 qua
2157 3690 2264 3744 nati
2294 3697 2440 3756 sunt,
2471 3688 2516 3742 si
2539 3687 2702 3742 oblati
2733 3687 2950 3751 fuerint,
2982 3685 3338 3754 baptizentur.

1912 3801 2001 3858 Vl.
2030 3802 2097 3858 Ut
2127 3803 2388 3874 conjugati
2418 3801 2479 3884 ab
2526 3801 2763 3884 episcopo
2816 3815 2973 3882 usque
3023 3800 3090 3884 ad
3129 3798 3502 3853 subdiaconum

2307 3889 2409 3926 non
2436 3879 2543 3926 sine
2576 3879 2862 3925 testimonio
2916 3879 3107 3924 vivant.

1987 3967 2062 4022 De
2087 3975 2112 4003 ⁸
2143 3959 2550 4022 conversatione
2575 3965 2696 4018 vitae
2718 3979 2748 4018 a
2793 3964 3045 4032 pontiﬁce
3078 3975 3243 4029 usque
3285 3960 3353 4015 ab
3374 3961 3504 4014 sub-

1913 4056 2197 4111 diaconem
2225 4065 2348 4126 post
2371 4057 2606 4124 suscepti
2644 4055 2865 4109 honoris
2913 4052 3149 4107 officium
3207 4051 3252 4105 si
3284 4052 3372 4122 qui
3426 4065 3500 4108 ex

1914 4149 2211 4220 conjugatis
2241 4149 2438 4203 fuerint
2484 4146 2737 4213 ordinati,
2765 4156 2821 4201 ut
2865 4146 2986 4200 sine
3033 4142 3343 4198 testimonio
3370 4143 3504 4198 alte-

1914 4245 2027 4302 rius
2056 4245 2237 4301 fratris
2263 4261 2368 4301 non
2402 4252 2618 4299 utantur
2659 4240 2862 4296 auxilio
2890 4256 2905 4295 :
2939 4253 3059 4294 cum
3090 4252 3277 4292 sorore
3299 4237 3405 4306 jam
3434 4250 3502 4292 ex

1913 4334 2140 4405 conjuge
2169 4336 2306 4392 facta
2329 4351 2433 4390 non
2467 4333 2743 4398 habitent;
2798 4330 2938 4401 quod
2977 4331 3020 4384 si
3052 4327 3294 4385 habitare
3321 4329 3504 4385 volue-
3590 4358 3595 4362 ~

1915 4428 2038 4493 rint,
2071 4428 2292 4483 alterius
2322 4428 2502 4482 fratris
2525 4435 2742 4480 utantur
2761 4425 2960 4480 auxilio
2989 4423 3144 4493 cujus
3193 4423 3500 4480 testimonio

1911 4520 2015 4575 vita
2040 4533 2226 4575 eorum
2249 4519 2444 4574 debeat
2468 4517 2663 4572 clarior
2690 4528 2968 4586 apparere.

1917 4631 2025 4688 Vll.
2057 4633 2224 4703 thui
2243 4633 2353 4687 sine
2383 4630 2627 4686 uxoribus
2647 4629 2953 4703 ordinantur
2974 4633 3240 4681 extraneas
3267 4626 3320 4678 in
3349 4623 3499 4679 domo

2496 4718 2598 4756 non
2642 4701 2878 4756 habeant.

1983 4817 2058 4872 De
2087 4815 2171 4873 his
2196 4831 2325 4872 vero
2348 4815 2435 4886 qui
2480 4815 2599 4870 sine
2627 4814 2946 4885 conjugibus
2987 4811 3305 4868 ordinantur
3333 4819 3386 4866 et
3416 4810 3502 4865 fa-

1911 4910 2082 4964 milias
2106 4908 2298 4963 domus
2325 4907 2540 4969 habent,
2569 4905 2752 4960 habito
2781 4921 2963 4961 secum
3002 4920 3101 4976 pro
3128 4905 3249 4960 vita:
3274 4916 3503 4958 conver-

1907 5004 2116 5059 satione
2134 5003 2300 5056 fratre
2327 5000 2380 5054 in
2406 5001 2793 5068 testimonium,
2824 5015 2928 5054 non
2989 5014 3086 5068 per
3115 5008 3493 5069 quamcunque

1906 5095 2122 5152 feminei
2151 5109 2311 5152 sexus
2338 5109 2620 5164 personam
2649 5092 2765 5164 ejus
2797 5095 3099 5149 substantia
3140 5092 3494 5161 gubernetur,

1911 5188 2012 5244 nisi
2042 5198 2132 5241 aut
2160 5202 2255 5257 per
2294 5202 2513 5258 puerum
2545 5199 2634 5240 aut
2678 5202 2777 5257 per
2829 5187 3059 5241 amicum
3101 5197 3253 5237 suam
3280 5180 3498 5235 domum

1912 5285 2074 5341 debet
2103 5285 2389 5339 ordinare:
2422 5283 2468 5337 si
2509 5297 2636 5337 vero
2684 5292 2913 5338 matrem
2941 5282 2992 5334 in
3042 5278 3202 5331 domo
3250 5273 3499 5329 habuerit

1913 5386 2003 5432 aut
2047 5390 2290 5430 sororem
2317 5416 2331 5439 ,
2360 5373 2653 5429 secundum
2711 5374 2944 5443 priorum
2991 5381 3256 5422 canonum
3302 5373 3498 5421 statuta

1913 5485 2009 5542 per
2036 5485 2220 5525 eurum
2251 5483 2507 5537 personas
2537 5467 2654 5539 ejus
2697 5467 2856 5521 debet
2883 5461 3149 5518 contutari
3174 5459 3493 5515 substantia.

1907 5565 2043 5622 VIII.
2075 5565 2154 5620 De
2182 5564 2326 5620 laicis
2356 5565 2443 5634 qui
2471 5563 2676 5617 viduam
2698 5569 2786 5612 aut
2805 5557 3074 5634 dimissam
3093 5555 3404 5624 acceperint,
3435 5560 3496 5607 ut

2294 5637 2347 5690 in
2368 5629 2570 5689 clerum
2611 5649 2712 5686 non
2748 5629 3100 5681 admittantur.

1969 5727 2027 5784 Si
2057 5728 2175 5800 quis
2201 5741 2331 5783 vero
2371 5726 2440 5782 de
2484 5723 2632 5779 laicis
2684 5725 2805 5790 post
2835 5729 3059 5772 uxorem
3108 5717 3270 5774 aliam
3313 5714 3494 5784 cujus-

296 5905 319 5935 ι
341 5897 415 5958 ει
439 5896 532 5960 Β.
560 5898 878 5974 desumme
899 5911 1075 5958 canon
1099 5894 1212 5966 hic,
1236 5893 1330 5968 qui
1357 5893 1413 5952 in
1442 5890 1664 5965 reliquis
1691 5887 1980 5951 Codicibus
1999 5900 2180 5960 neque
2197 5898 2422 5946 sensum
2449 5892 2626 5952 neque
2644 5874 2897 5952 syntaxin
2923 5873 3169 5938 exhibet.
