4024 6350
1224 338 1613 401 COLLECTIO
1648 336 1979 399 CANONUII
2020 335 2080 395 S.
2123 332 2403 400 ISIDORO
2442 328 2711 391 HISPAL.
2754 325 3113 389 ASCRIPTA.

3673 326 3804 387 516

492 487 711 544 «nque
760 470 1086 528 conditionis
1132 466 1446 537 cognoverit
1498 462 1799 526 mulierem,
1826 461 1878 519 in
1935 459 2083 519 clero
2110 464 2160 531 Α
2185 454 2409 524 cipiunt,
2442 462 2502 509 ut
2527 451 2739 522 aliquod
2771 450 2996 509 mortale
3024 458 3301 523 peccatum
3325 458 3665 525 perpetrasse
3688 464 3795 519 pu-

501 567 805 623 nullatenus
834 563 1162 617 admittatur.

504 657 595 717 lX.
625 657 706 713 De
728 658 806 711 his
835 656 922 725 qui
963 654 1161 722 publica
1199 650 1547 725 "nilominus
1570 663 1673 704 non
1719 646 1975 711 accipiunt
1998 644 2090 699 sed

675 722 871 783 tantum
896 727 1153 787 uiaticum,
1182 733 1237 778 ut
1264 724 1316 777 in
1340 722 1478 778 clero
1509 726 1922 790 promoveantur.

575 820 624 879 is
649 833 778 877 vero
805 818 895 889 qui
916 814 1250 887 aegritudinis
1307 813 1565 883 languore
1615 812 1899 879 depressus
1930 808 2090 881 302

505 913 835 983 pmnitentia:
882 906 1337 976 benedictionem,
1379 905 1520 979 quod
1566 905 1814 963 viaticum
1870 903 2093 973 deputa-

503 1022 645 1074 mus.
679 1020 775 1073 per
819 1002 1256 1063 communionem
1296 998 1602 1067 acceperit,
1645 1006 1702 1057 et
1750 996 2093 1067 postmodum

503 1097 840 1153 revalescens
864 1107 1026 1166 caput
1057 1092 1381 1162 pmnitentim
1414 1093 1464 1145 in
1493 1089 1719 1148 ecclesia
1748 1087 1960 1161 publice
1983 1101 2095 1142 non

486 1191 819 1268 subdiderit,
836 1191 884 1253 si
904 1190 1191 1261 prohibitis
1212 1188 1353 1250 vitiis
1380 1203 1487 1250 non
1512 1185 1783 1245 detinetur
1805 1182 2092 1252 obnoxius,

504 1284 823 1338 admittatur
848 1282 914 1337 ad
939 1284 1162 1337 clerum.

507 1375 573 1438 Χ.
610 1375 685 1429 De
728 1384 756 1412 λ
799 1375 1101 1429 discretione
1160 1373 1512 1442 paenitentiam

480 1452 481 1459 ‘
577 1445 944 1501 ecclesiasticos
992 1444 1197 1499 ordines
1244 1444 1529 1515 promoueri

576 1527 715 1571 sunt.

481 1626 489 1639 ι
576 1608 639 1662 ili
667 1607 758 1677 qui
786 1607 844 1663 in
873 1606 1187 1665 discrimine
1242 1605 1521 1663 constituti
1551 1603 1927 1674 pmnitentiam
1957 1602 2099 1659 acci-

503 1698 659 1768 piunt
684 1698 828 1753 nulla
856 1698 1133 1753 manifesta
1158 1698 1362 1753 scelera
1393 1696 1733 1760 conﬁtentes,
1762 1695 1855 1750 sed
1889 1702 2097 1750 tantum

476 1801 821 1862 [peccatores
839 1806 899 1848 se
927 1792 1304 1861 pmdicsntes;
1338 1789 1645 1860 huiusmodi
1676 1789 1718 1842 si
1748 1787 2097 1855 revaiuerint,

1555 1388 1576 1428 .'
1630 1373 1720 1495 iui
1775 1376 1985 1439 possunt
2030 1367 2098 1421 ad

1570 1444 1625 1495 vi
1686 1443 1776 1495 aui
1816 1456 1916 1494 non
1971 1456 2096 1495 nos-

1570 1444 1651 1501 υει
1686 1444 1776 1513 qui
1816 1456 1916 1494 non
1970 1456 2096 1511 pos-

2193 552 2331 606 blice
2354 548 2645 610 fateamur,
2672 545 2739 601 ad
2762 545 2967 601 clerum
2993 543 3077 600 vel
3124 543 3358 600 honores
3382 542 3801 600 ecclesiasticos

2192 642 2478 713 pervenire
2521 639 2829 694 nullatenus
2882 645 3125 709 possunt,
3155 635 3279 707 quia
3331 650 3391 691 se
3446 635 3802 692 umiessione

2197 734 2411 805 propria
2453 739 2792 788 nctaverunt.

2196 853 2286 911 XI.
2322 851 2390 908 Ut
2430 849 2457 892 δ
2484 849 2715 906 omnibus
2743 848 2920 903 dieous
2962 843 3260 916 vespertinis
3288 850 3336 897 et
3362 840 3627 895 matutinis
3650 856 3788 894 ora-

2661 924 2730 975 tie
2776 918 3031 973 dominica
3094 916 3318 969 dicatur.

2266 1045 2343 1103 ita
2375 1044 2531 1101 nobis
2562 1044 2781 1115 placuit,
2815 1052 2870 1097 ut
2917 1038 3169 1095 omnibus
3197 1036 3388 1092 diebus
3423 1042 3546 1103 post
3573 1034 3801 1090 matuti-

2195 1152 2295 1199 nos
2319 1146 2375 1197 et
2397 1150 2650 1211 vesperae
2687 1134 2860 1195 oratio
2911 1129 3180 1191 dominica
3235 1141 3267 1186 a
3296 1127 3579 1185 sacerdote
3610 1125 3805 1198 profe-

2196 1242 2364 1286 ratur.

2267 1323 2503 1381 Joannes
2531 1321 2584 1377 in
2608 1318 2807 1377 Christi
2833 1316 3054 1373 nomine
3083 1313 3374 1387 episcopus
3395 1309 3692 1382 subscripsi
3703 1352 3713 1358 .

2270 1414 2653 1473 Frontinianus
2699 1413 2755 1471 in
2792 1409 2994 1472 Christi
3048 1407 3272 1467 nomine
3315 1407 3601 1478 episcopus
3653 1401 3800 1457 sub-

2196 1507 2409 1575 “ripsi.

2270 1599 2462 1661 Paulus
2483 1599 2535 1653 in
2554 1595 2752 1655 Christi
2776 1595 2993 1651 nomine
3021 1592 3307 1663 episcopus
3336 1587 3651 1659 subscripsi.

2270 1692 2517 1760 Agripius
2543 1702 2564 1730 ιτ
2598 1689 2652 1747 in
2681 1687 2884 1746 Christi
2918 1683 3135 1743 nurnine
3164 1683 3449 1753 episcopus
3472 1678 3800 1747 subscripsi.

2268 1784 2526 1855 Cynidius
2554 1783 2605 1837 in
2634 1780 2836 1837 Christi
2878 1778 3097 1843 nomine
3126 1778 3412 1845 episcopus
3458 1771 3787 1838 subscripsi.

504 1854 728 1953 possunt
757 1854 1042 1954 etiam-per
1071 1854 1299 1943 morum
1326 1854 1647 1951 probitatem
1679 1883 1744 1938 nd
1770 1882 1970 1952 gradus
2000 1854 2094 1936 ec?
2124 1854 2176 1918 Β
2273 1854 2542 1933 Nibuidius
2566 1876 2616 1929 in
2639 1874 2837 1928 Christi
2883 1872 3104 1926 nomine
3135 1870 3423 1940 episcopus
3468 1863 3792 1932 subscripsi.

502 1975 838 2035 desinaticos
860 1977 1143 2047 pervenire
1178 1994 1194 2035 t
1221 1977 1313 2048 qui
1347 1992 1476 2034 vero
1503 1978 1573 2032 ita
1603 1974 1972 2047 penitentiam
2004 1987 2093 2029 ac-

474 2103 482 2115 '
508 2107 822 2233 exigam.
847 2108 1180 2179 depromitur
1205 2124 1377 2166 canon
1402 2110 1526 2178 iste,
1551 2123 1673 2164 cum
1704 2108 1843 2165 desit
1871 2107 1923 2163 in
1956 2106 2023 2162 Δ.
2046 2113 2104 2162 et

648 2195 687 2232 l'l
728 2218 740 2231 .

648 2195 740 2232 I'IS.

574 2246 599 2284 ’³
626 2251 808 2307 Canon
833 2252 923 2311 hic
952 2253 1005 2306 in
1052 2252 1277 2321 reliquis
1304 2251 1591 2313 Codicibus
1636 2260 1830 2322 praeter
1877 2250 1967 2309 ΛΕ.
1995 2266 2097 2304 nu-

2267 1967 2521 2027 Urontius
2549 1967 2600 2023 in
2652 1964 2850 2023 Christi
2898 1964 3117 2022 nomine
3164 1960 3446 2032 episcopus
3473 1953 3797 2023 subscripsi.

2206 2119 2357 2157 mem
2381 2103 2592 2158 decimo
2618 2108 2851 2165 notatur,
2889 2098 3011 2168 quia
3065 2093 3379 2167 praecedens
3416 2093 3469 2147 in
3516 2090 3648 2160 ipsis
3692 2088 3797 2143 de-

2204 2175 2397 2230 fuerat.

2274 2259 2297 2286 ο
2329 2246 2488 2311 Β.Β.,
2516 2244 2582 2299 Τ.
2608 2244 2658 2310 1,
2689 2242 2781 2307 U.,
2810 2241 2901 2307 G.,
2936 2239 3193 2312 Agricius.

476 2360 3796 2427 ‘W

2052 2542 2233 2615 XLI

1096 2686 1762 2773 CONCILIUM
1837 2675 3106 2768 C/ESARAUGUSTANUM
3180 2672 3222 2754 Ι

1364 2846 1700 2890 DUODECIM
1746 2842 2213 2903 EPISCOPORUM,
2261 2843 2322 2888 IV
2368 2839 2571 2884 NONAS
2616 2836 2944 2881 OCTOBBIS.

568 2998 969 3065 Caesaraugusta
1019 2996 1069 3050 in
1113 2995 1406 3051 secretario
1436 2995 1799 3052 residentibus
1820 2994 2085 3064 episc0pis

495 3091 703 3147 Fitadio
759 3086 879 3162 [U.,
928 3086 1184 3161 Hitadio],
1222 3089 1466 3156 Dclilno,
1502 3089 1785 3161 Entychio.
1818 3090 2086 3159 Ampelio,

495 3181 782 3246 Auxentio,
848 3180 1030 3248 Lucio,
1083 3179 1243 3233 Itncio
1297 3179 1417 3253 [U.,
1465 3178 1707 3251 Etacio],
1758 3178 2086 3246 Splentlonio

478 3273 686 3347 ‘[B.It.,
716 3270 1075 3345 Splendinio],
1100 3270 1335 3336 Valerio,
1368 3262 1674 3344 Symposio,
1725 3270 2008 3327 Cartherio
2031 3280 2088 3330 et

493 3368 670 3425 ldacio
697 3366 817 3441 [U.,
854 3363 1115 3437 llidaciu].
1140 3365 1208 3420 ab
1250 3365 1513 3421 universis
1559 3364 1757 3421 dictum
1782 3375 1899 3422 est:
1928 3365 2083 3423 Reci—

498 3467 674 3517 tentur
697 3460 999 3515 sententiae.
1023 3457 1215 3513 Lucius
1235 3459 1523 3531 episcOpus
1550 3458 1697 3529 legit.

496 3573 658 3644 303
690 3572 729 3627 Ι.
763 3570 832 3626 Ut
853 3571 1077 3644 [eosinter
1106 3569 1281 3639 ﬁdeles
1312 3586 1343 3622 a
1372 3571 1600 3627 eiramns
1635 3571 1922 3627 alienorum
1945 3572 2084 3629 coti-

1061 3643 1151 3697 bus
1190 3651 1510 3712 separentur.

566 3754 638 3812 Ut
667 3755 921 3813 mulieres
945 3770 1132 3811 omnes
1161 3755 1414 3813 Ecclesiae
1434 3756 1716 3815 catholicae
1742 3766 1798 3814 et
1837 3758 2024 3815 lideles
2046 3772 2079 3813 a

495 3846 730 3902 virorum
761 3847 1057 3905 alienorum
1096 3848 1329 3906 lectione
1376 3856 1431 3907 et
1463 3849 1691 3907 ctetibus
1743 3861 2084 3917 separentur,

470 3943 577 3998 -vel
609 3941 675 3998 ad
714 3944 859 4012 ipsas
887 3941 1123 4012 legentes
1153 3940 1273 3999 aliis
1298 3941 1480 4001 studio
1502 3942 1585 3999 vel
1610 3944 1835 4001 docendi
1862 3944 1946 4000 vel
1976 3944 2088 3999 dis-

490 4032 651 4089 cendi
678 4034 1018 4101 conveniant,
1049 4032 1304 4102 quoniam
1349 4034 1452 4091 hoc
1492 4033 1779 4102 Apostolus
1802 4035 1973 4103 jubet.
2002 4033 2084 4094 Ab

494 4124 759 4181 universis
784 4124 1052 4193 episcopis
1070 4124 1270 4181 dictum
1298 4135 1382 4185 est
1407 4141 1422 4181 :
1447 4124 1742 4184 Anatbeina
1768 4125 1974 4185 futuros
1994 4127 2083 4198 qui

495 4214 635 4272 hanc
658 4215 870 4271 concilii
896 4217 1212 4275 sententiam
1243 4232 1347 4274 non
1374 4218 1798 4275 observaverint.

480 4328 562 4385 ‘ll.
597 4328 665 4385 Ut
687 4330 863 4385 dtebtte
878 4329 1150 4384 dominicis
1184 4330 1361 4384 nullus
1377 4331 1574 4400 jejunet
1609 4348 1702 4385 nec
1722 4332 1899 4389 diebus
1947 4332 2089 4399 Qua-

837 4401 1139 4471 dragesima
1164 4402 1227 4459 ob
1254 4402 1464 4459 ecclesia
1501 4403 1747 4461 absentet.
2118 4416 2127 4424 '

572 4511 703 4567 Item
746 4513 871 4583 legit
900 4530 915 4570 :
943 4514 1023 4569 Ne
1077 4514 1197 4584 quis
1242 4513 1450 4585 ieiunet
1502 4515 1590 4571 die
1626 4515 1891 4573 dominica
1930 4532 2087 4574 causa

500 4605 763 4676 temporis
794 4616 884 4662 aut
909 4607 1270 4676 persuasionis
1294 4618 1385 4665 aut
1431 4609 1847 4677 superstitionis,
1880 4619 1934 4665 et
1962 4626 2088 4681 qus-

501 4696 926 4768 dragesimarum
954 4698 1040 4753 die
1062 4700 1132 4753 ab
1158 4698 1403 4755 ecclesiis
1433 4716 1539 4755 non
1594 4701 1773 4757 desint
1815 4718 1912 4757 nec
1942 4702 2092 4758 babi-

374 4778 389 4785 ”
472 4826 475 4831 λ
502 4801 616 4847 tent
658 4791 875 4849 latibula
916 4793 1278 4852 cubicuiorum
1309 4809 1372 4850 ac
1399 4796 1660 4852 montium
1688 4795 1779 4865 qui
1802 4796 1854 4853 in
1880 4796 1964 4851 his
1994 4812 2087 4851 su-

480 4886 829 4955 spicionibus
852 4898 1212 4956 perseverant,
1236 4889 1332 4944 sed
1354 4888 1657 4958 exemplum
1683 4896 1739 4947 et
1768 4899 2087 4958 plliceplunt
2119 4885 2172 4949 D

500 4976 802 5039 custodiant
830 4982 1164 5039 sacerdotum
1192 4990 1248 5039 et
1272 4982 1339 5039 ad
1360 4982 1562 5038 alienas
1587 4980 1742 5037 villas
1761 4981 2086 5052 agendorum

501 5082 857 5129 eonventuum
914 5088 1074 5130 causa
1133 5089 1241 5131 non
1292 5076 1636 5132 conveniant.
1688 5074 1772 5133 Ab
1826 5075 2091 5132 universis

500 5166 770 5238 episcopis
789 5168 993 5225 dictum
1020 5177 1103 5225 est
1133 5187 1146 5224 ε
1181 5171 1480 5227 Anathema
1505 5169 1579 5228 sit
1609 5167 1701 5240 qui
1730 5169 1833 5228 hoc
1853 5167 2092 5227 commi-

501 5263 654 5318 serit.

504 5351 595 5408 Ill.
626 5353 694 5408 Ut
721 5371 809 5425 qus
848 5354 1213 5412 eucharistiam
1238 5358 1292 5409 in
1318 5356 1531 5412 ecclesia
1555 5354 1741 5422 accipit
1780 5361 1829 5409 et
1876 5352 1950 5411 ibi
1974 5367 2088 5409 eant

898 5442 1001 5487 non
1038 5432 1191 5485 sumit
1212 5429 1693 5485 anathematisetur.

574 5515 704 5577 item
734 5516 861 5587 legit
891 5536 903 5575 :
935 5519 1283 5577 Eucharistite
1324 5517 1546 5590 gratiam
1592 5519 1637 5573 si
1681 5517 1800 5589 quis
1830 5515 2087 5589 probatur

503 5620 774 5679 acceptam
805 5610 858 5665 in
888 5611 1116 5669 ecclesia
1143 5627 1248 5669 non
1276 5611 1591 5679 sumpsisse,
1618 5608 1902 5667 anathema
1934 5608 2004 5661 sit
2034 5610 2085 5663 in

505 5713 841 5773 perpetuum.
857 5704 1213 5763 Abuniversis
1234 5704 1503 5779 episcopis
1524 5702 1725 5761 dictum
1749 5710 1861 5759 est:
1883 5700 2084 5757 Placet.

578 5888 603 5919 ⁸
633 5878 750 5949 ιΕ.,
780 5881 841 5935 T.
872 5883 928 5950 ί,
964 5883 1314 5951 observaverit,
1347 5883 1429 5942 his
1454 5880 1669 5936 decretis
1694 5879 1991 5939 anathema.

2200 2992 2287 3049 IV.
2322 2990 2390 3047 Ut
2416 2990 2575 3046 tribus
2626 2986 2957 3043 hebdomadis
3004 3000 3119 3055 qua:
3153 2992 3270 3038 sunt
3294 2992 3414 3038 ante
3446 2982 3795 3055 Epiphaniam

2621 3062 2684 3116 ab
2725 3060 2932 3117 ecclesia
2966 3073 3116 3114 nemo
3143 3057 3359 3113 recedet.

2266 3198 2401 3253 Item
2433 3196 2559 3267 legit
2590 3214 2602 3250 :
2636 3196 2833 3264 Viginti
2854 3202 2905 3249 et
2940 3208 3044 3247 uno
3088 3193 3176 3248 die
3223 3208 3328 3263 quo
3351 3206 3380 3245 a
3408 3207 3497 3245 xvn
3524 3190 3789 3245 Kalendas

2194 3291 2476 3349 Ianuarias
2506 3303 2677 3358 usque
2700 3288 2751 3345 in
2779 3286 2919 3343 diem
2944 3283 3256 3359 Epiphaniae
3284 3281 3447 3359 304
3471 3284 3559 3353 qui
3591 3290 3787 3337 estvttt

2195 3380 2318 3436 ldus
2346 3381 2628 3436 Januarias
2646 3378 2914 3434 continuis
2933 3377 3125 3434 diebus
3156 3376 3288 3431 nulli
3322 3376 3481 3429 licent
3511 3375 3579 3427 de
3607 3374 3787 3427 eccle-

2111 3513 2159 3577 ο
2195 3477 2274 3533 sia
2300 3477 2603 3540 sbsentare,
2628 3488 2729 3531 nec
2750 3474 2914 3530 latere
2942 3472 2997 3528 in
3026 3472 3296 3536 domibus,
3320 3484 3417 3526 nec
3447 3468 3704 3525 secedere
3730 3468 3787 3522 in

2194 3568 2398 3635 villam,
2431 3582 2531 3624 nec
2561 3575 2770 3622 montes
2819 3574 3023 3635 petere,
3048 3576 3146 3620 nec
3173 3562 3330 3617 nudis
3378 3560 3606 3629 pedibus
3636 3561 3786 3615 ince-

2189 3661 2341 3727 dere,
2375 3660 2469 3716 sed
2500 3672 2824 3715 concurrere
2879 3656 2945 3711 ad
2987 3654 3273 3712 ecclesiam
3304 3651 3486 3722 :quod
3540 3650 3629 3722 qui
3678 3663 3791 3707 non

2190 3754 2558 3812 observaverit
2601 3754 2671 3807 de
2714 3749 3001 3819 susceptis,
3052 3746 3339 3803 anathema
3383 3744 3455 3801 sit
3500 3744 3552 3799 in
3596 3757 3791 3814 perpe-

2191 3855 2341 3902 tuum
2366 3855 2416 3901 ι.
2449 3844 2535 3902 Ab
2561 3844 2831 3903 universis
2850 3840 3119 3913 episcopis
3136 3838 3349 3897 'dictutn
3377 3845 3463 3897 est
3492 3852 3507 3892 :
3538 3835 3788 3891 Anothe-

2191 3952 2278 3993 ma
2304 3938 2395 3991 sit.

2266 4050 2327 4106 ν.
2366 4052 2430 4103 Ut
2457 4048 2547 4119 qui
2569 4064 2599 4102 α
2622 4049 2727 4104 suis
2772 4047 3023 4118 episcOpis
3076 4045 3347 4117 privamur
3384 4043 3449 4097 ab
3471 4041 3594 4096 aliis
3613 4055 3715 4094 non

2820 4122 3154 4189 recipiantur.

2262 4233 2393 4289 item
2424 4233 2619 4288 lectum
2644 4229 2873 4287 estzlJt
2901 4229 2955 4285 bi
3002 4230 3093 4298 qui
3150 4242 3250 4298 per
3297 4224 3638 4292 disciplinam
3694 4231 3792 4278 aut

2191 4326 2511 4382 sententiam
2553 4324 2789 4394 episcopi
2832 4322 2901 4379 ab
2928 4322 3169 4379 Ecclesia
3216 4317 3414 4374 iuerint
3459 4314 3693 4387 separati
3720 4314 3792 4370 ab

2191 4418 2311 4474 aliis
2335 4416 2603 4486 episc0pis
2628 4430 2734 4471 non
2772 4414 2880 4470 sint
2926 4411 3248 4483 recipiendi;
3277 4408 3417 4480 quod
3447 4408 3493 4462 si
3546 4408 3784 4463 scientes

2189 4509 2430 4582 episcOpi
2480 4508 2727 4577 iecerint,
2782 4521 2887 4560 non
2943 4504 3175 4561 habeant
3217 4500 3675 4558 communionem.
3705 4498 3788 4555 Ab

2190 4603 2457 4658 universis
2487 4600 2754 4675 episcopis
2780 4598 2980 4655 dictum
3010 4605 3093 4651 est
3120 4615 3131 4649 :
3162 4596 3261 4663 Qui
3295 4596 3395 4649 hoc
3426 4589 3785 4658 commiserit,

2191 4695 2565 4765 episcoporum
2591 4706 2698 4746 non
2728 4689 2923 4745 habeat
2952 4685 3407 4743 communionem.

2195 4826 2283 4884 Vi.
2321 4826 2389 4883 Ut
2415 4827 2633 4883 clericus
2659 4824 2749 4895 qui
2796 4828 3002 4893 propter
3052 4819 3312 4902 licentiam
3341 4812 3628 4872 monachus
3680 4811 3793 4875 vult

2672 4911 2781 4953 8888
2818 4900 3308 4951 excommuntcetur.

2266 5012 2394 5067 Item
2423 5011 2551 5081 legit
2585 5029 2597 5063 :
2629 5010 2687 5065 Si
2716 5008 2835 5077 quis
2866 5006 2932 5061 de
2967 5003 3182 5062 clericis
3230 5009 3450 5072 propter
3476 4998 3660 5057 luxum
3689 5010 3794 5053 va-

2194 5104 2528 5174 nitatemque
2553 5109 2931 5172 prasumptam
2980 5098 3049 5155 de
3077 5093 3257 5153 cilicio
3310 5106 3410 5148 suo
3453 5100 3645 5164 sponte
3673 5089 3791 5153 dis-

2192 5199 2437 5263 cesserit,
2468 5210 2529 5251 ac
2558 5210 2618 5251 se
2645 5196 2790 5250 velut
2817 5192 3237 5248 observatiorem
3270 5189 3403 5256 legis
3434 5187 3490 5241 in
3521 5183 3789 5240 monacho

2195 5289 2359 5345 videri
2394 5286 2620 5343 voluerit
2646 5303 2766 5344 esse
2803 5301 2962 5357 quam
3012 5283 3289 5349 clericum,
3324 5282 3394 5336 ita
3446 5279 3515 5334 de
3546 5276 3789 5331 Ecclesia

2194 5381 2560 5452 repellendum
2592 5391 2649 5437 ut
2676 5381 2778 5435 nisi
2830 5378 3067 5449 rogando
3112 5362 3276 5444 atque
3325 5368 3671 5427 observando
3694 5366 3785 5439 [T.

2195 5471 2245 5538 i,
2274 5471 2329 5539 2,
2359 5470 2462 5539 1].,
2492 5466 2849 5540 obsecrando]
2878 5467 3118 5537 plurimis
3146 5462 3479 5533 temporibus
3502 5456 3786 5512 satisfece-

2191 5566 2280 5631 rit,
2324 5580 2426 5618 non
2470 5563 2775 5634 recipiatur.
2821 5560 2906 5616 Ab
2944 5559 3214 5617 universis
3252 5553 3523 5639 episcopis
3580 5550 3787 5607 dictum

2192 5666 2277 5713 est
2305 5674 2318 5710 :
2344 5655 2418 5711 Ita
2443 5656 2553 5712 ﬂat.
