4024 6350
223 360 325 427 5Ιῖ

976 358 1288 427 CONCILIA
1329 358 1699 425 HISPANI£.
1740 389 1814 413 τη
1846 357 2580 427 ΒΕΒΛΒΑΗΘΠΞΤΑΝΠΜ
2625 359 2711 421 ill.

3396 366 3504 422 518

224 475 331 533 VH.
370 474 441 531 Ut
457 476 675 532 doctoris
697 476 794 541 sibi
816 493 997 535 nomen
1021 493 1123 539 non
1151 477 1378 546 imponat
1399 478 1485 532 cui
1509 492 1805 533 concessum
1832 478 1883 552 Α
1981 476 2141 548 305
2182 476 2312 532 νιιι.
2344 474 2426 558 fit
2452 484 2474 511 °
2506 488 2626 558 ante
2649 474 2995 558 quadraginta
3024 494 3189 535 annos
3219 484 3498 538 sanctimo-

908 566 1007 601 non
1027 558 1118 603 est.

288 638 421 695 Item
446 639 644 695 lectum
670 649 753 696 est
779 658 791 694 :
816 639 893 695 Ne
919 641 1038 709 quis
1074 639 1310 695 doctoris
1336 638 1440 694 sibi
1491 653 1685 694 nomen
1712 642 1809 693 im-

216 740 381 805 ponat
412 741 609 803 praeter
661 732 758 788 has
807 747 1064 803 personas
1111 732 1305 803 quibus
1362 746 1677 787 concessum
1705 741 1806 799 est,

214 824 517 880 secundum
549 824 601 879 id
649 824 791 895 quod
850 826 1108 898 scriptum
1153 834 1257 881 est.
1291 824 1375 881 Ab
1418 825 1683 891 universis
1702 827 1814 896 epi-

214 919 398 990 scopis
430 916 637 973 dictum
667 927 750 975 est
782 936 795 971 :
823 904 1022 973 Placet.

285 1043 312 1071 ι
356 1032 522 1089 Deest
549 1033 635 1089 hic
660 1048 829 1101 canon
854 1034 906 1089 in
934 1032 1001 1089 U.

2302 547 2464 600 niales
2490 547 2708 617 virgines
2737 564 2839 604 non
2870 550 3114 605 velentur.

1988 638 2118 693 Item
2164 638 2359 693 lectum
2417 650 2540 692 est:
2574 639 2689 695 Non
2748 641 3005 703 velandas
3046 654 3166 698 esse
3222 642 3496 715 virgines.

1921 734 2084 811 306
2114 748 2232 803 qute
2262 746 2320 787 se
2351 731 2461 786 Deo
2488 734 2739 797 voverint
2760 778 2775 804 ,
2818 735 2916 797 nisi
2947 736 3299 806 quadraginta
3331 751 3502 797 anno-

1920 844 2038 885 rum
2082 828 2300 899 probata
2329 837 2521 891 aatate,
2554 842 2711 905 quam
2755 830 3009 889 sacerdos
3052 832 3503 901 comprobaverit.

1926 920 2007 976 Ab
2038 919 2303 977 universis
2331 920 2597 990 episcopis
2625 920 2825 977 dictum
2854 932 2935 981 est
2967 940 2982 980 :
3018 924 3221 987 Placet.

778 1364 1450 1449 CONCILIUM
1528 1242 2793 1461 C/ESXAISIIAUGUSTANUM
2868 1368 2945 1457 II

1182 1502 1348 1545 ANNO
1396 1502 1479 1555 VII
1533 1504 1852 1551 BECAREDI
1898 1503 2109 1561 REGIS,
2154 1505 2297 1547 EBA
2341 1505 2593 1557 DCXXX.

288 1650 329 1707 1.
386 1648 523 1706 Cum
565 1649 620 1705 in
660 1648 753 1704 Dei
793 1650 1011 1705 nomine
1052 1651 1107 1705 in
1151 1650 1337 1705 urbem
1382 1649 1813 1719 Cresaraugusta-
1844 1653 1891 1712 B
1922 1658 2197 1720 percepta,
2223 1664 2252 1703 a
2278 1652 2549 1705 catholico
2580 1652 2863 1711 sacerdote
2893 1663 3281 1712 consecrentur
3311 1660 3508 1722 denuo.

218 1760 339 1801 nam
390 1743 683 1815 provinciae
733 1743 1159 1798 Tarraconensis
1189 1758 1254 1797 ex
1296 1743 1561 1811 permissu
1593 1740 1813 1808 gloriosi

214 1844 377 1906 atque
409 1832 732 1889 sanctissimi
775 1833 1031 1904 principis
1080 1831 1341 1888 Recaredi
1390 1832 1534 1903 regis
1590 1833 1643 1888 in
1672 1847 1815 1897 anno

215 1930 448 2000 septimo
481 1929 628 1998 regni
656 1927 772 1998 ejus
806 1927 1118 1997 congregati
1151 1926 1441 1985 iuissemus
1488 1941 1584 1995 pro
1618 1926 1712 1980 Dei
1744 1926 1813 1979 ti-

214 2039 371 2079 more
395 2032 707 2089 tractantes,
732 2022 784 2076 id
817 2022 1018 2091 placuit
1045 2029 1248 2075 sanctae
1271 2034 1333 2073 ac
1355 2018 1647 2073 venerabili
1683 2034 1814 2088 syn—

211 2116 323 2172 odo
345 2122 379 2185 ,'
408 2125 468 2170 ut
516 2113 818 2184 presbyteri
848 2114 937 2181 qtti
968 2126 1034 2165 ex
1078 2110 1273 2165 haeresi
1320 2111 1519 2164 Ariana
1558 2109 1622 2161 ad
1656 2122 1799 2163 sano

214 2205 689 2263 tamtcatbolicam
734 2202 1030 2259 Eeclesiam
1063 2202 1307 2256 conversi
1338 2208 1494 2264 sunt,
1544 2200 1634 2269 qni
1664 2213 1817 2253 sanc~

215 2308 331 2356 tam
361 2306 419 2354 et
448 2314 633 2369 puram
671 2298 827 2351 ﬁdem
861 2306 1024 2366 atque
1052 2295 1408 2350 castissimam
1438 2292 1708 2348 tenuerint
1738 2293 1819 2346 vi-

215 2404 379 2461 tam,
450 2404 669 2461 accepta
735 2392 915 2446 denuo
982 2389 1359 2445 benedictione
1414 2387 1817 2458 presbyteratus

219 2497 415 2546 sancte
448 2497 500 2542 et
536 2500 667 2557 pure
708 2486 1024 2540 ministrare
1054 2480 1522 2537 debeantzcaeteri
1559 2494 1686 2534 vero
1727 2477 1816 2547 qui

223 2581 367 2637 hanc
411 2579 834 2650 suprascriptam
868 2578 1031 2631 vitam
1064 2575 1361 2644 adimplere
1389 2574 1473 2629 vel
1505 2582 1690 2629 tenere
1718 2588 1816 2627 ne-

231 2675 530 2747 glexerint,
583 2672 652 2726 ab
680 2672 861 2726 ofﬁcio
891 2670 1119 2739 depositi
1152 2671 1263 2725 sint
1295 2670 1345 2723 in
1370 2669 1537 2723 clero.
1567 2668 1641 2721 lta
1670 2676 1725 2722 et
1751 2666 1819 2722 de

230 2766 555 2822 diaconibus
585 2767 726 2820 sicut
752 2775 804 2819 et
829 2763 895 2818 tie
921 2762 1249 2833 presbyteris
1278 2763 1623 2816 con~titutum
1654 2768 1755 2813 est.

294 2858 356 2912 ll.
402 2856 601 2914 Statuit
626 2864 808 2911 sancta
842 2856 1078 2926 synodus
1100 2895 1114 2920 ,
1152 2864 1210 2907 ιιι
1241 2852 1481 2921 reliquias
1515 2852 1565 2905 in
1599 2850 1820 2920 quibus-

221 2964 438 3022 cunque
478 2950 609 3003 locis
637 2950 702 3001 de
734 2948 930 3002 Ariana
974 2948 1166 3002 haeresi
1199 2946 1435 3000 inventa:
1464 2941 1667 2999 fuerint
1701 2958 1816 3008 pro-

222 3042 343 3097 lata:
368 3060 396 3095 a
431 3040 824 3107 sacerdotibus,
849 3041 901 3094 in
926 3054 1156 3109 quorum
1182 3037 1430 3093 ecclesiis
1456 3038 1816 3104 reperiuntur,
1848 3027 1896 3091 C

224 3136 566 3205 pontiﬁcibus
604 3142 949 3204 praesentati}:
988 3134 1112 3204 igne
1157 3131 1493 3201 probentur:
1526 3129 1667 3199 quod
1711 3128 1753 3182 si
1786 3144 1817 3181 a

228 3226 563 3294 quibuslibet
589 3224 873 3279 occultata:
898 3226 1098 3278 iuerint
1125 3229 1181 3276 et
1212 3222 1559 3290 detegnntur,
1591 3236 1619 3273 a
1644 3234 1820 3274 sacro-

222 3327 427 3374 unctae
456 3318 739 3372 catholicas
773 3316 1029 3371 Ecclesite
1056 3325 1197 3370 cmtu
1228 3323 1598 3385 segregentur.

295 3410 383 3466 Ill.
428 3410 626 3467 Statuit
653 3419 837 3465 sancta
871 3410 1141 3479 synodus,
1176 3418 1232 3462 ut
1260 3408 1498 3479 episcopi
1530 3406 1598 3461 de
1622 3406 1816 3461 Ariana

228 3502 422 3560 ha'resi
452 3505 733 3559 venientes
754 3543 768 3567 ,
820 3505 864 3557 si
898 3518 1029 3570 quas
1058 3504 1317 3557 ecclesias
1347 3502 1448 3556 sub
1480 3503 1697 3555 nomine
1727 3516 1817 3554 ca-

224 3594 443 3657 tholicae
475 3595 595 3650 lidei
635 3596 1105 3662 consecraverint,
1159 3594 1387 3651 necdum
1434 3592 1815 3649 benedictione

1920 1743 2030 1799 Sub
2059 1744 2145 1798 die
2174 1743 2534 1799 Kalendarum
2554 1745 2935 1799 Novembrium
2964 1762 3103 1801 anno
3128 1765 3232 1819 quo
3258 1768 3439 1822 supra.

1992 1840 2266 1892 Artemius
2311 1839 2362 1891 in
2414 1836 2614 1893 Christi
2662 1839 2876 1891 nomine
2916 1838 3206 1911 episcopus
3256 1843 3513 1900 Tarraco-

1922 1933 2109 1987 nensis
2152 1931 2445 1999 provincia:
2490 1933 2936 2000 metropolitanus
2991 1933 3129 1988 hanc
3173 1938 3514 1994 constitutio-

1920 2039 2041 2078 nem
2076 2023 2394 2093 subscripsi.

1995 2117 2330 2187 Sephronius
2349 2116 2402 2170 in
2427 2114 2625 2170 Christi
2649 2115 2867 2171 nomine
2895 2116 3178 2188 episcopus
3208 2118 3346 2176 hanc
3374 2135 3543 2183 eone.

1921 2209 2265 2265 stitutionem
2294 2207 2617 2276 subscripsi.

1992 2302 2300 2370 Stephanus
2365 2303 2417 2356 in
2478 2300 2677 2357 Christi
2745 2300 2960 2357 nomine
3026 2302 3312 2374 episcopus
3382 2294 3511 2361 sub;

1922 2397 2138 2464 scripsi.

1991 2486 2236 2542 Jnlianus
2267 2486 2319 2540 in
2346 2484 2549 2541 Christi
2582 2484 2802 2541 nomine
2841 2487 3131 2556 episcopus
3162 2486 3475 2558 subscripsi.

1992 2580 2303 2650 Simplicius
2329 2581 2380 2635 in
2409 2580 2609 2635 Christi
2642 2580 2862 2637 nomine
2888 2582 3170 2651 episcopus
3198 2582 3513 2653 subseripsi.

1994 2672 2241 2727 Asterius
2283 2674 2333 2728 in
2365 2671 2560 2728 Christi
2589 2672 2806 2729 nomine
2837 2674 3133 2746 episcopus,
3154 2675 3474 2746 subscripsi.

1996 2764 2225 2819 Montius
2254 2766 2304 2821 in
2336 2764 2536 2819 Christi
2568 2768 2786 2822 nomine
2816 2769 3102 2835 episcopus
3124 2745 3441 2839 subscripsi.

1998 2855 2221 2909 Liliolus
2252 2857 2301 2910 in
2330 2856 2530 2911 Christi
2556 2859 2772 2913 nomine
2794 2859 3080 2929 episcopus
3102 2861 3417 2931 subscripsi.

2002 2945 2223 3016 Magnus
2250 2949 2300 2999 in
2330 2946 2530 3001 Christi
2564 2948 2780 3002 nomine
2803 2950 3087 3020 episcopus
3114 2951 3427 3019 subscripsi.

2000 3038 2237 3093 Joannes
2260 3039 2313 3093 in
2341 3037 2545 3093 Christi
2576 3040 2795 3093 nomine
2818 3042 3101 3109 episcopus
3129 3042 3441 3111 subscripsi.

2002 3130 2239 3186 Galanus
2266 3132 2315 3184 in
2344 3130 2543 3184 Christi
2575 3131 2793 3185 nomine
2821 3133 3107 3203 episcopus
3131 3134 3443 3205 subscripsi.

1995 3222 2241 3277 Julianus
2272 3223 2321 3276 in
2352 3222 2556 3277 Christi
2591 3224 2809 3277 nomine
2836 3225 3126 3295 episcopus
3164 3225 3479 3297 subscripsi.

1995 3316 2255 3370 Antedius
2287 3316 2338 3369 in
2361 3314 2558 3369 Christi
2607 3316 2824 3377 nomine
2865 3316 3125 3369 diaconus
3155 3331 3317 3387 agens
3343 3318 3511 3371 vicem

1923 3408 2128 3463 domini
2153 3412 2256 3463 mei
2292 3409 2481 3463 Gavini
2510 3409 2749 3478 episcopi
2780 3409 3098 3479 subscripsi.

2001 3501 2307 3569 Stephanus
2331 3503 2382 3557 in
2408 3501 2604 3557 Christi
2629 3504 2845 3557 nomine
2869 3503 3129 3559 diaconus
3151 3518 3317 3574 agens
3337 3505 3511 3560 vicem

1928 3594 2130 3650 domini
2165 3596 2271 3649 mei
2300 3595 2533 3664 Aquilini
2565 3595 2803 3666 episcopi
2832 3597 3146 3675 subscripsi.

298 3725 323 3752 ἰ
368 3717 528 3772 Deest
585 3715 689 3771 hoc
753 3715 1044 3771 concilium
1092 3712 1144 3777 in
1208 3712 1458 3767 omnibus
1526 3710 1815 3769 Codicibus
1854 3722 2051 3789 praeter
2078 3712 2194 3779 ιΕη
2231 3728 2301 3769 ex
2333 3727 2442 3785 quo
2464 3712 2805 3785 desumptunt
2840 3722 2943 3775 est.

1080 3890 1123 3895 ί’
1628 3890 2016 4017 "'"mti

755 4067 1406 4161 CONCILIUM
1488 4065 2744 4159 CESARAUGUSTANUM
2819 4069 2980 4155 III.

223 4229 519 4279 ΗΔΒΙΤΙΠΙ
565 4229 684 4275 SUB
727 4228 835 4275 ηιιι
879 4226 1324 4273 Κλιειπωιιωί
1371 4224 1817 4279 κονειίιιιιιυως

1951 4224 2030 4265 HO
2060 4222 2124 4267 ιν
2156 4220 2535 4265 οητιιοῡοιι
2583 4220 2792 4274 ATQUE
2839 4217 3240 4265 SIIBNISSIMI
3284 4215 3512 4262 DOKINI

1352 4304 1609 4350 EGICANI
1656 4305 1865 4363 REGIS,
1911 4304 2055 4353 ΕΒΔ
2099 4302 2410 4355 Βαοιιιι.

294 4459 660 4537 307-308
700 4456 1024 4513 Sacerdotes
1056 4453 1304 4524 Domini,
1336 4470 1472 4526 quos
1506 4470 1612 4511 non
1640 4454 1813 4511 solum
1845 4455 1896 4514 D
1924 4463 2124 4509 sanctae
2152 4452 2433 4517 Trinitatis
2464 4451 2726 4524 mysterio
2767 4449 3064 4515 secundum
3096 4448 3378 4513 formulam
3417 4448 3516 4506 Niv-

225 4554 400 4610 divina
440 4555 611 4627 pietas
643 4551 711 4605 ad
739 4548 1108 4623 magisterium
1139 4546 1385 4627 provehit
1424 4561 1635 4603 sacrum
1657 4590 1671 4619 ,
1720 4546 1813 4609 sed

227 4647 384 4703 etiam
416 4658 468 4702 et
500 4647 868 4719 Speculatores
899 4642 1134 4698 instituit
1156 4641 1413 4712 plebium,
1447 4654 1509 4696 ea
1535 4655 1593 4694 se
1621 4640 1818 4695 debent

226 4740 554 4801 auctoritatis
590 4738 798 4793 munire
819 4736 1111 4800 sententia,
1166 4749 1270 4805 quo
1286 4743 1339 4788 et
1366 4732 1561 4789 divinis
1590 4733 1704 4787 sine
1736 4733 1816 4786 in-

228 4830 568 4886 termissione
609 4830 856 4883 insistant
900 4828 1184 4898 praeceptis
1213 4835 1268 4880 et
1308 4836 1553 4880 cunctam
1602 4825 1813 4896 plebem

227 4921 397 4992 dignis
426 4921 767 4989 condirigant
795 4902 1079 4988 exemplis.
1112 4918 1179 4972 Et
1205 4917 1324 4972 ideo
1353 4916 1477 4988 quia
1512 4931 1609 4970 nos
1631 4916 1811 4971 divina

227 5015 488 5071 celsitudo
517 5031 582 5070 ex
612 5015 764 5085 jussu
796 5012 1233 5068 excellentissimi
1263 5020 1319 5071 et
1352 5010 1578 5081 piissimi
1609 5009 1815 5079 magni-

226 5119 325 5176 que
364 5108 459 5163 Dei
494 5106 717 5169 cultoris
748 5106 947 5161 domini
992 5104 1158 5159 nostri
1208 5103 1426 5175 Egicani
1469 5102 1719 5174 principis
1760 5102 1814 5157 in

229 5194 359 5253 hanc
390 5198 931 5269 Ctesaraugustanam
962 5196 1149 5250 urbem
1183 5196 1471 5257 eoat-lunari
1518 5194 1811 5269 praecepit,

228 5298 275 5341 el
314 5289 380 5344 ita
416 5289 520 5349 sub
554 5286 863 5344 omnimoda
891 5286 1225 5356 specialitate
1266 5287 1535 5361 instituit,
1585 5296 1640 5340 ut
1663 5300 1812 5341 rese-

229 5392 378 5438 cante
414 5382 549 5437 falce
573 5381 793 5452 iustitiae
828 5376 1096 5448 aequitatis
1127 5378 1489 5431 consolidetur
1519 5378 1767 5432 materies
1794 5418 1811 5445 ,

231 5458 285 5528 et
309 5475 568 5545 quidquid
599 5472 893 5545 cujuslibet
923 5470 1212 5524 indiscreta
1253 5469 1515 5539 pernicies
1552 5484 1583 5522 a
1612 5471 1815 5525 sanctis

232 5565 654 5625 institutionibus
684 5580 893 5641 patrum
923 5565 994 5621 de
1022 5564 1302 5625 ordinibus
1330 5563 1710 5619 ecclesiasticis
1731 5565 1813 5621 di—

233 5662 376 5735 vellit
407 5664 606 5717 nostris
650 5659 977 5725 elucubratis
1007 5656 1286 5712 sententiis
1320 5655 1431 5711 Deo
1462 5657 1729 5711 mediante
1758 5658 1811 5712 in

233 5748 426 5811 lumine
472 5754 770 5821 deducatur
806 5749 1093 5819 veritatis:
1128 5748 1333 5805 idcirco
1376 5747 1502 5802 dum
1550 5747 1704 5803 nobis
1743 5748 1813 5804 de

1923 4545 2057 4603 caeni
2083 4546 2297 4600 concilii
2322 4543 2502 4607 triduo
2530 4552 2707 4603 mutua
2742 4542 2930 4598 fuisset
2959 4541 3199 4613 collatio,
3222 4556 3287 4599 ea
3309 4557 3429 4610 qua:
3452 4554 3517 4599 se

1921 4639 2083 4703 coetui
2116 4649 2300 4695 nostro
2329 4638 2396 4695 ad
2428 4636 2841 4693 aediﬁcationem
2872 4636 3032 4691 totius
3064 4635 3237 4708 plebis
3262 4633 3515 4707 ingesse—

1920 4740 2043 4797 runt
2093 4732 2385 4800 conSpicua
2428 4729 2778 4800 diligentique
2823 4728 3033 4789 ratione
3079 4736 3508 4797 pertractantes,

1919 4838 2037 4891 qua:
2066 4823 2373 4881 necessaria
2402 4820 2707 4877 exstiterint
2754 4818 2972 4877 Christo
3002 4820 3325 4889 opitulante,
3357 4819 3511 4891 cujus

1920 4928 2020 4969 nos
2070 4928 2233 4973 causa
2281 4913 2473 4971 salutis
2512 4912 2581 4967 ad
2624 4911 2728 4967 hoc
2777 4910 3085 4980 provocavit
3130 4911 3410 4975 studium,
3459 4910 3511 4967 itt

1918 5006 2170 5063 brevibus
2208 5015 2371 5075 atque
2401 5003 2725 5059 continuatis
2749 5003 3000 5074 capitulis
3030 5012 3223 5065 cuncta
3256 5000 3509 5064 deﬁnivi-

1917 5114 2037 5165 mus
2060 5138 2075 5165 ,
2125 5107 2181 5155 et
2208 5099 2273 5154 ad
2304 5097 2659 5173 pereunitatis
2690 5112 2802 5155 sua:
2846 5098 3011 5155 robur
3038 5112 3101 5153 ea
3132 5110 3253 5167 qua:
3293 5109 3324 5148 a
3353 5093 3510 5155 nobis
3544 5098 3555 5117 '

1917 5201 2037 5251 acta
2068 5192 2150 5246 vel
2183 5190 2403 5248 deﬁnita
2432 5197 2559 5251 sunt
2585 5194 2819 5262 prepriaa
2849 5206 3041 5249 manus
3070 5196 3273 5247 nasute
3315 5199 3509 5241 exara-

1919 5285 2065 5349 tioue
2091 5282 2311 5341 ﬁrmare
2338 5284 2770 5356 procuravimus.

1994 5395 2030 5451 l.
2081 5394 2152 5452 Ut
2178 5413 2280 5451 non
2306 5395 2457 5451 liceat
2492 5396 2747 5467 episcopis
2781 5397 2911 5451 citra
2939 5392 3047 5446 dies
3076 5388 3357 5443 dominicas
3386 5404 3509 5443 con-

2243 5468 2552 5531 secrationcs
2577 5468 2911 5527 ecclesiarum
2932 5475 3179 5517 exercere.

1990 5562 2047 5625 ln
2074 5571 2315 5616 sanctum
2348 5571 2400 5621 et
2432 5562 2565 5616 satis
2596 5557 2903 5614 venerabile
2946 5551 3234 5609 concilium
3264 5551 3505 5607 residen-

1917 5654 2057 5710 tibus
2088 5652 2496 5709 nuntiatumest
2525 5648 2702 5711 nobis,
2736 5662 2802 5703 eo
2829 5647 2969 5717 quod
3000 5647 3163 5725 aliqui
3188 5643 3465 5725 pontiﬁces
3484 5680 3503 5709 ,

1916 5750 2153 5821 regulam
2204 5746 2444 5803 veritatis
2489 5740 2986 5819 prmtermittentes,
3013 5740 3273 5799 ecclesias
3312 5750 3432 5808 qute
3472 5750 3503 5790 a

303 5896 327 5926 α
366 5890 525 5946 Deest
564 5887 667 5944 hoc
693 5884 975 5941 concilium
1017 5882 1071 5941 in
1101 5851 1390 5938 Codicibus
1431 5881 1601 5949 e.n.,
1642 5881 1801 5953 es,
1848 5881 1913 5939 τ.
1948 5882 1997 5952 t,
2025 5882 2083 5948 s,
2110 5880 2203 5948 ιλ,
2233 5877 2299 5934 c.
