4024 6350
480 367 584 425 519

1181 358 1564 419 COLLECTIO
1598 355 1932 415 CANONUM
1970 356 2029 412 S.
2066 354 2339 412 [SIDORO
2380 355 2643 413 HISPAL.
2686 357 3044 414 ASCBIPTA.

3647 363 3750 420 320

482 484 728 541 ﬁdelibus
772 484 854 553 pia
888 483 1175 539 devotione
1204 488 1588 536 construuntur
1625 486 1780 532 extra
1813 476 1933 529 dies
1959 474 2058 527 do-
2087 474 2142 536 Α
2166 472 2283 525 vola
2306 473 2581 528 voluntate
2609 475 2659 527 in
2692 474 3033 529 monasteriis
3058 482 3112 529 et
3141 474 3363 529 alendos
3389 476 3749 545 eleemOsynis

483 582 708 636 minicos
734 589 1073 635 consecrent.
1118 578 1171 631 Si
1200 591 1328 643 ergo
1349 618 1363 640 ,
1407 589 1529 628 cum
1562 572 1787 642 quisque
1819 580 2061 625 nostrum

482 673 786 727 mortalium
815 672 879 727 ad
910 668 1249 725 sacerdotale
1279 676 1626 735 promovetur
1656 666 1915 728 o'ﬁcium,
1948 664 2063 717 nul-

485 764 695 821 latentis
718 766 944 831 patimur
970 761 1100 821 utin
1131 761 1351 827 reliquis
1383 757 1573 811 diebus
1596 757 1697 810 nisi
1732 766 1936 810 tantum
1968 755 2064 807 do-

484 858 695 912 minicis
742 853 1118 910 festivitatibus
1158 853 1209 905 hi
1235 851 1326 921 qui
1356 851 1577 904 honoris
1607 850 1749 918 digni
1798 848 2066 901 habentur

485 950 668 1005 ofﬁcio
708 950 761 1003 in
791 948 981 1001 ordine
1020 946 1385 1015 prazﬁciantur
1424 942 1823 1007 eccle~ia5tico,
1866 950 2065 1007 quanto

488 1044 655 1114 magis
686 1049 743 1095 ttt
770 1050 957 1095 SnttCla
988 1038 1230 1093 deiﬁcata
1264 1037 1489 1105 templa,
1517 1051 1635 1104 qua:
1663 1035 1728 1087 ab
1760 1032 2065 1086 hominibus

490 1137 731 1190 fidelibus
754 1140 1042 1188 censentur
1070 1129 1500 1191 honoriﬁcanda,
1532 1128 1649 1181 sine
1676 1126 1868 1179 diebus
1898 1124 2066 1177 domi-

484 1227 617 1282 nicis
659 1225 1041 1295 perhibeantur
1084 1219 1491 1277 consecranda?
1538 1216 1812 1287 Cujusqne
1849 1230 1946 1270 nos
1989 1226 2064 1269 ta-

484 1323 612 1377 lium
655 1317 1103 1389 pr.tsotnptiottcs
1132 1314 1441 1382 pontiﬁcum
1490 1328 1594 1366 non
1636 1313 1810 1366 solum
1855 1319 2068 1363 sancto-

483 1430 603 1470 rum
631 1414 845 1468 Patrum
877 1411 1194 1464 eohibemur
1233 1408 1514 1473 prohibere
1541 1405 1807 1459 sententia
1830 1444 1843 1467 ,
1893 1402 1986 1456 sed
2013 1410 2068 1455 et

488 1506 702 1575 prepria
752 1504 1139 1559 deliberatione
1184 1513 1509 1562 censemus,
1560 1507 1617 1551 ut
1670 1496 1803 1550 nulli
1858 1494 2068 1561 penitus

490 1600 802 1669 pontiﬁcum
853 1598 906 1651 in
956 1597 1361 1664 quibuseunqne
1431 1592 1719 1662 provinciis
1778 1591 2068 1644 constituto

486 1691 682 1745 amodo
710 1691 867 1744 liceat
896 1698 1089 1759 pra-ter
1124 1698 1299 1742 certos
1339 1688 1456 1743 dies
1480 1684 1782 1740 dominicus
1808 1683 2067 1738 ecclesias

489 1796 706 1840 sanctas
732 1797 1071 1839 consecrare.

486 1900 549 1957 11.
598 1901 666 1956 Ut
707 1901 1011 1970 (θηβκὲιὶΜὶ
1048 1901 1275 1965 epismpi
1312 1900 1374 1955 de
1405 1915 1552 1953 sacra
1580 1896 1901 1952 solemnitate
1944 1913 2066 1966 pas-

645 1974 781 2025 chali
816 1989 989 2025 annua
1018 1974 1122 2026 vice
1148 1975 1424 2042 primatum
1454 1988 1602 2024 suum
1634 1970 1910 2037 inquirant.

557 2062 834 2133 Siquidem
872 2073 1055 2118 sancta
1099 2063 1363 2119 institutio
1392 2064 1603 2118 Patrum
1638 2064 1705 2116 de
1731 2061 2069 2116 solemnitate

485 2160 720 2231 paschali
767 2159 1081 2227 pra-cipiat,
1138 2168 1196 2213 ut
1240 2174 1431 2213 omnes
1460 2157 1778 2212 conlinititni
1829 2154 2068 2222 episcopi

485 2270 663 2311 annua
697 2254 1070 2310 vicissitudine
1116 2255 1403 2323 primatum
1446 2269 1600 2308 suum
1648 2251 1919 2321 inquirant
1966 2263 2071 2319 quo

487 2357 729 2416 tempore
760 2347 978 2401 Pascha:
1010 2345 1208 2401 festum
1248 2356 1537 2415 peragant,
1572 2354 1751 2398 tamen
1782 2342 1905 2411 quia
1931 2340 2070 2393 didi-

486 2440 659 2495 cimus
682 2436 971 2492 nonnullos
992 2437 1278 2506 episcopos
1301 2435 1625 2490 sententiam
1657 2432 1871 2487 Patrum
1899 2441 2072 2484 trans-

487 2531 795 2601 gredientes
823 2539 1043 2600 prepter
1066 2528 1206 2596 quod
1238 2528 1400 2583 etiam
1433 2526 1735 2581 debuerunt
1766 2537 2072 2592 usquequa-

490 2643 598 2697 que
642 2626 925 2697 vigilantes
976 2637 1194 2677 manere
1221 2666 1235 2688 ,
1291 2622 1492 2691 placuit
1535 2620 1786 2674 omnibus
1824 2616 1975 2671 nobis
2018 2623 2075 2670 ut

487 2719 741 2788 altioreps
776 2716 954 2773 cuncti
984 2715 1302 2771 conﬁnitimi
1348 2712 1586 2785 episcopi
1618 2711 1816 2763 nullam
1846 2708 1948 2762 sibi
1978 2722 2073 2761 oc—

489 2812 761 2867 casionetn
799 2808 1117 2879 objicientes
1148 2815 1241 2861 aut
1274 2806 1663 2875 longinquitate
1704 2801 1912 2856 itineris
1940 2814 2074 2869 prte-

490 2912 744 2961 caventes
798 2917 972 2957 annua
1023 2900 1335 2957 recursione
1385 2900 1453 2955 de
1494 2898 1788 2954 festivitate
1836 2893 2075 2965 paschali

489 3004 737 3067 tempore
768 3010 1004 3065 congruo
1031 2996 1313 3064 primatum
1344 3006 1500 3047 suum
1520 3031 1535 3054 ,
1583 2990 1683 3045 sub
1706 2989 1859 3060 cujus
1893 2999 2076 3057 potes-

490 3090 614 3143 tatis
652 3088 947 3142 manserint
996 3087 1289 3163 regimine,
1323 3085 1628 3154 inquirant,
1675 3091 1733 3135 ut
1762 3096 1869 3149 quo
1898 3080 1986 3135 die
2022 3088 2074 3133 et

493 3190 735 3246 tempore
766 3180 872 3233 illis
902 3179 1124 3235 Pascha:
1166 3180 1359 3235 festum
1392 3178 1816 3248 pronuntiaverit
1845 3176 2075 3230 sollicita

494 3273 839 3327 veneratione
870 3279 1144 3341 peragant.

529 3366 615 3421 Ill.
660 3365 727 3419 Ut
757 3364 1066 3419 monasteria
1107 3362 1383 3417 diversoria
1406 3361 1730 3416 «scutarium
1763 3376 1867 3414 non
1890 3361 2038 3430 ﬁant.

565 3457 884 3512 Sanctorum
920 3457 1133 3512 Patrum
1160 3455 1400 3510 decrevit
1443 3455 1733 3521 sententia,
1765 3468 1832 3507 ne
1860 3467 2077 3507 monas-

498 3549 631 3604 teria
670 3549 965 3603 diversoria
994 3548 1329 3603 saacularium
1381 3547 1531 3602 ﬁant.
1584 3546 1738 3602 Unde
1769 3548 1894 3616 quia
1936 3546 2081 3601 novi-

494 3658 613 3698 mus
640 3643 897 3712 quosdam
943 3642 1195 3707 abbates,
1226 3644 1419 3714 quibus
1451 3644 1766 3714 regulariter
1803 3657 1932 3698 cura
1987 3657 2079 3697 re-

495 3736 790 3805 gendarum
829 3736 1130 3790 animarum
1176 3738 1462 3792 commissa
1492 3746 1605 3802 est,
1656 3735 1781 3791 dum
1809 3737 1957 3805 quasi
1990 3750 2081 3804 pa-

497 3834 654 3883 trono
697 3827 896 3884 affectu
944 3828 1146 3883 aditum
1201 3827 1553 3883 sati-ulartbus
1613 3828 1666 3881 in
1736 3828 2079 3883 monasteriis

495 3921 830 3987 attribuunt,
904 3920 1144 3975 diversas
1192 3918 1507 3976 insolentias
1556 3918 1836 3975 monachis
1882 3919 2076 3973 ibidem

496 4012 604 4069 Deo
630 4014 1061 4072 deservietttibus
1085 4016 1372 4083 ingerunt,
1424 4015 1551 4071 dum
1581 4022 1635 4069 et
1663 4029 1851 4069 eorum
1884 4028 2078 4083 opera-

496 4105 694 4162 tionem
718 4148 734 4173 ,
783 4124 889 4177 quo
920 4122 980 4164 se
1006 4108 1200 4162 divinae
1235 4108 1418 4177 pietati
1464 4108 1751 4176 placituros
1795 4104 1959 4161 alacri
1987 4121 2081 4161 cu—

494 4197 735 4253 riositate
758 4198 1045 4262 exhibent,
1078 4198 1516 4268 deprehendunt,
1548 4207 1604 4254 et
1628 4200 1788 4251 vitam
1822 4205 1879 4251 et
1901 4212 2079 4253 mores

498 4288 713 4343 illorum
740 4290 971 4359 quadam
1001 4292 1198 4345 mentis
1248 4291 1485 4358 pernicie
1514 4291 1682 4361 309
1730 4289 1962 4345 infauste
1985 4290 2081 4345 de-

496 4380 759 4438 trahendo
786 4381 1075 4450 deturpare
1108 4395 1214 4434 non
1260 4380 1538 4444 desinunt,
1577 4388 1633 4434 et
1665 4384 1855 4435 iterum
1877 4419 1893 4446 ,
1937 4379 2078 4449 quod

496 4472 787 4542 pessimum
814 4483 933 4538 est,
983 4472 1109 4526 dum
1155 4473 1425 4526 extraneis
1460 4473 1660 4540 passim
1710 4471 2079 4525 commorandi

2166 570 2341 625 modis
2368 571 2617 625 omnibus
2659 571 2904 627 si'nimtts.
2940 572 3015 627 De
3041 571 3267 642 reliquis
3298 579 3476 627 autem
3511 572 3753 640 personis

2167 664 2545 727 szerularibus,
2575 664 2735 719 sicuti
2763 679 2791 716 a
2826 666 2978 719 nobis
3005 674 3088 718 est
3112 664 3361 732 superius
3389 664 3751 733 premissum,

2170 757 2376 810 nullum
2413 758 2626 826 penitus
2656 757 2888 826 patimur
2931 756 3069 811 infra
3114 758 3355 811 claustra
3398 759 3755 812 monasterio-

2166 865 2284 905 rum
2316 850 2514 904 habere
2546 850 2969 919 receptaculum.
2997 848 3261 904 Caeterum
3294 848 3341 903 si
3381 850 3645 903 swretius
3666 861 3758 909 aut

2170 946 2558 1015 sequestratim
2600 958 2632 999 a
2666 946 2992 999 monasterio
3022 944 3088 999 ad
3120 945 3171 997 id
3208 944 3351 1014 quod
3385 955 3757 1002 constructum

2169 1053 2268 1108 pro
2313 1038 2823 1107 supervenientibus
2865 1036 3196 1092 domicilium
3235 1037 3501 1107 patuerit,
3553 1037 3623 1090 ibi
3668 1053 3759 1095 eos

2168 1133 2440 1201 suscipere
2465 1132 2687 1186 abbates
2713 1131 2795 1186 vel
2826 1134 3121 1185 monachos
3152 1130 3447 1202 oportebit,
3489 1140 3757 1200 quatenus

2169 1233 2224 1280 et
2268 1224 2373 1279 vita
2424 1239 2610 1279 eorum
2656 1223 2881 1278 remotis
2922 1223 3106 1278 sa-culi
3149 1222 3655 1277 conturbationibus
3705 1223 3758 1279 in

2170 1318 2316 1373 omni
2351 1333 2514 1386 opt-re
2543 1316 2735 1371 deiﬁco
2766 1316 3060 1384 probabilis
3094 1316 3431 1382 inveniatur,
3464 1326 3520 1371 et
3558 1316 3758 1371 nullius

2170 1410 2475 1464 vanissimis
2511 1408 2936 1463 detractionibus
2972 1408 3435 1471 dehonestentnr,
3483 1418 3575 1462 aut
3614 1423 3759 1465 certe

2170 1503 2310 1573 quod
2358 1502 2703 1555 inhonestum
2754 1510 2867 1566 est,
2923 1516 2987 1555 ne
3037 1517 3133 1571 per
3164 1501 3348 1555 talium
3387 1502 3759 1570 susceptione:

2172 1591 2582 1646 dissolutionem
2628 1590 2903 1644 incurrant
2944 1602 2996 1645 ct
3040 1606 3069 1644 a
3101 1591 3242 1646 hoino
3290 1592 3568 1661 propesito
3600 1592 3758 1647 vitam

2173 1700 2322 1740 suam
2354 1696 2624 1739 extorrem
2655 1685 2907 1739 efﬁciant.

2107 1834 2152 1897 B
2179 1841 2262 1898 IV.
2308 1841 2386 1897 De
2422 1840 2614 1896 libertis
2651 1841 2739 1911 qui
2778 1839 2840 1892 ab
2878 1838 3126 1909 epist-apis
3175 1853 3239 1893 es;
3285 1838 3483 1907 familia
3536 1838 3761 1895 ecclesia

2729 1913 3176 1964 manumittuntur.

2248 2069 2361 2124 Non
2412 2078 2494 2124 est
2546 2067 2766 2123 dubium
2825 2083 2854 2121 a
2920 2066 3121 2123 sanctis
3172 2066 3419 2123 Patribus
3476 2066 3753 2126 deﬁnitum

2178 2158 2252 2213 fui
2283 2174 2360 2221 se,
2389 2167 2445 2213 ut
2483 2174 2669 2213 omnes
2699 2157 2875 2213 liberti
2905 2161 2991 2225 qui
3036 2158 3104 2211 ab
3141 2158 3407 2228 episcopis
3433 2173 3498 2214 es
3532 2160 3758 2229 propriis

2180 2252 2393 2307 familiis
2449 2252 2707 2307 Ecclesiae
2766 2251 3201 2306 manumissionis
3262 2263 3431 2321 gratia
3484 2252 3765 2311 titulantur

2180 2355 2299 2415 post
2325 2344 2631 2399 decedentis
2658 2345 2895 2414 episcopi
2919 2344 3148 2413 obitum,
3184 2362 3305 2400 mox
3335 2354 3388 2399 ut
3412 2346 3543 2401 alios
3569 2364 3761 2417 super-

2178 2449 2383 2493 venerit
2412 2441 2717 2509 episcOpus,
2750 2440 2885 2495 intra
2916 2442 3039 2493 anui
3072 2440 3300 2509 spatium
3334 2441 3613 2514 libertates
3638 2458 3764 2500 suae

2181 2540 2600 2599 reprmsrntent,
2670 2546 2775 2601 quo
2829 2533 3121 2587 secundum
3175 2533 3400 2587 canonis
3446 2536 3763 2589 sententiam

2183 2639 2281 2694 per
2303 2638 2429 2677 suas
2462 2626 2821 2695 professiones
2852 2627 3084 2680 debitam
3113 2627 3337 2697 originis
3368 2642 3479 2681 sua:
3501 2628 3765 2683 conditio-

2183 2733 2305 2772 nem
2350 2729 2663 2788 agnoscant.
2712 2719 2819 2775 Sed
2860 2721 2980 2787 quia
3015 2720 3083 2773 ita
3114 2720 3335 2788 speciali
3385 2720 3549 2775 modo
3580 2730 3758 2776 sancta

2181 2810 2418 2867 decrevit
2461 2812 2721 2881 synodus,
2771 2812 2901 2866 utsi
2947 2812 3045 2881 ipsi
3098 2811 3273 2867 liberti
3321 2812 3458 2866 infra
3490 2814 3616 2866 anni
3647 2828 3764 2881 spa-

2184 2904 2311 2958 tium
2351 2905 2745 2973 supervenienti
2796 2918 2893 2957 suo
2929 2905 3168 2975 pontiﬁci
3196 2906 3471 2961 carthulas
3506 2904 3763 2962 libertatis

2181 3010 2291 3048 sua:
2324 3007 2652 3066 ptmsentare
2682 2997 3043 3069 neglexerint,
3088 2998 3332 3067 protinus
3362 3012 3459 3053 eos
3503 2997 3555 3052 in
3588 2998 3763 3067 pristi-

2182 3103 2304 3141 nam
2346 3090 2625 3143 servitutis
2674 3088 2917 3158 redigant
2965 3089 3365 3155 conditionem;
3418 3099 3474 3144 et
3514 3090 3641 3145 licet
3679 3091 3755 3145 illi

2182 3180 2567 3249 ctingrucntius
2614 3184 2851 3251 satisque
2899 3181 3216 3236 luculentius
3258 3191 3604 3236 retractatum
3650 3182 3764 3237 fue-

2183 3274 2275 3339 rit,
2309 3274 2407 3327 hoc
2435 3284 2613 3328 tamen
2646 3288 2674 3326 a
2708 3273 2862 3327 nobis
2892 3275 3238 3342 conspicuum
3267 3274 3637 3344 perpenditur,
3663 3288 3766 3345 quo

2179 3382 2284 3420 non
2332 3367 2504 3420 solum
2548 3375 2602 3420 et
2634 3366 2833 3435 praedia
2865 3366 3215 3421 ecclesiarum
3244 3367 3423 3420 debita
3453 3365 3765 3420 auctoritate

2180 3460 2537 3529 disponimus,
2571 3460 2665 3513 sed
2696 3460 2855 3514 etiam
2894 3470 2947 3514 et
2972 3459 3246 3527 Oppressis
3283 3458 3428 3528 pium
3449 3457 3762 3529 suffragium

2182 3554 2523 3623 porrigimus,
2554 3568 2646 3621 per
2670 3552 2809 3621 quod
2842 3563 2890 3605 et
2923 3551 3189 3620 cupiditas
3218 3550 3577 3608 sacerdotalis
3605 3551 3765 3623 310

2182 3646 2473 3700 frustretur
2489 3654 2543 3700 et
2575 3645 2916 3699 imbecillitas
2940 3658 3229 3713 pauperum
3261 3644 3604 3699 sublevetur.
3632 3644 3765 3708 Quia

2180 3754 2308 3810 ergo
2347 3739 2708 3806 comperimus
2751 3738 3011 3808 quosdam
3058 3737 3359 3806 pontiﬁces,
3393 3736 3571 3805 potius
3619 3737 3767 3794 lucra

2180 3847 2273 3886 sua
2304 3830 2561 3897 ampliare
2582 3831 2859 3885 studentes
2890 3844 3045 3897 quant
3070 3828 3138 3882 de
3164 3828 3430 3883 mercedis
3458 3840 3618 3895 opere
3649 3824 3761 3879 Do-

2180 3928 2327 3981 mino
2359 3927 2650 3996 placentes,
2690 3927 2912 3981 libertos
2941 3942 3079 3997 quos
3104 3941 3168 3981 ex
3202 3924 3399 3979 familia
3434 3924 3689 3979 Ecclesia:
3734 3937 3766 3979 ιι

2180 4020 2293 4072 suis
2323 4018 2741 4086 praacessoribus
2783 4017 3081 4078 inveniunt.
3118 4032 3213 4086 pro
3234 4031 3300 4071 eo
3322 4015 3463 4087 quod
3493 4016 3765 4071 carthulas

2181 4109 2442 4165 libertatis
2475 4126 2586 4165 sua:
2617 4109 2755 4164 infra
2795 4110 3096 4164 consultum
3128 4118 3337 4178 tempus
3383 4123 3488 4161 non
3524 4123 3768 4174 praesen-

2182 4212 2319 4270 tent,
2358 4204 2535 4257 statim
2579 4215 2673 4256 eos
2723 4202 2774 4254 in
2819 4200 3085 4269 propriam
3128 4199 3439 4253 servitutem
3488 4198 3763 4267 redigere;

2183 4296 2283 4349 hoc
2309 4295 2520 4360 pietatis
2559 4294 2738 4347 studio
2766 4293 3001 4362 generali
3030 4291 3187 4347 modo
3212 4292 3569 4362 subrogamus
3600 4292 3768 4346 bene-

2181 4386 2381 4448 ﬁcium,
2408 4394 2463 4439 ut
2492 4387 2534 4439 si
2561 4384 2722 4439 iidem
2754 4384 2929 4439 liberti
2965 4382 3186 4438 forsitan
3228 4383 3588 4453 ignoraverint
3620 4382 3769 4438 ordi-

2183 4493 2303 4530 nem
2330 4491 2594 4530 canonum
2625 4484 2717 4528 aut
2747 4485 2913 4539 certe,
2946 4483 3002 4528 ut
3030 4474 3228 4528 assolet
3258 4473 3396 4539 lieri,
3434 4473 3500 4526 ad
3534 4488 3769 4541 prmsen-

496 4568 672 4624 aditus
727 4566 861 4623 infra
907 4568 1142 4623 claustra
1196 4568 1509 4621 monasterii
1561 4566 1857 4631 confertur,
1910 4580 2073 4634 grave
2103 4570 2157 4632 D
2185 4567 2369 4624 laudas
2396 4568 2667 4621 libertates
2696 4581 2820 4630 suas
2849 4568 3135 4636 tepuerint,
3163 4567 3328 4636 ipsius
3357 4567 3627 4636 pontiﬁcis
3656 4566 3767 4621 sol-

496 4659 744 4716 inolescit
782 4660 966 4715 vitium
1018 4660 1399 4713 monachorum
1425 4698 1440 4724 ,
1498 4672 1603 4725 quo
1635 4664 1691 4711 et
1715 4658 1876 4709 vitam
1924 4670 2073 4709 suam

496 4769 594 4827 per
640 4757 783 4810 lucra
814 4754 1105 4809 mundialia
1149 4762 1418 4808 sectantes
1460 4751 1828 4820 degenerant,
1880 4760 1933 4804 et
1957 4764 2018 4803 se
2046 4764 2074 4803 a

496 4848 712 4918 proprio
762 4846 1010 4903 cmoobio
1060 4846 1379 4915 voluptuosa
1448 4845 1689 4900 fmditate
1757 4843 2073 4898 dissociant.

496 4939 625 5008 Quae
656 4953 742 4994 res
778 4940 843 4993 ad
875 4940 978 4993 hoc
1021 4948 1261 4993 nostrum
1314 4946 1533 5007 paterna
1566 4938 1765 5006 pietate
1810 4936 2079 4990 demulcet

494 5034 735 5095 animos,
787 5039 925 5086 utea
949 5034 1379 5097 constituamus,
1418 5045 1537 5099 qua:
1561 5039 1615 5084 et
1644 5030 1845 5084 sanctis
1873 5030 2077 5081 anima-

500 5125 605 5180 bus
626 5124 919 5194 juvaminis
942 5124 1184 5178 solamen
1210 5122 1525 5193 impendant
1552 5130 1606 5176 et
1633 5121 2076 5191 prmsumptiones

496 5216 829 5271 saecularium
888 5223 1219 5271 removeant.
1284 5216 1645 5283 Quamobrem
1700 5213 1899 5282 placuit
1954 5211 2077 5265 uni-

497 5324 656 5363 verso
687 5309 851 5366 cretui
878 5320 1063 5365 nostro
1102 5308 1205 5365 hoc
1236 5319 1473 5363 statuere
1496 5308 1579 5362 vel
1611 5306 1786 5376 potius
1810 5305 2038 5359 deﬁnire
2061 5344 2076 5369 ,

498 5408 559 5454 ut
606 5401 782 5456 nullus
828 5402 1082 5468 abinceps
1127 5400 1467 5456 saaculariunt
1500 5413 1593 5451 seu
1644 5396 1960 5465 potestative
1985 5410 2080 5449 seu

500 5493 663 5549 etiam
695 5494 778 5550 vel
819 5509 888 5549 ex
921 5497 1185 5564 pertnissu
1216 5493 1426 5548 abbatis
1457 5491 1543 5546 vel
1576 5491 1863 5561 cujuslibet
1894 5504 2082 5543 mona-

496 5586 716 5642 chorum
744 5586 883 5643 iufra
911 5589 1145 5644 claustra
1174 5584 1628 5641 monasteriorum
1662 5582 1969 5649 bospitandi
1996 5579 2079 5634 vel

497 5682 865 5737 commorandi
913 5683 1105 5738 habeat
1161 5680 1594 5751 receptaculum,
1659 5684 1890 5742 excepto
1945 5688 2079 5740 quos

498 5775 603 5828 vita
636 5773 978 5845 probabiles.
1006 5787 1208 5843 egenos
1231 5783 1322 5827 aut
1352 5777 1662 5843 paupertate
1686 5766 1973 5836 depressos
1996 5764 2079 5819 in-

497 5869 701 5939 spectio
737 5869 1049 5941 pmviderit
1082 5869 1291 5925 abbatis
1310 5910 1324 5937 ,
1355 5884 1488 5939 quos
1517 5875 1572 5923 et
1609 5863 1884 5935 suscipere
1915 5864 2078 5921 bene-

2182 4660 2423 4726 licitudo,
2450 4677 2574 4714 mox
2610 4662 2661 4715 in
2684 4662 2866 4716 sedem
2894 4663 2992 4715 sibi
3020 4662 3281 4717 creditam
3303 4660 3645 4725 successerit,
3672 4675 3769 4729 per

2180 4754 2383 4807 clerum
2419 4764 2508 4805 aut
2553 4752 2881 4806 domesticos
2924 4754 3237 4820 perquirere
3279 4750 3586 4820 procurabit
3630 4763 3768 4819 quos

2180 4844 2500 4900 decedentes
2538 4846 2771 4913 episcopi
2814 4844 2881 4899 de
2910 4844 3127 4899 familiis
3173 4844 3434 4900 Ecclesia
3474 4843 3769 4898 manumis-

2183 4937 2350 4991 sionis
2395 4937 2563 5000 pratia
2615 4938 2975 4999 titutavernnt,
3019 4947 3075 4990 ut
3117 4938 3305 4992 eodem
3351 4934 3496 5008 [Διΐ.⁹
3524 4932 3766 5008 eosdem]

2182 5032 2437 5102 pontiﬁce
2470 5042 2830 5097 praemonente
2856 5028 2955 5098 ipsi
2986 5030 3161 5085 liberti
3190 5030 3463 5084 cartbulas
3503 5026 3768 5082 libertatis

2182 5136 2294 5177 sita:
2335 5130 2741 5191 reprtcsentent,
2775 5122 3005 5191 qualiter
3054 5137 3153 5177 nec
3196 5121 3373 5176 liberti
3416 5119 3670 5174 Ecclesia:
3698 5118 3769 5175 de

2182 5216 2521 5270 institutione
2550 5230 2814 5269 canonum
2849 5219 3154 5287 ignorantes
3182 5229 3241 5271 se
3274 5228 3397 5270 e..se
3425 5212 3764 5283 perltibeant,

2182 5324 2283 5364 nec
2322 5309 2616 5363 sacerdotis
2648 5309 2837 5363 callida
2882 5310 3126 5364 voluntas
3156 5316 3413 5377 patescat,
3466 5305 3608 5358 unde
3639 5319 3768 5359 con-

2185 5410 2263 5455 tra
2293 5401 2536 5456 ordinem
2571 5402 2897 5456 reducantur
2927 5400 3235 5453 manumissi
3277 5397 3341 5452 ad
3363 5398 3622 5467 originem
3654 5411 3767 5450 ser-

2186 5496 2384 5549 vitutis.
2419 5495 2569 5561 Quod
2594 5496 2639 5550 si
2674 5498 2923 5563 pontifice
2951 5502 3317 5562 praemonente
3345 5489 3768 5555 contempseiint

2184 5584 2317 5640 infra
2349 5587 2474 5640 anni
2513 5587 2741 5656 spatium
2772 5600 2897 5639 snas
2928 5585 3200 5639 libertates
3233 5582 3460 5653 prepria:
3489 5579 3634 5636 sedis
3654 5580 3768 5649 epi-

2184 5695 2350 5750 scopo
2407 5682 2666 5750 pandere,
2715 5678 2918 5734 licitum
2967 5679 3037 5732 sit
3080 5678 3128 5733 ei
3168 5675 3464 5730 secundum
3499 5686 3763 5727 canonum

2183 5774 2487 5829 sanctiones
2509 5774 2560 5828 in
2586 5773 2710 5843 jure
2739 5788 2849 5829 suae
2884 5771 3135 5827 Ecclesiae
3164 5769 3420 5825 reducere
3447 5767 3761 5822 servituros.
