4024 6350
190 329 282 395 391
1182 320 1497 386 CONCILIA
1540 321 1902 383 HISPANIE.
1940 350 2014 371 -
2050 320 2460 382 ILERDENSE.
3356 324 3464 384 32¢

199 451 253 508 ν.
292 447 359 505 Bt
407 445 647 516 defuncto
700 443 933 514 principe
978 454 1233 514 superstes
1282 444 1461 516 regina
1506 442 1679 516 statim
1727 449 1776 495 et
1801 442 1855 504 Α
1882 439 2014 496 libet
2043 440 2192 496 locus
2237 440 2579 506 attribuatur,
2606 437 2723 508 iper
2752 405 2895 509 quod
2943 446 3036 494 aut
3080 442 3461 499 contumeliutu

253 530 436 602 uestem
462 514 762 573 secutorem
792 518 1013 586 deponat
1056 525 1105 571 et
1148 517 1204 571 in
1253 514 1476 570 cartobio
1522 514 1777 585 virginum

1906 544 2037 590 antra
2068 534 2319 604 potestati
2344 534 2615 604 ingeratur
2638 541 2665 571 ι
2692 542 2784 588 aut
2813 531 3022 589 subdita
3066 533 3206 605 plebi
3243 533 3464 592 haesisse

256 598 575 662 niancipetttr
602 604 958 660 permansura.
1876 598 2113 662 “aM-ml.
2141 636 2368 662 alumni“
2389 598 2515 662 gn.“
2539 629 2738 662 Anam“
2765 629 3001 662 "num."
3025 598 3237 662 ΔλΜῖηλ
3262 629 3334 662 ..ης

1876 638 2120 702 patescat
2140 636 2369 698 quorum
2388 639 2515 684 ante
2538 629 2739 685 dudum
2765 629 3001 685 noscitur
3024 629 3238 685 domina
3262 629 3461 698 fuisse;

258 728 405 783 Licet
453 725 765 795 plenissime
812 726 869 781 in
918 726 1146 781 concilio
1174 723 1433 780 Toletano
1470 722 1539 778 de
1583 720 1779 790 princi-
1880 723 1974 779 sed
2022 722 2157 778 inira
2199 723 2432 777 claustra
2466 721 2779 779 moiiasterii
2824 722 2936 792 jugi
2974 722 3257 778 sedulitaze
3284 722 3466 791 persi-

193 834 310 893 pum
333 818 533 873 relictis
563 818 868 873 institutum
895 816 1105 885 fuisset,
1138 825 1198 872 ut
1238 817 1369 871 nul-li
1399 816 1603 871 licitum
1634 820 1782 868 esset
1879 830 2027 874 stens
2052 827 2213 887 atque
2242 817 2700 871 sanctimonialem
2735 816 2897 870 vitam
2922 831 3183 887 peragens
3210 815 3277 870 de
3300 830 3465 885 regno

195 912 530 981 superstitem
555 911 794 980 reginam
824 910 876 964 in
908 908 1156 979 conjugio
1180 908 1397 975 ducere,
1430 914 1524 962 aut
1546 904 1779 961 sordidis
1883 910 2164 981 temporali
2199 908 2551 979 opitulatione
2588 908 2767 963 divina
2797 908 2865 963 ad
2902 922 3123 979 regnum
3153 908 3469 963 aeternitatis

195 1003 524 1062 contactibus
564 1003 833 1057 maculare
881 1017 1057 1072 neque
1100 1002 1365 1056 secuturis
1415 997 1630 1077 regibus
1680 1008 1781 1050 nec
1883 1010 2156 1056 mereatur
2189 999 2490 1068 pervenire.

194 1094 409 1153 euilibet
460 1094 735 1149 hominum
782 1101 928 1149 esset
979 1092 1335 1163 permissum;
1385 1100 1563 1145 tamen
1614 1086 1781 1143 nostri
1954 1097 2269 1166 Quicunque
2318 1096 2479 1166 igitur
2532 1095 2838 1164 superiores
2875 1096 3309 1160 constitutiones,
3352 1091 3472 1166 quae

195 1187 393 1245 ordinis
420 1200 582 1242 causa
612 1195 716 1252 est,
749 1199 808 1239 ut
831 1185 1177 1242 crebrissime
1208 1186 1274 1240 ad
1310 1186 1411 1239 hoc
1439 1185 1607 1239 aciem
1634 1196 1781 1235 men-
1884 1189 2085 1245 saluiui
2140 1189 2366 1244 cousinu
2415 1204 2443 1241 ει
2501 1187 2655 1243 nubis
2704 1187 2942 1243 deﬁuim
2982 1203 3104 1244 esse
3156 1197 3471 1255 noscuntur,

194 1280 262 1337 tis
292 1287 490 1333 nostra!
516 1278 935 1349 condirigarnus,
967 1294 1084 1347 quae
1114 1281 1306 1331 animas
1334 1276 1606 1330 intuemur
1626 1272 1783 1326 exhi-

195 1370 319 1429 bere
366 1370 689 1442 profectum.
749 1369 903 1428 Unde
945 1374 1072 1442 quia
1123 1370 1412 1441 praeteritis
1453 1366 1785 1439 temporibus

195 1464 386 1522 multas
415 1464 618 1520 scimus
664 1472 825 1535 atque
852 1464 1201 1534 cognovimus
1230 1462 1526 1532 principum
1572 1460 1786 1515 relictas

196 1567 312 1629 post
339 1572 527 1614 eorum
571 1558 905 1613 vocationem
956 1573 1055 1628 pro
1102 1556 1254 1629 apice
1286 1556 1457 1625 regni,
1491 1570 1653 1625 quem
1700 1568 1787 1609 re-

198 1648 369 1720 gendo
416 1648 474 1708 in
526 1648 739 1703 cunctis
801 1656 1107 1711 tenuerunt,
1168 1648 1367 1701 nullam
1426 1646 1786 1702 reverentiam

198 1735 419 1794 honoris
451 1740 532 1794 eis
558 1737 806 1793 adhiberi
835 1754 863 1792 a
891 1739 1122 1809 populis,
1158 1738 1250 1793 sed
1277 1738 1471 1808 passim
1503 1735 1789 1806 unicuique

1886 1281 2165 1336 violaverit
2193 1282 2274 1335 Vel
2304 1280 2583 1337 exsecrari
2613 1293 2927 1350 quacunque
2952 1280 3178 1335 factione
3202 1290 3477 1351 pertenta-

1891 1376 2027 1430 verit
2056 1382 2150 1428 aut
2191 1374 2519 1439 permiserit,
2550 1372 2763 1427 noverit
2811 1387 2872 1427 se
2909 1373 3480 1428 excommunicationis

1887 1477 2268 1536 percepturum
2312 1465 2634 1520 sententiam
2663 1473 2824 1533 atque
2852 1463 3014 1518 etiam
3043 1463 3215 1517 exsilii
3256 1462 3482 1519 damna-

1890 1560 2051 1615 tionis
2077 1559 2332 1614 diuturno
2365 1570 2604 1629 tempore
2636 1558 2910 1614 incurrere
2931 1557 3218 1628 jacturam.

1962 1652 2127 1723 312
2155 1651 2395 1705 Peractis
2425 1665 2639 1720 quoque
2685 1664 2717 1703 a
2761 1650 2915 1704 nobis
2950 1664 3073 1719 qua:
3102 1661 3338 1714 congrua
3370 1647 3480 1701 fue-

1894 1755 2024 1801 runt
2051 1748 2119 1801 de
2144 1747 2421 1801 ordinibus
2451 1746 2851 1810 ecclesiasticis,
2887 1745 2941 1799 in
2968 1744 3154 1814 primis
3193 1745 3484 1799 immensas

197 1828 480 1901 probatum
525 1840 611 1886 est
651 1830 894 1886 diversas
936 1839 1274 1887 assumentes
1323 1831 1633 1886 occ:isi0ttes
1675 1846 1780 1884 non
1811 1816 1860 1876 Β
1892 1836 2080 1893 laudes
2127 1837 2487 1907 omnipotenti
2539 1838 2649 1893 Deo
2694 1837 2838 1892 Patri
2887 1848 2941 1892 et
2985 1834 3123 1891 Filio
3164 1844 3221 1891 et
3261 1833 3486 1904 Spiritui

197 1921 366 1976 solum
400 1922 631 1978 latenter
658 1924 710 1977 in
757 1937 941 1979 earum
986 1924 1370 1979 contrarietate
1416 1924 1639 1978 insidias
1676 1938 1791 1977 mu-

198 2011 423 2083 liuntur,
457 2031 644 2071 verum
681 2017 867 2084 etiam,
912 2019 1056 2087 quod
1084 2019 1299 2072 veritati
1324 2019 1653 2072 contrarium
1685 2026 1789 2083 est,

202 2109 507 2178 procaciter
531 2109 697 2165 verba
754 2109 1146 2164 contumeliosa
1186 2109 1238 2163 in
1281 2119 1551 2164 conventu
1600 2108 1797 2163 multo-

195 2212 318 2256 rum
368 2216 461 2256 eas
501 2200 761 2268 al‘liciunt,
802 2211 879 2268 et,
912 2202 1054 2272 quod
1092 2202 1236 2256 omni
1283 2201 1544 2272 religione
1583 2201 1795 2256 abomi-

194 2290 439 2346 nandum
469 2299 631 2361 atque
661 2292 987 2347 horrendum
1030 2282 1141 2357 est,
1166 2291 1235 2347 de
1263 2291 1345 2346 bis
1367 2291 1650 2346 detrahere
1690 2306 1795 2346 non

196 2378 403 2447 sinunt,
436 2396 569 2451 quas
600 2383 654 2437 in
685 2392 900 2438 caterva
934 2382 1115 2453 p0puli
1151 2392 1381 2437 cernunt
1424 2397 1794 2449 commorare;

199 2474 427 2547 proinde
484 2486 704 2546 paterna
760 2479 956 2547 pietate
1009 2479 1268 2534 commoti
1318 2490 1480 2549 atque
1531 2479 1797 2549 condigna

200 2572 344 2623 circa
386 2578 593 2626 tantum
622 2570 834 2626 culmen
874 2572 1243 2639 providentes,
1279 2586 1373 2641 per
1406 2570 1565 2640 hujus
1594 2571 1797 2626 decreti

201 2661 373 2717 nostri
403 2664 648 2733 paginam
681 2679 787 2719 non
819 2665 993 2720 solum
1022 2681 1141 2736 quae
1181 2667 1232 2721 in
1278 2665 1536 2735 praedicto
1567 2666 1797 2721 concilio

200 2768 420 2814 exarata
456 2769 581 2815 sunt
626 2761 697 2815 de
746 2760 976 2831 conjuge
1006 2761 1308 2830 principum
1349 2757 1607 2814 custodiri
1637 2759 1795 2831 311

202 2850 520 2921 perenniter
548 2860 710 2923 atque
755 2854 904 2908 ﬁrma
956 2854 1250 2908 stabilitate
1279 2852 1624 2908 decernimus
1676 2868 1798 2920 per-

202 2952 448 3005 manere,
479 2941 574 2995 sed
598 2945 761 2997 etiam
788 2958 850 2998 ea
891 2958 1011 3011 qua:
1043 2954 1165 2998 sunt
1194 2945 1483 3012 conspicua
1531 2942 1799 2997 honestati

202 3035 508 3090 necessaria
538 3035 700 3090 modo
730 3048 1021 3090 aunertere
1055 3050 1405 3102 procuramus
1436 3050 1451 3088 :
1482 3043 1539 3088 ut
1568 3034 1800 3088 servatis

202 3126 255 3183 in
314 3129 570 3186 omnibus
609 3129 981 3185 sanctionibus
1022 3144 1288 3186 canonum
1341 3129 1504 3183 totius
1556 3127 1797 3183 Toletani

204 3222 446 3290 concilii,
480 3239 600 3293 qua:
644 3224 715 3279 de
754 3224 1056 3294 principum
1091 3222 1291 3278 relictis
1336 3222 1684 3292 promulgata:
1723 3229 1800 3274 at.

207 3326 311 3381 que
337 3314 577 3371 delinita:
600 3330 722 3372 esse
753 3326 1066 3384 noscuntur,
1099 3316 1357 3386 deinceps
1389 3315 1574 3369 relicta
1605 3313 1804 3384 primi-

208 3408 291 3477 pis
342 3412 679 3479 snperiorern
737 3410 1058 3466 sententiam
1114 3409 1322 3464 illiban
1379 3410 1560 3465 animo
1615 3408 1805 3478 pudice

206 3512 433 3557 servans
477 3503 660 3557 statim
689 3506 952 3558 accersito
990 3504 1058 3559 ab
1089 3504 1190 3558 hoc
1215 3503 1415 3558 saeculo
1447 3502 1685 3571 principe
1711 3519 1804 3557 ve-

206 3600 343 3647 stem
391 3595 705 3650 saccularem
735 3596 994 3665 deponat,
1045 3604 1101 3651 et
1144 3596 1308 3651 alacri
1338 3596 1644 3651 curiositate
1676 3596 1799 3651 reli-

206 3684 380 3754 gionis
412 3688 649 3745 habitum
701 3699 962 3744 assumat.
996 3689 1167 3756 Quam
1214 3689 1377 3743 etiam
1427 3698 1483 3744 et
1525 3687 1807 3744 confc~tim

209 3775 267 3831 in
298 3781 552 3837 coenobio
584 3782 847 3852 virginum
895 3780 1303 3852 mancipandam
1344 3795 1466 3837 esse
1495 3796 1802 3846 censemus,

207 3876 264 3924 ut
292 3870 363 3926 ab
395 3874 543 3928 omni
578 3874 795 3929 turbine
839 3874 1023 3928 mundi
1067 3883 1300 3942 remota,
1340 3888 1673 3944 nequaquam
1703 3874 1813 3929 cui-

280 3996 308 4024 ⁸
329 3986 449 4055 Εη
481 3989 718 4057 potestati
738 3990 793 4042 in
821 3990 1022 4057 publica
1048 3988 1325 4059 ingeratur.

1892 1940 2101 1998 sancto,
2125 1931 2209 1984 cui
2235 1945 2365 1985 cura
2395 1939 2477 1985 est
2502 1943 2686 1999 pacein
2717 1940 2771 1983 et
2796 1930 3052 1981 unitatem
3081 1926 3334 1982 Ecclesiae
3372 1937 3486 1979 sua:

1893 2031 2095 2076 sanctae
2141 2022 2426 2077 catholicae
2457 2021 2764 2089 providere,
2797 2020 3131 2085 deferimus;
3163 2017 3357 2073 deinde
3397 2031 3488 2070 or-

1896 2114 2132 2170 thodoxo
2161 2126 2214 2169 et
2244 2114 2594 2169 serenissima
2622 2113 2843 2167 domino
2874 2122 3059 2167 nostro
3087 2110 3324 2181 Egicano
3351 2106 3486 2178 regi,

1897 2208 2050 2278 cujus
2080 2207 2335 2263 instinctu
2384 2217 2439 2263 et
2478 2208 2826 2262 devotissimo
2855 2206 3099 2262 instituto
3134 2206 3185 2260 in
3218 2204 3321 2259 hoc
3362 2217 3489 2269 eoa,-

1899 2288 2091 2353 dunari
2148 2299 2442 2354 meruimus
2502 2298 2747 2370 synodali
2802 2306 3107 2364 conventu,
3168 2294 3491 2364 multiplices

1900 2392 2190 2461 gratiarum
2232 2393 2472 2447 actiones
2499 2391 2873 2461 persolvimus,
2916 2390 3007 2460 qui
3040 2404 3145 2444 non
3184 2387 3359 2442 solum
3391 2400 3490 2440 uo-

1899 2492 2131 2538 strorutn
2164 2486 2376 2539 animos
2425 2482 2491 2538 ad
2521 2484 2871 2551 corrigendos
2912 2482 3129 2537 ordines
3166 2478 3493 2538 ecclesiasii-

1902 2592 1994 2632 cos
2024 2577 2298 2642 excitavit,
2333 2579 2427 2633 sed
2465 2578 2625 2633 etiam
2667 2586 2721 2633 et
2753 2577 3005 2648 populum
3048 2591 3142 2645 per
3163 2574 3377 2629 oracula
3408 2587 3494 2627 re-

1898 2670 1988 2739 gni
2016 2670 2098 2725 sui
2132 2680 2257 2725 voto
2298 2672 2535 2741 gratioso
2562 2669 2632 2725 ab
2679 2669 3015 2740 impensione
3051 2667 3235 2723 tributi
3264 2663 3496 2721 reddidit

1899 2759 2203 2818 absolutum
2233 2780 2246 2816 :
2281 2778 2374 2831 pro
2402 2778 2509 2832 quo
2536 2763 2783 2817 beneficii
2814 2762 3014 2826 studio,
3057 2775 3164 2829 quo
3202 2758 3342 2828 plebi
3382 2769 3493 2810 sua:

1901 2862 2046 2907 tanta
2091 2853 2314 2924 largitus
2354 2862 2440 2909 est
2468 2855 2635 2918 dona,
2666 2854 2950 2908 Dominum
2979 2851 3160 2907 Jesum
3198 2849 3495 2915 Christum,

1903 2946 1993 3015 qui
2020 2960 2116 2999 nos
2149 2947 2387 3014 putentia
2428 2946 2638 2999 virtutis
2677 2960 2788 3000 Suae
2830 2944 3122 3008 decoravit,
3157 2946 3393 3011 pretiosa
3431 2952 3493 2994 ac

1907 3037 2119 3105 propria
2157 3036 2426 3092 eﬂ'usione
2480 3036 2754 3107 sanguinis
2799 3037 2880 3091 sui
2920 3034 3171 3101 redemit,
3214 3043 3498 3088 exiiramus

1909 3135 1967 3180 ut
1989 3127 2103 3197 ipse
2128 3142 2352 3198 regnum
2374 3128 2492 3199 ejus
2515 3128 2567 3182 in
2599 3142 2729 3197 pace
2758 3127 2860 3184 sub
2888 3126 3201 3182 multimoda
3231 3137 3495 3179 annorum

1910 3222 2175 3277 curricula
2209 3223 2425 3288 solidet,
2467 3232 2793 3292 gentemque
2840 3232 2894 3278 et
2923 3219 3224 3275 universam
3273 3215 3498 3287 patriam

1909 3315 1961 3370 in
1992 3317 2375 3386 tranquillitate
2406 3328 2714 3385 conservet,
2757 3324 2814 3373 et
2852 3325 3038 3371 contra
3070 3317 3276 3370 hostem
3303 3312 3501 3367 adver-

1908 3425 2024 3465 sum
2059 3410 2244 3466 victrix
2272 3410 2469 3467 Christi
2502 3413 2722 3469 dextera
2750 3412 3009 3467 victorem
3036 3410 3236 3466 efﬁciat
3260 3422 3497 3478 semper,

1909 3521 2016 3577 quo
2042 3507 2270 3576 expletis
2299 3506 2459 3577 hujus
2485 3510 2724 3563 extensis
2751 3507 2875 3562 vitae
2897 3505 3224 3574 temporibus
3254 3503 3320 3559 ad
3341 3512 3502 3557 teter-

1912 3618 2037 3657 uum
2070 3600 2416 3656 beatitudinis
2447 3600 2724 3669 praemium
2758 3602 3042 3667 pervenire
3074 3604 3341 3654 mereatur
3368 3595 3503 3649 illa:-

1912 3707 2024 3757 sus,
2059 3702 2350 3765 praestante
2383 3693 2606 3748 Domino
2646 3702 2831 3747 nostro
2859 3691 2989 3747 Jesu
3029 3688 3263 3753 Christo,
3299 3686 3385 3739 cui
3415 3690 3502 3738 cst

1915 3788 2107 3848 honor,
2149 3802 2355 3841 sutttttta
2390 3786 2561 3842 virtus
2598 3796 2654 3841 et
2680 3794 2918 3855 potestas
2949 3785 3002 3838 in
3044 3780 3238 3839 saecula
3289 3776 3504 3835 saeculo-

1914 3894 2053 3933 rum.
2086 3877 2277 3934 Amen.

217 4133 3506 4184 ψ

1138 4238 2562 4451 CONCILIUIIEIHI‘LERDENSE

317 4501 481 4546 OCTO
515 4498 980 4553 EPISCOPORUM,
1025 4498 1281 4542 GESTUH
1324 4499 1465 4541 EBA
1512 4499 1825 4553 DLXXXIV,
1872 4499 2043 4542 ANNO
2088 4500 2172 4543 XV
2216 4498 2613 4545 THEODOBICI
2647 4496 2675 4527 ⁸
2718 4497 2926 4557 REGIS,
2972 4497 3090 4541 SUB
3135 4496 3239 4539 DIE
3286 4495 3400 4541 νιιι

1579 4580 1724 4622 IDUS
1771 4580 2118 4625 AUGUSTAS.

218 4734 260 4794 Ι.
297 4734 374 4792 De
402 4736 483 4791 Itis
509 4735 599 4806 qui
643 4736 830 4791 altario
864 4741 1176 4800 ministrant,
1220 4741 1342 4788 uta
1385 4736 1634 4806 sanguine
1672 4732 1811 4787 omni
1840 4735 1893 4795 ι)
1919 4732 2159 4787 munioni
2196 4730 2512 4797 reddantur,
2552 4745 2613 4786 ea
2645 4740 2825 4786 tamen
2871 4729 3079 4786 ratione
3109 4726 3256 4801 [ιΕη
3295 4732 3502 4785 ratione

807 4824 860 4861 se
896 4806 1205 4860 abstineant.

286 4901 364 4957 De
412 4899 499 4954 his
526 4898 741 4954 clericis
770 4898 859 4968 qui
892 4897 946 4951 in
977 4895 1309 4950 obsessionis
1352 4896 1674 4951 necessitate
1712 4910 1808 4965 po-

219 4989 305 5045 siti
336 4990 535 5046 fuerint
566 4990 616 5045 id
647 5000 905 5045 statutum
934 4998 1038 5057 est,
1066 4989 1238 5057 utqui
1277 4989 1470 5043 altario
1499 4989 1811 5045 ministrant

172 5084 175 5089 ’
219 5092 273 5141 et
300 5085 505 5142 Christi
535 5084 850 5155 sanguinem
897 5082 1115 5139 tradunt
1147 5083 1228 5137 vel
1260 5096 1385 5135 vasa
1434 5096 1590 5137 sacro
1632 5083 1810 5138 ofﬁcio

220 5174 471 5243 deputata
523 5184 880 5241 contrectant,
935 5175 1004 5229 ab
1061 5175 1209 5230 omni
1267 5175 1500 5231 humano
1550 5176 1810 5246 sanguine

221 5268 376 5323 etiam
409 5268 596 5324 hostili
631 5267 969 5324 abstineant:
994 5267 1135 5336 quod
1166 5267 1211 5321 si
1262 5268 1314 5322 in
1363 5273 1464 5323 hoc
1502 5268 1808 5339 inciderint,

223 5357 379 5433 313
402 5360 613 5417 duobus
663 5361 819 5415 annis
860 5370 964 5414 tam
1016 5360 1196 5414 ofiicio
1240 5375 1398 5431 quam
1434 5362 1813 5419 communione

226 5454 520 5519 priveutur,
553 5454 625 5508 ita
673 5459 732 5507 ut
777 5450 861 5506 bis
889 5448 1100 5505 duobus
1131 5451 1286 5504 annis
1316 5451 1530 5521 vig.liis,
1568 5451 1806 5526 jejuniis,

226 5546 558 5600 orationibus
582 5555 636 5600 et
658 5542 1016 5614 eleemosynis
1048 5557 1145 5611 pro
1173 5541 1372 5597 viribus
1393 5558 1529 5612 quas
1553 5544 1811 5602 Dominus

228 5634 504 5695 donaverit
532 5638 839 5711 expientur,
875 5647 930 5695 ct
976 5640 1046 5693 ita
1074 5638 1290 5694 demum
1317 5637 1499 5694 cilicio
1534 5640 1619 5695 vel
1661 5655 1812 5697 com-

300 5802 326 5833 ⁸
347 5795 484 5865 8.3,
510 5795 603 5865 ϐο,
628 5796 811 5854 Tettdi.
833 5795 929 5865 0.,
955 5794 1279 5852 Πιικάσὶά.

1912 4822 2172 4895 servata],
2219 4838 2285 4878 ne
2330 4822 2560 4878 ulterius
2588 4824 2652 4877 ad
2691 4822 2864 4878 ofiicia
2892 4822 3099 4892 potiora
3140 4836 3497 4892 promovean-

1914 4925 2038 4981 tur;
2071 4917 2209 4986 quod
2252 4915 2297 4970 si
2326 4916 2463 4971 infra
2494 4917 2815 4985 prmﬁnitum
2847 4925 3056 4988 tempus
3086 4918 3500 4988 negligentiores

1914 5008 2056 5062 circa
2111 5009 2339 5063 salutem
2385 5023 2536 5063 suam
2588 5010 2940 5080 exstiterint,
2995 5009 3291 5080 protelandi
3342 5003 3501 5079 [£.,

1917 5099 2326 5172 proadjicieudi]
2358 5100 2524 5169 ipsius
2549 5101 2875 5170 paenitentia:
2910 5110 3120 5172 tempus
3148 5100 3200 5155 in
3235 5104 3503 5169 potestate

1916 5206 2132 5251 maneat
2157 5194 2474 5252 sacerdotis.

2020 5332 2087 5388 ll.
2130 5332 2210 5390 De
2238 5333 2318 5388 Itis
2353 5334 2441 5405 qui
2478 5334 2719 5419 abortum
2754 5337 2952 5419 faciunt
2988 5332 3067 5387 vel
3098 5338 3244 5384 natos
3273 5343 3392 5384 suos

2533 5418 2886 5478 exstinguitur.

1986 5538 2050 5593 Hi
2081 5554 2207 5594 vero
2236 5539 2324 5609 qui
2359 5540 2497 5596 male
2525 5549 2818 5609 conceptos
2842 5555 2907 5594 ex
2934 5535 3199 5591 adulterio
3222 5533 3392 5592 factos
3416 5532 3501 5590 vel

1918 5629 2095 5689 editos
2132 5646 2328 5689 necare
2353 5633 2674 5698 studuerint,
2712 5632 2795 5684 vel
2830 5631 2882 5685 in
2921 5630 3088 5684 uteris
3128 5634 3360 5686 matrum
3402 5636 3502 5696 po-
