4024 6350
534 290 644 353 ω
697 341 704 348 .

1237 291 1626 362 COLLECTIO'
1645 290 1990 351 CANONUM
2029 294 2091 351 S.

2219 295 2403 356 0080
2439 297 2706 360 HISPAL.
2747 300 3108 362 ΑΒΟΒΙΡΤΑ.

3707 304 3838 369 ³⁵ὶᾶ

537 409 775 466 tionibus
805 405 1074 482 aliquibus
1105 391 1424 477 sumserint,
1453 410 1506 465 in
1537 416 1766 481 utroque
1810 423 1943 465 sexu
1972 411 2124 467 adul-
2150 416 2205 478 Α
2227 416 2432 491 abluat]
2451 435 2466 472 :
2483 418 2551 474 ad
2579 419 2896 476 cbaritatem
2921 437 3047 476 vero
3077 436 3196 492 quo
3217 423 3393 492 operit
3418 425 3829 486 multitudinem

533 509 670 567 teris
702 515 825 580 post
860 517 1063 578 septem
1093 520 1354 562 annorum
1382 506 1654 564 curricula
1684 506 1998 563 oomunio
2028 509 2126 565 tri-
2225 521 2567 583 peccatorum
2598 515 2848 570 celeriter
2878 513 3094 570 fhstinet
3121 517 3324 573 venire.

537 601 755 667 buntur,
779 601 850 656 ita
879 611 1055 656 tamen
1085 609 1140 653 ut
1172 598 1316 654 otuni
1347 607 1591 670 tempore
1613 601 1738 654 vita
1765 613 1878 655 sua:
1905 599 2123 658 ﬂetibus

533 701 590 750 et
634 689 924 749 humilitati
967 691 1237 757 insistant,
1275 689 1514 746 ofﬁcium
1546 689 1625 744 eis
1655 689 1997 744 ministrandi
2033 704 2122 744 re-

532 801 793 858 cuperare
814 800 919 840 non
947 783 1137 851 liceat;
1162 795 1398 840 attamen
1429 785 1482 840 in
1509 785 1680 840 choro
1710 785 2052 855 psallentium
2083 800 2117 840 a

535 887 778 950 tempore
800 883 1031 944 recepta:
1059 876 1455 931 communionis
1483 875 1734 931 intersint
1759 893 1773 929 :
1799 876 1928 945 ipsis
1956 890 2122 931 vene-

532 969 644 1025 ficis
670 971 720 1023 in
747 968 890 1023 exitu
915 975 1142 1033 tantum,
1193 969 1235 1022 si
1283 968 1517 1021 facinora
1566 982 1661 1028 sua
1704 968 1850 1022 omni
1882 977 2121 1038 tempore

528 1063 651 1116 vitae
679 1075 790 1114 sua:
818 1059 1154 1124 deﬁeverint,
1185 1059 1494 1114 communio
1523 1059 1808 1114 tribuatur.

523 1153 612 1209 III.
655 1149 732 1206 De
765 1153 1049 1216 monachis,
1089 1159 1146 1204 ut
1203 1151 1374 1205 clerici
1429 1152 1730 1205 ordinentur
1776 1169 1892 1204 cum
1938 1152 2117 1206 volun-

593 1233 694 1278 tate
721 1223 937 1290 abbatis,
982 1234 1029 1276 et
1058 1237 1172 1288 qua!
1202 1224 1510 1276 monasterio
1549 1222 1836 1288 o/feruntur
1881 1239 1982 1277 non
2026 1241 2119 1277 nu-

595 1297 847 1365 ferantur,
873 1304 919 1348 et
947 1293 1009 1348 de
1037 1291 1254 1347 batilicis
1283 1309 1412 1364 quas
1447 1294 1564 1346 laici
1585 1295 1827 1363 -fererint.

593 1379 670 1442 De
694 1386 970 1442 monachis
1001 1393 1130 1441 Vero
1159 1387 1209 1440 id
1237 1386 1510 1442 observari
1544 1387 1746 1456 placuit
1775 1386 1918 1458 quod
1941 1401 2116 1457 syno-

520 1480 620 1535 dus
650 1479 970 1550 AgathenSis
993 1481 1076 1535 vel
1104 1477 1501 1535 Aurelianensis
1533 1475 1728 1550 [B.R.,
1762 1475 2114 1552 Arelatensis]

527 1574 762 1628 noscitur
797 1572 1103 1627 decrevisse
1128 1587 1146 1627 ε
1171 1571 1272 1627 hoc
1313 1573 1682 1626 tantummodo
1727 1571 2112 1642 adjiciendum,

521 1659 581 1719 ut
621 1679 718 1733 pro
764 1664 1015 1719 Ecclesiae
1047 1664 1278 1719 utilitate
1305 1677 1438 1734 quos
1469 1667 1758 1733 episcopus
1804 1664 2116 1734 probaverit

522 1745 579 1812 Ib
601 1755 888 1811 clericatus
911 1752 1147 1810 officium
1175 1763 1298 1810 cum
1338 1755 1548 1809 abbatis
1575 1755 1851 1811 voluntate
1878 1756 2108 1809 debeant

520 1845 778 1903 ordinari.
823 1847 895 1901 Ea
929 1862 1057 1903 vero
1078 1851 1197 1918 quae
1224 1845 1277 1901 in
1300 1846 1423 1916 jure
1450 1846 1765 1901 monasterii
1797 1846 1865 1902 de
1893 1847 2110 1901 faculta-

515 1933 662 1995 iibus
707 1933 1027 2005 offeruntur,
1063 1939 1115 1993 in
1142 1939 1290 1993 nullo
1317 1939 1625 1994 dimcesana
1653 1939 1769 2009 lege
1800 1939 1867 1993 ab
1892 1939 2110 2009 episco-

513 2031 602 2101 pis
642 2029 1042 2100 contingantur.
1080 2029 1136 2086 Si
1178 2037 1354 2086 autem
1399 2046 1467 2086 ex
1510 2027 1663 2088 laicis
1694 2032 1973 2101 quisquam
2003 2037 2112 2086 aee

516 2119 712 2174 factam
763 2121 1042 2175 basilicam
1082 2123 1394 2176 consecrari
1424 2121 1721 2187 desiderat,
1772 2127 2108 2193 nequaquam

515 2211 616 2265 sub
646 2212 952 2266 monasterii
985 2211 1194 2282 specie,
1243 2212 1330 2266 ubi
1363 2213 1712 2282 congrezatio
1758 2227 1863 2267 non
1907 2214 2113 2284 colligi-

513 2309 603 2358 tur
658 2303 742 2357 vel
789 2305 966 2373 regula
1013 2304 1082 2358 ab
1112 2306 1366 2373 episcopo
1398 2318 1504 2359 non
1540 2305 1905 2373 constituitur,
1936 2319 2053 2360 eam
2079 2318 2109 2360 e

513 2395 821 2451 ditecesana
849 2397 965 2465 lege
998 2397 1190 2451 audeat
1217 2408 1526 2466 segregare.

510 2487 602 2545 IV.
622 2485 697 2543 De
718 2489 942 2555 incestis,
965 2501 1019 2543 ut
1037 2489 1265 2558 quandiu
1292 2491 1341 2541 in
1369 2488 1556 2544 scelere
1576 2499 1692 2543 sunt
1713 2489 1845 2543 inter
1870 2488 2109 2542 catechu-

1023 2629 1028 2631 _
1049 2577 1220 2615 ntenos
1260 2560 1570 2615 habeantur.

583 2651 661 2708 De
687 2651 768 2706 bis
793 2653 882 2720 qui
918 2667 978 2708 se
1008 2653 1197 2708 incesti
1231 2654 1527 2721 pollutione
1554 2653 1958 2709 commaculaut
1983 2653 2103 2725 pla-

499 2746 650 2823 cuit,
675 2755 731 2800 ut
755 2761 1034 2817 quousque
1072 2747 1124 2800 in
1172 2747 1288 2815 ipso
1318 2746 1639 2801 detestando
1685 2753 1742 2800 et
1773 2745 1961 2800 illicito
1981 2759 2105 2802 car-

509 2840 597 2896 nis
635 2841 992 2896 contubernio
1031 2849 1401 2910 perseverant,
1437 2854 1606 2908 usque
1633 2840 1699 2894 ad
1733 2839 1951 2894 missam
1984 2849 2103 2895 tan-

510 2938 623 2986 tum
647 2933 1161 2986 catechumenorum
1203 2933 1254 2986 in
1293 2932 1527 2987 ecclesia
1568 2929 1952 2998 admittuntur;
1982 2947 2104 2986 cum

503 3024 698 3094 quibus
725 3025 888 3080 etiam
930 3039 1029 3078 nec
1069 3023 1247 3080 cibum
1277 3039 1491 3078 sumere
1521 3024 1615 3078 ulli
1647 3023 2100 3091 Christianorum,

505 3117 646 3172 sicut
672 3118 748 3171 ait
779 3117 1066 3183 Apostolus
1096 3116 1176 3171 vel
1201 3115 1380 3185 jussit,
1414 3123 1651 3184 oportet.

503 3207 670 3281 ,ιδ
692 3207 757 3266 V.
790 3207 867 3263 De
900 3208 980 3262 Itis
1012 3207 1098 3275 qui
1119 3207 1331 3281 pullario
1367 3207 1586 3281 serviunt
1631 3206 1676 3260 si
1718 3205 1884 3260 subito
1927 3205 2101 3260 carnis

993 3277 1278 3348 fragilitate
1310 3277 1616 3330 corruet-int.

577 3375 642 3431 ﬂi
671 3374 766 3444 qui
797 3367 988 3427 altario
1025 3371 1115 3426 Dei
1144 3371 1477 3436 deserviunt,
1507 3369 1552 3424 si
1589 3368 1764 3424 subito
1793 3367 1967 3423 ﬁenda
1988 3383 2103 3425 car-

414 3498 415 3501 η
504 3470 587 3525 nis
609 3467 898 3537 fragilitate
926 3463 1234 3520 corruerint
1254 3472 1309 3518 et
1335 3464 1560 3518 Domino
1591 3461 1913 3533 respiciente
1939 3461 2100 3532 digne

504 3560 874 3633 patrituerint,
905 3560 976 3613 ita
1003 3567 1062 3614 ut
1104 3557 1425 3613 mortificata
1467 3571 1698 3627 corpore
1742 3556 1922 3613 cordis
1967 3571 2096 3610 con-

503 3656 610 3711 triti
657 3653 979 3708 sacrilicium
1027 3652 1136 3706 Deo
1175 3649 1429 3717 offerant,
1481 3657 1698 3705 maneat
1741 3649 1794 3704 in
1835 3655 2098 3718 potestate

498 3746 770 3819 pontificis
809 3745 901 3810 vel,
921 3744 1184 3799 veraciter
1213 3743 1445 3798 afflictos
1473 3759 1578 3798 non
1611 3743 1704 3798 diu
1731 3740 2086 3810 suSpendere,

503 3841 589 3896 vel
618 3838 921 3894 desidiosos
968 3837 1243 3908 prolixiori
1287 3843 1533 3905 tempore
1572 3833 1642 3888 ab
1689 3831 1945 3886 Ecclesiae
1979 3845 2100 3885 cor-

510 3945 642 4001 pore
689 3943 1008 4000 segregare;
1042 3931 1112 3982 ita
1146 3937 1324 3982 tamen
1357 3935 1415 3981 ut
1445 3928 1522 3981 sic
1552 3911 1848 3979 officiorum
1879 3936 2094 3977 suorum

507 4024 624 4080 loca
655 4023 938 4093 recipiant,
985 4037 1054 4077 ne
1090 4021 1298 4092 possint
1337 4018 1404 4073 ad
1445 4019 1637 4073 altiora
1667 4015 1841 4072 ofﬁcia
1873 4015 2097 4070 ulterius

497 4116 804 4188 promoveri
831 4132 846 4169 :
870 4113 1018 4186 quod
1044 4114 1091 4170 si
1122 4115 1316 4170 iterato
1353 4111 1504 4167 velut
1533 4125 1696 4167 canes
1718 4108 1787 4164 ad
1831 4109 2095 4164 vomitum

465 4205 467 4207 ’
503 4207 705 4264 reversi
739 4204 959 4270 fuerint,
1003 4219 1108 4258 non
1148 4206 1322 4259 solum
1367 4201 1632 4272 dignitate
1654 4199 1821 4256 officii
1849 4205 2090 4266 careant,

499 4299 592 4353 sed
628 4299 788 4354 etiam
818 4305 1058 4352 sanctam
1094 4293 1529 4350 communionem
1561 4294 1664 4349 nisi
1692 4292 1746 4348 in
1774 4292 1924 4347 exitu
1967 4304 2089 4361 per-

500 4389 720 4459 cipiant.

504 4501 595 4561 VI.
639 4501 719 4558 De
753 4491 834 4557 llis
875 4501 965 4571 qui
1001 4499 1170 4555 uiduae
1202 4490 1466 4571 ptenitenti
1500 4497 1580 4553 vel
1615 4497 1869 4569 religiosa
1903 4494 2090 4570 virgini

1005 4570 1260 4641 ,stupru’m
1285 4570 1568 4624 intulesint.

461 4753 468 4762 _
574 4688 678 4759 Qui
700 4687 981 4760 ptenitenti
1015 4687 1191 4742 vidua:
1223 4685 1310 4741 vel
1334 4685 1527 4756 virgini
1555 4685 1820 4756 religiosae
1847 4685 1954 4741 vim
1985 4693 2095 4743 stu-

503 4781 583 4853 pri
615 4781 874 4846 intulerit,
911 4780 955 4835 si
987 4793 1049 4835 se
1077 4779 1145 4834 ab
1176 4793 1244 4834 eo
1273 4789 1618 4850 sequestrare
1656 4779 1912 4845 noluerit,
1953 4780 2094 4850 pari-

497 4885 584 4940 ter
610 4891 636 4929 a
667 4875 1044 4938 communione
1085 4881 1140 4928 et
1166 4888 1198 4928 a
1229 4873 1656 4929 Christianorum
1705 4873 1977 4929 consertio
2009 4889 2094 4929 se-

492 4979 783 5046 ‘gregetur:
813 4969 860 5024 si
882 4983 1010 5023 vero
1041 4968 1128 5023 ilia
1155 4983 1274 5039 quze
1318 4969 1425 5023 vim
1474 4967 1694 5038 pertulit
1738 4967 1806 5022 ad
1853 4977 2090 5023 sanctam

491 5053 811 5135 religionem
855 5060 1097 5128 redierit,
1133 5063 1186 5116 in
1230 5061 1322 5116 illo
1359 5061 1475 5117 solo
1505 5061 1852 5132 quoadusque
1883 5060 2092 5130 publice

500 5156 759 5225 poeniteat
787 5155 910 5208 data
939 5154 1207 5210 sententia
1237 5161 1574 5225 perseveret.

499 5264 610 5324 VII.
651 5264 731 5322 De
766 5265 846 5322 his
885 5265 974 5338 qui
1019 5274 1338 5392 sacramegnto
1365 5282 1436 5391 ‘se
1474 5264 1703 5338 obligant
1729 5281 1795 5320 ne
1821 5265 1889 5318 ad
1915 5281 2089 5336 pacem

1169 5351 1198 5390 r
1266 5351 1362 5391 ean
1390 5377 1402 5392 .

1169 5351 1402 5392 τεαωηι.

571 5446 669 5514 Qui
691 5456 1032 5502 sacramento
1054 5445 1114 5502 se
1134 5441 1453 5520 obligaverit
1483 5459 1542 5503 ut
1565 5448 1782 5518 litigans
1811 5462 1931 5503 cum
1953 5460 2089 5518 quo-

495 5539 625 5596 libet
651 5542 719 5596 ad
751 5551 934 5612 pacem
976 5542 1290 5599 nullomodo
1329 5542 1534 5608 redeat,
1579 5557 1674 5613 pro
1711 5541 1946 5612 periurio
1981 5555 2086 5597 uno

484 5635 639 5685 'tttiuo
674 5639 704 5685 a
745 5633 1129 5690 communione
1171 5634 1416 5704 corporis
1457 5641 1512 5687 et
1551 5635 1828 5704 sanguinis
1875 5633 2086 5687 Domini

494 5733 807 5792 segregatus
859 5735 1066 5781 reatum
1123 5741 1279 5782 suum
1339 5725 1718 5797 eieemosynis.
1769 5726 1984 5781 ﬂetibus
2028 5735 2084 5782 et

496 5817 709 5886 qllalllis
760 5820 1002 5891 potuerit
1061 5817 1282 5893 jejuniis
1346 5823 1591 5880 absolvet
1659 5821 1834 5896 [.E.,
1893 5822 1955 5878 Τ.
1999 5824 2077 5893 2,

2226 624 2361 682 VIII.
2404 626 2467 684 Si
2505 628 2719 711 clericus
2761 645 2968 711 servum
3009 619 3085 711 vel
3133 623 3443 711 discipulum
3495 623 3561 689 de
3605 638 3829 691 ecclesia

2580 704 2812 767 traxerit,
2849 712 2906 755 ut
2932 704 3279 769 pmnitentfaut
3309 715 3447 771 eget.

2294 790 2488 847 Nullus
2515 792 2835 849 clericorum
2861 811 3076 851 servum
3103 806 3197 851 aut
3215 796 3537 863 di~eipulum
3567 813 3725 854 suum
3752 799 3829 856 ad

2221 884 2506 940 ecclesiam
2544 885 2943 955 eonfugientem
2966 888 3255 943 extrahere
3281 889 3474 944 audeat
3502 891 3586 944 vel
3621 892 3652 943 ii
3671 892 3826 960 θεει-

2224 976 2338 1031 lere
2389 988 2710 1046 prmsumat;
2757 980 2896 1048 quod
2928 981 2971 1034 si
3004 980 3211 1047 fecerit,
3266 981 3440 1038 donec
3488 984 3649 1054 digne
3698 1000 3827 1054 ρξε’

2220 1069 2387 1125 niteat
2416 1085 2446 1124 a
2478 1070 2599 1125 loco
2626 1071 2710 1124 cui
2742 1069 2999 1126 Iwuorem
3030 1089 3134 1126 non
3163 1073 3307 1127 dedit
3334 1085 3664 1145 segrego-tur.

2222 1161 2313 1216 IX.
2358 1161 2433 1216 De
2459 1161 2539 1216 his
2568 1162 2654 1232 qui
2701 1163 3008 1234 rebaptisati
3049 1172 3166 1219 sunt
3209 1177 3458 1234 quantum
3509 1171 3820 1234 paeniteat".

2297 1256 2370 1309 Dc
2403 1256 2483 1310 his
2514 1257 2604 1325 qui
2639 1257 2690 1310 in
2721 1259 3160 1325 praevaricatione
3203 1235 3514 1328 rebaptizati
3557 1264 3674 1318 sine
3703 1263 3820 1318 alia

2218 1360 2323 1416 qua
2355 1350 2678 1404 necessitate
2724 1352 2810 1407 vel
2843 1362 3111 1406 tormento
3133 1352 3323 1420 dilapsi
3351 1365 3498 1419 sunt,
3535 1356 3734 1421 placoit
3761 1359 3821 1412 ut

2216 1440 2361 1495 circa
2403 1455 2497 1495 eos
2537 1442 2626 1495 illa
2660 1440 2891 1497 Nicamae
2918 1443 3108 1513 synodi
3140 1453 3336 1498 statuta
3380 1457 3663 1501 serventur
3689 1463 3820 1517 qua

2217 1530 2287 1586 de
2328 1534 2826 1600 praevaricatoribus
2871 1537 3077 1591 censita
3116 1551 3242 1592 esse
3286 1551 3610 1606 noscuntur;
3647 1541 3694 1593 id
3729 1551 3820 1596 est

2218 1634 2274 1678 ut
2315 1636 2520 1694 septem
2559 1627 2713 1681 annis
2745 1629 2883 1682 inter
2907 1629 3325 1684 catechumenos
3352 1639 3534 1699 orent,
3565 1642 3618 1685 et
3639 1632 3813 1705 διε

2215 1720 2426 1777 duobus
2467 1723 2608 1777 inter
2649 1721 2966 1788 catholicos,
3013 1731 3067 1778 et
3113 1733 3296 1791 postea
3336 1723 3701 1778 moderatione
3751 1731 3815 1779 et

2214 1812 2501 1867 clementia
2515 1814 2750 1884 episcopi
2775 1813 3020 1870 ﬁdelibus
3041 1816 3095 1870 in
3114 1813 3387 1870 oblatione
3407 1824 3464 1871 et
3483 1815 3816 1872 eucharistia

2215 1906 2637 1960 communicent.

2215 1997 2285 2054 Χ.
2324 1997 2403 2054 De
2431 2000 2511 2054 his
2533 1999 2618 2070 qui
2631 2001 2845 2083 iubente
2865 2004 3102 2085 episcopo
3132 2003 3322 2085 omissa
3343 2002 3500 2074 culpa
3519 2001 3586 2056 ab
3617 2001 3813 2059 Ecclus

2687 2089 2765 2127 sta
2797 2083 2938 2128 επεγθ
2965 2083 3310 2129 contemnunt.

2283 2164 2383 2231 Qui
2431 2164 2654 2234 jubente
2707 2165 2988 2221 sacerdote
3034 2181 3131 2236 pro
3179 2182 3500 2238 quacunque
3545 2168 3698 2238 culpa
3724 2171 3803 2224 ab

2212 2259 2442 2314 ecclesia
2488 2258 2638 2315 exire
2678 2259 3124 2330 contempserint,
3158 2276 3256 2330 pro
3285 2276 3421 2318 noxa
3449 2263 3812 2320 contumacia

2212 2352 2420 2405 tardius
2456 2353 2783 2422 recipiantur
2804 2354 2869 2408 ad
2892 2356 3127 2408 veniam.

2211 2443 2304 2500 XI.
2367 2444 2443 2500 De
2485 2445 2684 2501 clericis
2725 2447 2813 2516 qui
2849 2448 2899 2500 in
2941 2457 3172 2502 mutuam
3206 2449 3400 2502 eadem
3434 2459 3810 2520 prorumpunt.

2281 2536 2334 2590 Si
2361 2537 2543 2591 clerici
2597 2537 2648 2592 in
2693 2549 2932 2592 mutuam
2981 2540 3181 2596 caedem
3230 2543 3594 2616 proruperint,
3647 2553 3810 2612 prout

2210 2628 2444 2698 dignitas
2476 2628 2781 2684 officiorum
2816 2633 2867 2684 in
2904 2631 2992 2685 tali
3016 2647 3241 2686 excessu
3269 2635 3651 2689 contumeliam
3677 2650 3808 2704 per-

2211 2719 2414 2785 tulerit,
2441 2737 2468 2773 a
2497 2721 2750 2790 pontilice
2784 2723 3079 2776 districtius
3104 2725 3432 2780 vindicetur.

2302 2799 2414 2866 XII.
2457 2811 2534 2865 De
2565 2811 2646 2867 his
2677 2814 2765 2884 qui
2801 2826 2979 2867 contra
3013 2829 3236 2868 canones
3266 2816 3489 2871 ordinati
3517 2826 3634 2871 sunt
3663 2826 3714 2871 ut

2832 2890 3172 2954 deponantur.

2278 2963 2381 3040 Qui
2418 2975 2604 3028 contra
2659 2967 2877 3029 decreta
2923 2983 3184 3030 canonum
3233 2961 3525 3032 indiserete
3576 2975 3802 3035 clericos

2208 3069 2374 3134 usque
2405 3071 2543 3120 nunc
2572 3067 2975 3134 ordinaVerunt,
3025 3067 3104 3123 eis
3135 3065 3396 3125 Dominus
3425 3061 3507 3125 vel
3538 3081 3715 3127 sancta
3745 3071 3802 3128 et

2131 3153 2179 3218 C
2215 3160 2583 3215 ecclesiastica
2634 3158 2872 3215 chziritas
2919 3157 3420 3230 ignoscanamodo
3477 3165 3606 3220 vero
3652 3165 3695 3220 si
3738 3163 3796 3220 in

2206 3254 2332 3309 talia
2383 3259 2516 3310 ausu
2569 3255 2931 3324 proruperint,
2986 3255 3264 3313 decretum
3317 3264 3605 3323 canonum,
3652 3257 3797 3328 quod

2203 3348 2342 3402 circa
2364 3355 2550 3401 eorum
2583 3361 2839 3416 personas
2868 3351 3126 3403 stalbtum
3153 3355 3256 3418 est,
3283 3340 3336 3405 id
3362 3355 3464 3419 est,
3500 3362 3556 3406 ut
3589 3353 3793 3408 nullum

2203 3438 2461 3494 ordinare
2509 3437 2763 3507 audeant,
2803 3439 3138 3506 obserVelur,
3189 3442 3274 3498 vel
3301 3441 3389 3514 qui
3422 3439 3672 3514 deinceps
3700 3461 3794 3499 ora

2201 3529 2368 3587 dinati
2398 3527 2595 3590 fuerint
2624 3529 2996 3600 depenantur;
3033 3531 3086 3587 hi
3111 3537 3240 3588 vero
3268 3533 3358 3604 qui
3382 3533 3513 3589 tales
3539 3535 3797 3592 hactenus

2200 3621 2430 3678 ordinati
2477 3631 2599 3678 sunt
2642 3619 2791 3679 nullo
2826 3621 3072 3695 tempore
3116 3629 3530 3695 promoteantur
3558 3615 3792 3701 [.E.,T.

2199 3709 2253 3783 2,
2280 3711 2676 3787 amoveantur].

2199 3803 2336 3866 XIII.
2371 3807 2449 3864 De
2482 3797 2749 3865 catholicis
2778 3809 2866 3882 q'u‘i
2897 3803 3030 3937 ﬁgo:
3059 3829 3177 3866 suos
3204 3809 3498 3885 baptismati
3520 3811 3798 3870 heretico-

2789 3897 2903 3936 rum
2969 3900 2995 3937 e
3033 3899 3202 3937 etum.

2789 3897 2903 3936 rum
2931 3897 3202 3940 dederunt.

2269 3971 2580 4029 Catholicus
2618 3974 2708 4044 qui
2745 3974 2885 4029 ﬁlios
2928 3989 3054 4031 suos
3101 3977 3154 4032 in
3201 3977 3395 4034 haeresi
3441 3979 3794 4050 baptizandus

2198 4067 2474 4136 obtulerit,
2531 4070 2734 4124 oblatio
2774 4070 2917 4126 illius
2946 4073 2996 4125 in
3030 4072 3257 4130 ecclesia
3307 4075 3610 4132 nullatenus
3649 4076 3792 4131 reci-

2198 4161 2393 4231 piatur.

2268 4253 2412 4308 XIV.
2458 4252 2536 4309 De
2561 4253 2849 4323 catholicis,
2879 4265 2933 4308 ut
2963 4272 3076 4310 cum
3110 4257 3436 4312 rebautizatis
3465 4273 3568 4329 non
3593 4271 3713 4310 con-

2845 4339 3125 4382 t'ersentur.

2269 4413 2405 4475 Cum
2439 4407 2789 4492 rebaptizatis
2816 4413 3006 4477 fideles
3036 4423 3270 4493 religiosi
3298 4438 3397 4479 nec
3426 4423 3480 4478 in
3509 4423 3628 4479 cibo
3658 4437 3788 4492 par-

2120 4535 2176 4598 D
2199 4510 2436 4598 licipent.

2270 4595 2386 4663 XV.
2432 4607 2498 4663 Ut
2539 4609 2712 4664 clerici
2735 4622 2847 4663 cum
2876 4608 3132 4732 criti-anei:
3160 4607 3460 4663 mulieribus
3487 4623 3590 4663 non
3617 4607 3710 4661 ha-

2943 4697 2960 4732 ι
2985 4691 3084 4732 ent.

2943 4691 3084 4734 itent.

2267 4764 2709 4829 Familiaritatem
2765 4775 3146 4828 extraneorum
3199 4760 3486 4829 mulierum
3540 4767 3668 4829 licet
3715 4771 3788 4828 et

2195 4875 2309 4924 toto
2355 4868 2524 4923 sancti
2579 4867 2766 4922 Patres
2807 4866 3037 4936 antiquis
3085 4866 3470 4925 monitionibus
3517 4879 3788 4934 praecepe-

2192 4965 2302 5019 rint
2330 4962 2579 5018 ecclesiis
2604 4963 2934 5029 evitandum,
2965 4961 3018 5017 id
3047 4977 3186 5018 nunc
3213 4972 3390 5017 tamen
3417 4960 3570 5016 nobis
3609 4961 3784 5015 visum

2190 5065 2296 5122 est,
2329 5065 2391 5112 ut
2414 5057 2504 5125 qui
2538 5055 2660 5110 talis
2700 5054 3033 5124 probabitur,
3071 5064 3191 5124 post
3229 5055 3455 5125 primam
3487 5061 3540 5107 et
3579 5067 3788 5106 secun-

2191 5149 2314 5212 dam
2344 5148 2823 5202 commonitionem
2857 5148 2901 5202 si
2935 5147 3222 5204 emendare
3262 5145 3581 5215 neglexerit,
3611 5144 3787 5199 donec

2191 5242 2242 5296 in
2293 5241 2425 5295 vitio
2478 5249 2790 5313 perseverat
2843 5241 3008 5298 ofﬁcii
3055 5241 3451 5316 suidignitate
3506 5239 3782 5309 privetur;

2188 5333 2402 5404 quodsi
2430 5348 2490 5389 se
2516 5333 2628 5390 Deo
2647 5332 2870 5405 iuvante
2894 5333 3214 5400 correxerit,
3239 5341 3430 5389 sancto
3452 5330 3782 5414 ministerio

2191 5436 2544 5482 restauretur.

2186 5541 2496 5613 310x".
2524 5542 2585 5598 Si
2615 5541 2854 5596 sacerdos
2868 5541 3118 5666 bmoritur,
3146 5541 3272 5613 quid
3295 5541 3360 5596 de
3379 5541 3534 5596 rebus
3552 5539 3781 5596 ecclesiae

2835 5630 2863 5666 ο
2900 5626 3142 5666 servetur.

2835 5626 3055 5668 00861⁵1182
3060 5630 3142 5668 ur.

2256 5727 2407 5782 Licet
2431 5729 2498 5784 de
2529 5744 2587 5784 re
2619 5729 2986 5797 hujuscemodi
3018 5745 3179 5798 quam
3207 5729 3540 5785 constituere
3571 5727 3770 5784 salubri

2183 5819 2518 5878 ordinatione
2561 5821 2901 5878 decernimus
2949 5809 3120 5892 prisca
3159 5823 3453 5877 auctoritas
3503 5820 3769 5878 canfltiinn
