4024 6350
207 390 303 447 596

1156 335 1469 428 CONClLiA
1510 354 1874 421 HISPANIAS.
1916 388 1983 400 —
2022 352 2511 414 VALLETANUM.

3362 346 3469 403 526
3486 322 3491 327 ’

207 508 530 571 nequaquam
577 490 806 556 siluerit,
856 487 954 546 sed
1002 484 1238 543 evidenti
1281 481 1556 538 sanctione
1586 491 1781 547 praece-
1810 482 1858 541 Α
1886 471 2044 527 fuerit
2094 469 2377 525 abstulisse
2423 468 2507 522 vel
2558 466 2783 522 forsitan
2827 464 2950 521 dolo
2995 464 3176 533 aliquo
3217 479 3469 535 suppres-

209 597 353 666 perit,
400 602 457 644 ut
520 586 888 659 cujuscunque
930 581 1171 639 ecclesia)
1224 578 1476 646 pontiﬁce
1531 572 1782 628 defuncto

208 705 301 744 non
332 684 526 755 passim
569 696 666 751 pro
707 681 858 733 iibitu
889 692 985 730 suo
1011 676 1061 733 in
1088 688 1274 727 earum
1305 684 1483 725 rerum
1515 666 1780 733 direptio-

207 794 338 842 nem,
380 789 513 844 quas
559 773 751 827 obiens
790 768 1133 836 derelinquit,
1186 764 1428 833 quisquis
1466 764 1635 815 irruat
1680 758 1783 813 do-

206 882 453 937 mumque
503 864 798 929 subvertat,
847 860 941 917 sed
988 857 1240 913 sacerdos
1275 855 1363 924 qui
1407 851 1783 921 exsequiarum

207 974 435 1031 tempore
461 960 613 1013 adest
641 956 817 1011 omnia
846 968 965 1023 quae
992 952 1057 1007 ad
1088 951 1369 1005 utilitatem
1413 957 1470 1002 et
1492 958 1785 1001 conserva-

208 1058 393 1111 tionem
456 1052 725 1121 pertinent
772 1048 965 1103 debeat
1005 1042 1245 1115 diligenti
1300 1040 1788 1109 circumspectione

207 1146 453 1201 munire:
484 1153 660 1197 tamen
690 1142 812 1210 quia
846 1140 959 1195 haec
1006 1139 1121 1207 ipsa
1164 1138 1393 1202 sanctio,
1442 1132 1585 1204 quod
1632 1130 1788 1200 pejus

213 1248 308 1308 est,
334 1254 360 1291 a
391 1237 575 1291 multis
616 1234 826 1289 clericis
870 1230 1212 1303 cognoscitur
1252 1229 1463 1294 violari,
1508 1228 1578 1282 ita
1609 1237 1668 1281 ut
1698 1240 1788 1281 oc-

205 1334 483 1387 omuhente
543 1330 821 1384 sacerdote
850 1331 1198 1393 expectorato
1228 1321 1419 1376 aﬂectu
1460 1329 1675 1388 totaque
1704 1317 1787 1371 di-

210 1425 443 1493 sciplinae
497 1423 786 1477 severitate
828 1418 1149 1490 .posthabita
1210 1414 1519 1470 immaniter
1562 1428 1684 1482 quae
1734 1412 1788 1464 in

204 1514 353 1569 domo
396 1512 683 1583 pontiﬁcali
731 1514 1070 1581 reperiuntur
1120 1507 1374 1562 invadant
1400 1516 1454 1560 et
1506 1504 1787 1571 abradant,

213 1607 260 1661 id
286 1621 426 1661 nunc
454 1622 643 1661 omnes
690 1603 849 1674 hujus
883 1602 1061 1671 placiti
1092 1600 1176 1654 vel
1220 1596 1496 1652 constituti
1528 1597 1665 1649 inter
1693 1608 1788 1648 nos

204 1713 421 1754 censura
454 1699 653 1768 placuit
683 1694 956 1750 custodire
995 1709 1010 1745 :
1059 1702 1116 1746 ut
1153 1690 1406 1745 defuncto
1434 1685 1678 1742 antistite
1709 1683 1792 1739 vel

204 1792 359 1847 etiam
430 1792 605 1845 adhuc
639 1791 689 1843 in
719 1788 986 1857 supremis
1014 1794 1224 1855 agente,
1264 1781 1443 1837 nullus
1472 1779 1786 1833 clericorum

1884 565 2041 627 siSse,
2074 576 2199 617 reus
2228 560 2491 630 sacrilegii
2529 559 2806 630 prolixiori
2832 558 3170 613 anathemate
3208 557 3467 612 condem-

1887 668 2068 725 netur,
2098 667 2155 714 et
2179 659 2263 710 vix
2295 670 2510 726 quoque
2540 656 2823 723 peregrina
2865 653 2915 707 ei
2945 651 3249 705 communio
3274 651 3471 705 anima

1884 752 2251 809 concedatur:
2279 751 2401 819 quia
2432 749 2626 801 durum
2670 757 2753 803 est
2794 756 2850 799 ut
2896 744 2949 799 hi
2998 752 3377 814 quos-constat
3415 744 3470 799 in

1887 845 2111 900 servitio
2160 843 2371 898 Domini
2424 856 2547 896 cum
2604 840 2789 909 primae
2838 839 2983 894 sedis
3032 838 3273 893 antistite
3314 838 3473 892 desu-

1888 939 2070 1005 dasse,
2103 938 2343 1003 illorum,
2385 936 2477 1006 qui
2524 949 2737 989 suarum
2784 950 2960 989 rerum
3008 935 3348 997 inrubatores
3389 931 3475 989 vel

1891 1034 2211 1090 utilitatibus
2237 1033 2540 1087 servientes
2568 1040 2729 1097 atque
2755 1039 3008 1085 vacantes
3036 1026 3204 1087 fuisse
3236 1043 3478 1085 noscun-

1889 1139 1996 1198 tur,
2030 1128 2370 1199 despectibus
2401 1127 2736 1196 aliquatenus
2758 1125 3090 1180 crucientur.

1959 1223 2139 1293 Sergis
2171 1220 2290 1294 [U.,
2321 1216 2564 1289 Sergius]
2598 1218 2649 1271 in
2681 1216 2881 1271 Christi
2932 1216 3147 1271 nomine
3192 1216 3479 1283 episcopus

1892 1316 1987 1370 has
2007 1316 2444 1377 constitutiones,
2479 1312 2773 1367 secundum
2814 1312 2955 1381 quod
2999 1312 3158 1367 nobis
3203 1328 3325 1367 cum
3374 1308 3482 1366 fra-

1890 1410 2063 1465 tribus
2108 1412 2308 1464 nostris
2352 1407 2463 1462 Deo
2505 1406 2803 1477 inspirante
2834 1406 3187 1475 complacuit,
3230 1405 3398 1476 relegi
3426 1411 3484 1460 et

1892 1503 2213 1572 Subscripsi.

1965 1594 2150 1649 Justus
2195 1594 2246 1648 in
2291 1592 2492 1646 Christi
2536 1592 2753 1645 nomine
2795 1588 3084 1660 episcopus
3112 1589 3198 1645 his
3222 1589 3484 1644 constitu-

1893 1688 2127 1744 tionibus
2156 1687 2371 1742 interfui
2398 1695 2453 1739 et
2477 1685 2791 1753 subscripsi.

1964 1782 2250 1837 Carontius
2278 1780 2330 1834 in
2363 1779 2563 1836 Christi
2608 1778 2823 1833 nomine
2860 1779 3143 1847 episcopus
3192 1775 3276 1832 his
3315 1775 3477 1848 317

206 1884 482 1953 cujuslibet
509 1882 739 1947 ordinis,
771 1878 933 1935 ofﬁcii
967 1878 1231 1950 gradusve
1260 1875 1354 1943 sit,
1396 1871 1690 1941 quidquam
1718 1868 1787 1924 de
1816 1867 1865 1927 B
1890 1870 2367 1930 constitutionibus
2398 1869 2613 1925 interfui
2647 1878 2699 1924 et
2731 1868 3046 1938 subscripsi.

206 1978 364 2033 domo
393 1979 605 2033 attferre
633 1984 945 2045 praesumat,
976 1973 1059 2027 vel
1088 1972 1158 2026 de
1187 1969 1422 2025 utilitate
1446 1982 1567 2035 qua;
1596 1966 1795 2019 instru-

202 2074 368 2124 menti
395 2071 587 2125 domus
616 2085 739 2125 esse
780 2069 1041 2132 noscitur,
1076 2065 1127 2119 id
1159 2073 1243 2118 est
1271 2062 1458 2117 mobili
1484 2061 1573 2115 vel
1604 2060 1797 2114 immo-

198 2160 293 2217 bili
326 2164 408 2218 rei
437 2160 818 2217 ecclesiasticm
856 2168 1081 2214 conetur
1121 2155 1396 2220 invadere,
1444 2152 1575 2209 nihil
1627 2152 1793 2218 furto,

200 2254 333 2308 nihil
362 2257 435 2320 vi,
463 2254 594 2309 nihil
627 2253 752 2307 dolo
797 2250 1163 2321 supprimens,
1191 2246 1440 2301 auferens
1465 2253 1626 2314 atque
1669 2243 1796 2296 abs-

196 2350 459 2412 condens,
494 2347 585 2402 sed
617 2346 662 2401 is
708 2345 796 2400 cui
826 2345 1021 2400 domus
1048 2341 1334 2399 commissa
1365 2348 1470 2406 est,
1497 2337 1793 2407 subjunctis

201 2438 301 2493 sibi
331 2454 453 2492 cum
484 2438 712 2492 consilio
742 2436 872 2491 cieri
923 2449 1029 2490 uno
1078 2434 1157 2487 vel
1191 2432 1399 2487 duobus
1444 2428 1791 2494 ﬁdelissimis,

203 2531 384 2585 omnia
412 2546 579 2601 usque
609 2528 676 2584 ad
708 2538 915 2597 tempus
967 2524 1234 2597 pontiﬁcis
1283 2521 1640 2577 subsrituendi
1693 2519 1791 2575 de—

206 2625 326 2682 beat
362 2638 727 2691 conservare,
766 2623 848 2678 vel
895 2608 977 2675 his
1014 2620 1102 2689 qui
1150 2621 1203 2672 in
1246 2616 1408 2672 domo
1450 2615 1792 2669 inveniuntur

206 2718 414 2774 clericis
460 2726 773 2774 consuetam
805 2713 1113 2769 alimoniam
1147 2710 1545 2763 administrare.
1587 2705 1791 2761 Substi-

208 2822 343 2868 tulus
367 2815 595 2869 antistes
626 2821 877 2879 suscepta
910 2824 995 2875 ea,
1039 2814 1200 2877 pr0ut
1223 2807 1476 2859 decessor
1502 2817 1630 2856 suus
1653 2799 1795 2854 ordi-

207 2908 349 2961 navit
385 2908 474 2962 vel
525 2906 647 2959 huic
695 2900 838 2957 Deus
882 2900 1221 2969 imperaverit
1259 2895 1378 2969 [U.,
1412 2887 1795 2962 inspiraverit],

205 2997 277 3051 uti
309 3014 434 3053 cum
480 2997 563 3052 his
609 2994 803 3050 debeat
848 3005 983 3063 quos
1032 2988 1345 3059 cognoverit
1394 2984 1691 3054 disciplina:
1744 2980 1800 3037 et

207 3090 460 3146 charitati
515 3089 816 3145 decessoris
864 3086 947 3140 sui
1000 3084 1232 3139 ﬁdeliter
1287 3080 1545 3149 paruisse.
1577 3078 1727 3145 Quod
1754 3076 1798 3131 si

211 3184 493 3255 quisquam
538 3191 655 3251 post
704 3182 819 3234 haec
856 3174 1140 3247 cujuslibet
1180 3172 1404 3238 ordinis,
1453 3177 1509 3225 ut
1551 3169 1796 3238 superius

208 3274 404 3331 dictum
440 3285 540 3340 est,
572 3273 802 3330 clericus
850 3284 1166 3342 quacunque
1210 3268 1494 3324 occasione
1534 3262 1600 3319 de
1637 3262 1797 3316 domo

207 3370 449 3427 ecclesia:
496 3370 582 3425 vel
621 3370 687 3423 de
718 3356 860 3423 omni
912 3366 1163 3421 facultate
1214 3360 1483 3434 quidpiam
1542 3357 1798 3429 probatus

1962 1969 2198 2025 Joannes
2226 1969 2279 2021 in
2306 1967 2504 2021 Christi
2538 1966 2751 2019 nomine
2782 1964 3064 2034 episcopus
3104 1962 3187 2019 his
3214 1960 3477 2019 constitu-

1893 2058 2131 2115 tiooibus
2154 2058 2368 2113 interfui
2401 2066 2455 2113 et
2484 2054 2796 2124 subscripsi.

1966 2151 2229 2207 Paterous
2292 2150 2344 2203 in
2392 2147 2587 2203 Christi
2637 2148 2853 2201 nomine
2899 2132 3153 2200 Ecclesiae
3212 2143 3490 2200 catholicae

1902 2244 2315 2301 Barcinouensis
2344 2242 2630 2312 episcopus
2658 2239 2898 2310 acquievi
2922 2236 2977 2293 et
3004 2236 3317 2307 subscripsi.
3432 2226 3433 2229 “

1974 2338 2212 2393 Mamilio
2253 2322 2439 2410 [B.R.,
2473 2333 2533 2388 Τ.
2663 2328 2752 2397 U.,
2785 2328 2876 2398 G.,
2902 2322 3183 2401 Maurulio]
3209 2332 3260 2383 in
3291 2327 3489 2384 Christi

1898 2432 2114 2488 nomine
2148 2431 2402 2486 Ecclesiae
2433 2428 2710 2486 catholicae
2750 2426 3060 2483 Dertosanze
3089 2425 3374 2496 episcopus
3403 2440 3492 2481 ac-

1896 2528 2072 2598 quievi
2100 2528 2154 2581 et
2184 2524 2501 2593 subscripsi.

1968 2616 2134 2691 318
2160 2618 2368 2672 Taurus
2398 2614 2517 2688 [U.,
2542 2609 2777 2685 Maurus]
2818 2614 2869 2668 in
2899 2600 3096 2669 Christi
3130 2612 3349 2667 nomine
3380 2602 3492 2666 Ec-

1897 2712 2077 2768 clesia:
2106 2711 2390 2776 Egareusis
2420 2705 2508 2783 [In
2536 2704 2724 2770 Codd.,
2757 2703 3069 2779 Agarensis]
3101 2707 3383 2778 episcopus
3409 2702 3492 2761 his

1900 2804 2301 2860 definitionibus
2333 2800 2544 2857 interfui
2577 2813 2631 2856 et
2660 2802 2969 2869 subscripsi.

1978 2895 2299 2951 Februarius
2332 2897 2384 2948 in
2415 2892 2610 2947 Christi
2639 2896 2853 2946 nomine
2884 2893 3167 2961 episcopus
3205 2876 3493 2947 llerdeusis

1904 2990 1988 3045 his
2017 2987 2495 3045 constitutionibus
2524 2986 2737 3041 interfui
2767 2995 2821 3041 et
2849 2984 3162 3054 subscripsi.

1977 3084 2171 3138 Gratus
2201 3085 2252 3136 in
2281 3080 2478 3135 Christi
2514 3079 2728 3134 nomine
2761 3081 3038 3151 presbyter
3076 3079 3310 3135 directus
3341 3095 3370 3133 a
3399 3078 3496 3135 do-

1904 3178 2049 3231 mino
2081 3192 2201 3231 meo
2233 3173 2510 3245 Stnpliylio
2540 3169 2627 3243 [Τ.
2654 3172 2714 3240 2,
2740 3170 2830 3239 U.,
2855 3168 3102 3244 Stabilio]
3126 3174 3380 3245 episcopo
3411 3170 3495 3229 his

1904 3269 2379 3326 constitutionibus
2405 3264 2621 3322 interfui
2649 3271 2705 3321 et
2734 3254 3048 3337 subscripsi.

211 3470 3492 3520 β

1072 3574 2653 3785 ΟΟΝΟΙΕΙΗΜΧῙθἌΙλΙλΕΤΑΝΠΜ

206 3890 327 3936 82x
375 3885 844 3951 miscovonuu,
888 3879 1186 3925 ωιητωι
1231 3877 1372 3920 ΕΜ
1418 3872 1442 3899 ι
1489 3875 1828 3927 anxxvn,
1875 3876 2044 3917 anno
2082 3876 2162 3917 xv
2208 3874 2599 3920 THBODOBIGI
2645 3858 2781 3936 [U.,
2811 3858 3241 3933 Tnncnntai]
3285 3870 3500 3931 ansis,

1339 3955 1457 3999 SUB
1498 3954 1611 3997 υικ
1655 3954 1701 3995 ιι
1747 3954 1944 3999 NONAS
1992 3956 2376 4000 DECEMBRIS.

394 4119 435 4175 Ι.
481 4115 548 4172 Ut
580 4106 914 4185 Evangelium
937 4115 1049 4181 post
1074 4098 1380 4177 Apostolum
1409 4100 1630 4174 legatur.

284 4235 342 4291 In
390 4232 609 4289 nomine
652 4226 861 4284 Domini
910 4224 1077 4280 nostri
1120 4221 1243 4278 Jesu
1292 4218 1489 4275 Christi
1533 4215 1711 4272 Valles
1755 4217 1808 4273 in

218 4326 456 4383 COIN'lllO
481 4319 791 4394 congregati
823 4316 946 4372 dum
988 4315 1056 4371 de
1099 4309 1458 4368 ecclesiastica
1492 4306 1670 4378 regula
1705 4318 1810 4362 tra-

218 4430 506 4479 ctaremus,
536 4416 789 4483 antiquos
817 4423 1056 4464 canones
1082 4404 1382 4474 relegentes
1400 4442 1423 4468 ,ν
1449 4401 1587 4455 inter
1615 4410 1809 4454 caetera

218 4516 319 4572 hoc
340 4516 652 4572 censuimus
683 4506 1074 4565 observandum
1100 4544 1118 4571 ,
1170 4512 1246 4557 ut.
1268 4508 1607 4557 sacrosancta
1639 4498 1810 4551 Evan-

220 4612 347 4678 gelia
380 4620 503 4663 ante
532 4618 807 4661 munerum
842 4599 1136 4655 illationem
1180 4595 1263 4651 vel
1310 4595 1529 4648 missam
1560 4592 1811 4646 catechu-

221 4717 499 4757 menorum
545 4702 600 4755 in
646 4696 837 4752 ordine
877 4695 1166 4749 lectionum
1216 4698 1337 4758 post
1383 4686 1697 4756 Apostolum
1733 4685 1811 4740 le-

219 4805 444 4865 gantur,
479 4800 744 4862 quatenus
788 4784 1039 4842 salutaria
1090 4789 1349 4853 praecepta
1391 4780 1601 4833 Domini
1646 4778 1812 4832 nostri

221 4864 341 4937 lesu
366 4883 569 4939 Christi
605 4879 689 4933 vel
734 4891 1037 4933 sermonem
1081 4871 1373 4927 sacerdotis
1416 4885 1520 4923 non
1550 4868 1720 4922 solum
1755 4864 1814 4921 li:

225 4974 365 5030 deles
419 4976 513 5029 sed
564 4972 725 5028 etiam
776 4967 1147 5025 catecliumeni
1179 4972 1242 5019 ac
1266 4963 1611 5034 praenitentes,
1641 4960 1733 5015 sed
1760 4968 1814 5016 et

225 5083 408 5125 Omnes
438 5067 529 5136 qui
568 5082 598 5119 e
629 5066 839 5119 diverso
878 5070 1038 5126 sunt,
1070 5059 1255 5113 audire
1298 5054 1496 5110 licitum
1546 5038 1811 5109 habeant:

226 5161 300 5215 sic
348 5134 495 5216 enim
544 5150 854 5229 pontiﬁcum
908 5152 1288 5222 praedicatiOue
1322 5134 1501 5205 audita
1530 5140 1815 5203 nonnullos

227 5252 287 5304 aii
318 5253 481 5307 fidem
512 5257 773 5303 attraclos
796 5246 1072 5301 evidenter
1100 5242 1316 5297 scimus.

231 5344 290 5399 II.
334 5343 404 5400 Ut
431 5343 674 5413 defuncto
701 5340 957 5419 Aepiscopo
996 5334 1243 5413 derelicta
1282 5332 1441 5419 ipsius
1471 5331 1546 5385 uel
1576 5329 1820 5385 Ecclesia

618 5409 793 5466 nullo:
814 5408 1090 5480 quidquam
1120 5410 1421 5476 prmsumal.

1838 4103 1884 4166 C
1915 4104 2062 4173 scopi
2112 4104 2165 4159 in
2206 4103 2396 4171 libris,
2440 4104 2492 4158 in
2543 4090 2842 4171 speciebus,
2872 4100 3210 4169 utensilibus,
3244 4101 3496 4173 vasculis,

1913 4198 2154 4268 frugibus
2178 4238 2193 4263 ,
2225 4198 2475 4269 gregibus
2500 4239 2517 4262 ,
2549 4196 2867 4252 animalibus
2896 4197 2977 4251 vel
3009 4197 3153 4250 omni
3186 4197 3406 4251 omnino
3434 4211 3494 4253 re

1912 4305 2133 4361 rapaces
2183 4305 2372 4346 manus
2420 4286 2714 4346 abstineant
2758 4298 2811 4344 et
2857 4289 2987 4343 nihil
3043 4282 3303 4343 latronum
3349 4304 3501 4345 more

1912 4382 2194 4455 diripiunt;
2244 4384 2335 4455 qui
2387 4383 2431 4437 si
2482 4397 2583 4438 nec
2627 4386 2889 4436 canonum
2930 4383 3249 4437 auctoritate
3277 4380 3498 4437 cohibiti

1912 4477 2147 4542 fuerint,
2201 4478 2379 4531 omnia
2418 4492 2536 4545 quae
2582 4475 2945 4544 pervaserint,
2981 4474 3375 4541 metropolitani
3416 4473 3501 4529 vel

1912 4574 2149 4629 omnium
2201 4570 2731 4639 comprovincialium
2772 4567 3110 4625 sacerdotum
3163 4565 3503 4624 districtioiie

1912 4666 2081 4721 coacti
2112 4706 2126 4731 ,
2178 4664 2231 4718 in
2260 4662 2544 4734 pristinum
2578 4650 2773 4716 statum
2814 4660 3180 4730 redintegrare
3217 4670 3500 4733 cogantur,

1913 4755 2113 4813 utnihil
2137 4755 2358 4811 antistiti
2376 4754 2462 4811 vel
2491 4755 2847 4824 dispensatori
2880 4754 3500 4810 futuronecessariorum
3522 4734 3535 4749 ’

1914 4850 2012 4913 sub
2044 4859 2141 4911 hac
2164 4858 2302 4927 justa
2350 4854 2741 4910 constitutione
2766 4855 3039 4923 depereat.
3059 4852 3211 4921 Quod
3246 4862 3304 4907 ut
3334 4848 3503 4905 conﬁ-

1916 4950 2127 5005 dentius
2144 4948 2347 5016 justitia
2361 4954 2613 5001 manente
2632 4956 2897 5011 servetur,
2914 4945 3204 5000 secundum
3224 4939 3504 5010 Regiensis

1916 5038 2106 5112 synodi
2134 5039 2457 5100 constituta,
2487 5038 2739 5105 episcopo
2768 5052 2796 5091 a
2826 5052 3052 5107 corpore
3086 5034 3393 5094 recedente,
3428 5029 3505 5083 vi-

1918 5138 2088 5192 ’cinio‘r
2129 5134 2202 5190 illi
2242 5128 2459 5188 accedat
2490 5132 2773 5201 episcopus
2793 5172 2807 5196 ,
2838 5131 2928 5201 qui
2958 5144 3023 5185 ex
3054 5136 3203 5183 inore
3231 5121 3506 5192 exsequiis

1918 5228 2206 5286 celebratis
2233 5226 2413 5282 Statim
2448 5223 2704 5280 Ecclesiae
2744 5224 2915 5292 ipsius
2948 5238 3132 5277 curam
3172 5215 3507 5274 districtissi-

1918 5338 2007 5378 me
2034 5328 2202 5391 gerat,
2240 5335 2307 5374 ne
2336 5319 2461 5388 quid
2482 5326 2607 5373 ante
2629 5315 3021 5373 ordinationem
3045 5311 3203 5366 futuri
3239 5308 3507 5377 pontiﬁcis

1922 5417 2240 5473 inhiantium
2306 5408 2622 5469 clericorum
2682 5408 3019 5467 subversioni
3077 5404 3161 5459 vel
3216 5398 3507 5473 direptioni

300 5512 412 5567 Hoc
443 5511 603 5566 eliam
635 5508 831 5579 Placuil
855 5550 869 5573 ν
902 5514 958 5559 υι
982 5504 1234 5573 episcopo
1262 5490 1327 5555 ab
1358 5498 1459 5552 lmc
1487 5493 1704 5561 3990010:
1730 5495 1819 5565 lu'
1846 5485 2030 5585 1)jam
2086 5513 2283 5566 liceat:
2321 5509 2391 5562 ita
2443 5517 2499 5562 ut
2542 5506 2609 5563 de
2652 5501 2881 5574 repertis
2928 5486 3179 5556 omnibus
3218 5497 3508 5566 inspectior

233 5604 389 5663 bente
426 5605 673 5669 Domino,
702 5601 985 5666 arcessito,
1004 5590 1186 5652 clerici
1216 5594 1284 5649 ab
1315 5592 1458 5646 omni
1484 5590 1703 5644 omnino
1730 5606 1817 5643 su-

237 5702 479 5771 pellectili
525 5701 611 5756 vel
658 5711 978 5770 quacunque
1024 5696 1077 5751 in
1107 5692 1269 5761 domo
1299 5690 1541 5748 ecclesiae
1580 5686 1661 5743 vel
1701 5684 1816 5756 epi-

308 5892 333 5921 ι
371 5883 487 5956 Ετ,
518 5882 679 5949 Β.Β.,
705 5878 771 5936 Τ.
806 5877 860 5949 1,
888 5876 948 5948 2,
977 5872 1073 5946 IL,
1105 5874 1197 5945 G.,
1227 5889 1331 5931 arra
1359 5878 1618 5928 anxx'tv.

1924 5605 2148 5663 consitio
2178 5602 2573 5672 descriptioque
2604 5588 2910 5651 ﬁdelissima
2933 5634 2947 5657 ,
2979 5591 3024 5647 si
3048 5580 3160 5646 fieri
3188 5598 3395 5662 potest,
3431 5588 3513 5642 in-

1922 5714 2003 5760 tra
2031 5712 2248 5759 octavas
2291 5692 2528 5754 defuncti
2558 5691 2658 5748 sub
2685 5678 2961 5755 diligentia
2992 5678 3516 5766 praesentisepisco-

2686 5959 2701 5984 1
