4024 6350
529 312 632 371 527

529 430 580 501 pi
613 435 894 500 peragatur
937 445 952 483 :

529 523 640 580 bita
670 522 938 581 ordinatio
965 525 1049 581 vel
1076 528 1365 596 descriptio
1392 527 1685 597 deferatur,
1714 531 1878 605 319
1903 543 1961 589 ut
1995 532 2113 604 eius

528 616 790 674 electione
839 619 958 674 talis
1006 633 1236 689 persona
1264 620 1576 677 ordinandae
1616 623 1808 679 domus
1853 625 2110 679 ecclesia-

528 708 680 766 stica:
710 718 1042 781 procuretur,
1092 725 1211 780 qute
1254 711 1425 765 valeat
1474 722 1731 769 consueta
1780 714 1991 769 clericis
2021 714 2114 769 sti-

529 804 724 874 pendia
754 803 1088 873 diSpcnsare,
1119 812 1173 855 et
1201 803 1521 858 creditarum
1548 805 1647 859 sibi
1680 820 1898 871 rerum,
1926 805 1971 859 si
2002 803 2114 860 for-

530 893 670 950 sitan
723 895 943 949 tarditas
1002 893 1057 948 in
1110 895 1366 964 episcopo
1424 896 1724 953 ordinando
1767 898 2107 965 successerit,

530 987 948 1050 metmpolitano
996 986 1248 1056 congruis
1295 988 1630 1055 temporibus
1680 979 1922 1044 reddere
1953 988 2114 1044 ratio-

529 1095 653 1137 nem
678 1097 691 1135 :
724 1088 785 1135 ut
811 1080 911 1135 sub
933 1079 1034 1135 hac
1062 1080 1261 1135 salubri
1289 1081 1669 1138 constitutione
1700 1081 1877 1136 clerici
1905 1080 2111 1151 stipen-

529 1171 632 1226 diis
659 1172 769 1226 suis
817 1171 1037 1227 omnino
1066 1172 1303 1226 contenti
1335 1171 1547 1227 labores
1578 1187 1684 1227 non
1717 1171 1973 1242 diripiant
2001 1171 2115 1239 epi-

527 1264 675 1334 scopi
733 1264 1079 1331 decedentis,
1147 1272 1200 1320 et
1246 1264 1311 1319 ad
1348 1279 1568 1319 vacuam
1611 1266 1854 1320 ecclesia:
1894 1264 2114 1319 domum

528 1354 744 1412 futurus
766 1356 1003 1427 pontifex
1036 1372 1142 1411 non
1174 1357 1291 1412 sine
1321 1358 1504 1412 dolore
1526 1358 1798 1422 succedat,
1823 1358 1915 1413 sed
1947 1359 2115 1427 magis

527 1448 598 1504 de
635 1448 1047 1516 praedecessoris
1086 1449 1166 1504 sui
1196 1449 1420 1504 dimisso
1450 1450 1618 1518 possit
1643 1459 1697 1506 et
1733 1451 1846 1520 ipse
1882 1449 2116 1518 gaudere

530 1550 585 1595 et
615 1541 733 1595 aliis
763 1540 1090 1596 ministrare.

527 1628 617 1706 111ἶ
639 1628 730 1706 __Ut
763 1630 1036 1706 prapinqui
1061 1632 1323 1686 morientis
1366 1633 1593 1706 episcOpi
1630 1634 1694 1687 de
1718 1634 1868 1687 rebus
1895 1636 2008 1706 ejus
2038 1635 2117 1687 ui-

595 1700 671 1754 Itil
700 1700 1083 1783 usum-autsine
1113 1705 1491 1773 metropolitani
1524 1717 1572 1758 et
1611 1700 2115 1776 comprovincialium

597 1782 922 1826 conscientia.

595 1866 769 1923 Simili
814 1882 1026 1937 quoque
1071 1867 1232 1923 modo
1258 1869 1569 1938 parentibus
1595 1879 1651 1924 et
1677 1870 1991 1941 propinquis
2015 1869 2112 1926 dc-

533 1957 776 2015 cedentis
823 1959 1098 2029 episcopi,
1139 1960 1185 2015 si
1214 1961 1496 2015 intestatus
1524 1959 1744 2025 obierit,
1776 1961 2117 2016 denuntietur

524 2056 584 2104 ut
633 2047 753 2104 sine
798 2050 1195 2119 metropolitani
1246 2051 1328 2106 vel
1373 2052 1904 2121 comprovincialium
1932 2034 2113 2108 sacer-

528 2141 717 2199 dotum
743 2142 1069 2199 conscientia
1111 2144 1245 2201 nihil
1285 2144 1353 2201 de
1385 2147 1549 2201 rebus
1578 2144 1817 2201 defuncti
1849 2160 2114 2213 occupare

529 2245 859 2307 pertentcnt,
892 2252 960 2294 ne
989 2237 1130 2294 forte
1166 2238 1220 2292 in
1254 2237 1605 2294 hereditariis
1633 2238 1794 2293 rebus
1824 2239 1983 2293 etiam
2013 2236 2113 2291 ali-

523 2340 627 2396 qua
658 2326 723 2381 ad
755 2326 1049 2383 Ecclesiam
1082 2329 1396 2397 pertinentia
1424 2330 1508 2385 vel
1539 2328 1799 2398 permixta
1829 2337 2108 2398 usurpent,

520 2418 616 2474 sed
642 2428 734 2474 aut
760 2434 931 2490 usque
956 2422 1023 2476 ad
1053 2422 1444 2477 ordinationem
1475 2422 1633 2478 futuri
1665 2430 1981 2490 exspectent
2012 2437 2110 2476 an-

520 2510 704 2566 tistitis
734 2522 824 2567 aut
868 2523 1015 2569 certe
1059 2513 1106 2569 si
1150 2513 1364 2584 longum
1400 2498 1567 2569 fuerit.
1586 2515 1654 2569 ad
1686 2513 2108 2585 metropolitani,

524 2614 585 2661 ut
610 2606 811 2662 dictum
841 2618 964 2673 est,
1006 2608 1397 2665 ordinationem
1446 2620 1742 2664 recurrant.
1784 2610 1839 2663 Si
1868 2610 1983 2679 quis
2017 2624 2112 2661 au-

524 2703 633 2752 tem
691 2699 974 2754 immemor
1019 2698 1216 2754 divini-
1253 2700 1458 2755 timoris
1506 2710 1690 2755 contra
1741 2699 1853 2754 hinc
1907 2700 2110 2754 sant-ita

528 2790 786 2860 synodica
816 2793 1047 2848 clericus
1074 2792 1299 2863 quisque
1333 2792 1416 2847 vel
1465 2792 1630 2849 laicus
1656 2793 1837 2847 venire
1868 2792 2108 2862 improba

520 2890 701 2937 mente
728 2883 1023 2940 tentaverit
1046 2925 1062 2950 ,
1112 2893 1171 2941 et
1203 2885 1575 2940 communione
1610 2894 1663 2940 et
1703 2886 1972 2940 consortio
2005 2887 2110 2954 pri-

527 2985 683 3029 vetur
710 2974 998 3042 Ecclesiae,
1025 2976 1148 3047 quia
1198 2978 1389 3032 durum
1440 2985 1523 3032 est
1553 2984 1611 3031 ut
1637 2981 1703 3032 ad
1743 2978 1883 3033 illam
1910 2993 2107 3034 conve-

527 3066 640 3123 niat
665 3084 821 3137 quam
853 3070 1154 3140 exspoliare
1197 3086 1304 3127 non
1364 3073 1593 3138 metuit,
1625 3071 1723 3127 nisi
1756 3073 1890 3128 forte
1920 3073 2109 3139 spiritu

1236 315 1614 376 COLLECTIO
1648 318 1977 380 CANONUM
2016 320 2073 380 S.
2115 315 2391 379 lSlDORO
2426 315 3099 384 BlSPAL.!ASCRlPTA.

1000 427 1195 487 dehinc
1223 431 1290 487 ad
1317 435 1710 504 metropolitani
1738 437 1981 493 notitiam
2014 438 2113 493 ba-
2138 441 2189 499 Α
2215 448 2500 492 occurrere
2523 481 2538 505 ,
2582 434 2854 492 infirmum
2894 435 3066 507 magis
3089 442 3146 491 et
3168 433 3345 491 adhuc
3368 434 3427 492 in
3453 447 3682 507 corpore
3710 453 3805 509 po-

2212 527 2372 584 situm
2400 528 2708 583 admonitus
2736 528 2957 584 visitare
3002 544 3107 585 non
3142 527 3393 587 dill‘crat:
3426 537 3484 584 ut
3508 539 3601 584 aut
3621 530 3689 587 de
3719 547 3804 586 re-

2214 619 2483 676 levatione
2529 620 2932 677 consacerdotis
2971 620 3199 691 amplius
3226 623 3389 694 320
3416 624 3686 691 gaudeat,
3715 633 3805 680 aut

2212 723 2359 769 certe
2407 714 2476 770 de
2522 714 2860 771 ordinatione
2886 716 3077 770 domus
3105 732 3216 770 sua:
3264 717 3481 770 fratrem
3524 719 3805 771 admoneat

2213 798 2436 875 ejusque
2486 806 2818 875 probabilem
2866 811 3191 862 voluntatem
3244 808 3295 863 in
3342 807 3588 863 effectura:
3633 819 3807 862 trans-

2214 901 2410 966 mittat,
2444 914 2507 955 ac
2534 901 2878 957 recedentem
2916 918 2945 956 a
2974 906 3172 958 saecqu
3200 913 3319 973 post
3343 904 3578 957 oblatum
3611 901 3664 956 in
3693 906 3806 969 ejus

2216 993 2745 1048 commendationem
2790 996 3108 1050 sacrificium
3154 995 3294 1062 Deo,
3348 1010 3467 1050 mox
3515 995 3806 1062 sepultura:

2220 1084 2396 1140 tradat
2428 1086 2837 1157 diligentissime
2875 1099 2927 1142 et
2957 1091 3203 1157 superius
3230 1096 3519 1143 constituta
3550 1088 3804 1142 canonica

2217 1192 2328 1233 non
2359 1179 2573 1234 dill'erat
2600 1180 2915 1250 adimplere.
2969 1181 3025 1236 Si
3054 1190 3230 1234 autem
3268 1190 3325 1233 ut
3361 1180 3475 1233 fieri
3506 1179 3648 1234 solet
3668 1180 3802 1231 anti-

2216 1283 2327 1327 stes
2366 1272 2514 1328 obitu
2560 1275 2842 1343 repentino
2890 1276 3240 1339 discesserit,
3272 1285 3326 1329 et
3350 1274 3695 1328 collirnitanei
3724 1288 3807 1328 sa-

2217 1368 2462 1423 cerdotes
2490 1368 2558 1422 de
2588 1369 2884 1433 longinquo
2915 1372 3135 1423 minime
3160 1368 3351 1423 adesse
3380 1366 3670 1436 potuerint,
3701 1380 3806 1420 uno

2216 1461 2306 1517 die
2358 1471 2561 1517 tantum
2612 1478 2732 1517 cum
2784 1470 2941 1518 nocte
3010 1464 3371 1516 exanimatum
3428 1461 3804 1527 corpusculum

2217 1557 2515 1613 sacerdotis
2566 1571 2672 1611 non
2722 1555 2841 1611 sine
2890 1556 3111 1609 fratrum
3174 1570 3236 1608 ac
3286 1554 3661 1623 religiosorum
3710 1552 3805 1608 [reo

2223 1653 2441 1721 quentia
2518 1650 2601 1705 vel
2654 1649 2989 1720 psallentium
3051 1648 3405 1704 excubatione
3456 1658 3726 1701 servatum
3777 1661 3803 1700 ιι

2219 1742 2552 1813 presbyteris
2604 1756 2727 1797 cum
2758 1743 2901 1797 omni
2932 1740 3205 1813 diligentia
3249 1741 3300 1793 in
3334 1740 3507 1794 loculo
3532 1737 3804 1793 conditum

2141 1808 2191 1867 Β
2220 1849 2461 1889 seorsum
2494 1849 2599 1889 non
2652 1836 2837 1891 statim
2890 1836 3157 1900 lnunetnr,
3207 1832 3301 1888 sed
3333 1832 3629 1888 honor-ilice
3668 1846 3806 1886 com-

2216 1926 2526 1993 mendetur,
2578 1927 2755 1982 donec
2804 1930 2921 1981 sine
2989 1942 3136 1981 lucra
3181 1926 3403 1980 invitato
3456 1926 3805 1993 undecunque

2215 2017 2491 2086 poutilice,
2524 2016 2593 2071 ab
2618 2018 2734 2085 ipso
2764 2028 2822 2071 ut
2853 2016 3109 2071 condecet
3138 2016 3455 2071 soletnniter
3494 2014 3803 2078 tumuletur,

2216 2119 2277 2165 ut
2304 2119 2360 2165 et
2383 2110 2592 2176 injuria:
2619 2110 2835 2164 tollatur
2856 2109 3068 2165 occasio
3096 2119 3150 2164 ct
3197 2122 3315 2164 mos
3353 2106 3696 2179 antiquusin
3724 2119 3803 2161 se.

2215 2201 2486 2272 potiendis
2509 2202 2886 2257 sacerdotibus
2914 2212 3180 2258 servetur.

2462 2315 2525 2372 ν.
2570 2316 2648 2371 De
2672 2318 2813 2388 uagis
2842 2326 2885 2371 et
2915 2316 3318 2371 iuobedientibus
3347 2314 3567 2369 clericis.

2291 2408 2404 2464 lloc
2453 2411 2618 2465 etiam
2657 2411 2899 2481 placuit,
2950 2421 3009 2465 ut
3041 2424 3202 2479 vagus
3230 2421 3392 2480 atque
3422 2407 3684 2465 insubi'is
3709 2411 3806 2467 cle-

2215 2500 2360 2556 ricus
2391 2502 2504 2556 sive
2526 2502 2687 2556 ctiam
2714 2502 2765 2557 in
2794 2500 3026 2557 diaconii
3061 2502 3358 2558 ministerio
3389 2504 3469 2557 vel
3494 2502 3802 2574 presbyterii

2212 2590 2393 2646 oflicio
2438 2595 2785 2656 constitutus,
2832 2595 2877 2650 si
2923 2597 3159 2667 episcopi
3211 2610 3239 2649 a
3292 2596 3702 2664 quoordrnatus
3730 2603 3805 2649 cst

2216 2688 2498 2756 praceptis
2530 2704 2643 2743 non
2671 2688 2957 2753 obedierit,
2986 2704 3038 2744 ιιι
3072 2691 3122 2745 in
3158 2689 3402 2760 delegata
3434 2690 3535 2743 sibi
3571 2689 3804 2744 Ecclesia

2214 2780 2453 2836 officiunt
2485 2785 2753 2854 dependat
2792 2786 3065 2839 assiduum
3092 2824 3107 2849 ,
3140 2798 3419 2855 quousque
3448 2785 3501 2837 in
3532 2785 3665 2838 vitio
3691 2797 3802 2852 per-

2215 2874 2477 2930 manserit
2502 2887 2556 2930 et
2582 2876 2963 2931 communione
2989 2884 3045 2929 et
3074 2875 3278 2929 honore
3304 2874 3569 2943 privetur.

2220 2984 2303 3041 VI.
2349 2985 2417 3041 Ut
2443 2985 2685 3041 clericum
2713 2988 2941 3042 alienum
2971 2987 3142 3041 uul’us
3169 2987 3400 3050 ordinet,
3437 3001 3528 3039 nec
3559 2985 3626 3039 sit
3663 2983 3803 3038 cleri-

2310 3075 2398 3112 cus
2424 3061 2511 3129 qui
2537 3076 2638 3113 non
2666 3060 3001 3131 spepondcrit
3028 3060 3195 3113 locum
3224 3059 3309 3111 ubi
3333 3067 3399 3111 stt
3426 3058 3712 3128 delegatus.

522 3161 735 3219 meliori
764 3177 1045 3237 correptus
1070 3207 1087 3232 ,
1130 3166 1256 3221 dum
1290 3182 1319 3219 a
1351 3167 1769 3236 prwsuurplione
1794 3170 2104 3236 cessaterit,
2140 3192 2186 3255 ρ
2290 3170 2359 3227 Ut
2390 3174 2564 3227 nullus
2597 3173 2836 3226 alienum
2861 3173 3114 3227 clericum
3144 3170 3435 3227 secundum
3467 3170 3684 3225 decreta
3710 3182 3803 3223 ca-

521 3267 810 3327 recuperet
837 3258 1224 3330 indulgentiam
1253 3276 1266 3312 :
1300 3258 1345 3313 si
1372 3268 1549 3313 autem
1578 3258 1968 3313 rationabiliter
1998 3275 2114 3313 mo-

509 3347 782 3420 desteque
830 3353 1203 3420 unusquisque
1250 3358 1458 3419 repetat
1496 3349 1635 3418 quod
1676 3348 1777 3405 sibi
1804 3351 1924 3418 jure
1952 3348 2115 3406 debe-

523 3446 634 3504 tur,
668 3440 719 3495 ei
747 3440 951 3511 absque
979 3441 1158 3511 aliqua
1206 3440 1670 3495 animadversione
1697 3455 1726 3493 a
1752 3441 2115 3511 metropolita-

524 3546 596 3587 no
627 3531 711 3587 vcl
740 3534 827 3587 cui
856 3531 1151 3603 injunxerit
1177 3542 1269 3588 aut
1308 3548 1395 3589 res
1426 3540 1521 3587 aut
1550 3532 1688 3588 ratio
1720 3549 1825 3588 non
1866 3546 2111 3605 negetur.

524 3622 637 3679 lloc
665 3625 826 3680 etiam
856 3639 1048 3681 omnes
1082 3640 1287 3682 canone
1328 3627 1750 3698 constringendi,
1778 3629 1867 3698 qui
1895 3628 1946 3683 in
1977 3644 2115 3698 prae-

522 3718 741 3774 teritum
790 3734 879 3775 res
926 3718 1187 3776 Ecclesiae
1236 3718 1322 3776 vel
1360 3719 1598 3790 episcopi
1635 3728 1956 3791 usurpantes
1984 3719 2112 3776 diri-

521 3818 770 3881 puerunl.

520 3898 612 3958 1V.
650 3900 729 3957 De
760 3904 1011 3977 exsequiis
1052 3904 1314 3960 morientis
1337 3903 1564 3975 episctrpi
1608 3902 1826 3975 qualiter
1854 3902 2109 3958 humctur.

598 3993 731 4050 Illud
764 3995 926 4052 etiam
974 3997 1196 4069 provido
1239 3997 1463 4053 consilio
1502 3996 1875 4064 decernentes,
1905 4004 1964 4050 ut
1989 3997 2113 4067 quia

522 4100 668 4158 saepe
695 4097 1004 4145 sanctorum
1049 4088 1350 4146 antistitum
1382 4102 1477 4159 per
1517 4088 1809 4142 absentiam
1841 4101 2114 4142 commen-

526 4177 730 4235 datoris
781 4181 1023 4251 episcOpi
1070 4182 1341 4251 exsequiae
1388 4178 1723 4247 diﬂcruntur,
1758 4180 1830 4234 ita
1860 4188 1917 4234 ut
1945 4193 2110 4235 vene-

521 4275 690 4328 randa
725 4273 993 4343 pontificis
1044 4276 1284 4330 membra
1311 4317 1327 4343 ,
1376 4274 1503 4330 dum
1537 4275 1743 4330 tardius
1774 4273 2110 4341 funerantur,

524 4362 735 4433 injuria:
784 4366 1005 4422 omnino
1058 4366 1408 4437 subiaceant,
1464 4368 1791 4437 cpiscopus,
1850 4366 1940 4437 qui
1994 4374 2114 4434 post

524 4465 752 4513 mortem
781 4456 960 4514 fratris
998 4458 1065 4513 ad
1110 4459 1479 4528 sepeliendum
1508 4473 1630 4514 eum
1672 4458 1812 4513 solet
1858 4457 2115 4513 invitatus

596 4580 621 4609 η
661 4571 788 4638 ΑΞ..
828 4573 892 4628 Ε.
936 4572 1002 4640 ὅ,
1052 4575 1317 4645 episcOpus
1368 4576 1475 4627 [nec
1526 4575 1758 4640 capitula
1805 4571 2107 4642 subscripsi,

2216 3278 2415 3318 nonum
2464 3266 2582 3319 sine
2629 3280 2896 3320 consensu
2930 3264 3167 3334 (κλεεινώ
3199 3262 3285 3319 sui
3316 3262 3507 3317 audeat
3534 3262 3798 3324 otdinare,

2213 3356 2307 3410 sed
2342 3370 2440 3411 nec
2471 3357 2503 3409 il
2530 3373 2615 3411 tun
2651 3370 2961 3412 sanctorum
2990 3358 3329 3412 sacerdotum
3361 3354 3625 3425 quiSpratn
3668 3352 3800 3406 ordi-

2220 3459 2335 3517 net,
2368 3452 2458 3518 qui
2494 3451 2717 3505 localim
2741 3467 2799 3506 se
2833 3452 3069 3505 futurum
3100 3449 3344 3519 primitus
3374 3463 3479 3502 non
3505 3444 3801 3515 spoponde-

2220 3541 2289 3596 rit
2338 3537 2453 3613 [G.,
2483 3538 2824 3614 ostenderit],
2870 3554 2927 3597 ut
2975 3557 3071 3614 per
3115 3542 3218 3595 hoc
3247 3539 3424 3595 nullus
3453 3554 3482 3593 a
3512 3535 3696 3608 regula
3722 3534 3803 3590 vel

2214 3634 2498 3702 disciplina
2541 3637 2909 3691 ecclesiastica
2950 3637 3164 3691 deviare
3192 3636 3535 3706 permittatur
3566 3633 3800 3702 impune.

2286 3728 2533 3783 Celsinus
2566 3729 2620 3784 in
2649 3729 2849 3785 ()hiisti
2882 3730 3099 3784 nomine
3130 3729 3417 3798 episcopus
3445 3722 3733 3792 SttbsCl‘lpSi
3756 3730 3801 3775 ⁸.

2290 3818 2629 3875 Justinianus
2649 3818 2738 3893 [Τ.
2771 3821 2822 3891 l,
2853 3819 3117 3893 JuStinus]
3146 3820 3200 3876 in
3225 3818 3426 3875 Chrisri
3451 3816 3664 3874 nomine
3692 3814 3806 3885 epi-

2213 3926 2411 3983 scapus
2442 3912 2758 3982 subscripsi.

2288 4005 2591 4076 Reparatus
2620 4006 2674 4062 in
2703 4003 2903 4062 Christi
2937 4006 3150 4061 nomine
3178 4005 3464 4074 episcopus
3489 3999 3799 4071 subscripsi.

2290 4097 2544 4153 Setabius
2577 4096 2629 4152 in
2660 4096 2856 4153 Christi
2888 4097 3103 4151 nomine
3131 4094 3415 4165 episcOpus
3435 4093 3750 4161 subscripsi.

2292 4188 2559 4258 Bcnagius
2585 4188 2636 4243 in
2668 4186 2867 4243 Christi
2903 4189 3120 4244 nomine
3145 4190 3430 4257 cpisc0pus
3460 4182 3774 4251 subscripsi.

2291 4280 2571 4348 Ampelius
2605 4281 2656 4333 in
2695 4278 2893 4335 Christi
2924 4281 3140 4334 nomine
3178 4278 3463 4349 episcopus
3492 4274 3800 4343 subscripsi.

2288 4372 2577 4428 Sallustius
2630 4373 2679 4427 in
2732 4360 2929 4428 Christi
2963 4373 3181 4427 nomine
3220 4371 3637 4426 archidiaconus
3665 4369 3801 4424 vica-

2217 4464 2336 4520 rius
2358 4464 2564 4519 domini
2595 4463 2702 4519 mei
2731 4463 2966 4519 Marcelli
2996 4463 3232 4533 epise0pi
3252 4462 3568 4530 subscripsi.

2220 4574 2330 4630 lucc
2375 4576 2651 4630 constituta
2694 4575 2996 4647 subscripsi,
3033 4575 3216 4646 sicque
3247 4574 3591 4645 postmodum
3623 4574 3676 4629 in
3703 4584 3801 4625 cm-

521 4643 707 4713 sicque
753 4634 806 4697 in
847 4634 1606 4713 reliquis'subscriptionibus.
1642 4646 1701 4701 Β.
1733 4646 1822 4709 ιι.,
1845 4634 2111 4714 episcopus
2144 4634 2194 4694 D
2223 4648 2371 4702 teris.

490 4752 3803 4801 ⁶

1373 5006 1449 5091 C
1464 5006 1707 5092 ONC
1725 4880 2617 5093 ILIUMXL'lYéLETA
2632 5005 2905 5089 NUM

521 5156 740 5204 DECEM
784 5158 867 5203 ΕΤ
909 5158 1131 5208 NOVBI
1172 5160 1642 5216 BPISCOPOBUM,
1690 5163 1905 5207 ACTUM
1951 5164 2209 5208 ARCADII
2256 5162 2337 5204 ΕΤ
2381 5160 2648 5205 BONOR‘II
2692 5160 3117 5217 TEMPORIBUS,
3147 5160 3263 5204 SUB
3306 5157 3417 5203 DIE
3464 5158 3556 5205 VII
3600 5150 3801 5201 IDUCI

1205 5241 1685 5302 serumserum,
1732 5243 2065 5291 srruconn
2109 5242 2416 5301 consum,
2462 5240 2601 5285 mea
2649 5234 2675 5265 ι
2721 5240 3080 5287 ccccxxxv.

590 5396 941 5470 321.322
977 5398 1427 5457 Convenientibus
1470 5402 1736 5473 episcopis
1776 5403 1830 5460 in
1876 5402 2105 5459 ecclesia

518 5484 708 5544 Toleto
734 5488 880 5561 (1E,
911 5490 1193 5563 Toletana)
1249 5494 1302 5548 id
1324 5502 1428 5559 est,
1457 5491 1770 5558 Patruinus.
1800 5495 2106 5562 Marcellus,

516 5577 893 5649 Aphrodisias,
924 5583 1209 5640 Alacianus
1238 5582 1267 5624 ι’
1294 5626 1312 5653 ,
1337 5583 1634 5653 Iucundus,
1685 5584 1939 5655 Severus,
1974 5586 2108 5641 Leo-

518 5686 636 5741 nas,
668 5672 918 5742 Hilarius,
950 5677 1248 5749 Olympius,
1300 5678 1514 5749 Florus,
1555 5678 1811 5747 Orticius,
1842 5678 2109 5747 Asturius,

586 5788 761 5872 ‘38:,
788 5788 880 5872 1.1....
912 5790 1049 5847 Era
1068 5793 1608 5872 ccccxxxvut..B.R.,
1638 5790 1779 5854 Era
1797 5810 2111 5854 ccccxxxvt.

518 5855 587 5916 Τ.
619 5860 673 5927 l,
692 5855 754 5928 2,
793 5855 932 5920 QEra
956 5878 1219 5923 ccccnx.

2211 5400 2484 5473 Lampius,
2509 5400 2767 5468 Serenus,
2789 5398 3069 5472 Leporius,
3095 5393 3439 5463 Eustochius,
3461 5391 3800 5461 Aurelianus,

2214 5494 2554 5566 Lampadius,
2580 5494 2972 5563 Exuperantius
3000 5493 3067 5547 de
3095 5489 3350 5545 Gallmcia
3383 5487 3645 5543 Lucensis
3665 5500 3794 5541 cou-

2214 5598 2426 5653 ventus,
2462 5587 2739 5658 municipii
2789 5586 3025 5651 Celenis,
3064 5599 3255 5640 omnes
3278 5581 3466 5638 decem
3490 5592 3547 5638 et
3595 5595 3785 5636 novem

2215 5681 2306 5737 isti
2333 5690 2459 5737 sunt
2502 5681 2593 5752 qui
2638 5691 2695 5737 et
2721 5681 2777 5737 in
2829 5680 2948 5737 aliis
2974 5681 3141 5752 gestis
3177 5677 3438 5735 adversus
3487 5674 3785 5732 Priscillian

2288 5792 2318 5835 δ
2347 5793 2472 5865 ΑΒ..
2501 5796 2592 5866 U.,
2631 5797 2723 5865 G.,
2751 5796 3074 5853 Licinianus.
3126 5790 3289 5865 8.8.,
3335 5792 3627 5865 Lucidum,
3655 5791 3720 5847 T-
3742 5789 3793 5851 ἓν

2223 5865 2490 5925 Licianus.
