4024 6350
196 375 293 431 529

1141 370 1458 429 CONCILIA
1495 367 1861 431 HISPANIAE.
1902 401 1972 414 —-
2012 373 2434 434 TOLETANUM
2473 377 2516 434 I.

3352 369 3456 443 330

195 499 478 549 sectatores
502 498 556 546 et
579 490 862 556 hmresem,
894 503 1054 557 quam
1088 497 1412 555 astruxerat,
1460 488 1760 542 libellarem
1793 491 1843 551 Α
1869 496 1959 541 aut
1988 489 2132 555 villa,
2159 498 2213 544 et
2236 491 2300 544 ad
2329 492 2610 547 ecclesiam
2643 491 2706 546 ad
2729 475 3045 549 sacriﬁcium
3085 498 3455 565 quotidianum

196 587 428 640 direxere
458 582 776 637 sententiam
809 599 821 634 :
855 580 1269 636 consedentibus
1295 580 1643 651 presbyteris,
1676 596 1765 634 as-

195 676 417 733 tantibus
443 674 756 729 diaconibus
775 682 830 728 et
854 673 1061 727 caeteris
1087 671 1176 740 qui
1223 673 1513 725 intererant
1541 671 1768 728 cnncilio

193 768 535 838 congregatis,
567 767 850 820 Patruinus
869 767 1148 834 episcopus
1177 763 1314 818 dixit
1343 765 1638 830 :Quoniam
1655 765 1767 819 sin-

193 860 292 932 guli
318 860 579 929 coepimus
601 860 653 913 in
684 859 926 914 ecclesiis
977 859 1175 912 nostris
1225 857 1402 913 facere
1454 859 1687 925 diversa,
1715 868 1769 914 et

191 953 304 1009 inde
326 961 470 1006 tanta
496 950 743 1005 scandala
767 957 913 1019 sunt,
937 964 1057 1020 quae
1085 963 1254 1019 usque
1293 949 1358 1003 ad
1383 951 1613 1005 schisma
1646 966 1769 1021 per-

190 1048 422 1109 veniunt,
459 1044 504 1100 si
535 1045 706 1114 placet
727 1043 999 1098 communi
1021 1042 1244 1098 consilio
1264 1042 1618 1098 decernamus
1640 1044 1765 1114 quid

189 1139 251 1193 ab
277 1137 528 1191 omnibus
567 1135 832 1206 episcopis
856 1135 909 1189 in
963 1134 1279 1190 ordinandis
1328 1136 1539 1190 clericis
1591 1136 1766 1190 sitse-

191 1229 446 1298 quendum
482 1244 496 1282 :
531 1229 658 1281 mihi
690 1236 866 1282 autem
909 1225 1086 1297 placet
1112 1237 1166 1282 et
1205 1229 1488 1282 constituta
1522 1227 1766 1296 primitus

188 1320 384 1375 concilii
404 1319 601 1373 Nicarni
627 1328 882 1388 perpetuo
899 1334 1019 1374 esse
1039 1319 1321 1384 servanda,
1344 1334 1441 1374 nec
1459 1319 1526 1372 ab
1544 1321 1626 1374 his
1643 1335 1765 1375 esse

187 1409 824 1478 recedendum.Episc0pi
853 1410 1100 1464 dixerunt
1124 1410 1266 1463 :Hoc
1296 1410 1543 1464 omnibus
1569 1411 1762 1479 placet,

187 1503 251 1558 ita
276 1512 331 1558 ut
354 1507 396 1558 si
427 1505 545 1573 quis
566 1503 797 1572 cognitis
813 1504 978 1572 gestis
996 1503 1210 1557 concilii
1231 1502 1425 1555 Nicaani
1444 1502 1586 1556 aliud
1605 1518 1761 1572 quam

184 1604 431 1652 statutum
461 1606 542 1651 est
572 1597 745 1652 facere
777 1594 1194 1665 przesumpserit,
1226 1603 1279 1649 et
1299 1611 1404 1650 non
1428 1597 1479 1649 in
1503 1611 1567 1649 eo
1581 1609 1765 1665 perse-

182 1688 466 1742 verandum
495 1686 777 1758 putaverit,
814 1694 938 1741 tunc
965 1689 1458 1740 excommunicatus
1481 1686 1760 1751 habeatur,

183 1779 274 1832 nisi
304 1793 398 1847 per
420 1779 817 1846 correptionem
865 1775 1014 1847 (1E.,
1073 1777 1488 1846 correctionem)
1537 1778 1760 1831 fratrum

181 1869 534 1925 emendaverit
564 1885 824 1925 errorem.

178 1977 214 2033 Ῑ.
256 1977 331 2034 De
370 1979 676 2050 presbyteris
698 1987 746 2033 et
798 1979 1098 2034 diaconibus
1127 1979 1170 2032 si
1222 1986 1337 2048 post
1387 1978 1764 2033 ordinationem

739 2051 877 2119 ﬁlios
899 2050 1183 2120 genuerint.

240 2163 467 2229 Placuit,
494 2173 552 2218 ut
575 2165 828 2218 diacones
874 2164 955 2217 vel
992 2163 1180 2233 integri
1234 2163 1322 2220 vel
1379 2165 1512 2219 casti
1555 2163 1661 2218 sint
1712 2171 1767 2217 et

171 2255 498 2310 continentis
544 2256 689 2318 vitae,
718 2256 878 2308 etiam
917 2255 960 2309 si
992 2269 1188 2308 uxores
1233 2253 1486 2318 habeant,
1522 2255 1574 2308 in
1608 2254 1767 2309 mini-

173 2347 341 2400 sterio
384 2347 793 2408 constituantur,
825 2346 896 2398 ita
928 2354 1104 2400 tamen
1153 2355 1211 2400 ut
1240 2345 1286 2399 si
1325 2346 1413 2413 qui
1444 2346 1603 2399 etiam
1635 2352 1760 2399 ante

174 2438 534 2504 lnterdictum,
565 2439 705 2508 quod
735 2454 827 2507 per
856 2438 1137 2493 Lusitanos
1166 2439 1446 2506 episcOpos
1496 2439 1761 2493 constitu-

176 2538 280 2583 tum
305 2539 410 2594 est,
459 2530 856 2584 incontinenter
881 2544 1001 2582 cum
1055 2529 1309 2583 uxoribus
1341 2529 1452 2582 suis
1505 2528 1755 2596 vixerint,

177 2619 486 2692 presbyterii
516 2621 718 2675 honore
746 2635 852 2675 non
895 2622 1235 2676 cumulentur
1274 2640 1286 2673 :
1320 2621 1367 2675 si
1390 2622 1507 2690 quis
1538 2637 1669 2677 vero
1695 2638 1762 2677 ex

179 2713 496 2783 presbyteris
516 2722 638 2768 ante
661 2713 997 2768 interdictum
1017 2713 1153 2767 ﬁlios
1174 2715 1495 2781 susceperit,
1519 2713 1585 2768 de
1605 2728 1757 2781 pres-

180 2805 377 2874 byterio
408 2805 476 2859 ad
507 2808 876 2874 episcopatum
915 2819 1024 2858 non
1056 2804 1368 2858 admittatur
1401 2803 1492 2874 (T.
1549 2805 1601 2869 I,
1634 2819 1760 2874 per—

178 2901 463 2968 mittatur).

179 2991 237 3047 II.
282 2991 349 3048 Ut
392 2993 663 3062 panitens,
708 2994 753 3047 si
781 2993 1050 3130 necessigas
1081 3001 1249 3062 cogat,
1284 2992 1444 3046 lector
1475 3000 1564 3044 aut
1597 2993 1760 3046 ostia-

832 3079 940 3116 rtus
1003 3071 1078 3116 at.

832 3071 940 3116 rius
965 3071 1078 3116 ﬁat.

241 3156 367 3210 Item
392 3156 615 3226 placuit,
650 3166 708 3210 ut
748 3156 814 3210 de
847 3156 1144 3225 pmnitente
1194 3169 1297 3208 non
1356 3153 1669 3209 admittatur
1693 3154 1761 3210 ad

1789 1869 1838 1928 B

1872 595 1976 634 non
1991 583 2217 648 venerit,
2231 583 2456 638 clericus
2471 600 2575 638 non
2595 585 2872 657 habeatur,
2891 587 2935 642 si
2959 590 3248 659 castigatus
3264 607 3359 659 per
3375 611 3459 646 sa-

1872 674 2226 727 tisfactionem
2265 675 2472 729 veniam
2503 677 2570 730 ab
2599 679 2851 748 episcopo
2882 680 3114 734 noluerit
3137 687 3456 750 promereri.

1871 765 1958 820 Vl.
1993 766 2060 821 Ut
2111 768 2350 840 religiosa
2391 770 2575 893 puelli;
2609 774 2832 894 quorum
2886 776 3293 846 familiaritatem
3357 795 3459 832 non

2580 858 2610 894 a
2643 853 2747 894 eat-

2580 853 2747 900 abeat.

1941 929 2072 986 Item
2103 945 2172 986 ne
2201 946 2303 1002 qua
2327 932 2500 1002 puella
2526 933 2619 988 Dei
2649 942 2740 989 aut
2788 935 3201 996 familiaritatem
3258 941 3461 997 habeat
3531 993 3534 1000 .

1870 1035 1991 1077 cum
2023 1024 2333 1079 confessore
2361 1034 2452 1078 aut
2475 1039 2596 1079 cum
2613 1027 2853 1095 quolibet
2875 1029 3160 1095 laico,sive
3181 1033 3458 1103 sanguinis
3503 1034 3509 1039 ⁷

1871 1115 2050 1182 alieni,
2083 1124 2174 1169 aut
2192 1116 2492 1172 convivium
2525 1118 2660 1183 sola,
2691 1119 2795 1173 nisi
2828 1121 2918 1174 ubi
2953 1123 3022 1175 sit
3043 1126 3318 1180 seniorum
3350 1126 3457 1181 fre-

1869 1211 2108 1276 quentia,
2138 1218 2228 1262 aut
2253 1211 2624 1279 honestorum,
2648 1218 2738 1264 aut
2766 1202 3044 1266 viduarum
3076 1214 3463 1272 honestarum-.

1868 1314 1994 1368 que,
2023 1301 2113 1354 ubi
2148 1300 2372 1356 honeste
2400 1301 2676 1357 confessor
2703 1303 2924 1373 quilibet
2948 1320 3068 1359 cum
3094 1307 3448 1374 plurimorum

1871 1394 2182 1449 tesﬁmonio
2199 1395 2445 1449 convivio
2471 1395 2734 1450 interesse
2767 1398 2931 1465 possit
2971 1412 3129 1452 :cum
3161 1399 3452 1457 lectoribus

1868 1491 2046 1536 autem
2079 1483 2130 1537 in
2156 1483 2390 1553 ipsorum
2423 1486 2673 1540 domibus
2701 1501 2807 1540 non
2850 1488 3207 1545 admittendas
3239 1494 3476 1560 penitus.

1869 1588 1968 1628 nec
1997 1575 2273 1642 videndas,
2326 1577 2429 1632 nisi
2456 1577 2589 1632 torte
2619 1580 3013 1648 consanguinea
3055 1596 3211 1636 soror
3239 1585 3329 1649 sit,
3364 1585 3451 1639 vel

1870 1675 2094 1719 utertna.

1869 1755 1977 1809 VII.
2023 1756 2092 1811 Ut
2133 1758 2346 1832 clericus
2388 1760 2472 1813 cui
2506 1777 2645 1832 uxor
2676 1763 2975 1829 peccaverit,
3025 1752 3449 1832 praeter-necem,

1940 1838 2240 1896 potestatem
2265 1831 2447 1884 habeat
2477 1831 2815 1902 ditsringendi
2835 1849 2972 1899 eam,
2998 1831 3043 1886 et
3060 1850 3175 1887 cum
3201 1851 3260 1889 ea
3284 1836 3452 1890 cibum

1936 1915 2039 1952 non
2068 1913 2261 1956 sumat.

1938 1989 2162 2056 Placuit,
2190 2002 2247 2044 ut
2276 1992 2318 2046 si
2348 1993 2641 2062 cuicunque
2662 1993 2980 2049 clericorum
3024 2009 3224 2050 uxores
3265 2011 3454 2065 pecca-

1865 2082 2057 2150 verint,
2090 2099 2156 2138 ne
2186 2085 2322 2139 forte
2353 2085 2618 2139 licentiam
2653 2087 2906 2154 peccandi
2937 2087 3052 2154 plus
3084 2088 3336 2153 habeant,
3367 2104 3457 2145 ac-

1867 2173 2068 2241 cipiant
2093 2175 2265 2227 mariti
2294 2189 2474 2228 earum
2501 2176 2634 2228 hanc
2658 2184 2972 2244 potestatem
3027 2187 3222 2245 praeter
3266 2193 3452 2233 necem

1866 2265 2218 2327 custodiendi,
2252 2265 2444 2334 ligandi
2482 2266 2534 2319 in
2566 2266 2725 2320 domo
2747 2280 2862 2330 sua,
2892 2267 3170 2337 adjejunia
3195 2269 3456 2324 salutaria

1867 2371 1971 2410 non
1988 2358 2255 2412 mortifera
2271 2368 2544 2428 cogentes,
2564 2361 2633 2413 ita
2659 2369 2714 2413 ut
2741 2362 2967 2417 invicem
2999 2363 3098 2417 sibi
3122 2361 3302 2416 clerici
3328 2378 3457 2432 pau-

1865 2464 2020 2520 peres
2047 2453 2298 2505 auxilium
2331 2451 2522 2517 ferant,
2553 2454 2599 2508 si
2629 2455 2847 2509 servitia
2895 2455 3029 2508 forte
3057 2470 3160 2509 non
3195 2457 3449 2524 habeant;

1864 2556 1984 2596 cum
2040 2544 2293 2598 uxoribus
2340 2553 2516 2600 autem
2564 2546 2696 2614 ipsis
2742 2561 2860 2613 quae
2908 2548 3249 2616 peccaverint
3292 2556 3319 2585 α
3352 2563 3452 2603 nec

1865 2635 2042 2691 cibum
2097 2648 2332 2704 sumant,
2356 2639 2457 2692 nisi
2480 2638 2616 2696 forte
2642 2638 2708 2692 ad
2738 2640 2982 2693 timorem
3010 2639 3104 2695 Dei
3140 2648 3257 2695 acta
3285 2641 3456 2709 ι)ωηὶ-

1867 2727 2031 2781 tentia
2061 2738 2416 2782 revertantur.

1864 2817 2002 2873 VIII.
2035 2818 2113 2872 De
2140 2836 2197 2874 eo
2221 2823 2306 2890 qui
2330 2830 2443 2903 post
2488 2822 2795 2888 baptismum
2821 2823 3136 2888 militaverit,
3165 2833 3220 2876 ut
3243 2823 3312 2876 ad
3340 2823 3456 2876 dia-

2298 2909 2503 2945 contum
2533 2911 2636 2946 non
2665 2903 3045 2962 promoveatur.
3469 2915 3476 2924 ‘

1936 2979 1994 3034 Si
2021 2980 2138 3050 quis
2171 2988 2291 3049 post
2321 2982 2641 3050 baptismum
2687 2984 2999 3038 militaverit
3026 2990 3079 3036 et
3109 2982 3452 3054 chlamydem

1866 3071 2158 3140 sumpserit
2183 3080 2274 3125 aut
2293 3073 2588 3140 cingulum,
2611 3073 2773 3128 etiam
2799 3075 2844 3128 si
2870 3073 3048 3144 gravia
3077 3089 3182 3129 non
3213 3075 3452 3132 admise-

1865 3163 1956 3226 rit,
1981 3163 2023 3216 si
2055 3163 2120 3216 ad
2144 3164 2348 3218 clerum
2375 3166 2640 3220 admissus
2670 3166 2849 3235 fuerit,
2877 3166 3104 3222 diaconii
3135 3169 3451 3238 dignitatem

177 3247 394 3317 clerum,
440 3249 539 3302 nisi
572 3257 771 3302 tantum
802 3251 1094 3304 necessitas
1117 3257 1206 3302 aut
1234 3262 1365 3303 usus
1409 3250 1648 3318 exegerit
1675 3249 1759 3304 in-
1789 3227 1836 3291 (ἶ
1866 3268 1974 3309 non
2005 3254 2252 3324 accipiat.

179 3348 255 3394 ter
283 3339 536 3395 ostiarios
553 3342 930 3409 deputeturvel
949 3342 1087 3395 inter
1114 3342 1364 3407 lectores,
1393 3343 1462 3395 ita
1496 3350 1551 3395 ut
1583 3343 1760 3396 Evan-

177 3429 304 3498 gelia
333 3439 388 3484 et
407 3431 723 3500 Apostolum
751 3446 855 3486 non
876 3432 1015 3501 legat
1046 3450 1060 3485 :
1086 3432 1128 3485 si
1155 3432 1240 3501 qui
1271 3442 1446 3486 autem
1472 3439 1595 3488 ante
1615 3434 1759 3487 ordi-

177 3524 280 3577 nati
303 3531 427 3577 sunt
451 3523 834 3587 subdiacones,
885 3524 1024 3580 inter
1053 3524 1404 3579 subdiacones
1437 3525 1753 3592 habeantur,

176 3614 242 3669 ita
270 3625 328 3670 ut
356 3631 569 3670 manum
593 3632 698 3670 non
721 3617 1102 3685 imponantaut
1125 3632 1275 3672 sacra
1300 3634 1402 3673 non
1425 3621 1753 3690 contingant.

174 3704 247 3760 Ex
277 3707 570 3776 paenitente
587 3723 717 3762 vero
739 3707 966 3763 dicimus
989 3708 1056 3762 de
1078 3723 1163 3771 eo,
1182 3710 1271 3778 qui
1296 3721 1413 3777 post
1430 3711 1754 3777 baptismum

171 3805 258 3850 aut
289 3813 386 3866 pro
418 3799 727 3865 homicidio,
748 3810 837 3853 aut
869 3815 963 3867 pro
984 3800 1209 3854 diversis
1222 3802 1532 3855 criminibus
1558 3804 1760 3871 gravis-

168 3893 426 3960 simisque
454 3893 684 3960 peccatis
709 3893 972 3961 publicam
1002 3894 1371 3960 paenitentiam
1395 3909 1588 3960 gerens
1609 3893 1757 3962 (153.,

165 3987 376 4054 agens),
414 3985 514 4037 sub
541 3985 716 4037 cilicio
739 3984 921 4037 divino
951 3985 1111 4039 fuerit
1133 3985 1506 4041 reconciliatus
1529 3988 1740 4042 altario.

227 4097 316 4152 III.
353 4095 436 4150 De
463 4097 541 4151 Itis
568 4098 656 4165 qui
682 4097 860 4150 viduas
893 4098 1178 4164 acceperint
1207 4114 1270 4150 ne
1296 4099 1533 4152 diacones
1566 4098 1717 4166 ﬁant.

237 4189 369 4244 Item
398 4189 673 4243 constituit
697 4198 878 4243 sancta
909 4188 1172 4258 synodus,
1206 4198 1262 4243 ut
1288 4189 1457 4243 lector
1499 4187 1692 4254 ﬁdelis,
1718 4189 1764 4243 si

172 4281 384 4334 viduam
419 4279 636 4334 alterius
660 4295 881 4333 uxorem
913 4283 1200 4345 acceperit,
1244 4281 1474 4348 amplius
1505 4279 1637 4334 nihil
1668 4281 1760 4347 sit,

178 4375 263 4426 sed
287 4386 501 4440 semper
533 4372 699 4425 lector
727 4372 987 4426 habeatur
1005 4383 1095 4425 aut
1126 4372 1261 4427 forte
1306 4371 1689 4428 subdiaconus.

184 4486 263 4539 IV.
310 4485 378 4540 Ut
404 4486 766 4550 subdiaconus,
797 4487 840 4540 si
863 4487 1104 4554 defuncta
1135 4501 1293 4539 uxore
1323 4485 1477 4538 aliam
1527 4484 1757 4552 duxerit,

782 4560 1022 4609 ostiarius
1045 4557 1157 4624 ﬁat.

250 4646 614 4701 Subdiaconus
640 4655 818 4701 autem
853 4647 1102 4701 defuncta
1127 4661 1293 4701 uxore
1322 4647 1364 4700 si
1397 4646 1555 4699 aliam
1585 4646 1759 4701 duxe-

187 4739 269 4801 rit,
291 4749 342 4792 et
374 4739 444 4792 ab
464 4737 645 4793 ofﬁcio
685 4738 736 4791 in
765 4753 869 4806 quo
893 4720 1170 4791 ordinatus
1202 4739 1370 4791 luerat
1399 4747 1760 4804 removeatur,

187 4839 232 4883 et
275 4829 535 4884 habeatur
558 4827 696 4883 inter
720 4829 968 4882 ostiarios
995 4828 1079 4881 vel
1129 4828 1267 4882 inter
1305 4827 1557 4890 lectores,
1607 4828 1676 4882 ita
1710 4837 1767 4882 ut

192 4919 528 4990 Evangelium
550 4928 603 4973 et
632 4919 941 4988 Apostolum
971 4934 1076 4972 non
1097 4918 1548 4985 Iegat,propterea
1578 4931 1644 4970 ne
1675 4916 1766 4985 qui

190 5012 430 5064 ecclesiae
475 5011 720 5066 servierit
749 5010 971 5080 publicis
1005 5010 1195 5064 ofﬁciis
1249 5009 1450 5064 servire
1501 5009 1764 5064 videatur:

190 5102 267 5168 qui
299 5116 430 5157 vero
451 5102 683 5168 tertiam,
715 5103 853 5172 quod
887 5117 986 5156 nec
1009 5102 1293 5156 dicendum
1327 5110 1419 5154 aut
1444 5101 1765 5156 audiendum

190 5207 280 5259 est,
303 5199 596 5265 acceperit,
623 5198 900 5252 abstentus
950 5198 1185 5264 biennio,
1219 5205 1401 5266 postea
1432 5200 1571 5254 inter
1599 5195 1767 5252 laicos

191 5289 560 5345 reconciliatus
591 5303 684 5355 per
711 5287 1080 5357 pcenitentiam
1100 5293 1480 5345 communicet.

255 5379 417 5451 323
449 5379 510 5433 V.
558 5378 623 5432 Ut
647 5379 689 5451 si
713 5378 981 5447 cuiuslibet
1010 5381 1205 5432 ordinis
1230 5382 1445 5437 clericus
1473 5383 1673 5438 tardius
1699 5385 1767 5436 ad

569 5449 834 5502 ecclesiam
862 5452 1050 5503 venerit
1075 5455 1382 5518 deponatur.

257 5539 544 5612 Presbyter
557 5539 639 5593 vel
659 5541 934 5607 diaconus,
948 5540 1033 5594 vel
1052 5541 1427 5607 subdiaconus,
1447 5543 1527 5597 vel
1547 5542 1770 5613 quilibet

197 5631 429 5687 ecclesia:
451 5633 735 5700 deputatus
755 5631 1018 5699 clericus,
1047 5633 1091 5686 si
1121 5632 1262 5686 intra
1305 5633 1579 5688 civitatem
1611 5636 1771 5690 fuerit

201 5722 276 5776 vel
298 5721 348 5778 in
377 5724 500 5778 loco
520 5721 574 5777 in
592 5738 697 5792 quo
718 5731 802 5778 est
815 5722 1061 5793 ecclesia,
1086 5735 1176 5779 aut
1192 5726 1490 5791 castellum,
1515 5735 1606 5781 aut
1623 5730 1769 5784 vicus

267 5862 290 5888 ⁸
321 5857 401 5913 Ab
421 5857 524 5913 hac
549 5870 684 5912 voce
705 5860 1026 5926 “peccaverint
1057 5859 1236 5930 incipit
1267 5861 1447 5917 Codex
1480 5863 1545 5918 E.
1570 5862 1623 5916 4.

469 5951 741 6012 Ρλτιιοι..
786 5951 1139 6013 LXXXIV.

1862 3365 1955 3421 IX.
2003 3365 2069 3420 Ut
2122 3369 2268 3421 nulla
2299 3351 2636 3437 professarruel
2665 3352 2826 3426 uidua"
2857 3351 3074 3427 absente
3093 3352 3369 3428 sacerdote

1898 3437 2050 3492 domo
2080 3455 2174 3492 sua
2199 3442 2514 3495 sacerdotale
2553 3443 2780 3513 ofﬁcium
2801 3445 2878 3497 vel
2901 3445 3161 3499 lucernale
3182 3447 3413 3515 impleat.

1933 3527 2088 3582 Nulla
2118 3531 2354 3598 professa
2387 3533 2469 3587 vel
2491 3535 2672 3600 vidua,
2694 3536 2916 3590 absente
2932 3538 3186 3606 episcopo
3208 3539 3290 3592 vel
3309 3554 3458 3606 pres-

1865 3618 2082 3689 bytero,
2119 3623 2170 3674 in
2202 3623 2363 3678 domo
2393 3639 2487 3679 sua
2519 3608 2841 3697 antiphonas
2868 3642 2989 3682 cum
3035 3629 3342 3685 confessore
3369 3632 3458 3686 vel

1863 3723 2028 3764 servo
2049 3726 2148 3764 suo
2176 3712 2332 3767 faciat
2365 3733 2376 3768 :
2419 3717 2777 3772 lucernarium
2822 3731 2950 3772 vero
2981 3719 3084 3774 nisi
3114 3720 3165 3773 in
3221 3720 3455 3775 ecclesia

1863 3813 1969 3853 non
2002 3801 2224 3868 legatur,
2255 3813 2342 3857 aut
2366 3805 2409 3857 si
2431 3805 2692 3872 legiturin
2716 3807 2862 3872 villa,
2890 3817 3156 3874 prasente
3177 3810 3453 3877 episcOpo,

1863 3893 1944 3945 vel
1973 3895 2308 3964 presbytero,
2333 3898 2413 3950 vel
2445 3897 2669 3952 diacono
2699 3898 2922 3968 legatur.

1864 3983 2027 4052 324.
2054 3984 2123 4039 Χ.
2161 3984 2228 4058 Ut
2259 3989 2432 4040 nullus
2455 3989 2734 4058 obligatum
2761 3991 3001 4054 cuiquam
3030 3992 3217 4057 absque
3244 3990 3472 4045 ωηιξη-⁸

2101 4071 2161 4106 su
2185 4057 2380 4109 domini
2409 4059 2486 4110 vel
2517 4057 2720 4126 patroni
2752 4063 2999 4113 clericum
3031 4062 3214 4130 faciat.
3373 4124 3377 4128 _
3463 4078 3468 4086 '

1936 4141 2192 4206 Clericus,
2226 4145 2268 4196 si
2301 4147 2517 4216 obligati
2550 4155 2678 4201 sunt
2707 4148 2788 4202 vel
2839 4164 2937 4217 pro
2995 4154 3320 4220 mquatione,
3369 4150 3461 4206 vel

1867 4247 2064 4300 genere
2095 4235 2317 4304 alicujus
2347 4238 2560 4299 doiuus.
2585 4255 2688 4293 non
2721 4241 3070 4310 ordinandus,
3114 4245 3211 4298 nisi
3264 4244 3461 4312 proba-

1868 4335 1935 4381 tae
1966 4330 2086 4381 vita:
2116 4327 2309 4385 fuerint
2337 4340 2390 4385 et
2422 4341 2768 4399 patronorum
2811 4350 3107 4392 consensus
3138 4339 3450 4394 accesserit.

1865 4419 1955 4475 XI.
1994 4420 2060 4474 Ut
2081 4421 2125 4474 si
2154 4423 2263 4490 quis
2293 4425 2569 4488 potentium
2600 4427 2868 4495 quemlibet
2897 4429 3254 4494 exspoliaverit
3285 4438 3330 4482 et
3357 4432 3455 4484 ad-

1924 4506 2155 4546 monente
2179 4496 2411 4563 episcOpo
2435 4512 2535 4547 non
2574 4498 2874 4560 reddiderit,
2897 4503 3386 4554 excommunicetur.

1785 4579 1841 4639 D
1936 4584 1990 4638 Si
2021 4584 2137 4652 quis
2159 4584 2225 4638 de
2253 4587 2554 4654 potentibus
2575 4585 2600 4624 δ
2625 4589 2875 4642 clericum
2898 4599 2990 4644 aut
3010 4593 3302 4660 quemlibet
3325 4609 3458 4662 pau-

1868 4679 2130 4746 periorem
2163 4687 2251 4731 aut
2283 4679 2587 4749 religiosum
2608 4684 3004 4751 exspoliaverit,
3035 4694 3090 4739 et
3119 4688 3457 4745 mandaverit

1866 4770 1932 4824 ad
1959 4771 2130 4839 ipsum
2175 4772 2455 4840 episcopus
2480 4782 2538 4826 ut
2586 4789 2706 4828 eum
2736 4778 2916 4830 audiat
2962 4787 3015 4832 et
3042 4780 3086 4832 is
3115 4790 3458 4852 contempse-

1867 4861 1957 4925 rit,
1993 4863 2215 4917 invicem
2245 4879 2366 4916 mox
2400 4867 2593 4932 scripta
2629 4877 2939 4932 percurrant
2969 4884 3062 4935 per
3087 4886 3275 4927 omnes
3325 4888 3452 4938 pro-

1869 4955 2057 5010 vinciae
2109 4956 2390 5024 episcopos
2420 4965 2475 5010 et
2501 4973 2846 5029 quoscunque
2875 4961 3027 5017 adire
3058 4944 3348 5031 potuerint,
3391 4971 3454 5020 ut

1869 5049 2361 5103 excommunicatus
2391 5049 2646 5104 habeatur
2693 5053 2863 5109 donec
2890 5056 3137 5112 audiatur
3159 5069 3216 5110 ut
3265 5057 3457 5113 reddat

1871 5139 2061 5194 ahena.

1870 5271 1986 5327 XII.
2031 5271 2098 5327 Ut
2118 5273 2289 5327 nullus
2340 5276 2554 5329 clericus
2582 5277 2644 5330 de
2685 5259 2918 5349 episcapo
2941 5294 3038 5332 suo
3083 5274 3286 5329 recedat
3313 5282 3358 5328 et
3390 5276 3459 5329 ad

2385 5349 2543 5400 alium
2570 5365 2624 5402 se
2655 5356 2947 5420 transferat.

1942 5455 2094 5519 Item,
2125 5463 2183 5508 ut
2230 5455 2451 5510 liberum
2489 5457 2581 5511 ulli
2614 5458 2811 5512 clerico
2838 5473 2942 5510 non
2970 5456 3041 5509 sit
3069 5453 3353 5510 discedere
3385 5456 3455 5512 de

1871 5547 2122 5617 episcopo
2153 5563 2248 5601 suo
2277 5557 2330 5601 et
2374 5549 2525 5603 alteri
2565 5551 2816 5617 episcopo
2870 5546 3293 5613 communicare,
3350 5549 3452 5628 nisi

1871 5638 2010 5693 forte
2037 5639 2106 5704 ei,
2139 5654 2294 5707 quem
2324 5642 2605 5709 episcOpus
2633 5640 2768 5691 alius
2798 5638 3026 5691 libenter
3051 5637 3328 5692 babeatde
3348 5640 3455 5692 bte-

1871 5731 2156 5787 reticorum
2187 5731 2474 5788 schismate
2517 5731 2880 5784 discedentem
2907 5738 2961 5784 et
2982 5730 3047 5785 ad
3075 5731 3237 5785 ﬁdem
3267 5729 3452 5785 catho-
3523 5796 3531 5805 ν

1946 5866 1972 5904 b
2014 5865 2077 5920 E.
2103 5865 2242 5931 4,1‘.
2279 5865 2332 5932 Ι,
2365 5862 2716 5933 potestatibus.

2912 5961 2981 6022 11
