4024 6350
494 379 598 441 55
1209 358 1593 425 aoLLecrto
1630 328 1965 416 canonum
1998 351 2060 410 s.
2099 347 2373 409 ramoso
2412 320 2684 405 nisus.
2721 342 3081 403 ASCRI-P‘I'A.
3664 344 3771 403 sse

530 556 533 561 h
1993 563 2295 639 XLVII

1007 693 1695 790 CONCILIUM
1768 686 2508 775 TOLETANUM
2582 669 3277 771 SECUNDUM.

583 845 744 894 OCTO
785 835 1246 889 EPISCOPOBUM,
1292 830 1584 874 HABI'I‘UM
1629 827 1744 872 SUB
1786 826 1897 868 DIE
1942 822 2026 865 ιν
2070 819 2403 863 κΑιειωΑε
2448 820 2691 874 JUNIAS,
2738 819 2906 863 ANNO
2948 818 3186 871 QUINTO
3230 816 3422 861 REGI"
3465 817 3695 862 DOHINI

1478 908 1704 952 NOSTBI
1747 901 2101 949 AMALARICI
2146 900 2355 955 REGIS,
2402 900 2544 942 ΕΒΔ
2587 900 2786 943 νων.

569 1067 923 1145 339.330
958 1062 1092 1119 Cum
1118 1061 1170 1116 in
1208 1059 1485 1113 voluntate
1506 1054 1717 1112 Domini
1758 1051 1895 1123 apud
1924 1049 2084 1145 Tole-
2108 1047 2165 1108 Α
2188 1054 2549 1145 praesumant:
2569 1045 2855 1145 episcopus
2870 1060 2999 1145 vero
3016 1047 3252 1145 quicum
3273 1050 3556 1120 suscipere
3577 1050 3783 1124 absque

498 1141 711 1221 tantatnt
752 1160 939 1213 urbem
1007 1162 1314 1209 sanctorum
1372 1150 1744 1218 episcoporum
1803 1141 2090 1213 praesentia

500 1252 867 1315 convenisset,
918 1257 973 1304 et
1024 1248 1093 1301 de
1150 1242 1407 1299 institutis
1444 1240 1662 1295 Patrum
1716 1245 2091 1301 canonumque

500 1345 737 1404 decretis
756 1336 1201 1399 commemoratio
1221 1335 1526 1398 haberetur,
1552 1331 1605 1385 id
1633 1329 1786 1384 nobis
1838 1327 1892 1382 in
1924 1340 2089 1379 ttnum

499 1438 693 1511 positis
748 1435 997 1506 placuit:
1055 1439 1113 1483 ut
1165 1428 1211 1481 si
1253 1441 1355 1493 qua
1408 1426 1461 1479 in
1511 1421 1743 1490 antiquis
1797 1416 2093 1511 canonibus

499 1509 729 1592 minime
754 1531 1173 1585 commemorata
1202 1528 1347 1585 sunt,
1378 1516 1581 1571 salubri
1611 1519 1837 1568 tractatu
1881 1525 1945 1565 ac
1971 1509 2094 1564 dili-

501 1623 651 1698 genti
666 1618 1093 1678 consideratione
1121 1613 1504 1673 instituantur;
1534 1607 1579 1660 si
1609 1620 1710 1675 qua
1732 1617 1861 1698 vero
1898 1602 1951 1656 in
1996 1616 2095 1655 an-

502 1697 797 1774 terioribus
817 1709 1058 1767 conciliis
1079 1715 1204 1762 sunt
1220 1704 1458 1771 decreta,
1481 1699 1575 1755 sed
1593 1697 1859 1753 abusione
1882 1703 2095 1764 tempo-

502 1818 627 1867 rum
648 1807 912 1862 hactenus
942 1807 1066 1855 sunt
1108 1797 1374 1868 neglecta,
1433 1793 1687 1848 redivivas
1733 1786 2094 1845 ordinationis

507 1912 792 1956 censuram
822 1893 1141 1957 -obtineant,
1175 1897 1436 1960 quatenus
1465 1886 1592 1941 dum
1630 1884 1682 1938 in
1726 1882 1812 1938 his
1860 1896 1979 1951 quae
2025 1880 2094 1936 ad

505 1987 710 2045 cultum
739 1983 863 2040 fidei
887 1982 1156 2054 pertinent
1184 1979 1420 2034 studium
1450 1975 1715 2047 religiosa:
1758 1972 2097 2029 observatio-

506 2080 596 2137 nis
620 2077 1001 2147 impendimus,
1035 2073 1126 2131 Dei
1178 2071 1352 2128 nostri
1408 2060 2096 2152 misericordiamhfacilius

505 2168 877 2239 impetremus.

504 2298 551 2356 I.
591 2298 672 2354 De
714 2299 792 2352 his
829 2312 954 2367 quos
987 2304 1220 2367 parentes
1255 2292 1321 2367 ab_
1360 2292 1587 2367 infantia
1619 2292 1886 2367 clericatus
1934 2292 2098 2367 ofﬁcio

577 2364 963 2441 manciparunt,
983 2364 1026 2420 si
1040 2375 1214 2434 postea
1238 2364 1550 2418 uoluntatem
1563 2365 1749 2417 habent
1773 2364 2025 2419 nubendi.

580 2484 661 2537 De
692 2484 775 2537 his
800 2496 934 2551 quos
952 2479 1201 2535 voluntas
1228 2487 1506 2546 parentum
1553 2492 1583 2530 a
1634 2476 1819 2546 primis
1864 2473 2102 2533 infantiae

508 2574 667 2630 annis
693 2574 976 2628 clericatus
1005 2569 1187 2625 ollicio
1216 2568 1536 2635 manciparit
1560 2567 1660 2622 hoc
1686 2568 1974 2623 statuimus
2002 2568 2096 2623 ob-

507 2668 837 2724 servandum
869 2681 882 2717 :
919 2672 975 2717 ut
1007 2678 1131 2716 mox
1182 2661 1392 2715 detonsi
1439 2659 1524 2714 vel
1555 2660 1859 2713 ministerio
1900 2659 2103 2715 electo-

507 2772 629 2815 rum
662 2756 826 2831 [BR.,
866 2752 1152 2825 lectorum]
1200 2767 1321 2808 cum
1364 2750 1545 2806 traditi
1594 2751 1791 2808 fuerint
1845 2751 1898 2807 in
1940 2752 2102 2807 domo

511 2852 758 2908 eccledte
780 2850 882 2905 sub
927 2848 1217 2919 episcopali
1265 2848 1549 2919 praesentia
1578 2863 1609 2902 a
1655 2848 1947 2917 praeposito
2001 2847 2102 2903 sibi

510 2944 745 3001 debeant
784 2941 1015 3007 erudiri;
1059 2952 1114 2995 at
1156 2941 1245 2996 ubi
1306 2951 1552 2995 octavum
1605 2940 1872 2995 decimum
1927 2939 2104 2994 mtatis

511 3050 628 3091 aute
675 3032 1070 3105 compleverint
1121 3047 1347 3098 annum,
1378 3047 1559 3087 coram
1600 3032 1763 3086 totius
1808 3031 1942 3086 cleri
1990 3030 2104 3099 ple-

510 3125 706 3194 bisque
726 3135 1019 3193 conspectu
1044 3124 1291 3179 voluntas
1317 3138 1503 3179 eorum
1532 3123 1601 3177 de
1643 3121 1946 3191 expetendo
1974 3136 2107 3177 con-

511 3216 660 3289 iugio
679 3216 747 3270 ah
765 3217 1020 3286 episcopo
1041 3224 1433 3286 perscrutetur,
1459 3215 1652 3286 quibus
1678 3215 1723 3269 si
1753 3216 1922 3283 gratia
1944 3215 2107 3270 casti-

513 3310 644 3361 tatis
668 3307 782 3363 Deo
810 3308 1109 3377 inspirante
1137 3308 1399 3377 placuerit
1419 3317 1474 3363 et
1500 3306 1885 3375 professionem
1937 3307 2106 3361 casti-

516 3398 716 3453 moniae
742 3412 852 3453 suae
890 3399 1096 3470 absque
1132 3398 1399 3469 conjugali
1428 3400 1754 3455 necessitate
1782 3413 1842 3454 se
1870 3412 2107 3468 sp0pon-

517 3487 698 3543 derint
717 3498 1044 3555 servaturos,
1080 3489 1133 3543 hi
1179 3499 1427 3558 tanquam
1445 3490 1772 3559 appetitores
1791 3489 2108 3545 arctissimte

517 3579 645 3634 vita:
676 3587 699 3615 α
731 3579 1009 3635 lenissimo
1039 3580 1253 3635 Domini
1280 3582 1412 3651 jugo
1432 3581 1755 3647 subdantur,
1787 3597 1851 3638 ac
1876 3585 2105 3651 primum

517 3670 936 3726 subdiaconatus
984 3672 1341 3727 ministerium
1385 3673 1564 3728 habita
1613 3675 1936 3744 probatione
1984 3691 2108 3746 pro-

2126 2407 2179 2471 Β

2193 1138 2521 1194 conscientia
2553 1140 2753 1208 proprii
2774 1139 3071 1194 sacerdmis
3097 1140 3326 1199 fortasse
3357 1147 3781 1214 prtesumpserit,

2195 1232 2362 1285 totius
2385 1230 2734 1287 fraternitatis
2761 1246 2909 1286 reum
2935 1247 3056 1287 esse
3078 1247 3137 1287 se
3169 1234 3403 1302 noverit,
3438 1237 3562 1305 quia
3589 1237 3782 1292 durum

2193 1332 2363 1380 estut
2392 1338 2514 1380 eum
2540 1340 2699 1394 quem
2730 1326 2867 1382 alius
2893 1328 3055 1380 rurali
3088 1341 3247 1383 sensu
3289 1343 3351 1383 ac
3390 1331 3642 1396 squalore
3696 1333 3785 1386 in-

2197 1417 2373 1471 fantiae
2420 1420 2609 1486 exuit,
2665 1420 2806 1477 alius
2860 1422 3141 1492 suscipere
3183 1432 3277 1478 aut
3326 1423 3603 1478 vindicare
3650 1439 3788 1493 prte-

2195 1517 2394 1561 sumat.

2199 1616 2286 1674 III.
2320 1617 2388 1674 Ut
2418 1619 2591 1674 nullus
2618 1637 2653 1675 a
2687 1620 3060 1700 subdiaconatu
3082 1634 3162 1700 “et
3192 1642 3353 1700 snpra
3404 1645 3522 1684 cum
3548 1640 3789 1687 extranea

2765 1693 2954 1749 habitet
2985 1697 3217 1755 muliere.

2269 1802 2402 1858 Illud
2425 1818 2554 1860 vero
2576 1815 2839 1875 praeterea
2890 1810 3109 1879 speciali
3140 1812 3480 1870 ordinatione
3506 1813 3536 1855 ι»
3555 1816 3791 1873 (Ιθςι-ετίο

2199 1913 2321 1953 mus
2340 1899 2482 1968 quod
2511 1915 2610 1955 nec
2637 1902 2857 1973 antiqua
2888 1904 3121 1959 concilia
3153 1904 3209 1962 in
3238 1908 3508 1963 universis
3538 1924 3677 1978 pene
3704 1925 3792 1965 ca-

2200 1990 2431 2044 nonibus
2454 1989 2743 2059 siluerunt,
2776 2002 2833 2048 ut
2858 1995 3034 2050 nullus
3064 1996 3379 2053 clericorum
3408 2014 3439 2051 a
3469 2001 3638 2069 gradu
3662 2002 3788 2056 sub.

2201 2081 2519 2137 diaconatus
2540 2093 2595 2137 et
2626 2098 2786 2154 supra
2818 2085 2874 2140 in
2895 2089 3155 2144 consortii
3195 2090 3561 2146 familiaritate
3603 2093 3794 2149 habeat

2202 2174 2510 2241 mulierem,
2531 2176 2615 2231 vel
2646 2176 2955 2245 ingenuam,
2978 2180 3060 2235 vel
3085 2179 3356 2248 libertam,
3393 2193 3489 2237 aut
3514 2184 3794 2251 ancillam,

2204 2264 2299 2319 scd
2322 2265 2365 2319 si
2395 2274 2523 2320 sunt
2545 2265 2595 2321 ei
2634 2266 3003 2337 hujuscemodi
3032 2272 3275 2337 servitia,
3322 2274 3481 2329 matri
3507 2274 3590 2329 vel
3621 2276 3795 2330 sorori

2212 2357 2441 2429 aliasque
2490 2360 2873 2430 propinquitati
2904 2365 3189 2418 contradat
3238 2366 3396 2436 331
3437 2377 3490 2421 et
3538 2368 3798 2437 quidquid

2211 2448 2326 2503 suis
2355 2450 2603 2505 manibus
2626 2452 2949 2519 profecerint
2989 2456 3204 2525 proprio
3231 2457 3448 2511 domino
3490 2458 3797 2525 deferatur;

2209 2550 2302 2593 aut
2328 2541 2375 2594 si
2397 2542 2771 2612 propinquitas
2794 2557 3089 2602 memorata
3120 2548 3289 2615 deest,
3344 2549 3446 2603 alia
3485 2549 3683 2605 domus
3729 2551 3797 2605 ad

2207 2644 2391 2686 earum
2417 2632 2776 2690 habitaculum
2801 2638 3123 2706 requiratur,
3153 2638 3445 2695 dummodo
3472 2640 3620 2695 nulla
3640 2656 3798 2696 occa-

2207 2722 2291 2780 sio
2319 2723 2622 2780 introeundi
2652 2728 2871 2784 domum
2924 2731 3110 2787 clerici
3161 2732 3375 2788 feminae
3432 2737 3796 2804 permittatur,

2209 2815 2355 2873 unde
2379 2826 2471 2873 aut
2498 2819 2746 2890 laqueum
2781 2824 2950 2892 possit
2970 2825 3265 2894 incurrere,
3286 2839 3381 2884 aut
3409 2830 3639 2884 noxialis
3660 2830 3797 2885 fama

2208 2910 2483 2965 innocenti
2507 2912 2736 2969 fortasse
2759 2920 2929 2984 possit
2947 2918 3111 2976 inuri.
3147 2921 3290 2978 Sane
3309 2924 3353 2977 si
3397 2922 3656 2991 deinceps
3683 2930 3801 2995 post

2210 3002 2350 3057 hanc
2369 3002 2552 3059 datam
2582 3006 3003 3067 admonitionem
3035 3014 3278 3084 quisquis
3308 3017 3497 3072 harum
3529 3021 3799 3076 consortio

2209 3092 2316 3150 frui
2348 3097 2603 3166 voluerit,
2632 3104 2847 3156 noverit
2875 3118 2936 3159 se
2957 3119 3063 3159 non
3100 3107 3273 3161 solum
3310 3123 3339 3162 a
3373 3110 3664 3166 clericatus
3687 3112 3803 3167 ofﬁ-

2209 3185 2297 3239 cio
2316 3189 2517 3242 retrahi
2561 3190 2914 3249 velecclesitc
2944 3195 3146 3251 foribus
3193 3199 3341 3268 pelli,
3373 3202 3470 3256 sed
3526 3204 3687 3259 etiam
3736 3204 3805 3259 ab

2209 3279 2450 3333 omnium
2479 3281 2868 3341 catholicorum
2890 3288 3210 3345 clericorum
3240 3292 3322 3345 vel
3366 3292 3626 3350 laicorum
3656 3309 3808 3351 com-

2213 3372 2470 3426 munione
2493 3376 2714 3442 privari,
2738 3379 2882 3433 nulla
2915 3396 3139 3449 prorsus
3160 3382 3245 3438 vel
3275 3384 3528 3455 colloquii
3560 3388 3808 3441 consola-

2212 3460 2359 3516 tione
2390 3464 2600 3530 relicta,
2631 3477 2899 3534 quatenus
2946 3472 3103 3526 mala:
3155 3476 3563 3531 consuetudinis
3613 3477 3811 3533 abrasa

2211 3554 2405 3624 rubigo
2434 3556 2489 3612 in
2519 3569 2768 3627 posteros
2797 3564 2993 3619 radicis
3022 3582 3135 3622 suae
3165 3582 3374 3624 veneno
3424 3583 3646 3640 serpere
3698 3584 3812 3625 non

2214 3646 2405 3714 possit.

517 3760 775 3816 fessionis
803 3777 913 3817 sure
940 3777 969 3816 a
1013 3762 1272 3817 vicesimo
1321 3780 1462 3818 anno
1497 3765 1818 3835 suscipiant;
1866 3767 2007 3836 quod
2060 3768 2104 3824 si

2216 3779 2307 3837 IV.
2353 3781 2421 3838 Ut
2450 3787 2703 3867 quidquid
2744 3790 2807 3843 de
2844 3793 2972 3862 jure
3005 3792 3251 3867 Ecclesiae
3299 3796 3472 3851 clerici
3516 3799 3815 3867 tenuerint,

518 3853 914 3923 inculpabiliter
935 3869 1000 3910 ac
1027 3854 1290 3912 inoffense
1319 3858 1630 3913 vicesimum
1662 3868 1716 3913 et
1741 3859 1984 3927 quintum
2015 3876 2113 3916 an-

518 3959 646 4000 num
670 3944 845 4000 aetatis
873 3960 984 4001 suae
1004 3948 1332 4016 peregerint,
1364 3948 1431 4003 ad
1486 3948 1805 4005 diaconatus
1849 3953 2109 4023 officium,

517 4041 562 4095 si
595 4042 825 4096 scienter
850 4040 1074 4111 implere
1098 4056 1254 4110 posse
1278 4040 1347 4095 ab
1385 4042 1640 4111 episcopo
1667 4044 2107 4113 comprobantur,

520 4133 846 4204 promoveri.
869 4132 1178 4189 Cavendum
1200 4142 1377 4189 tamen
1400 4145 1483 4189 est
1513 4133 1617 4199 his,
1650 4149 1720 4190 ne
1741 4138 1957 4205 quando
1998 4152 2111 4192 suae

520 4224 832 4293 sponsionis
861 4224 1209 4281 immemores
1239 4225 1306 4280 ad
1355 4234 1601 4281 terrenas
1647 4227 1861 4296 nuptias
1902 4238 1994 4283 aut
2041 4229 2109 4283 ad

519 4315 745 4371 furtivos
771 4315 1092 4371 concubitus
1124 4316 1259 4370 ultra
1293 4304 1611 4383 recurrant;
1674 4319 1818 4387 quod
1875 4321 1919 4373 si
1971 4319 2111 4375 forte

519 4406 766 4477 fecerint,
799 4416 857 4462 ut
877 4408 1142 4478 sacrilegii
1170 4406 1247 4463 rei
1294 4408 1637 4475 damnentur,
1667 4419 1720 4464 et
1774 4411 1842 4465 ab
1871 4411 2112 4467 Ecclesia

523 4501 823 4557 habeantur
868 4501 1159 4555 extranei:
1225 4499 1308 4554 his
1363 4509 1545 4555 autem
1616 4501 1810 4571 quibus
1861 4503 2112 4559 voluntas

525 4596 742 4665 propria
813 4592 1248 4665 interrogationis
1316 4602 1558 4661 tempore
1609 4595 1938 4650 desiderium
2006 4614 2110 4652 nu-

526 4685 688 4744 bendi
735 4688 1085 4758 persuaserit,
1136 4698 1450 4740 concessam
1495 4686 1565 4740 ah
1590 4686 1851 4755 apostolis
1898 4698 2115 4745 senten-

523 4779 653 4833 tiam
676 4778 891 4834 auferre
930 4794 1035 4834 non
1094 4794 1399 4848 possumus,
1441 4780 1512 4836 ita
1565 4789 1624 4835 ut
1679 4796 1800 4836 cum
1848 4795 2116 4853 provectae

526 4870 701 4925 aetatis
724 4869 777 4924 in
804 4868 1057 4939 conjugio
1099 4870 1259 4940 positi
1292 4872 1694 4927 renuntiaturus
1749 4887 1810 4927 se
1840 4874 1951 4942 pari
1982 4889 2115 4930 con-

524 4978 687 5020 sensu
715 4963 970 5034 operibus
996 4964 1173 5019 carnis
1199 4965 1605 5033 spoponderint,
1637 4965 1703 5020 ad
1733 4974 1974 5022 sacratos
1996 4982 2117 5038 gra-

523 5056 624 5112 dus
653 5056 910 5127 aspirent.

525 5169 589 5225 ll.
640 5169 715 5223 De
743 5170 930 5224 clerico
969 5170 1057 5239 qui
1101 5168 1170 5221 ad
1207 5168 1365 5223 aliam
1394 5169 1664 5225 ecclesiam
1709 5171 1891 5225 transit
1939 5178 1985 5226 et
2023 5172 2113 5241 qui

1104 5256 1220 5293 eum
1268 5243 1567 5310 susceperit.

599 5330 858 5388 Similiter
884 5331 1080 5402 placuit
1106 5331 1387 5398 custodiri,
1422 5347 1489 5386 ne
1535 5331 1625 5401 qui
1657 5332 1725 5388 de
1767 5332 1850 5389 his
1879 5333 1970 5402 qui
2019 5333 2111 5389 tali

527 5424 1191 5490 educationeimbuuntur,
1254 5425 1488 5493 qualibet
1533 5425 1818 5482 occasione
1863 5435 2110 5496 cogente,

529 5514 797 5586 propriam
829 5514 1194 5572 relinquentes
1237 5513 1524 5570 ecclesiam
1570 5515 1636 5569 ad
1664 5515 1821 5571 aliam
1874 5517 2110 5573 transire

595 5762 623 5791 ⁸·
655 5752 770 5820 Δὶ,
799 5750 956 5820 B.R.,
980 5752 1044 5808 E.
1075 5750 1131 5819 5,
1156 5750 1210 5819 4,
1235 5751 1325 5820 U.,
1359 5754 1425 5811 G.
1447 5794 1463 5822 ,
1491 5755 1606 5812 vita.

2341 3866 2456 3925 post
2507 3861 2700 3912 obitum
2737 3874 2917 3915 eorum
2955 3867 3021 3917 ad
3067 3866 3351 3921 Ecclesium
3380 3879 3673 3923 revertatur.

2217 4004 2220 4007 λ
2288 3964 2345 4021 Si
2376 3968 2496 4037 quis
2525 3983 2655 4024 sane
2690 3971 3007 4028 clericorum
3032 3976 3205 4044 agella
3236 3977 3319 4031 vel
3349 3977 3583 4033 vineolas
3614 3979 3665 4033 in
3703 3990 3822 4036 ter-

2218 4054 2295 4110 ris
2325 4059 2567 4113 ecclesize
2624 4062 2726 4115 sibi
2775 4063 2968 4119 fecisse
2998 4067 3257 4134 probatur
3294 4069 3651 4125 sustentanda
3678 4072 3821 4129 vim

2218 4156 2404 4212 causa,
2438 4160 2607 4216 usque
2657 4149 2723 4202 ad
2773 4150 2917 4207 diem
2967 4156 3146 4209 obitus
3186 4156 3269 4211 sui
3328 4158 3629 4225 possideat;
3682 4172 3823 4228 post

2220 4246 2376 4287 suum
2409 4250 2536 4288 vero
2568 4237 2635 4291 de
2656 4237 2758 4294 hac
2784 4241 2903 4298 luce
2931 4243 3228 4301 discessum
3255 4248 3404 4316 juxta
3454 4250 3681 4318 priorum
3718 4267 3822 4306 ca-

2222 4340 2421 4381 nonum
2454 4332 2868 4390 constitutiones
2892 4336 2981 4404 jus
3012 4353 3165 4392 suum
3210 4339 3465 4395 Ecclesia:
3493 4353 3682 4396 sancte
3719 4359 3823 4400 re-

2223 4416 2429 4483 stituat,
2450 4435 2550 4474 nec
2567 4427 2970 4481 testamentario
2990 4442 3053 4484 ac
3069 4432 3407 4485 successorio
3417 4430 3542 4502 jure
3559 4432 3824 4501 cuiquam

2218 4506 2494 4563 haeredum
2528 4512 2971 4580 prohaaredumve
3028 4519 3312 4589 relinquat,
3344 4521 3445 4576 nisi
3480 4523 3693 4578 forsitan
3724 4525 3826 4580 cui

2219 4600 2508 4670 episcopus
2536 4618 2634 4672 pro
2654 4606 2890 4660 servitiis
2920 4622 2984 4662 ac
3013 4611 3360 4679 praestatione
3399 4612 3653 4669 Ecclesia
3702 4612 3829 4669 lar-

2220 4692 2318 4760 giri
2348 4694 2597 4749 voluerit.

2221 4804 2285 4859 ν.
2309 4806 2391 4861 De
2420 4808 2500 4864 his
2524 4810 2613 4877 qui
2640 4814 2888 4887 proximis
2908 4797 3095 4887 suis‘se
3128 4820 3394 4887 copulant,
3423 4830 3482 4877 ut
3512 4836 3547 4876 a
3572 4836 3826 4881 commas-

2618 4884 2768 4939 niune
2797 4882 2988 4941 Christi
3020 4882 3340 4958 separentur.

2290 4966 2423 5023 Nam
2450 4979 2503 5025 et
2525 4970 2642 5027 haec
2670 4974 2961 5031 salubriter
3005 4980 3358 5048 prmcsvenda
3407 4982 3692 5045 sancimus.
3750 5001 3832 5042 ne

2220 5060 2341 5126 quis
2371 5058 2609 5115 fidelium
2641 5066 2995 5137 propinquam
3047 5071 3325 5140 sanguinis
3374 5074 3480 5141 sui,
3534 5088 3832 5145 usquequo

2227 5148 2505 5205 affinitatis
2534 5154 2853 5213 lineamenta
2882 5162 3095 5231 generis
3123 5164 3470 5221 successione
3511 5170 3829 5236 cognoscit,

2222 5240 2275 5293 in
2336 5242 2680 5302 matrimonio
2729 5249 2831 5304 sibi
2901 5253 3171 5310 desideret
3217 5257 3500 5326 copulari,
3555 5258 3833 5324 quoniam

2221 5331 2483 5400 scriptum
2512 5346 2639 5392 est:
2695 5340 2877 5398 Omnis
2903 5345 3054 5401 homo
3094 5348 3162 5402 ad
3205 5352 3494 5422 proximam
3538 5351 3836 5421 sanguinis

2220 5424 2303 5516 sui
2332 5441 2435 5480 non
2488 5432 2696 5488 accedat
2747 5445 2805 5490 ut
2859 5441 3040 5496 revelet
3087 5443 3454 5513 turpitudinem
3500 5445 3612 5516 ejus
3640 5459 3660 5498 :
3708 5458 3836 5502 nec

2220 5514 2340 5573 sine
2365 5518 2772 5586 denuntiatione
2808 5536 3109 5605 sententia,
3153 5552 3283 5617 “nam
3310 5537 3471 5623 paulo
3502 5514 3620 5608 post
3646 5536 3839 5599 infert

596 5822 627 5861 δ
655 5802 1043 5879 Ε’ὄήῐὸἰῆιῖ
1080 5802 1424 5895 ὸόἆίεἷιᾶἷιέζ
1447 5802 1659 5898 ’ρὶὲἰθιο
1705 5828 1797 5897 Α..
1855 5812 2107 5902 inquo:
2145 5802 2372 5889 suam
