4024 6350
207 294 303 354 357

1152 288 1467 348 CONCILIA
1509 284 1870 346 HISPANIA}.
1913 313 1983 325 —
2021 283 2444 343 TOLETANUM
2485 283 2551 340 ll.

3364 283 3469 342 538

206 409 400 468 etdlcit
424 425 437 462 :
467 407 655 462 Anima
669 423 783 477 quae
805 407 976 475 fecerit
998 406 1058 460 de
1087 405 1481 460 abominationis
1501 404 1612 457 istis
1635 402 1784 472 quid-
1811 396 1866 459 Δ
1891 395 2124 477 Dominis
2159 397 2225 477 _b_
2262 399 2601 477 dilectissimi:
2621 396 2892 477 _fratribt_ts
2931 395 3168 477 filiisque
3185 399 3471 477 “territorii

206 507 358 579 piam,
394 502 572 571 peribit
602 501 663 555 de
692 502 859 555 medie
883 499 1062 572 populi
1091 501 1192 554 sui.
1224 499 1281 555 Si
1310 501 1428 569 quis
1468 511 1595 565 ergo
1626 493 1783 562 hujus

207 596 402 652 decreti
431 595 598 649 nostri
623 601 916 648 temerator
943 593 1214 648 exstiterit
1243 608 1306 646 ac
1334 591 1556 645 vetitum
1582 588 1787 643 violare

208 688 628 758 prmsumpserit,
663 695 810 740 tanto
840 685 1070 754 graviori
1099 698 1158 739 se
1187 682 1550 738 mulctandum
1573 689 1788 737 senten-

209 781 274 835 tia
297 787 686 847 recognoscat,
719 787 920 848 quanto
949 792 1068 832 eam
1103 777 1540 847 prepinquiorem
1579 775 1663 828 cui
1693 787 1789 828 co-

211 872 375 942 pulari
398 887 461 926 se
489 870 676 924 inalnit
704 885 815 923 sum
841 869 1060 939 originis
1084 882 1204 922 esse
1240 881 1347 921 non
1402 865 1642 935 ambigit,
1676 877 1791 919 tan-

213 973 366 1032 toqne
394 963 705 1016 annosioris
749 960 1331 1015 excommunicationis
1385 966 1629 1027 tempore
1656 967 1709 1011 et
1760 971 1789 1010 a

210 1055 399 1111 Christi
436 1071 662 1126 corpore
695 1067 747 1111 et
797 1059 1144 1113 fraternitatis
1173 1057 1446 1114 consortio
1490 1064 1793 1124 sequestre-

211 1156 308 1215 tur,
336 1161 542 1218 quanto
571 1149 729 1203 fueri't
755 1152 1163 1219 'prOpinquiOI‘iS
1209 1149 1487 1216 sanguinis
1519 1145 1796 1214 contagio—

210 1254 274 1293 ne
301 1241 558 1308 pollutus.
588 1241 756 1309 Hujus
801 1242 1150 1296 institutionis
1192 1242 1425 1310 regulam
1451 1240 1540 1306 qui
1569 1237 1796 1292 subscri-

210 1328 378 1385 bimus
426 1331 774 1404 irrefragahili
825 1336 1144 1388 auctoritate
1190 1348 1290 1388 nos
1321 1331 1645 1403 spondemus
1676 1344 1796 1384 ser-

211 1435 426 1480 vaturos
457 1441 470 1477 :
502 1426 546 1478 si
571 1428 689 1494 quis
719 1437 895 1480 autem
921 1436 1025 1481 tam
1078 1438 1320 1482 nostrum
1355 1425 1439 1480 vel
1492 1439 1676 1479 eorum
1709 1422 1797 1492 qui

184 1533 347 1576 \nunc
401 1528 605 1573 sancite
654 1522 863 1589 synodo
911 1538 973 1575 ex
1036 1523 1134 1576 hac
1182 1518 1458 1592 provincia
1513 1519 1801 1574 defuerunt

212 1608 331 1661 huic
385 1620 494 1662 tam
554 1611 755 1664 salubri
809 1613 971 1684 332
1027 1613 1349 1667 ordinalinni
1392 1613 1616 1667 obviare
1660 1625 1799 1681 prae-

212 1703 498 1771 sumpserit
529 1703 607 1755 vel
640 1705 868 1758 solerter
896 1700 1194 1776 adimplere
1239 1706 1566 1775 neglexerit,
1616 1703 1802 1759 convi-

212 1799 325 1844 ctus
356 1792 520 1845 totius
571 1791 819 1849 fraterna:
851 1794 1132 1850 charitatis
1186 1796 1492 1867 aliquandiu
1540 1794 1800 1851 habeatur

213 1897 272 1936 ex
284 1894 523 1940 traneus.

279 1995 423 2050 Sane
450 1996 599 2065 juxta
629 2000 868 2068 priorum
920 2015 1188 2057 canonum
1238 2003 1456 2058 decreta
1514 2004 1802 2058 concilium

213 2088 354 2156 apud
398 2089 615 2144 fratrem
650 2101 892 2146 nostrum
919 2094 1230 2148 Montanum
1253 2096 1586 2165 episcopum,
1620 2094 1667 2149 si
1693 2093 1804 2148 Do-

210 2182 395 2237 minus
423 2185 679 2251 voluerit,
709 2185 945 2240 futurum
977 2189 1406 2254 pronuntiamus,
1460 2189 1530 2242 ita
1554 2169 1617 2242 iit
1647 2188 1808 2242 frater

213 2282 269 2327 et
317 2275 666 2343 coepiscopus
723 2286 906 2330 noster
952 2279 1256 2345 Montanus,
1309 2281 1396 2351 qui
1430 2283 1483 2334 in
1526 2277 1808 2348 metropoli

211 2372 316 2427 est,
353 2363 420 2416 ad
453 2366 932 2434 comprovinciales
981 2378 1194 2422 nostros
1244 2369 1452 2424 Domini
1502 2371 1808 2425 sacerdotes

216 2456 422 2510 litteras
447 2458 512 2511 de
542 2460 916 2528 congreganda
949 2461 1159 2530 synodo
1202 2461 1524 2516 adveniente
1571 2473 1810 2529 tempore

217 2547 410 2602 debeat
441 2548 730 2604 destinare.
761 2552 912 2606 Nunc
941 2568 1070 2623 ergo
1095 2554 1147 2606 in
1176 2553 1392 2609 nomine
1417 2553 1628 2609 Domini
1649 2554 1810 2608 finitis

221 2637 302 2691 his
351 2654 471 2708 qua:
516 2640 570 2692 in
618 2641 957 2698 collationem
1011 2655 1314 2716 venerunt,
1361 2647 1563 2716 gratias
1605 2646 1812 2716 agimus

221 2731 573 2800 omnipotenti
597 2732 734 2800 Deo,
765 2735 963 2792 deinde
992 2738 1214 2792 domino
1240 2739 1478 2807 glorioso
1509 2738 1812 2794 Amalarico

225 2823 330 2889 regi
357 2823 597 2878 divinam
621 2824 964 2881 clementiam
988 2830 1342 2898 postulantes,
1377 2830 1468 2899 qui
1517 2831 1815 2885 innumeris

223 2915 374 2969 annis
406 2916 558 2985 regni
589 2915 706 2986 ejus
735 2932 797 2972 ea
825 2933 944 2988 quae
980 2918 1048 2974 ad
1090 2922 1291 2976 cultum
1332 2921 1457 2976 fidei
1497 2922 1818 2990 perveniunt

228 3007 513 3077 peragendi
543 3009 698 3063 nobis
725 3009 999 3065 licentiam
1026 3021 1264 3081 praestet.
1297 3013 1492 3069 Amen.

1962 468 2225 524 Palentini
2249 471 2527 526 Montanus
2550 469 2816 541 episcopus
2834 467 2890 522 in
2918 465 3138 524 Domine
3173 467 3282 524 Deo
3318 480 3470 526 teter—

1957 557 2076 594 nam
2098 544 2334 597 salutem.

1959 637 2279 692 Cunctarum
2303 638 2648 693 ecclesiarum
2665 637 2874 692 Domini
2890 635 3196 706 potissimos
3211 635 3472 705 praesules

1892 745 1988 799 per
2009 729 2348 784 Ezechielem
2376 729 2690 796 prophetam
2706 727 3064 785 terribilisilla
3079 726 3475 781 commonitorii

1890 820 2055 876 dictio
2083 821 2184 876 sub
2213 821 2564 890 speculatoris
2585 822 2803 877 nomine
2828 822 3087 888 concutit,
3109 821 3296 875 dicens
3329 835 3342 872 :
3367 815 3478 872 Fili

1893 913 2111 966 hominis
2131 953 2146 974 ,
2185 915 2548 980 speculatorem
2574 914 2692 965 dedi
2719 923 2766 965 te
2791 915 2966 968 domui
2996 913 3167 969 Israel
3212 929 3230 967 :
3261 913 3476 966 audiens

1893 1019 2014 1073 ergo
2050 1003 2208 1074 333
2253 1020 2316 1056 ex
2340 1019 2424 1055 ore
2463 1020 2572 1056 mea
2614 1019 2895 1057 sermonem
2935 1005 3259 1058 annuntiabis
3305 1004 3376 1056 eis
3416 1016 3482 1055 e3

1895 1115 1992 1152 me.
2021 1097 2100 1162 Si,
2123 1099 2317 1151 dicente
2338 1113 2414 1149 me
2437 1098 2503 1149 ad
2530 1097 2742 1165 impium
2767 1113 2782 1148 :
2810 1095 2995 1165 Impie,
3016 1105 3176 1152 morte
3204 1096 3435 1151 morieris
3460 1110 3480 1148 :

1897 1204 1997 1242 non
2023 1189 2404 1241 annuntiaveris
2431 1189 2496 1250 ei,
2528 1204 2682 1254 neque
2711 1187 2908 1239 locutus
2931 1187 3110 1256 fueris,
3144 1199 3197 1241 ut
3223 1195 3482 1240 avertatur

1897 1300 1929 1334 a
1951 1283 2030 1334 via
2055 1297 2148 1334 sua
2183 1281 2340 1350 impia
2369 1287 2415 1332 et
2441 1279 2600 1341 vivat;
2629 1279 2738 1347 ipse
2762 1279 2966 1347 quidem
3000 1280 3053 1331 in
3097 1279 3360 1346 iniquitate
3386 1293 3484 1330 sua

1899 1375 2162 1440 morietur,
2184 1374 2481 1442 sanguinem
2504 1382 2673 1424 autem
2695 1373 2807 1442 ejus
2827 1372 2890 1424 de
2912 1387 3066 1423 manu
3083 1380 3170 1422 tua
3191 1371 3445 1440 requiram
3460 1383 3483 1423 :

1899 1476 1953 1520 et
1981 1475 2206 1527 caetera,
2239 1479 2356 1532 quae
2400 1462 2562 1530 hujus
2592 1459 2835 1514 lectionis
2882 1459 3016 1513 ordo
3046 1460 3114 1512 de
3143 1457 3484 1513 admonentis

1899 1557 2264 1626 admonitique
2309 1556 2482 1608 anima
2512 1552 2896 1623 exquirendqu
2927 1551 3180 1605 ostendit.
3213 1549 3324 1604 Hac
3353 1564 3484 1619 ergo

1901 1665 2034 1705 voce
2096 1658 2372 1720 permotus
2438 1645 2595 1714 hujus
2649 1644 2811 1700 officii
2877 1641 3328 1698 necessitudinem
3398 1656 3490 1697 me

1829 1775 1878 1836 Β
1903 1743 2207 1813 suscepisse
2227 1757 2333 1797 non
2357 1741 2603 1797 nesciens
2623 1741 2838 1795 studere
2858 1740 3060 1802 curavi,
3087 1754 3154 1793 ne
3175 1736 3491 1807 cujusquam

1907 1835 2097 1904 perditi
2148 1835 2379 1889 animam
2437 1835 2504 1886 de
2559 1847 2716 1887 manu
2771 1846 2889 1887 mea
2943 1830 3190 1885 Christus
3252 1829 3493 1899 requirat

1903 1926 1989 2000 [Τ.
2024 1929 2080 1992 1,
2131 1927 2187 1992 2,
2238 1923 2521 1994 inquirat],
2560 1923 2856 1992 praesertim
2904 1937 3022 1978 cum
3053 1923 3328 1978 Toletanze
3373 1920 3493 1977 urbi

1906 2020 2381 2087 metropolitanum
2411 2017 2744 2086 privilegium
2783 2028 2936 2072 vetus
2960 2015 3295 2072 consuetudo
3325 2015 3497 2070 tradi-

1905 2110 2063 2173 derit,
2106 2117 2161 2163 et
2209 2123 2273 2162 eo
2303 2108 2470 2176 magis
2502 2123 2606 2161 non
2654 2107 2826 2160 solum
2858 2108 3271 2176 parochiarum,
3317 2106 3413 2162 sed
3442 2117 3501 2164 et

1908 2200 2118 2254 urbium
2147 2214 2273 2254 cura
2298 2199 2456 2266 bujus
2483 2198 2630 2252 urbis
2658 2197 2906 2252 sollicitet
2946 2199 3304 2252 sacerdotem.
3335 2198 3498 2266 Ergo,

1910 2300 1966 2346 ut
1985 2289 2274 2359 Apostolus
2294 2288 2424 2343 dicit
2447 2304 2461 2342 :
2492 2291 2627 2354 Quid
2648 2289 2830 2343 harum
2853 2290 3003 2344 vultis
3021 2291 3044 2344 ?
3064 2291 3116 2343 in
3137 2291 3280 2361 uirga
3300 2290 3498 2345 veniam

1908 2384 1976 2436 ad
2006 2398 2089 2435 vos
2113 2384 2136 2437 ?
2166 2398 2232 2434 an
2260 2382 2313 2434 in
2340 2383 2590 2435 charitate
2612 2391 2661 2435 et
2688 2382 2871 2451 spiritu
2900 2383 3339 2436 mansuetudinis?
3366 2396 3504 2438 nova

1912 2489 2141 2542 namque
2173 2474 2518 2543 praesumptio
2545 2473 2946 2542 praesidentium
2972 2474 3124 2528 vobis
3156 2475 3500 2545 presbytero-

1911 2584 2030 2623 rum
2056 2576 2266 2622 nostros
2295 2567 2527 2636 pulsavit
2554 2566 2804 2632 auditus,
2835 2568 2882 2622 si
2913 2575 3092 2622 tamen
3123 2582 3259 2622 nova
3295 2575 3501 2622 tantum

1911 2670 1966 2716 et
2011 2677 2116 2715 non
2155 2661 2486 2717 detestabilis
2535 2660 2640 2715 dici
2672 2660 2868 2730 possit,
2917 2675 3037 2729 quas
3080 2659 3150 2714 ab
3192 2658 3344 2715 initio
3379 2658 3502 2715 fidei

1915 2749 2193 2805 catholicae
2248 2766 2519 2819 nunquam
2576 2759 2774 2818 praeter
2820 2765 2961 2804 nunc
3016 2749 3323 2819 subrepisse
3368 2748 3500 2822 [U.,

1915 2838 2236 2910 surrexisse]
2273 2840 2554 2908 probatur,
2586 2849 2646 2894 ut
2687 2842 2741 2895 id
2767 2841 2910 2910 quod
2962 2856 3057 2910 per
3087 2857 3278 2897 manus
3305 2843 3508 2898 summi

1921 2933 2184 3000 pontificis
2262 2936 2416 2988 trime
2473 2933 2768 2988 divinitatis
2838 2935 3107 2989 invocatio
3168 2933 3507 2990 sanctiﬁcare

1919 3024 2223 3091 consuevit,
2243 3025 2520 3095 presbyter
2548 3026 2765 3094 ignarus
2786 3024 3083 3093 disciplinae
3110 3025 3378 3080 coniicere
3406 3025 3512 3080 sibi

296 3118 599 3186 Montanus,
632 3121 685 3175 in
703 3121 907 3177 Christi
926 3124 1143 3180 nomine
1167 3125 1472 3196 episcopus,
1499 3125 1582 3182 his
1608 3125 1814 3182 consti-
1841 3126 1887 3188 C
1921 3116 2154 3172 Chrisma
2178 3125 2550 3186 Pmsumerei-
2572 3116 2684 3172 Hoc
2709 3117 2755 3170 εί
2783 3114 3010 3186 ῑεηθνίεε
3026 3126 3129 3185 εει,
3155 3125 3264 3170 iam
3283 3116 3513 3172 demens

228 3211 522 3268 tutionibus
549 3214 819 3286 adquievi,
850 3216 1020 3287 relegi
1045 3227 1099 3273 et
1122 3218 1419 3289 subscripsi
1446 3217 1535 3275 die
1579 3230 1633 3274 et
1674 3231 1818 3274 anno

227 3318 329 3372 quo
355 3322 538 3377 supra.

299 3419 592 3476 Pancarius
621 3423 906 3492 episcopus
934 3422 1017 3478 his
1040 3425 1517 3481 constitutionibus
1545 3426 1813 3498 adquievi,

230 3512 392 3581 relegi
423 3522 477 3567 et
498 3514 789 3584 subscripsi
819 3515 906 3570 die
935 3524 990 3572 et
1017 3531 1160 3573 anno
1189 3533 1295 3588 quo
1325 3535 1507 3589 supra.

300 3621 573 3679 Canonius
601 3627 884 3696 episcopus
933 3628 1017 3682 his
1046 3630 1518 3686 constitutionibus
1546 3633 1815 3704 adquievi,

233 3715 399 3785 relegi
432 3726 488 3773 et
514 3718 810 3789 subscripsi
853 3718 940 3775 die
965 3731 1019 3776 et
1043 3737 1184 3776 anno
1213 3737 1319 3791 quo
1346 3738 1530 3793 supra.

303 3827 503 3884 Paulus
550 3831 834 3900 episcopus
883 3832 965 3887 bis
1021 3835 1492 3890 constitutionibus
1549 3835 1818 3907 adquievi,

234 3918 402 4004 relegi
434 3931 489 3974 et
516 3921 811 3990 subscripsi
839 3922 925 3976 die
945 3932 1002 3976 et
1031 3939 1174 3977 anno
1203 3939 1308 3992 quo
1344 3940 1526 3994 supra.

310 4033 650 4089 Domitianus
677 4036 966 4103 episcOpus
993 4035 1078 4090 his
1103 4038 1580 4093 constitutionibus
1607 4041 1826 4110 adquie-

238 4124 312 4194 vi,
347 4125 512 4196 relegi
544 4136 598 4182 et
625 4127 918 4197 subscripsi
962 4127 1049 4183 die
1086 4139 1140 4184 et
1163 4144 1303 4184 anno
1332 4145 1440 4200 quo
1467 4146 1645 4201 supra.

309 4242 634 4311 Marcianus,
668 4253 694 4281 ι
714 4246 768 4299 in
795 4242 992 4300 Christi
1032 4248 1253 4302 nomine
1280 4248 1580 4316 episcopus,
1607 4249 1676 4304 ob
1703 4264 1829 4304 cau-

240 4348 352 4388 sam
372 4334 495 4390 fidei
521 4335 799 4391 catholicae
821 4337 872 4391 in
891 4337 1148 4393 Toletana
1166 4338 1297 4395 urbe
1319 4341 1508 4396 exsilio
1522 4342 1825 4411 deputatus,

243 4434 548 4480 sanctorum
577 4424 800 4482 fratrum
824 4443 1067 4484 meorum
1097 4430 1570 4487 constitutionibus
1592 4432 1803 4488 interfui

244 4515 406 4586 relegi
429 4526 482 4571 et
510 4516 802 4587 subscripsi
828 4518 915 4574 die
943 4529 1000 4574 et
1025 4534 1165 4574 anno
1207 4535 1315 4590 quo
1354 4537 1538 4592 supra.

317 4627 618 4696 Nibridius,
649 4630 702 4683 in
742 4627 943 4686 Christi
998 4632 1215 4686 nomine
1264 4634 1548 4704 episcopus
1592 4636 1837 4691 ecclesiae

250 4719 523 4775 catholica:
558 4720 869 4789 Egarensis,
895 4722 1032 4776 hanc
1063 4724 1502 4780 constitutionem
1555 4741 1841 4783 consacer-

252 4810 432 4867 dotum
459 4829 703 4869 meorum
730 4816 781 4869 in
805 4815 1066 4870 Toletana
1092 4817 1224 4872 urbe
1255 4817 1512 4883 habitam,
1553 4834 1674 4874 cum
1718 4833 1841 4890 post

254 4907 578 4978 aliquantum
621 4912 879 4980 temporis
920 4912 1285 4982 advenissem,
1328 4914 1474 4968 salva
1521 4919 1841 4973 auctoritate

256 5002 556 5068 priscorum
580 5019 873 5072 canonum,
907 5006 1091 5076 relegi,
1115 5006 1335 5076 probavi
1365 5017 1420 5061 et
1472 5008 1780 5078 subscripsi.

320 5114 522 5183 Justus,
553 5119 606 5173 in
634 5118 829 5175 Christi
862 5121 1078 5176 nomine
1107 5122 1348 5178 ecclesiae
1372 5124 1650 5180 catholica:
1681 5125 1844 5195 Urge-

257 5203 429 5264 litana:
458 5210 766 5279 episc0pus,
792 5213 929 5267 hanc
949 5213 1379 5270 constitutionem
1398 5218 1841 5274 consacerdotum

260 5313 501 5357 meorum
538 5303 589 5357 in
617 5303 873 5359 Toletana
903 5307 1036 5360 urbe
1087 5307 1347 5373 habitam,
1400 5325 1522 5364 cum
1578 5319 1697 5380 post
1747 5312 1844 5366 ali-

261 5403 513 5457 quantum
569 5397 828 5464 temporis
885 5397 1265 5466 advenissem,
1318 5401 1460 5454 salva
1524 5405 1845 5460 auctoritate

263 5479 558 5547 priscorum
587 5501 874 5554 canonum,
902 5488 1088 5561 relegi,
1118 5490 1336 5559 probavi
1367 5502 1420 5547 et
1455 5493 1769 5563 subscripsi.

268 5619 496 5746 magis...
522 5620 679 5689 B.B.,
703 5621 1053 5679 Marrucinus.
1082 5624 1145 5680 E.
1168 5623 1224 5694 δ,
1249 5625 1304 5692 4,
1333 5626 1397 5682 Τ.
1420 5628 1472 5694 l,
1496 5628 1551 5697 2,
1581 5628 1670 5698 U.,
1699 5629 1847 5684 illar-

336 5757 364 5796 b
385 5761 589 5820 Desunt
618 5765 701 5820 ha)
730 5766 970 5836 epistolae
999 5766 1051 5824 in
1079 5766 1170 5838 A.,
1198 5767 1313 5841 .42.,
1344 5770 1406 5829 E.
1438 5771 1494 5829 2.
1545 5772 1847 5845 Desumptte

1921 3207 2177 3263 sacerdos
2195 3221 2316 3262 esse
2339 3221 2446 3262 non
2466 3206 2686 3273 debuit;
2709 3206 2755 3261 si
2782 3207 3215 3278 praesumptionis
3237 3213 3342 3272 est,
3370 3205 3514 3261 hunc

1921 3298 2318 3353 schismaticum
2360 3313 2481 3354 esse
2507 3298 2627 3367 quis
2658 3300 2893 3366 nesciat,
2939 3298 3030 3368 qui
3069 3298 3364 3354 inauditam
3393 3309 3510 3353 rem

1922 3398 1978 3445 et
2003 3389 2246 3458 religioni
2268 3389 2618 3454 contrariam,
2648 3396 2967 3444 senescente
2990 3387 3102 3457 jam
3132 3388 3356 3456 mundo,
3389 3386 3510 3443 talis

1923 3488 2215 3534 temerator
2244 3480 2494 3534 inducat?
2546 3480 2871 3535 Revolvatur
2912 3480 3160 3534 manibus
3209 3480 3436 3547 vestris,
3482 3494 3518 3534 ο

1923 3574 2246 3644 presbyteri,
2278 3575 2675 3630 sacratissitnus
2701 3575 2918 3630 Numeri
2951 3573 3104 3638 liber,
3131 3575 3182 3630 in
3213 3589 3320 3646 quo
3347 3572 3513 3630 vestri

1922 3667 2087 3720 ofﬁcii
2137 3668 2192 3720 in
2221 3669 2556 3737 septuaginta
2604 3669 2880 3722 seniorum
2923 3669 3167 3737 personis
3208 3667 3519 3736 auspicatus

1924 3767 2007 3812 est
2035 3757 2231 3820 honor,
2276 3767 2330 3813 et
2381 3758 2672 3813 invenietis
2717 3773 2946 3826 quorum
2996 3757 3333 3827 negotiorum
3362 3755 3518 3811 vobis

1927 3849 2279 3917 praerogativa
2310 3862 2566 3903 concessa
2595 3849 2683 3902 sit.
2720 3847 3006 3917 Adjutores
3037 3862 3132 3902 vos
3178 3848 3320 3904 Deus
3342 3846 3522 3901 nostri

1927 3942 2124 3995 laboris
2166 3942 2401 3996 secundo
2451 3942 2724 4009 dignitatis
2771 3940 2938 4009 gradu
2983 3956 3104 3994 esse
3162 3940 3354 4002 voluit,
3413 3951 3523 3992 nou

1929 4040 2277 4086 temeratores
2315 4046 2584 4086 sacrarum
2625 4030 2975 4099 quarumdam
3020 4044 3195 4083 rerum
3236 4042 3359 4083 esse
3400 4042 3524 4096 per-

1928 4123 2094 4176 misit.
2126 4122 2212 4175 Sic
2229 4122 2411 4176 Nadab
2450 4135 2501 4176 et
2528 4121 2702 4175 Abiud
2735 4122 2909 4192 ignem
2940 4121 3228 4176 offerentes
3255 4120 3522 4186 alienum,

1931 4212 1984 4266 id
2011 4221 2091 4266 est
2115 4211 2195 4264 sui
2220 4212 2374 4264 ofiicii
2405 4227 2510 4264 non
2537 4211 3018 4276 debitum,divinus
3043 4212 3180 4280 ignis
3207 4210 3525 4279 absumpsit.

1931 4303 2018 4359 Sic
2057 4305 2263 4370 Chore,
2301 4304 2506 4357 Dathan
2536 4314 2696 4372 atque
2726 4305 2924 4358 Abiron
2957 4303 3124 4374 Moysi
3155 4304 3244 4358 Dei
3277 4304 3444 4373 gratia
3471 4310 3529 4359 et

1933 4394 2132 4448 divinis
2154 4393 2382 4462 eloquiis
2404 4394 2693 4462 perfrucuti
2713 4393 3071 4448 invidentibus
3092 4409 3154 4447 ac
3180 4392 3484 4448 dicentibus
3506 4407 3527 4450 :

1796 4475 1827 4570 ς’
1857 4477 1909 4538 D
1936 4487 2060 4542 Non
2082 4487 2180 4541 soli
2203 4486 2293 4540 tibi
2317 4486 2518 4541 locutus
2550 4494 2623 4540 est
2675 4485 2835 4551 Deus,
2863 4487 2983 4556 quia
3011 4487 3173 4540 omnis
3202 4483 3530 4556 congregatio

1937 4591 2112 4635 sancta
2134 4590 2227 4644 est,
2253 4581 2404 4633 novis
2429 4577 2788 4632 schismaticis
2811 4578 3054 4632 interitus
3087 4592 3241 4632 novae
3266 4576 3524 4646 perditio-

1937 4674 2022 4726 nis
2051 4671 2286 4737 advenit,
2320 4678 2378 4726 ut
2419 4671 2603 4738 jejuno
2635 4685 2730 4724 ore
2760 4671 3133 4724 insatiabiliter
3160 4680 3302 4723 terra
3337 4668 3525 4722 sorbe-

1940 4772 2044 4828 ret,
2079 4777 2214 4830 quos
2259 4760 2553 4828 indignatio
2581 4760 2760 4813 divina
2792 4760 3117 4813 damnasset.
3154 4758 3294 4825 Quid
3325 4774 3530 4812 memo-

1940 4870 2053 4908 rem
2077 4851 2283 4920 Oziam,
2318 4853 2407 4920 qui
2437 4868 2544 4904 non
2569 4861 2852 4905 contentus
2885 4851 3151 4920 regalibus
3184 4851 3435 4915 fascibus,
3462 4865 3530 4904 ne

1943 4944 2254 5015 fungeretur
2312 4954 2364 4996 et
2426 4942 2721 4996 sacerdotis
2771 4940 2950 4996 officio
2990 4952 3174 4996 contra
3219 4944 3305 5010 jus
3348 4944 3533 5007 fasque

1947 5039 2226 5108 potestatis
2276 5037 2482 5090 velatus
2527 5036 2793 5089 cothurno
2842 5035 3168 5090 oblationem
3210 5032 3532 5100 expiationis

1943 5134 2072 5188 solis
2099 5130 2464 5186 sacerdotibus
2505 5129 2738 5184 debitam
2776 5130 2903 5183 dum
2948 5129 3142 5185 offerre
3193 5134 3426 5194 patraret,
3454 5125 3533 5179 sic

1947 5226 2148 5279 ultione
2177 5223 2384 5278 caelesti
2419 5223 2564 5290 lepra
2599 5221 2954 5291 perfunditur,
3004 5231 3062 5274 ut
3103 5232 3325 5272 munere
3359 5229 3537 5270 sacer-

1945 5317 2088 5370 dotis
2115 5325 2169 5370 et
2197 5315 2343 5384 regni
2397 5329 2597 5368 exosus
2622 5328 2790 5382 usque
2818 5313 2884 5366 ad
2918 5311 3119 5366 obitum
3154 5309 3530 5376 permaneret?

1947 5408 2106 5462 Ozam
2138 5407 2354 5478 pariter,
2386 5417 2639 5476 quantum
2666 5406 2732 5458 ad
2763 5407 2937 5472 ipsum
2964 5411 3100 5467 erat,
3128 5401 3328 5456 devoto
3356 5397 3538 5458 ofﬁcio

1944 5501 2194 5573 juvencis
2224 5499 2626 5557 calcitrantihus
2673 5514 2740 5552 ne
2768 5511 2890 5551 arca
2919 5494 3014 5552 Dei
3059 5494 3330 5552 laberetur
3366 5495 3532 5552 susti-

1949 5646 2075 5765 sugt
2112 5653 2179 5692 ex
2228 5635 2384 5706 13.8.,
2414 5649 2534 5692 cum
2587 5628 2921 5689 variantibus
2975 5637 3294 5694 (taurorum
3348 5630 3541 5691 lectio-

1950 5725 1998 5764 nl
2048 5725 2127 5765 us.

1950 5725 2127 5765 nanus.
