4024 6350
535 329 645 400 339

1244 329 1622 392 COLLECTIO
1661 329 1994 387 CANONUM
2036 326 2100 386 S.
2142 327 2412 387 [SIDORO
2450 329 2716 387 HlSPAL.
2757 327 3114 386 ASGBIPTA.

3715 332 3819 389 340

529 468 671 510 seu
699 447 1266 524 psunt-divinitus
1285 445 1736 517 ipercussioillata
1763 441 2121 511 consumpsit,
2152 445 2207 506 Α
2232 444 2388 497 talem
2419 443 2584 498 fuisse
2619 442 2831 512 plenius
2854 441 3025 497 discet
3055 442 3143 512 qui
3175 441 3470 498 beatissimi
3493 455 3560 498 ac
3608 443 3820 514 religio-

539 545 704 618 θεὴ
729 545 1014 601 ostendere
1048 541 1269 614 scilioet
1315 539 1521 605 volens,
1550 539 1673 608 quia
1699 537 1864 592 nullis
1900 535 2121 590 omnino

537 641 742 707 causis,
767 651 867 694 nec
892 636 993 692 sub
1009 633 1295 691 occasione
1307 626 2123 698 immiiitatisprmsumentibus,

537 727 721 785 divina
755 728 933 784 ofﬁcia
959 735 1016 782 et
1033 733 1379 780 sacramenta
1393 725 1639 779 caelestia
1669 724 1737 778 ab
1759 738 1860 789 eo,
1891 724 1987 778 cui
2015 739 2126 780 non

533 819 806 878 incumbit
829 818 1070 875 ofﬁcium
1087 859 1102 884 ,
1133 817 1371 888 contingi
1408 817 1744 887 aliquatenus
1771 817 1989 872 debent.
2013 815 2124 871 Us-

537 921 700 972 venit
737 925 898 983 ergo,
927 918 1158 967 caveant
1187 911 1241 965 hi
1263 911 1360 980 qui
1388 909 1493 966 sibi
1539 917 1725 979 putent
1755 923 1875 964 esse
1908 907 2123 963 licitum

525 1004 679 1076 quod
696 1003 820 1060 'aliis
842 1017 956 1060 non
979 1003 1233 1075 ignorant
1249 1015 1381 1058 esse
1410 1003 1652 1057 illicitum
1667 1041 1684 1068 ,
1717 1015 1786 1057 ne
1811 1001 2001 1057 similis
2025 1016 2126 1058 eos

537 1095 751 1164 borum,
772 1109 909 1167 quos
923 1096 1378 1160 memoravimus,
1393 1109 1550 1164 poena
1576 1095 1852 1164 perceliat.
1873 1094 1949 1148 An
1971 1094 2126 1150 forsi-

523 1196 626 1244 ‘tan
653 1199 964 1245 sanctorum
997 1188 1214 1244 Patrum
1236 1188 1451 1258 regulas
1472 1196 1524 1242 et
1543 1186 1952 1242 constitutiones
1975 1199 2128 1257 syno-

525 1279 680 1336 dicae
715 1278 998 1351 ignoratis,
1047 1281 1250 1352 quibus
1297 1280 1680 1350 prtecipiuntur
1719 1279 2126 1349 ut'parocbien-

515 1383 624 1428 ses
645 1373 952 1444 presbyteri
980 1386 1090 1428 non
1117 1385 1219 1442 per
1234 1372 1457 1427 viliores
1473 1383 1758 1440 personas,
1781 1371 1882 1426 sed
1901 1379 2002 1424 nul
2023 1385 2125 1437 ’ρετ

533 1468 877 1538 semetipsos,
921 1476 1131 1536 aut.per
1157 1475 1397 1522 rectores
1429 1465 1784 1520 saerariorum
1821 1463 2016 1516 annuis
2039 1462 2125 1516 vi-

535 1557 687 1617 cibus
714 1563 948 1616 ebrisma
972 1560 1344 1630 a.pra:s'itiente
1371 1560 1470 1614 sibi
1490 1560 1741 1628 episcopo
1761 1557 2125 1627 petant’I'Gre-

536 1647 608 1706 do
635 1650 780 1721 quod
811 1653 899 1720 qui
924 1660 1106 1720 petere
1127 1649 1400 1730 jusserunt
1426 1657 1743 1718 potestatem
1763 1648 2124 1704 consecrandi

525 1741 754 1810 'pcntttts
775 1741 1136 1797 abstulerunt.
1157 1734 1475 1796 ‘Provideblt
1504 1753 1632 1810 ergo
1658 1740 1897 1796 citerius
1912 1751 2118 1805 «restis,

2226 535 2421 587 sissimi
2483 533 2582 588 viri
2632 533 2871 589 'l‘huribii
2927 531 3164 602 episc0pi
3219 533 3285 589 ad
3340 544 3583 592 sanctum
3630 551 3819 604 papam

2227 624 2373 680 urbis
2405 623 2587 679 Romae
2620 624 2855 680 Leonem
2917 625 3082 679 libros
3129 625 3306 682 editos
3339 626 3465 699 legit
3489 668 3501 690 ,
3549 628 3601 681 in
3628 629 3821 695 quibus

2227 715 2365 771 banc
2407 717 2682 772 sordidam
2718 717 2960 772 hatresim
3003 719 3353 790 esplanavit,
3397 719 3606 788 aperuit
3652 731 3705 774 et
3730 735 3821 776 oe-

2227 810 2423 864 cultam
2470 812 2703 867 tenebris
2748 812 2860 868 suis
2910 814 3254 882 perﬁdiaque
3301 816 3443 868 nube
3486 815 3717 870 velatam
3771 817 3818 873 in

2227 903 2507 972 prapalulo
2565 907 2726 962 misit.
2783 906 2860 960 Ex
2913 905 3044 975 ipsis
3097 906 3298 962 etenim
3340 907 3531 973 libris,
3589 908 3820 977 qualiter

2227 1008 2439 1063 cavere,
2469 997 2598 1068 quid
2628 998 2956 1067 respondere
2977 1008 3170 1054 contra
3195 999 3485 1068 sacrilegos
3513 1000 3682 1068 possit
3704 1003 3819 1070 pius

2230 1083 2402 1142 lector
2431 1088 2686 1145 inveniet.
2725 1088 2876 1144 Unde
2903 1096 3086 1159 quieso
3117 1101 3196 1155 ut,
3257 1091 3530 1158 perfidiam
3575 1107 3700 1145 cum
3732 1107 3820 1145 au-

2227 1189 2377 1238 0tore
2405 1179 2721 1237 danmantes
2751 1192 2910 1252 atque
2943 1184 3475 1251 anathematizantes,
3506 1195 3670 1239 recta:
3704 1185 3819 1241 lidei

2225 1277 2466 1346 regulam
2499 1278 2755 1344 teneatis,
2801 1287 2856 1334 et
2881 1279 2948 1334 de
2979 1280 3232 1335 omnibus
3273 1282 3654 1350 suprascriptis
3701 1297 3820 1338 cau-

2230 1371 2392 1425 tiores
2422 1371 2679 1427 exhibere
2705 1388 2801 1427 vos
2825 1373 3154 1440 procureiis,
3191 1389 3294 1443 quo
3328 1373 3532 1430 facilius
3560 1390 3659 1429 nec
3698 1375 3817 1430 mihi

2229 1461 2294 1518 de
2345 1464 2708 1519 taciturnitate
2759 1464 2932 1534 possit
2979 1480 3101 1520 esse
3143 1466 3448 1528 damnatio,
3495 1475 3548 1521 et
3578 1467 3732 1520 vobis
3760 1468 3818 1524 de

2227 1553 2534 1610 obedientia
2580 1556 2816 1610 fructum
2848 1556 3140 1610 maximum
3181 1571 3363 1611 coram
3397 1555 3677 1611 Salvatore
3717 1556 3818 1612 Deo

2231 1653 2418 1699 nostro
2451 1646 2740 1746 providere
2769 1649 3005 1718 possitis.
3039 1647 3150 1704 Pax
3185 1649 3392 1704 Domini
3422 1664 3542 1706 cum
3575 1650 3816 1708 omnibus

2231 1736 2406 1794 vobis.
2435 1736 2632 1795 Διηθηῖ

525 1809 604 1890 ne
627 1841 757 1904 post
782 1834 940 1904 hujus
969 1832 1290 1890 humilitatis
1317 1843 1516 1889 nostra!
1544 1809 1920 1899 interdictum,
1941 1833 2120 1890 donec

2229 1851 2451 1909 Domino
2473 1856 2659 1927 exirth
2680 1856 3039 1927 precipuoque
3057 1856 3384 1924 christicoltc,
3406 1857 3620 1912 dom
3637 1867 3691 1913 et
3717 1858 3816 1927 ﬂio

531 1928 588 1981 et
638 1935 928 1982 consuetus
970 1925 1125 1982 vobis
1171 1939 1202 1980 a
1233 1925 1463 1981 Domino
1493 1936 1834 1996 praeparatur
1861 1927 2122 1996 antistes,

529 2017 774 2088 quisquis
827 2017 994 2073 vetita
1055 2015 1154 2094 [Ε.
1181 2017 1240 2086 4,
1284 2027 1463 2073 vetera
1469 2016 1488 2091 J
1523 2017 1718 2075 iterare
1742 2029 2033 2089 praenatat
2071 2026 2128 2074 et

523 2106 1068 2178 Iincipiargraviorem
1086 2105 1468 2163 ecclesiastica:
1484 2108 1836 2164 districtionis
1857 2110 2127 2165 sustinere

516 2209 838 2254 tcensuram.
872 2197 1067 2255 Utatur
1095 2199 1335 2270 quisquis
1363 2199 1586 2256 honoris
1605 2203 1692 2256 sul
1717 2213 1977 2256 Concesso
2017 2202 2126 2270 pri-

513 2290 747 2361 ‘vilcgio,
778 2291 924 2361 quod
954 2293 1234 2363 proprium
1262 2295 1380 2349 ‘scit
1405 2293 1609 2349 ordinis
1641 2294 1984 2363 presbyterii,
2018 2307 2124 2348 non

526 2383 676 2454 quod
701 2385 901 2440 summi
927 2384 1273 2454 pontiﬁcatus
1297 2395 1379 2441 est
1403 2387 1679 2455 immobus
1701 2385 1950 2441 minister
1974 2400 2127 2441 assu-

521 2483 673 2528 ‘met.
711 2472 976 2545 Quisquis
996 2484 1125 2544 post
1151 2474 1292 2529 hanc
1317 2473 1741 2530 admonitionem
1780 2476 1832 2528 in
1867 2475 2124 2544 hujusce-

525 2563 685 2620 tmutii
701 2567 864 2621 rebus
885 2565 1796 2635 aliquatenusiheritdeprehensus,
1813 2567 2125 2622 anathem-

529 2659 612 2715 ‘tis
641 2657 915 2714 insolubili
955 2659 1174 2714 vinculo
1211 2659 1507 2717 tte-noverit
1545 2674 1665 2715 esse
1709 2661 2070 2715 damnandum
2105 2679 2120 2718 :

515 2749 622 2806 «oui
651 2748 708 2806 in
731 2748 841 2805 hoc
861 2748 1038 2820 ipsum
1050 2763 1169 2804 'non
1199 2763 1385 2819 parum
1416 2749 1759 2807 humanitatis
1789 2749 2121 2818 conceditur,

514 2841 674 2912 quod
704 2855 848 2897 nunc
873 2851 998 2896 eum
1016 2843 1259 2898 transire
1273 2841 1514 2913 patimur
1529 2841 1883 2912 impunitum.
1899 2844 2051 2900 'Sane
2076 2845 2124 2900 si

525 2932 1086 3002 Dominus'voiuerit,
1135 2949 1256 2991 cum
1279 2947 1498 3006 tempus
1527 2937 1790 3006 pastéhalis
1810 2936 2124 2994 "festivitatis

523 3030 811 3086 advenerit
838 3071 855 3098 ,
907 3029 952 3086 si
995 3029 1152 3087 vobis
1173 3029 1246 3086 ad
1281 3029 1579 3101 petendum
1629 3029 1959 3102 impossibile
2005 3037 2122 3096 est,

531 3123 676 3180 datis
695 3125 903 3181 'lltteris
948 3125 1143 3182 vestris
1162 3123 1408 3181 indicare
1435 3122 1730 3188 debebitis,
1759 3133 1820 3181 et
1837 3135 1948 3179 'nos
1981 3119 2122 3179 sacri

529 3213 947 3286 bujusiiqnoris
963 3215 1112 3273 nitro
1135 3211 1437 3287 poterimus
1457 3215 1823 3271 transmittere
1849 3215 2076 3287 gratiam
2102 3255 2119 3282 ,

533 3307 828 3364 dummodo
855 3323 963 3364 non
1001 3319 1360 3380 praesumetur
1391 3307 1597 3365 illicita.
1615 3307 1747 3364 ‘Pari
1773 3308 1994 3364 ratione
2034 3319 2126 3364 co-

531 3399 819 3471 gnovimus
833 3402 984 3472 quod
995 3403 1068 3458 ad
1092 3404 1552 3459 consecrationem
1569 3399 1916 3460 basilicarum
1935 3403 2124 3461 aliena

529 3495 694 3550 sortis
718 3507 748 3548 a
786 3494 942 3552 vobis
973 3495 1212 3566 episcopi
1240 3497 1554 3566 invitantur,
1584 3509 1638 3555 et
1657 3497 1795 3555 iicet
1831 3499 1938 3554 sint
1968 3513 2126 3556 unius

531 3583 657 3644 ﬁdei
685 3588 877 3660 copula
904 3589 1184 3646 nobiscum
1215 3592 1268 3646 in
1298 3589 1512 3659 Christo
1541 3593 1792 3660 connexi,
1821 3601 2001 3647 tamen
2025 3607 2125 3649 nec

529 3678 829 3752 provinciae
855 3683 1170 3755 privilegiis,
1187 3695 1295 3740 nec
1313 3699 1492 3740 rerum
1515 3684 1727 3741 Domini
1753 3685 1991 3740 noscitur
2021 3685 2127 3738 uti-

525 3769 773 3830 litatibus
811 3777 1122 3844 convenire,
1155 3776 1276 3845 quia
1302 3777 1412 3847 jam
1444 3777 1509 3830 ad
1540 3777 1708 3846 ipsum
1753 3773 2125 3845 hujuscemodi

527 3863 676 3921 fama
707 3869 912 3937 perlata
938 3879 1051 3935 est;
1077 3869 1304 3939 ideoque
1323 3867 1524 3924 salubri
1547 3869 1888 3924 ordinatione
1911 3870 2126 3924 censui-

529 3967 675 4026 mus,
703 3959 833 4014 utsi
868 3960 1080 4030 quando
1106 3959 1228 4014 talis
1255 3960 1549 4015 necessitas
1575 3960 1900 4028 incubuerit,
1925 3961 2125 4016 litteris

535 4064 635 4108 nos
655 4051 959 4109 informare
980 4054 1240 4122 debeatis,
1273 4062 1326 4109 et
1347 4064 1438 4107 aut
1467 4068 1563 4122 per
1591 4067 1711 4120 nos,
1747 4062 1836 4107 aut
1869 4070 1960 4120 per
1999 4068 2121 4109 eum

532 4143 624 4214 qui
673 4144 826 4199 nobis
864 4159 930 4199 ex
976 4143 1229 4200 fratribus
1260 4151 1314 4198 et
1365 4144 1700 4214 coepiscopis
1733 4146 1931 4200 nostris
1977 4148 2124 4202 visus

525 4232 694 4290 fuerit
719 4243 775 4290 et
799 4236 1134 4290 consecratio
1160 4235 1529 4302 ecclesiarum,
1565 4236 1676 4291 Deo
1702 4236 1937 4305 auspice,
1975 4247 2122 4307 pote-

531 4326 607 4380 rit
635 4325 926 4382 celebrari.
957 4327 1224 4383 Praeterea
1254 4327 1668 4398 perditissimam
1696 4330 2124 4386 l'riscillianista-

536 4431 658 4472 rum
707 4426 908 4474 sectam
956 4433 1063 4473 non
1095 4427 1201 4473 tam
1233 4419 1365 4475 actis
1397 4428 1422 4457 ι
1465 4436 1623 4491 quam
1653 4423 1870 4478 notnine
1909 4437 1938 4474 a
1969 4422 2122 4479 vobis

2147 3169 2200 3243 α

2588 1925 2845 1980 ΤΙιανὶὺὶσ
2862 1926 3145 1980 Montanus
3178 1928 3346 1996 episco
3352 1945 3465 1999 pus.

2300 2013 2590 2069 Alumnum
2637 2026 2691 2072 te
2733 2017 2864 2071 iidei
2895 2018 3176 2070 catholica:
3203 2029 3260 2071 et
3304 2026 3503 2072 sanctae
3547 2018 3817 2088 religionis

2223 2103 2456 2160 amicum
2517 2107 2677 2161 etiam
2727 2108 2783 2162 in
2822 2109 2957 2162 actis
3003 2108 3364 2163 mundialibus
3412 2120 3817 2167 conversantem

2228 2200 2382 2254 valde
2411 2209 2466 2254 et
2515 2202 2761 2256 novimus
2809 2209 2863 2254 et
2891 2202 3254 2272 probavimus.
3289 2202 3421 2258 Cum
3453 2206 3599 2258 enim
3641 2207 3817 2263 adhuc

2227 2289 2448 2344 ﬂoreres
2467 2294 2516 2344 in
2545 2292 2763 2358 szeculo,
2791 2290 2867 2345 ita
2897 2292 3232 2348 claritudinis
3260 2302 3362 2349 tua:
3395 2295 3500 2348 vita
3525 2297 3812 2365 perpatuit,

2229 2391 2286 2435 ut
2310 2384 2604 2438 secundum
2633 2385 2954 2440 sententiam
2981 2387 3197 2441 Domini
3221 2399 3273 2446 et
3295 2403 3414 2458 quae
3435 2398 3554 2443 sunt
3581 2389 3812 2448 Ctesaris

2227 2474 2428 2530 Casari
2462 2489 2566 2530 non
2616 2489 2872 2545 negares,
2903 2484 2960 2531 et
2987 2475 3100 2532 beo
3150 2493 3269 2547 qua:
3317 2494 3416 2532 sua
3461 2487 3585 2534 sunt
3624 2479 3818 2536 devota

2229 2573 2406 2622 mente
2437 2569 2793 2637 persolveres.
2843 2567 2974 2626 lure
3002 2570 3204 2626 etenim
3254 2580 3524 2627 auctorem
3569 2581 3619 2626 te
3649 2572 3816 2628 divini

2227 2662 2399 2715 cultus
2429 2663 2479 2715 in
2506 2661 2605 2716 hac
2629 2663 2904 2730 presertim
2931 2663 3201 2732 provincia
3231 2665 3534 2721 nominabo.
3583 2664 3811 2722 Putasne

2227 2763 2424 2822 quanta
2447 2755 2543 2809 tibi
2569 2756 2706 2826 apud
2725 2756 2900 2811 Deum
2925 2768 3143 2813 maneat
3165 2775 3389 2827 merces,
3420 2760 3575 2830 cujus
3597 2761 3812 2818 solertia

2228 2845 2312 2900 vel
2343 2846 2596 2902 instinctu
2627 2831 2698 2904 let
2731 2848 2994 2906 idolatria!
3023 2867 3174 2906 error
3203 2851 3486 2919 abscessit,
3521 2863 3574 2908 et
3604 2851 3814 2909 Priscil-

2227 2938 2564 2996 lianistarum
2615 2943 2950 2999 detestabilis
2997 2961 3058 2998 ac
3100 2945 3343 3014 pudenda
3365 2943 3401 2984 ’δ
3437 2955 3585 3001 secta
3635 2956 3813 3003 conta-

2228 3029 2367 3086 buit?
2396 3035 2438 3087 si
2465 3043 2644 3088 tamen
2675 3035 2850 3090 adhuc
2879 3038 2994 3104 ejus
3019 3051 3214 3090 nomen
3245 3037 3510 3092 honorare
3533 3038 3810 3106 desistant,

2213 3123 2378 3195 tcujus
2402 3139 2495 3194 per
2511 3127 3100 3182 tnsm'admouitionem
3124 3126 3358 3197 collapsa
3395 3143 3520 3185 esse
3541 3145 3702 3199 opera
3716 3145 3811 3186 non

2229 3216 2501 3285 ignorant.
2535 3216 2666 3271 Nam
2691 3217 2769 3272 de
2807 3225 3151 3272 terrenarum
3174 3218 3526 3274 dominorum
3556 3220 3665 3276 ﬁde
3693 3221 3813 3289 quid

2228 3310 2445 3376 loquar?
2475 3310 2558 3365 cui
2589 3311 2660 3364 ita
2689 3320 2838 3364 tuum
2865 3309 3174 3380 impendisti
3200 3311 3439 3366 laborem
3460 3352 3476 3379 ,
3519 3323 3580 3368 ut
3611 3314 3815 3369 feroces

2221 3403 2652 3460 cohabitantium
2697 3404 2791 3459 tibi
2823 3405 3039 3460 animos
3078 3407 3144 3461 ad
3185 3406 3458 3464 salubrem
3485 3407 3724 3478 regulam
3762 3415 3816 3463 et

2230 3512 2474 3552 normam
2523 3499 2786 3569 regularis
2813 3499 3112 3570 disciplina
3157 3502 3504 3571 perdoceres.
3538 3500 3817 3557 Prasubit

2219 3589 2402 3646 divina
2432 3589 2718 3645 clementia
2747 3591 2870 3661 quia
2903 3583 2954 3648 id
2978 3594 3121 3662 quod
3145 3609 3361 3676 summo
3379 3594 3571 3652 labore
3593 3603 3818 3650 conatus

2225 3696 2306 3747 es,
2334 3683 2582 3751 precibus
2600 3683 2776 3758 επ
2798 3694 2851 3740 et
2877 3686 3453 3754 oraﬁone.periicetm.
3469 3687 3608 3754 Quae
3637 3695 3818 3743 auten

2227 3788 2294 3828 ex
2327 3773 2607 3828 Palentino
2633 3785 2902 3830 conventu
2927 3777 2993 3831 ad
3023 3792 3122 3832 nos
3145 3780 3489 3845 pervenerint
3515 3775 3822 3833 celsitudini

2226 3874 2420 3920 vestra:
2449 3865 2690 3921 indicare
2721 3868 2929 3936 curavi,
2959 3883 3066 3936 quo
3097 3869 3301 3924 lacilius
3332 3886 3426 3942 per
3457 3879 3688 3924 vestram
3737 3870 3822 3926 in-

2227 3957 2596 4025 crepationem
2650 3958 2877 4014 nefanda
2911 3962 3255 4028 praesumptio
3297 3962 3347 4014 in
3393 3972 3663 4030 posterum
3693 3975 3821 4014 con-

2226 4051 2490 4120 quiescat.
2523 4050 2752 4118 Quidam
2785 4060 2843 4106 ut
2871 4053 2938 4107 ad
2984 4069 3086 4108 nos
3115 4055 3380 4123 perlatum
3413 4062 3495 4108 est
3523 4053 3818 4125 presbyteri

2227 4155 2356 4195 ausu
2387 4145 2678 4197 temerario
2708 4158 2794 4198 res
2818 4157 3002 4198 sacras
3028 4160 3132 4198 non
3167 4155 3272 4197 tam
3302 4159 3626 4199 consecrare
3659 4158 3813 4213 quam

2225 4233 2429 4290 violare
2450 4246 2804 4303 praesumunt,
2829 4237 3108 4292 etcunctis
3125 4237 3197 4291 ab
3218 4237 3368 4290 initio
3385 4237 3516 4291 ﬁdei
3543 4237 3818 4292 catholica

2223 4325 2436 4380 saeculis
2459 4327 2770 4382 inusitatum
2795 4327 2880 4382 sui
2899 4329 3107 4382 ordinis
3133 4330 3459 4395 hominibus,
3486 4329 3588 4382 nisi
3609 4340 3818 4384 tantum

2223 4421 2448 4473 simtmis
2471 4420 2816 4488 pontiﬁcibus
2829 4420 3096 4485 debitum,
3119 4423 3212 4489 jus
3233 4421 3636 4475 eoneuationis
3673 4419 3818 4474 chri-

528 4509 796 4580 praacipue
833 4510 1082 4566 novimus
1104 4510 1382 4567 honorari.
1418 4512 1568 4583 Rogo
1587 4555 1601 4579 ,
1635 4531 1752 4585 quae
1785 4525 1867 4568 est
1899 4515 1996 4568 ista
2025 4517 2119 4569 de-
2143 4539 2200 4599 Β
2225 4524 2375 4575 snite,
2411 4513 2590 4567 nescio
2611 4523 2872 4584 quo-typo
2896 4528 2963 4567 an
2992 4513 3486 4580 dementis-dicam,
3511 4511 3818 4568 indubitan-

527 4602 726 4657 mentia
753 4601 808 4658 in
839 4601 959 4674 ejus
979 4617 1162 4659 amore
1183 4604 1454 4674 superﬂue
1485 4606 1626 4674 labi,
1659 4623 1815 4676 quem
1864 4606 1916 4660 in
1949 4623 2116 4676 opere

527 4709 634 4750 non
668 4696 798 4752 velis
825 4696 1210 4754 imitariiNam
1241 4709 1296 4754 ut
1317 4715 1481 4770 pauca
1511 4700 1579 4754 dc
1611 4700 1728 4767 ejus
1756 4701 2027 4770 spurcitiis
2056 4702 2115 4758 in

528 4789 770 4844 notitiam
802 4792 967 4847 vestri
993 4791 1252 4848 deducam
1274 4837 1288 4862 ,
1319 4795 1557 4862 exceptis
1598 4793 1662 4847 iis
1692 4810 1808 4864 quae
1839 4796 1891 4849 in
1921 4795 2118 4850 divini-

525 4885 688 4934 tatem
715 4879 970 4949 profanus
1009 4883 1183 4952 erupit
1206 4893 1259 4938 et
1279 4899 1374 4940 ore
1402 4885 1666 4955 sacrilego
1693 4885 2113 4957 blaspltemavit,

524 4975 765 5030 omnium
805 4976 1055 5031 vitiomm
1081 4978 1132 5032 in
1163 4977 1353 5033 eodem
1383 4979 1662 5047 congeries
1689 4980 1853 5035 veluti
1901 4984 1954 5036 in
2000 4997 2118 5038 sor-

523 5064 672 5122 dium
703 5067 915 5123 sentina
947 5068 1235 5140 conﬂuxit,
1266 5077 1325 5124 ut
1351 5069 1694 5126 sectatricum
1725 5072 1981 5142 pudorem
2014 5076 2115 5129 im-

526 5156 816 5228 puderatus
864 5159 1026 5233 335
1073 5160 1286 5217 adulter
1326 5162 1581 5231 eriperet,
1611 5172 1665 5219 et
1711 5173 1764 5221 ut
1788 5165 1854 5220 ad
1895 5167 2116 5224 sceleris

527 5246 718 5305 nefarii
764 5250 1012 5309 eli‘ectum
1052 5251 1264 5308 facilius
1293 5255 1631 5326 perveniret,
1680 5258 1927 5313 maleﬁcii
1958 5274 2114 5315 usum

523 5351 672 5411 gesta
713 5341 829 5416 ejus
873 5347 1168 5418 assignant.
1217 5349 1351 5417 Quid
1397 5358 1573 5406 tamen
1625 5349 1673 5406 id
1725 5352 1829 5408 hoc
1866 5353 2116 5424 religioni

525 5447 817 5507 congruum
839 5437 1009 5494 ﬁdelis
1031 5437 1340 5510 cujusquam
1364 5443 1539 5498 anima
1562 5453 1867 5509 veneratur,
1893 5447 1978 5515 qui
2005 5459 2114 5499 non

525 5529 700 5585 solum
745 5545 776 5583 a
813 5532 1010 5585 sanctis
1053 5535 1424 5590 sacerdotibus
1473 5533 1735 5590 refutatus
1775 5546 1890 5600 est,
1925 5551 2113 5590 vermn

519 5621 685 5676 αιίιω
715 5621 974 5677 ωοοωή
997 5624 1278 5693 principes
1298 5627 1503 5692 iustitia
1529 5627 1704 5694 legum
1736 5640 1950 5678 suarum
1983 5640 2114 5680 eum

525 5725 625 5781 pro
669 5716 949 5771 memorati
985 5717 1207 5774 sceleris
1253 5720 1510 5788 qualitate
1551 5717 1910 5774 damnarunt?
1950 5717 2115 5775 'Hunc

595 5835 620 5862 °
652 5828 718 5883 E.
738 5828 789 5885 4.
822 5830 884 5886 Τ.
922 5831 978 5888 1.
1003 5831 1059 5891 2.
1090 5841 1278 5886 sectam
1305 5843 1410 5888 tam
1436 5835 1582 5890 aclis.

2229 4613 2311 4660 ter
2337 4614 2639 4671 assumunt,
2664 4603 2808 4670 quod
2831 4620 2998 4674 quam
3025 4607 3344 4675 sacrilegum
3384 4604 3490 4669 sit,
3511 4603 3816 4671 piissimam

2220 4696 2610 4752 conscientiam
2655 4705 2808 4752 tuam
2839 4697 3010 4752 latere
3047 4711 3154 4752 non
3177 4695 3379 4762 credo,
3407 4705 3466 4750 et
3653 4706 3818 4762 spero

2223 4793 2280 4841 ut
2311 4801 2408 4855 pro
2435 4787 2738 4842 enervanda
2771 4785 2875 4842 hac
2928 4788 3043 4856 ipsa
3073 4785 3442 4856 superﬂuitate
3483 4780 3817 4840 severissimi

2219 4879 2515 4934 sacerdotis
2557 4880 2884 4936 auctoritate
2913 4881 3102 4948 utaris,
3131 4888 3191 4935 et
3225 4886 3388 4934 tanta:
3417 4878 3496 4933 rei
3525 4885 3818 4931 temerato-

2223 4988 2310 5032 res
2336 4972 2656 5029 districtioui
2685 4974 3052 5043 increpatione
3077 4985 3356 5027 coerceas.
3381 4969 3484 5038 Qui
3505 4969 3553 5024 si
3579 4978 3703 5038 post
3722 4967 3818 5022 da-

2205 5076 2332 5138 tam
2358 5065 2781 5120 admonitionem
2810 5065 2959 5120 nefas
2985 5067 3178 5120 iterare
3202 5063 3665 5134 praesumpserint,
3683 5073 3823 5114 con-

2223 5160 2451 5214 tumacia
2503 5174 2687 5215 eorum
2743 5160 3008 5215 sententia
3057 5157 3402 5215 convenienti
3446 5153 3817 5211 damnabitur.
3879 5145 3892 5210 ἦ

2219 5253 2391 5310 Simili
2438 5253 2648 5311 ratione
2683 5255 3061 5327 cognovimus,
3105 5269 3171 5310 eo
3217 5253 3360 5322 quod
3410 5247 3820 5307 necessitudine
3884 5231 3894 5274 ³

2220 5347 2711 5402 consecrandarum
2760 5341 3101 5402 basilicarum
3163 5345 3356 5401 fratres
3405 5343 3575 5400 nostri
3618 5341 3820 5396 aliena:

2218 5439 2384 5493 Sortis
2411 5439 2649 5508 episcopi
2683 5439 2733 5492 in
2786 5438 2920 5494 locis
2960 5440 3074 5494 istis
3103 5437 3310 5491 invitati
3356 5433 3708 5500 conveniant;
3761 5442 3822 5487 et

2221 5529 2345 5585 licet
2377 5531 2444 5585 sit
2491 5533 2542 5585 in
2574 5540 2689 5585 toto
2719 5531 2849 5586 orbe
2878 5545 3090 5600 sponsae
3117 5529 3316 5584 Christi
3368 5529 3632 5582 thalamus
3673 5539 3818 5578 unus

2208 5625 2445 5693 ejusque
2463 5624 2733 5680 antistites
2763 5639 2866 5678 una
2893 5623 2951 5676 in
2979 5623 3169 5677 eodem
3204 5622 3315 5676 sint
3342 5620 3503 5674 fibula
3527 5615 3819 5673 cbaritatis

2221 5727 2276 5774 et
2323 5716 2448 5774 fidei
2482 5717 2680 5774 unione
2735 5715 2998 5783 connexi;
3050 5715 3194 5787 quod
3241 5721 3421 5773 tamen
3471 5711 3818 5786 privilegium

2293 5831 2322 5873 ¹³
2349 5833 2416 5891 Ε.
2450 5834 2506 5904 4,
2529 5833 2591 5889 Τ.
2634 5833 2687 5900 i,
2715 5833 2770 5904 2,
2801 5832 3118 5904 pudibunda.
