4024 6350
282 362 411 423 BM

1214 356 1537 417 'CONCILIA
1574 350 1944 418 HISPANIA.
1980 384 2055 405 -ο
2090 355 2519 418 TOLETANUM
2558 360 2644 418 ιιι.

3468 366 3578 427 342

304 472 583 535 decessori
604 481 809 542 nostro,
830 488 1046 532 necnon
1073 474 1304 531 dominis
1324 484 1378 531 et
1400 474 1659 531 fratribus
1680 475 1882 530 nostris
1908 474 1965 543 Α
1984 475 2425 532 consuetudinem
2455 477 2728 547 antiquam
2753 478 2895 534 nulla
2926 478 3134 537 ratione
3162 486 3582 551 praetermittere

302 569 643 638 Carpetania;
675 568 759 623 vel
790 568 1095 625 Celtiberiae
1122 572 1389 639 episcopis
1416 581 1593 625 vester
1620 570 1893 638 coepisco~

302 677 407 733 pus
445 659 602 729 fecit,
645 661 698 716 in
748 662 1144 730 exemplaribus
1188 665 1432 719 charitati
1461 674 1655 719 vestrae
1686 663 1890 720 direxi-

300 771 428 813 mus
478 765 536 811 ut
564 755 703 812 scire
735 758 971 825 pOSsitis,
1026 756 1267 829 improba
1319 760 1503 827 petitio
1548 760 1758 829 qualem
1800 773 1893 828 po-

303 849 495 906 tuisset
522 850 718 905 habere
745 853 1058 919 protectum.
1096 854 1162 907 Et
1189 862 1335 908 certe
1363 853 1676 922 municipia,
1723 852 1774 907 id
1808 861 1890 909 es:

302 939 536 1010 Segobia
557 987 571 1009 ,
620 941 879 996 Brittablo
909 952 963 997 et
982 943 1167 1019 ‘Cauca
1214 946 1386 1000 ei'tlem
1420 960 1525 1000 non
1552 946 1766 1016 quidem
1798 961 1892 1001 ra-

301 1032 656 1101 tionabiiiter,
686 1032 782 1091 sed
813 1051 909 1104 pro
939 1037 1173 1091 nominis
1204 1037 1465 1108 dignitate
1494 1039 1893 1105 concessimus,

302 1140 376 1179 ne
404 1126 598 1181 collata
656 1127 989 1195 benedictio,
1023 1142 1252 1199 persona
1289 1142 1515 1200 vagante
1539 1174 1553 1198 ,
1584 1132 1890 1188 vilesceret.

305 1216 463 1283 Quod
511 1220 610 1290 ipsi
660 1224 1065 1290 tantummodo,
1121 1225 1245 1278 dum
1306 1225 1539 1292 adjuvit,
1593 1225 1895 1295 praestitum

298 1305 475 1365 fuisse
501 1314 830 1379 cognoscite.
862 1311 976 1367 Hoc
1024 1328 1152 1385 ergo
1184 1314 1468 1382 providere
1515 1314 1795 1383 volumus,
1837 1322 1895 1370 ut

1997 568 2267 636 debeatis;
2316 570 2457 639 quod
2502 570 2548 625 si
2586 573 2700 626 haec
2747 581 2933 627 nostra
2960 571 3253 629 admonitio
3306 576 3360 630 itt
3424 579 3577 633 v'oliis

1996 660 2125 716 nihil
2168 660 2489 731 profecerit,
2534 677 2757 719 necesse
2814 666 2966 719 nobis
3014 666 3120 721 erit
3167 666 3366 721 domini
3412 670 3585 722 nostri

1995 755 2187 811 exin‘de
2210 755 2425 811 auribus
2446 754 2716 819 intimare,
2742 758 2943 825 pariter
2967 766 3020 813 et
3038 758 3155 813 ﬁlio
3170 769 3359 815 nostro
3382 758 3583 829 Ergani

1994 864 2319 920 suggerere,
2365 859 2419 904 et
2456 850 2763 919 ‘hujusmodi
2790 866 2977 907 ausum
3014 863 3287 925 praecepta
3330 854 3587 909 culminis

1996 943 2114 1014 ejus
2134 944 2220 998 vel
2251 944 2512 999 districtio
2534 943 2727 1013 indicis
2766 960 2871 1001 non
2900 948 3017 1002 sine
3044 956 3225 1003 vestro
3255 946 3586 1002 detrimento

1998 1038 2339 1093 severissime
2391 1036 2734 1092 vindicabunt
2791 1053 2808 1092 :
2858 1050 3011 1096 tanta
3064 1041 3207 1096 enim
3236 1086 3251 1113 ,
3311 1038 3586 1095 tribuente

1993 1130 2229 1187 Domino
2255 1174 2269 1197 ,
2316 1131 2434 1203 ejus
2461 1141 2543 1187 est
2588 1133 2774 1200 pietas,
2824 1142 2882 1187 ut
2912 1132 3043 1189 nihil
3076 1135 3142 1189 de
3181 1137 3286 1190 hoc
3320 1133 3463 1205 quod
3497 1131 3587 1201 jus

2001 1224 2273 1291 antiquum
2318 1224 2615 1279 custodisse
2648 1224 2922 1292 probatur,
2960 1226 3239 1281 immutari
3282 1214 3583 1297 permittat.

2002 1314 2188 1370 Divina
2219 1331 2315 1372 vos
2340 1317 2605 1372 custodiat
2634 1316 2887 1372 Trinitas.
2922 1319 3119 1373 Amen.

299 1451 3589 1490 mm

866 1680 1539 1772 CONCI-LIUM
1604 1565 2361 1775 refugium
2435 1678 3017 1771 TERTIUM.

411 1840 775 1889 SMINTA
814 1842 1089 1889 DUORHH
1133 1845 1597 1901 RPISCOPORUU,
1638 1845 1707 1889 ΙΝ
1750 1844 1877 1897 QUO

1996 1841 2160 1907 qua
2203 1841 2481 1886 HERESJS
2525 1842 2590 1884 IN
2636 1842 2935 1887 msranu
2978 1822 3493 1886 munsnaruaﬁ

368 1988 731 2063 337-338
762 1989 814 2044 ltt
847 1990 1059 2045 nomine
1082 1993 1297 2046 Domini
1332 1993 1498 2047 nostri
1524 1991 1648 2048 Jesu
1670 1992 1894 2057 Christi,
1925 1994 1975 2055 Β
2005 2003 2244 2061 tempore
2286 1991 2337 2045 in
2380 2006 2560 2045 errore
2592 1990 2909 2045 Arianorum
2960 1990 3260 2044 laborasset
3310 1989 3581 2060 llispania,

294 2091 443 2133 anno
484 2095 737 2146 regnante
759 2093 947 2153 quarto
970 2083 1354 2152 gloriosissimo
1386 2094 1543 2152 atque
1573 2084 1809 2151 pii~simo
1846 2094 1901 2139 et

294 2171 411 2227 Deo
442 2173 751 2227 ﬁdelissimo
775 2174 993 2227 d'oinino
1022 2176 1297 2230 liecaredo
1318 2191 1463 2245 rege,
1487 2177 1573 2246 die
1595 2192 1684 2231 vttt
1716 2176 1898 2231 Iduum

292 2264 581 2329 Maiarum,
615 2280 719 2319 arra
744 2281 979 2332 ncxxvu,
1013 2267 1126 2323 haec
1144 2280 1326 2325 Sancta
1356 2269 1593 2340 synodus
1613 2270 1788 2324 habita
1818 2279 1899 2325 est

291 2354 353 2409 in
387 2356 602 2412 civitate
645 2359 785 2427 legra
814 2358 1069 2413 Toletana
1100 2360 1168 2414 ab
1209 2362 1473 2431 episcopis
1505 2363 1665 2417 totius
1700 2362 1895 2431 HiSpa-

292 2445 407 2502 nia!
434 2448 517 2501 vel
549 2448 730 2503 Callia:
762 2451 851 2519 qui
878 2450 1012 2505 infra
1043 2454 1225 2522 scripti
1254 2462 1281 2490 ι
1311 2464 1453 2509 sunt.

376 2536 505 2592 Cum
538 2554 635 2608 pro
677 2542 797 2597 ﬁdei
826 2558 937 2599 suae
966 2546 1273 2600 sinceritate
1303 2547 1441 2602 idem
1474 2548 1894 2621 gloriosissimus

297 2632 551 2701 princeps
601 2649 786 2689 omnes
837 2637 1113 2706 regiminis
1162 2638 1325 2711 [Bli.,
1374 2638 1444 2694 E.
1492 2640 1547 2705 4,
1595 2638 1766 2713 regni]
1814 2642 1892 2694 sui

292 2724 582 2793 pontiﬁces
615 2728 664 2779 in
696 2743 857 2783 unum
889 2732 1178 2785 convenire
1221 2732 1544 2798 mandasset,
1580 2743 1635 2787 ut
1679 2747 1784 2787 tam
1826 2735 1893 2789 de

294 2814 414 2886 ejus
442 2822 795 2875 Conversioue
836 2836 990 2891 quam
1024 2822 1091 2876 de
1132 2824 1306 2892 gentis
1349 2823 1640 2879 Gothorum
1676 2826 1892 2879 innova-

297 2906 445 2963 tione
497 2910 547 2962 in
584 2911 810 2966 Domino
858 2915 1208 2978 exsultarent,
1262 2925 1315 2969 et
1362 2916 1554 2971 divina:
1598 2916 1891 2986 dignationi

290 3015 400 3075 pro
429 3012 574 3056 tanto
598 3020 821 3061 munere
848 3008 1047 3075 gratias
1076 3020 1318 3078 agerent,
1351 3009 1718 3064 sanctissimus
1750 3010 1890 3065 idem

286 3095 548 3169 princeps
571 3100 649 3152 sic
667 3102 1028 3156 venerandum
1053 3102 1340 3159 concilium
1364 3104 1649 3172 alloquitur
1670 3104 1885 3161 dicens:

301 3204 323 3239 σ
364 3188 476 3243 Non
504 3190 825 3261 incognitum
858 3209 980 3249 reor
996 3209 1117 3250 esse
1148 3196 1319 3258 vobis,
1358 3198 1778 3250 reverentissimi
1803 3212 1887 3251 sa-

292 3279 565 3347 cerdotes,
595 3284 733 3353 quod
770 3294 991 3354 propter
1019 3286 1418 3341 instaurandam
1460 3286 1754 3357 disciplinae
1784 3302 1885 3342 ec-

2002 2098 2051 2140 et
2099 2099 2201 2137 non
2252 2085 2446 2138 multos
2478 2092 2597 2152 post
2643 2084 2912 2137 discessus
2960 2084 3215 2152 genitoris
3262 2083 3428 2138 nostri
3473 2083 3589 2137 dies

2002 2177 2193 2247 quibus
2233 2191 2332 2230 nos
2363 2185 2539 2230 vestra
2575 2176 2846 2229 beatitudo
2896 2174 3018 2229 ﬁdei
3062 2175 3339 2228 catholica:
3384 2184 3586 2229 sancta:

2000 2271 2248 2339 cognovit
2278 2283 2399 2323 esse
2429 2270 2682 2335 sociatos,
2709 2268 2975 2323 credimus
2996 2266 3317 2335 generaliter
3340 2280 3594 2336 magnum

1999 2370 2051 2417 et
2082 2370 2338 2415 aeternum
2362 2361 2607 2430 gaudium
2639 2361 2918 2425 habuisse;
2944 2357 3156 2426 etideo,
3177 2358 3465 2413 venerandi
3499 2374 3592 2426 pa-

1998 2460 2143 2517 tres,
2184 2454 2248 2506 ad
2295 2452 2431 2505 hanc
2464 2466 2557 2505 vos
2603 2453 2956 2521 peragendam
2997 2449 3308 2520 congregari
3346 2450 3592 2504 decrevi-

1996 2561 2113 2599 mus
2164 2544 2250 2613 [T.
2293 2543 2348 2613 2,
2377 2545 2658 2615 jussimusl
2707 2546 2989 2617 synodum,
3024 2556 3080 2600 ut
3121 2544 3187 2600 de
3226 2542 3585 2599 hominibqu

1996 2655 2167 2709 nuper
2197 2638 2603 2694 advenientibus
2644 2638 2709 2692 ad
2741 2637 3012 2695 Christum
3060 2641 3160 2711 ipsi
3208 2651 3440 2696 aeternas
3469 2653 3592 2707 gra-

1996 2734 2095 2787 tias
2140 2734 2369 2788 Domino
2413 2734 2668 2788 deieratis
2697 2752 2708 2787 :
2740 2735 2994 2804 quidquid
3044 2752 3176 2791 vero
3222 2737 3401 2790 verbis
3444 2734 3591 2804 apud

1994 2825 2352 2879 sacerdotium
2388 2837 2621 2879 vestrum
2662 2826 2813 2879 nobis
2840 2826 3103 2895 agendum
3136 2836 3253 2880 erat
3282 2826 3347 2880 de
3379 2825 3482 2879 ﬁde
3512 2833 3595 2879 at-

1994 2933 2097 2985 que
2123 2932 2217 2984 spe
2252 2926 2433 2971 nostra
2461 2933 2620 2985 quam
2664 2919 2920 2988 gerimus,
2970 2919 3021 2971 in
3054 2918 3192 2972 hunc
3224 2928 3422 2971 tomum
3454 2932 3591 2972 con-

1992 3007 2191 3078 scripta
2235 3016 2395 3077 atque
2445 3008 2672 3078 allegata
2725 3008 3053 3062 notescimus
3085 3027 3097 3059 :
3130 3009 3399 3077 relegatur
3447 3011 3593 3062 enim

1994 3097 2049 3153 in
2100 3098 2278 3154 medio
2306 3097 2491 3166 vestri,
2524 3107 2579 3154 et
2619 3097 2824 3167 judicio
2863 3097 3105 3169 synodali
3152 3098 3452 3151 examinata
3496 3112 3593 3165 per

1993 3204 2153 3245 omne
2180 3192 2488 3245 succiduum
2524 3203 2732 3260 tempus
2772 3190 2938 3259 gloria
2982 3200 3161 3244 nostra
3193 3190 3429 3260 ejusdem
3462 3188 3589 3246 ﬁdei

1994 3283 2301 3337 testimonio
2336 3281 2589 3338 decorata
2619 3283 2900 3338 clarescat.
2951 3302 2971 3336 ι

292 3369 609 3431 clesiastica:
656 3375 881 3429 formam
936 3378 1003 3432 ad
1052 3388 1249 3432 nostra:
1280 3394 1373 3433 vos
1419 3355 1725 3434 serenitatis
1758 3396 1893 3448 prae-
1923 3355 1969 3422 ο
2077 3373 2367 3445 Susceptus
2392 3384 2476 3429 est
2510 3384 2687 3431 autem
2721 3375 2789 3429 ab
2820 3375 3072 3431 omnibus
3098 3374 3195 3431 Dei
3224 3374 3592 3432 sacerdotibus

293 3468 528 3525 sentiam
570 3470 944 3526 devocaverim
980 3489 992 3525 :
1028 3482 1082 3527 et
1127 3473 1249 3541 quia
1289 3473 1528 3528 decursis
1570 3483 1715 3527 retro
1758 3484 1892 3529 tem-

292 3564 521 3635 poribus
567 3564 787 3622 ltaeresis
818 3566 1108 3622 imminens
1144 3568 1195 3621 in
1224 3576 1329 3621 t0ta
1366 3568 1599 3622 Ecclesia
1632 3568 1892 3622 catholica

293 3668 457 3726 agere
499 3658 752 3727 synodica
798 3658 1005 3728 negetia
1039 3658 1355 3727 denegabat,
1391 3658 1528 3713 Dens
1568 3660 1653 3714 cui
1695 3659 1925 3727 placuit‘

294 3760 396 3819 per
422 3762 521 3802 nos
550 3748 794 3817 ejusdem
826 3749 1049 3804 hazresis
1079 3751 1288 3805 obicem
1321 3748 1589 3818 depellere
1618 3751 1893 3805 admenuit

293 3838 541 3894 instituta
571 3843 637 3895 de
666 3858 815 3897 more
841 3844 1198 3898 ecclesiastica
1228 3858 1499 3915 reparare.
1528 3845 1668 3919 Ergo
1694 3845 1763 3899 sit
1790 3859 1890 3899 vo-

293 3926 382 3987 bis
408 3929 779 4000 jurunditatis,
813 3935 882 3987 sit
911 3936 1085 4001 gaudii
1114 3936 1255 4005 quod
1285 3951 1400 3991 mos
1432 3939 1721 3991 canonicus
1768 3952 1892 4007 pro-

290 4033 484 4087 spectu
516 4021 606 4073 Dei
640 4036 734 4089 per
760 4034 996 4077 nostram
1038 4026 1261 4095 gloriam
1296 4028 1359 4079 ad
1392 4036 1643 4095 paternos
1686 4027 1893 4081 reduci-

296 4119 390 4163 lur
422 4112 718 4177 terminos;
752 4115 899 4182 prius
932 4124 1107 4169 tamen
1149 4116 1411 4170 admoneo
1462 4118 1657 4182 pariter
1702 4126 1754 4171 et
1795 4133 1893 4173 ex-

295 4203 737 4274 bort-»r,jejuniis
751 4223 845 4261 vos
866 4209 1121 4279 etvigiliis
1140 4220 1296 4279 atque
1319 4210 1650 4264 orationibus
1672 4226 1891 4279 Operam

295 4295 449 4359 dare‘,
479 4306 534 4351 ut
560 4300 691 4353 ordo
726 4304 1017 4356 Canonicus
1039 4319 1195 4372 quem
1221 4318 1250 4358 a
1274 4306 1695 4362 sacerdotalibus
1720 4308 1893 4363 sensi-

294 4388 399 4445 bus
425 4391 725 4445 detraxerat
768 4394 920 4464 longa
953 4409 1014 4449 ac
1054 4396 1301 4451 diuturna
1329 4399 1529 4453 oblivio
1550 4440 1565 4464 ,
1614 4415 1730 4470 quae
1759 4409 1891 4454 ictas

294 4491 481 4536 nostra
527 4485 820 4540 senescire
866 4484 1028 4558 [BR.,
1081 4488 1385 4561 senescere]
1436 4488 1654 4558 fatetur,
1709 4492 1891 4546 divino

298 4564 453 4628 'voliis
479 4579 815 4630 rursusdono
839 4579 1197 4647 pateliai.)Ad
1221 4582 1335 4636 haec
1361 4593 1535 4637 autem
1560 4584 1759 4653 gratias
1780 4586 1889 4639 Deo

298 4674 519 4734 agentes
558 4676 611 4722 et
642 4668 1042 4739 religiosissime
1076 4673 1325 4742 principi,
1369 4677 1617 4731 universo
1656 4678 1888 4733 concilio

1996 3465 2258 3523 offerente
2298 3482 2426 3537 rege
2463 3476 2820 3523 sacrosanctae
2864 3468 2985 3524 ﬁdei
3018 3477 3222 3535 tomus,
3259 3477 3312 3524 et
3350 3484 3594 3538 pronun-

1997 3559 2162 3615 tiante
2207 3561 2418 3615 notario
2448 3562 2591 3616 clara
2627 3578 2761 3617 voce
2792 3562 3089 3617 recensitus
3117 3574 3197 3619 est
3239 3564 3308 3617 ita
3345 3580 3358 3617 :
3393 3564 3593 3630 Quam-

1996 3654 2077 3708 vis
2106 3653 2248 3708 Deus
2276 3656 2615 3723 omnipotens
2651 3672 2744 3721 pro
2786 3656 3101 3711 utilitatibus
3141 3656 3457 3725 populorum
3505 3672 3589 3712 re-

1995 3746 2083 3815 gni
2139 3760 2236 3799 nos
2290 3748 2502 3801 culmen
2561 3746 2740 3802 subire
2793 3748 3075 3814 tribuerit,
3137 3757 3190 3801 et
3243 3746 3591 3803 moderamen

1994 3840 2234 3909 gentium
2282 3854 2387 3893 non
2431 3855 2718 3909 paucarum
2761 3840 2919 3909 regiae
2962 3850 3161 3895 nostra:
3192 3857 3336 3895 cura;
3364 3843 3590 3896 commi-

1996 3930 2147 3994 serit,
2192 3931 2538 3986 meminimus
2581 3942 2756 3985 tamen
2802 3947 2898 3986 nos
2938 3933 3242 3987 mortalium
3284 3932 3592 3986 conditione

1998 4023 2318 4089 praestringi,
2357 4037 2454 4075 nec
2484 4038 2643 4091 posse
2673 4020 2977 4076 felicitatem
3013 4020 3201 4075 futura:
3245 4021 3591 4077 beatitudinis

1997 4112 2151 4165 aliter
2182 4114 2511 4181 promereri,
2560 4113 2662 4167 nisi
2697 4128 2792 4167 nos
2832 4112 2997 4167 cultui
3030 4129 3169 4167 verte
3215 4112 3337 4168 ﬁdei
3368 4114 3590 4183 depute-

1998 4219 2138 4268 mus,
2163 4212 2217 4256 et
2242 4201 2517 4256 Conditori
2545 4215 2727 4257 nostro
2771 4205 2959 4259 saltem
2992 4204 3330 4260 confessione
3369 4221 3471 4276 qua
3504 4208 3589 4262 di-

1996 4310 2130 4367 gnus
2156 4298 2275 4366 ipse
2301 4309 2381 4352 eSt
2414 4298 2750 4366 placeamus;
2782 4314 2878 4369 pro
2908 4315 3006 4368 qua
3039 4314 3097 4353 re
3126 4311 3324 4368 quanto
3344 4300 3592 4355 subdito-

1997 4403 2112 4441 rum
2159 4387 2325 4456 gloria
2368 4386 2530 4457 regali
2563 4387 2893 4452 CXlOiiilllur,
2928 4397 3074 4441 tanto
3106 4388 3312 4458 providi
3345 4405 3463 4444 esse
3492 4390 3588 4446 de-

1996 4481 2182 4534 bemus
2222 4480 2275 4533 in
2325 4479 2405 4533 his
2448 4495 2565 4547 quae
2594 4479 2660 4532 ad
2694 4480 2856 4532 Deum
2890 4490 3013 4533 sunt
3054 4482 3135 4534 vel
3169 4492 3406 4536 nostram
3437 4498 3590 4553 spent

1994 4586 2189 4642 augere
2222 4573 2303 4626 vel
2344 4571 2591 4641 gentibus
2628 4588 2654 4623 a
2690 4570 2797 4625 Deo
2829 4572 2983 4625 nobis
3022 4564 3241 4629 creditis
3284 4576 3588 4629 consulere.

1994 4662 2252 4718 Caeterum
2281 4663 2404 4733 quid
2436 4678 2530 4731 pro
2558 4662 2717 4716 tantis
2748 4661 3133 4717 beneﬁciorum
3160 4666 3531 4721 collatiOuihus
3562 4675 3585 4703 α

298 4757 353 4811 in
388 4758 629 4813 laudibus
660 4762 1005 4826 acclamante,
1034 4764 1336 4819 triduanum
1368 4774 1450 4819 est
1477 4767 1670 4821 exinde
1694 4767 1885 4835 praedi-
1916 4727 1971 4787 D
1993 4758 2393 4826 omnipotentiae
2424 4756 2617 4810 divinae
2650 4756 2892 4809 valemus
2934 4756 3187 4821 tribuere,
3226 4761 3436 4828 quando
3468 4776 3588 4814 om-

296 4859 475 4903 catutn
490 4850 791 4921 jejunium;
815 4855 907 4908 sed
938 4870 1057 4910 cum
1084 4856 1171 4910 die
1201 4866 1386 4911 octava
1415 4857 1598 4912 Iduum
1628 4858 1885 4913 Maiarum

297 4944 353 4999 in
387 4962 548 5001 unum
578 4959 772 5004 coetum
806 4949 890 5023 [T.
921 4950 976 5019 2,
1009 4951 1222 5024 agmen]
1250 4952 1348 5008 Dei
1379 4952 1691 5009 sacerdotes
1733 4956 1887 5011 ades-

298 5048 443 5106 sent,
474 5049 528 5095 et
554 5042 794 5099 oratione
837 5046 1114 5114 prmntissa
1160 5047 1523 5117 unusquisque
1548 5047 1885 5103 sacerdotum

297 5133 625 5197 competenti
672 5134 789 5191 loeo
835 5137 1162 5203 resedisset,
1193 5152 1319 5194 ecce
1368 5140 1420 5194 in
1471 5140 1652 5194 medio
1697 5153 1884 5194 eorum

298 5225 471 5280 adfuit
496 5228 869 5285 serenissimus
896 5230 1164 5299 princeps,
1198 5246 1362 5301 seque
1397 5246 1517 5287 cum
1564 5233 1654 5287 Dei
1701 5247 1885 5287 sacer-

296 5313 513 5373 dotibus
542 5319 771 5374 orationi
813 5321 1235 5387 communicans,
1268 5322 1447 5376 divino
1489 5324 1740 5392 deinceps
1786 5324 1887 5379 ﬁa-

294 5408 443 5465 mine
475 5409 683 5479 plenus,
712 5412 790 5467 sic
828 5410 892 5467 ad
936 5412 1255 5483 loquendum
1298 5428 1521 5473 exorsus
1548 5424 1629 5469 est
1657 5413 1840 5468 dicens
1870 5431 1885 5469 :

302 5517 324 5552 ι
367 5499 490 5557 Non
517 5501 783 5559 credimus
817 5511 1051 5559 vestram
1101 5503 1267 5559 latere
1324 5504 1657 5561 sanctitatem
1690 5514 1889 5576 quanto

576 5685 914 5772 B.il.,nT_..i,
970 5688 1301 5772 subscriptum
1353 5699 1490 5744 sunt.
1548 5689 1610 5745 E.
1640 5687 1697 5760 5,
1728 5687 1792 5746 Τ.
1822 5689 1879 5762 2,

298 5759 541 5835 scripturi
569 5767 709 5835 sunt.
833 5759 887 5835 ᾗ,
912 5759 1183 5835 subscripti
1213 5773 1351 5835 sunt.

367 5826 394 5865 ὶ)
426 5826 541 5895 Αεέη
574 5829 730 5899 B.lt.,
758 5831 818 5885 E.
848 5828 902 5899 4,
932 5830 996 5889 Τ.
1031 5834 1086 5899 1,
1108 5826 1163 5898 9,
1194 5834 1447 5887 omnibus.

1988 4854 2074 4907 nia
2122 4854 2289 4923 ipsius
2334 4863 2457 4905 sunt
2502 4862 2554 4906 et
2597 4853 2855 4906 bonorum
2902 4861 3201 4907 nostrorum
3242 4855 3372 4909 nihil
3412 4862 3586 4923 egeat,

1978 4945 2086 4999 nisi
2120 4955 2175 4999 ut
2200 4946 2254 4999 in
2288 4960 2407 5000 eum
2440 4944 2517 4999 sic
2538 4952 2654 4998 "tota
2686 4944 2968 4998 devotione
2998 4946 3297 5007 credamus.
3331 4945 3589 5015 quemad-

1986 5036 2199 5091 modum
2237 5051 2326 5103 per
2355 5036 2657 5104 Scripturas
2697 5049 2878 5090 sacras
2916 5052 2973 5091 se
3002 5038 3119 5105 ipse
3159 5039 3374 5106 intelligi
3422 5033 3589 5087 νωιςιίι

1986 5139 2040 5184 et
2065 5128 2215 5184 credi
2248 5129 2536 5199 prmcepit?
2566 5129 2616 5183 id
2648 5137 2729 5183 est
2755 5140 2811 5183 ut
2841 5130 3189 5186 conﬁteamur
3218 5144 3339 5184 esse
3370 5126 3585 5179 Patrem

1995 5226 2080 5297 qui
2111 5224 2292 5293 genuit
2316 5220 2341 5259 ἀ
2370 5239 2431 5279 ex
2465 5239 2557 5277 sua
2580 5221 2871 5277 substantia
2904 5220 3118 5285 Filium,
3144 5222 3238 5275 sibi
3260 5218 3584 5287 cumqualetn

1995 5328 2049 5373 et
2075 5327 2433 5383 comternum,
2474 5332 2581 5371 non
2615 5328 2788 5371 tamen
2824 5330 2877 5370 ut
2913 5318 3026 5385 ipse
3067 5319 3202 5369 idem
3248 5314 3315 5367 sit
3346 5324 3501 5366 natus
3531 5321 3587 5369 et

1996 5412 2224 5484 genitor,
2253 5411 2345 5465 sed
2392 5426 2617 5481 persona
2648 5406 3000 5482 339-3“
3033 5406 3166 5461 alius
3213 5405 3279 5459 sit
3308 5403 3468 5459 Pater
3494 5404 3585 5474 qui

1994 5503 2207 5576 genuit,
2250 5506 2385 5561 alius
2416 5506 2489 5561 sit
2516 5504 2682 5562 Filius
2726 5504 2816 5579 qui
2862 5504 3021 5560 fuerit
3061 5512 3378 5573 generatus,
3429 5502 3583 5555 unius

2063 5702 2083 5729 ο
2116 5688 2192 5744 Ex
2225 5687 2338 5753 1E,
2375 5688 2531 5757 B.R.,
2565 5688 2627 5744 E.
2660 5687 2715 5753 ι,
2746 5684 2810 5743 Τ.
2843 5687 2892 5750 1,
2935 5684 2989 5739 2.
3021 5683 3077 5738 In
3122 5682 3181 5736 Α.
3217 5692 3269 5740 et
3315 5683 3531 5751 reliquis
3562 5698 3576 5733 :

1987 5760 2439 5817 consolationibus.

2058 5830 2087 5871 «ι
2117 5832 2228 5899 ιε...
2258 5832 2415 5897 e.n.,
2445 5832 2506 5887 E.
2544 5832 2690 5899 4,1.
2722 5832 2776 5895 t,
2804 5829 2860 5896 tt,
2888 5828 2981 5897 ιλ,
3013 5828 3259 5901 genuerit.
