4024 6350
542 351 650 407 3‘53

1251 348 1629 406 COLLECTIO
1667 346 1995 403 CANUNUM
2034 345 2094 403 S.
2137 345 2409 403 ISIDOBO
2447 346 2709 404 HISPAL.
2756 346 3116 405 ASCRIPTA.

3719 350 3826 409 5M

545 476 722 520 tamen
755 474 977 532 uterque
1007 463 1316 519 substantia
1344 462 1625 518 divinitate
1648 463 1943 518 subsistat:
1976 463 2134 517 Pater
2152 463 2212 533 ⁵Δ
2239 461 2451 516 nionem
2483 461 2752 518 desiderio
2785 462 3011 517 avidiori
3047 459 3356 529 complecti.
3385 459 3657 517 Caterum
3687 461 3830 517 sicut

542 577 606 614 ex
634 576 740 629 quo
766 562 837 612 sit
866 559 1052 625 Filius,
1085 560 1195 625 ipse
1222 572 1349 612 vero
1371 572 1436 611 ex
1460 557 1603 611 nullo
1631 558 1698 611 sit
1720 557 1825 610 alio
1853 557 2018 611 Filius
2043 557 2134 627 qui

544 653 740 707 haheat
772 650 979 705 Patrem
1006 693 1018 715 ,
1042 651 1134 704 sed
1164 649 1280 704 sine
1310 650 1460 704 initio
1488 661 1540 704 et
1561 652 1676 705 sine
1700 650 2048 705 diminutione
2078 651 2132 706 in

544 758 608 798 ea
651 760 753 809 qua
786 742 924 796 Patri
974 742 1242 810 roequalis
1291 750 1344 796 et
1392 750 1681 797 coeternus
1728 752 1810 796 est
1854 742 2134 798 divinitate

542 837 799 890 subsistat
829 852 841 887 :
878 835 1108 901 Spiritus
1133 850 1286 903 aque
1311 845 1528 889 sanctus
1557 835 1891 892 conﬁtendus
1913 852 1943 891 a
1978 836 2134 892 nobis

544 935 596 979 et
626 924 990 992 praedicandus
1016 932 1099 977 est
1128 939 1159 977 a
1183 924 1341 979 Patre
1363 935 1417 978 et
1445 924 1578 978 Filio
1604 926 1913 995 procedere,
1928 936 1983 981 et
2010 942 2133 982 cum

543 1016 701 1069 Patre
726 1024 779 1068 et
808 1014 939 1068 Filio
969 1016 1125 1069 unius
1148 1030 1269 1070 esse
1294 1016 1609 1071 substantia:
1638 1033 1652 1081 ;
1685 1018 1896 1071 tertiam
1928 1032 2055 1073 vero
2079 1018 2134 1072 in

544 1103 801 1157 Trinitate
840 1101 1071 1172 Spiritus
1116 1106 1286 1160 sancti
1327 1116 1448 1161 esse
1491 1121 1805 1175 personam,
1835 1107 1923 1177 qui
1955 1120 2134 1164 tamen

542 1211 881 1273 communem
923 1197 1115 1253 habeat
1140 1210 1261 1253 cum
1290 1198 1447 1254 Patre
1476 1211 1529 1255 et
1559 1201 1698 1257 Filio
1728 1203 2021 1256 divinitatis
2051 1216 2135 1256 es-

540 1290 766 1343 sentiam
795 1308 807 1343 :
836 1290 950 1345 hac
968 1293 1111 1345 enim
1142 1300 1325 1347 sancta
1351 1292 1582 1348 Trinitas
1608 1312 1742 1351 unus
1767 1305 1849 1350 est
1875 1296 2011 1349 Deus
2036 1295 2135 1348 Pa-

544 1390 624 1436 ter
646 1393 699 1437 et
729 1382 895 1437 Filius
925 1394 976 1437 et
1007 1384 1219 1452 Spritus
1246 1395 1482 1451 sanctus,
1515 1387 1665 1456 cujus
1696 1386 1933 1442 bonitate
1960 1386 2134 1441 omnis

542 1474 673 1530 licet
700 1476 836 1531 bona
866 1478 1168 1532 sitcondita
1201 1489 1466 1544 creatura,
1495 1496 1587 1548 per
1610 1490 1933 1547 assumptam
1957 1491 2133 1533 tamen

546 1582 579 1621 a
608 1566 747 1624 Filio
780 1569 998 1624 humani
1031 1569 1240 1625 habitus
1267 1569 1496 1626 formam
1536 1588 1564 1625 a
1604 1571 1850 1625 damnata
1886 1572 2135 1641 progenie

545 1660 903 1716 reformamur
949 1663 1014 1717 ad
1063 1663 1439 1751 beatitudinem
1496 1665 1793 1731 pristinam.
1850 1664 1953 1717 Sed
1997 1664 2137 1718 sicut

543 1754 688 1806 vera
710 1754 895 1807 salutis
921 1754 1173 1809 indicium
1188 1765 1267 1810 est
1290 1753 1600 1811 Trinitatem
1625 1756 1675 1809 in
1705 1758 1991 1822 unitate,et
2016 1758 2133 1810 uni-

2236 554 2393 609 t'acile
2421 555 2487 609 ad
2512 556 2721 609 veniam
2756 555 3063 623 pervenisse
3087 552 3302 607 conﬁdo
3331 552 3472 623 quod
3508 552 3687 608 nescia
3720 552 3830 607 hu-

2235 662 2435 717 cusque
2487 657 2592 700 tam
2639 647 2938 701 clarissima
2986 647 3249 701 erraverit
3291 661 3455 716 gens,
3495 645 3567 700 ita
3613 648 3827 717 gravius

2235 754 2355 794 esse
2386 755 2489 792 non
2522 738 2737 801 dubito,
2770 740 2812 792 si
2854 740 3085 808 agnitam
3130 738 3413 794 veritatem
3454 739 3620 793 duhio
3664 739 3827 794 corde

2236 840 2453 887 terteant
2498 841 2657 899 atque
2686 846 2712 884 a
2748 832 2945 900 patenti
2989 830 3219 895 lumine,
3262 830 3403 899 quod
3440 830 3611 896 absit,
3644 832 3826 886 oculos

2234 938 2361 978 suos
2389 933 2632 977 avertant
2666 941 2677 975 :
2711 924 2852 977 unde
2881 922 3034 977 valde
3066 926 3526 993 pernecessarium
3558 940 3680 977 esse
3709 939 3828 993 pro-

2235 1018 2386 1086 spexi
2420 1026 2650 1072 vestram
2684 1016 2737 1070 in
2770 1033 2930 1070 unmn
2960 1018 3252 1072 convenire
3280 1017 3689 1080 beatitudinem,
3735 1018 3826 1071 ha-

2234 1108 2369 1164 bens
2386 1108 2664 1163 sententia
2686 1108 2966 1164 dominica
2981 1109 3162 1177 ﬁdem,
3188 1124 3308 1179 qua
3330 1110 3489 1164 dicit:
3516 1108 3615 1163 Ubi
3641 1112 3827 1179 fuerint

2236 1197 2339 1252 duo
2366 1200 2443 1253 vel
2472 1210 2571 1254 tres
2601 1198 2799 1253 collecti
2835 1200 2889 1253 in
2929 1201 3134 1254 nomine
3162 1217 3269 1254 meo
3288 1242 3305 1269 ,
3331 1201 3399 1253 ibi
3429 1217 3521 1254 ero
3564 1202 3618 1253 in
3666 1203 3827 1254 medio

2236 1309 2429 1347 eorum.
2460 1291 2635 1349 Credo
2662 1294 2804 1349 enim
2847 1294 3056 1350 beatam
3100 1305 3300 1351 sancta
3328 1294 3603 1349 Trinitatis
3633 1295 3825 1349 divini-

2238 1393 2399 1440 tatem
2431 1386 2553 1439 huic
2573 1395 2760 1442 sancto
2784 1390 3045 1444 interesse
3068 1388 3327 1453 concilio;
3355 1400 3406 1442 et
3430 1387 3548 1442 ideo
3575 1396 3824 1456 tanquam

2236 1490 2359 1532 ante
2383 1487 2730 1549 conspectum
2756 1480 2874 1549 Dei,
2898 1481 2967 1535 ita
2992 1482 3043 1536 in
3069 1482 3245 1535 medio
3272 1483 3436 1536 vestri
3466 1481 3624 1535 ﬁdem
3660 1497 3826 1537 meam

2236 1572 2429 1640 protuli
2454 1576 2703 1629 conscius
2730 1574 3019 1629 admodum
3052 1574 3334 1629 sententia
3356 1575 3550 1628 divina
3571 1574 3825 1630 dicentis:

2238 1663 2361 1719 Non
2400 1666 2559 1720 celavi
2596 1667 2997 1722 misericordiam
3044 1676 3186 1720 tuam
3221 1674 3269 1719 et
3310 1668 3573 1720 veritatem
3620 1675 3763 1719 tuam
3797 1683 3827 1720 ι

2239 1761 2630 1831 congregatione
2652 1760 2850 1814 multa:
2875 1762 2954 1815 vel
2980 1759 3281 1829 apostolum
3304 1757 3526 1811 Paulum
3550 1758 3827 1812 Thimoteo

543 1852 707 1899 tatem
745 1847 800 1899 in
830 1844 1089 1903 Trinitate
1133 1849 1364 1915 sentire,
1402 1850 1473 1903 ita
1505 1852 1609 1905 erit
1635 1861 2019 1905 consummata
2046 1849 2130 1923 [T.
2163 1819 2213 1879 Β
2242 1819 2505 1918 discipulo
2547 1852 2944 1920 praecipientem
2987 1851 3169 1905 audivi
3201 1866 3217 1906 :
3248 1847 3397 1903 Certa
3438 1851 3625 1903 bonum
3673 1863 3827 1904 certo-

541 1937 596 2005 2,
619 1939 1031 2010 consummatio]
1058 1941 1279 2011 justitia
1308 1944 1352 1998 si
1384 1945 1627 1998 eamdem
1661 1944 1819 1999 ﬁdem
1852 1942 1985 1998 intra
2020 1946 2133 1999 uni—

540 2032 808 2086 versalem
835 2033 1130 2087 Ecclesiam
1162 2045 1440 2090 teneamus
1468 2052 1519 2091 et
1541 2037 1832 2102 apostolica
1860 2037 2059 2090 monita
2082 2037 2132 2091 in

537 2123 833 2191 apostolico
881 2126 1035 2192 positi
1075 2126 1424 2182 fundamento
1469 2144 1770 2183 servemus.
1814 2129 1918 2184 Vos
1958 2140 2133 2185 tamen

538 2212 631 2269 Dei
662 2215 976 2271 sacerdotes
1023 2220 1329 2274 meminisse
1366 2230 1577 2289 oportet
1620 2233 1814 2289 quanta
1860 2223 2135 2295 hucusque

539 2307 779 2362 Ecclesia
814 2309 908 2363 Dei
940 2310 1203 2366 catholica
1244 2328 1336 2380 per
1379 2314 1660 2383 Hispanias
1700 2318 1937 2372 adversa
1972 2320 2135 2385 partis

540 2402 801 2457 molestiis
845 2404 1199 2471 lahoraverit,
1240 2407 1366 2461 dum
1406 2416 1461 2461 et
1497 2410 1746 2465 catholici
1796 2423 2133 2467 coostantem

534 2493 662 2548 ﬁdei
679 2509 789 2549 sua
812 2506 1058 2551 tenerent
1073 2507 1127 2551 et
1150 2497 1494 2554 defenderent
1509 2502 1808 2571 Veritatem,
1826 2514 1879 2558 et
1902 2503 2134 2560 haereses

536 2585 879 2653 pertinaciori
924 2588 1265 2644 animositate
1316 2592 1589 2659 propria‘ll
1622 2593 1921 2648 niterentur
1963 2594 2135 2663 perﬁ-

540 2676 647 2733 dia
676 2693 691 2732 :
722 2694 808 2735 me
834 2694 1066 2749 quoque,
1112 2692 1170 2735 ut
1200 2696 1259 2736 re
1288 2682 1399 2751 ipsa
1436 2682 1766 2751 conspicitis,
1800 2686 1978 2740 calore
2010 2685 2132 2741 ﬁdei

538 2782 824 2824 accensum
858 2771 911 2825 in
941 2786 1007 2826 eo
1037 2771 1293 2827 Dominus
1320 2774 1590 2839 excitavit,
1624 2783 1680 2828 ut
1708 2773 1930 2843 depulsa
1962 2776 2131 2832 obsti-

534 2861 754 2915 natione
784 2860 1114 2917 inﬁdelitatis
1142 2871 1197 2917 et
1225 2863 1510 2919 discordia
1536 2866 1786 2920 submoto
1823 2866 2007 2923 furore
2038 2882 2133 2937 po-

534 2954 741 3022 pulum,
765 2956 856 3025 qui
884 2960 984 3011 sub
1012 2957 1228 3013 nomine
1256 2958 1531 3030 religionis
1559 2959 1916 3015 famulabatur
1934 2962 2129 3031 errori,

531 3052 599 3104 ad
626 3052 955 3121 agnitionem
984 3052 1107 3109 ﬁdei
1135 3063 1189 3110 et
1212 3054 1467 3111 Ecclesia:
1495 3057 1773 3114 catholica
1801 3061 2129 3117 consortium

2237 1958 2350 1996 men
2370 1943 2513 2011 fidei,
2533 1944 2860 2012 apprehende
2886 1945 3040 1997 vitam
3066 1953 3307 1997 mternant
3328 1944 3382 1996 in
3403 1959 3506 2011 qua
3533 1952 3736 1996 vocatus
3749 1959 3823 2011 es,

2238 2046 2284 2091 et
2330 2042 2597 2108 confessus
2638 2040 2823 2093 bonam
2852 2041 3222 2107 confessionem
3260 2056 3433 2093 coram
3477 2038 3652 2093 multis
3695 2040 3827 2092 testi-

2237 2127 2327 2181 bus
2361 2143 2528 2183 :vera
2556 2140 2631 2185 est
2660 2132 2801 2184 enim
2837 2129 3209 2200 Redemptoris
3238 2131 3405 2185 nostri
3440 2146 3509 2187 ex
3540 2130 3826 2200 Evangelia

2235 2219 2522 2283 sententia,
2556 2234 2657 2289 qua
2685 2224 3030 2275 conﬁtentem
3062 2236 3121 2275 se
3148 2236 3330 2276 coram
3365 2222 3668 2277 hominibus
3698 2236 3824 2276 con-

2237 2311 2372 2366 ﬁteri
2402 2312 2531 2366 dicit
2561 2327 2739 2366 coram
2764 2312 2940 2379 Patre,
2975 2321 3030 2367 et
3060 2323 3340 2383 negantem
3370 2328 3431 2368 se
3456 2328 3574 2368 esse
3604 2322 3823 2384 negatu-

2234 2421 2375 2459 rum.
2429 2405 2653 2474 Expedit
2699 2406 2844 2459 enim
2892 2405 3045 2460 nobis
3093 2406 3146 2460 id
3196 2421 3293 2461 ore
3335 2404 3632 2461 conﬁteri?
3682 2404 3830 2475 quod

2233 2497 2397 2552 corde
2435 2498 2745 2563 credimus,
2778 2497 3075 2553 secundum
3123 2496 3347 2552 caleste
3380 2497 3686 2552 mandatum
3722 2508 3829 2565 quo

2234 2590 2428 2645 dicitur
2460 2606 2473 2644 :
2505 2589 2667 2645 Corde
2707 2590 2934 2644 creditur
2964 2591 3033 2642 ad
3064 2591 3344 2659 justitiam,
3376 2591 3476 2643 oris
3504 2598 3673 2642 autem
3710 2604 3827 2641 con-

2234 2684 2390 2754 fessio
2432 2684 2492 2752 ﬁt
2538 2684 2606 2737 ad
2654 2685 2868 2739 salutem
2911 2698 2931 2737 :
2986 2683 3211 2753 proinde
3255 2682 3391 2737 sicut
3437 2681 3829 2736 anathematizo

2232 2777 2417 2832 Arium
2446 2791 2567 2830 cum
2589 2776 2836 2831 omnibus
2864 2774 3208 2847 dogmatibus
3237 2784 3293 2830 et
3318 2773 3674 2843 complicibus
3693 2772 3821 2838 suis,

2232 2868 2321 2937 qui
2354 2866 2687 2939 unigenitum
2720 2867 2815 2923 Dei
2845 2867 3042 2923 Filium
3073 2883 3103 2921 a
3136 2877 3357 2936 paterna
3385 2867 3713 2937 degenerem
3742 2879 3825 2921 as-

2231 2960 2446 3016 serebat
2474 2974 2596 3016 esse
2622 2961 2936 3029 substantia,
2973 2975 3072 3016 nec
3101 2975 3131 3015 a
3160 2961 3318 3015 Patre
3345 2959 3611 3030 genitum,
3640 2958 3735 3015 sed
3762 2974 3825 3015 et

2232 3054 2400 3109 nihilo
2429 3053 2644 3109 dicebat
2671 3068 2795 3109 esse
2814 3064 3077 3117 creatum,
3108 3052 3193 3108 vel
3218 3052 3398 3107 omnia
3419 3053 3652 3107 concilia
3680 3051 3825 3106 mali-

529 3157 866 3200 revocarem.
891 3145 1059 3201 Adest
1081 3146 1224 3201 enim
1255 3148 1430 3202 omnis
1456 3162 1586 3217 gens
1609 3148 1903 3204 Gothorum
1932 3151 2127 3221 inclyta
2156 3180 2205 3245 ρ
2235 3146 2510 3217 gnantium
2540 3160 2661 3216 qua
2701 3146 2959 3201 adversus
2989 3156 3230 3201 sanctam
3261 3144 3526 3217 synodum
3558 3143 3825 3200 Nicanam

528 3244 584 3290 et
632 3238 743 3293 fere
771 3240 1011 3292 omnium
1057 3241 1291 3309 gentium
1330 3240 1560 3310 genuina
1602 3242 1853 3299 virilitate
1889 3243 2126 3313 Opinata,

528 3343 649 3397 qua
677 3328 804 3384 licet
832 3346 1053 3386 suorum
1081 3332 1344 3401 pravitate
1369 3333 1649 3387 doctorum
1678 3350 1709 3389 a
1740 3334 1843 3391 ﬁde
1870 3335 2128 3393 hactenus

528 3420 617 3474 vel
646 3421 855 3477 unitate
898 3421 1154 3478 Ecclesia
1185 3424 1341 3478 luerit
1378 3425 1653 3482 catholica
1693 3441 1978 3498 segretata,
2011 3440 2125 3486 toto

528 3526 673 3567 nunc
704 3524 881 3570 tamen
920 3532 1126 3571 mecum
1168 3532 1392 3574 assensu
1422 3522 1760 3577 concordans
1793 3524 1910 3592 ejus
1941 3525 2128 3582 Eccle-

527 3603 627 3658 sia
672 3607 1040 3662 communioni
1072 3612 1438 3681 partlcipatur,
1467 3628 1585 3681 qua
1617 3613 1947 3670 diversarum
1994 3632 2124 3685 gen-

528 3695 664 3750 tium
696 3698 1091 3756 multitudinem
1112 3712 1360 3759 materno
1384 3706 1503 3761 sinu
1529 3709 1749 3777 suscipit
1770 3720 1823 3763 et
1844 3711 2122 3768 charitatis

531 3785 790 3844 uberibus
840 3792 1039 3860 nutrit,
1072 3792 1143 3848 de
1180 3810 1282 3863 qua
1325 3797 1579 3866 propheta
1617 3813 1842 3854 canente
1879 3801 2118 3858 dicitur:

526 3878 728 3936 Domus
759 3898 870 3936 mea
901 3884 1085 3940 domus
1126 3889 1370 3943 orationis
1411 3891 1674 3944 vocabitur
1699 3894 1929 3949 omnibus
1960 3898 2121 3964 genti-

526 3971 641 4027 bus.
668 3972 779 4031 Nec
809 3976 952 4032 enim
979 3978 1092 4034 sola
1114 3976 1413 4035 Gothorum
1443 3984 1722 4040 conversio
1754 3986 1818 4040 ad
1847 3990 2117 4047 cumulum

524 4077 722 4123 nostra
753 4072 1016 4128 mercedis
1044 4075 1291 4143 accessit,
1325 4076 1563 4145 quinimo
1585 4088 1639 4133 et
1663 4078 1958 4135 Suevorum
1990 4098 2114 4154 gen-

526 4160 593 4214 tis
623 4160 828 4217 inﬁnita
872 4166 1177 4234 multitudo,
1211 4184 1370 4237 quam
1402 4172 1651 4240 prasidto
1690 4174 1898 4229 cmlesti
1931 4188 2118 4236 nostro

524 4266 692 4320 regno
721 4254 1077 4324 subjeeimus;
1119 4258 1294 4314 alieno
1322 4263 1463 4315 enim
1503 4262 1624 4317 licet
1662 4265 1713 4318 in
1747 4266 1992 4322 haresint
2022 4270 2118 4325 de-

524 4342 740 4399 ductam
787 4346 949 4413 vitio,
996 4356 1183 4403 nostro
1236 4361 1411 4406 tamen
1458 4353 1522 4407 ad
1570 4355 1805 4411 veritatis
1852 4358 2112 4426 originem

521 4436 704 4491 studio
730 4439 1127 4495 revocavimus.
1147 4439 1399 4509 Proinde,
1422 4445 1744 4501 sanctissimi
1774 4447 1980 4515 Patres,
2014 4451 2112 4508 has

2234 3240 2587 3301 exstiterunt,
2619 3242 2689 3293 ita
2718 3240 2769 3292 in
2814 3240 3075 3294 honorem
3106 3249 3160 3294 et
3190 3238 3245 3293 in
3275 3236 3487 3292 laudem
3516 3236 3681 3291 ﬁdem
3708 3251 3825 3291 san-

2232 3341 2375 3386 ctam
2407 3328 2613 3385 Nicani
2639 3329 2876 3385 observo
2907 3340 2961 3384 et
2993 3332 3202 3383 honoro
3242 3328 3479 3395 concilii,
3505 3343 3669 3397 quam
3696 3342 3824 3383 cono

2234 3432 2312 3477 tra
2343 3422 2590 3476 eumdem
2628 3428 2790 3476 recta
2831 3420 2955 3475 ﬁdei
2996 3428 3201 3489 pestem
3245 3420 3431 3475 Arium
3466 3430 3825 3476 trecentorum

2228 3516 2417 3572 decem
2448 3526 2502 3571 et
2544 3524 2668 3571 octo
2706 3522 2891 3570 sancta
2930 3514 3253 3583 episcoiialis
3292 3515 3515 3583 scripsit
3553 3514 3821 3587 synodus;

2228 3608 2523 3679 amplector
2571 3608 2749 3678 itaque
2793 3616 2848 3661 et
2893 3614 3053 3661 teneo
3098 3606 3258 3661 ﬁdem
3304 3614 3516 3661 centum
3567 3608 3826 3677 quinqua-

2225 3707 2370 3773 ginta
2417 3703 2795 3773 episcoporum
2836 3698 3307 3769 Constantinopoli
3340 3710 3824 3770 congregatarum,

2225 3811 2346 3866 qua
2376 3794 2749 3851 Macedonium
2779 3794 3011 3863 Spiritus
3041 3794 3217 3848 sancti
3255 3792 3611 3847 substantiam
3648 3794 3825 3847 mino-

2223 3898 2457 3955 rantem,
2484 3898 2540 3944 et
2577 3888 2750 3944 Patris
2789 3897 2843 3942 et
2870 3886 2989 3941 Filii
3021 3886 3281 3941 unitatem
3322 3896 3379 3941 et
3417 3885 3709 3941 essentiam
3742 3899 3829 3940 se-

2224 3995 2555 4056 gregantem,
2577 3982 2762 4053 jugulo
2792 3984 3032 4037 veritatis
3062 3981 3366 4045 interemit;
3400 3979 3585 4048 prima
3611 3984 3828 4049 quoque

2222 4077 2510 4147 Ephesina
2565 4075 2760 4147 synodi
2798 4074 2990 4140 ﬁdem,
3041 4089 3161 4145 qua
3213 4073 3475 4128 adversus
3521 4071 3826 4127 Nestorium

2220 4172 2447 4239 ejusque
2474 4169 2777 4224 doctrinam
2807 4168 2910 4222 lata
2941 4176 3048 4233 est,
3072 4166 3236 4222 credo
3268 4166 3467 4234 pariter
3488 4175 3546 4221 et
3575 4165 3817 4225 honoro:

2220 4264 2470 4319 similiter
2494 4273 2551 4318 et
2574 4262 3039 4317 Chalcedonensis
3076 4259 3289 4315 concilii
3318 4259 3500 4327 ﬁdem,
3531 4273 3693 4330 quam
3726 4257 3827 4325 ple-

2218 4370 2343 4409 nam
2389 4354 2672 4410 sanctitate
2716 4362 2772 4409 et
2801 4352 3100 4408 eruditione
3129 4355 3384 4407 adversus
3425 4349 3729 4422 Eutychem
3767 4357 3820 4403 et

2220 4446 2532 4501 Dioscorum
2565 4444 2805 4516 protulit,
2836 4458 2957 4499 cum
2989 4444 3131 4498 omni
3164 4442 3405 4498 Ecclesia
3437 4440 3702 4496 catholica
3734 4452 3819 4493 re-

524 4532 885 4587 nobilissimas
932 4546 1151 4604 gentes,
1182 4552 1301 4607 qua
1348 4538 1511 4595 lucris
1558 4555 1655 4610 per
1698 4557 1795 4596 nos
1835 4547 2119 4607 dominicis
2148 4542 2475 4604 D'el'enlel'
2522 4538 2790 4609 δυεοίρίος
2840 4539 3078 4594 mutilum
3124 4551 3337 4607 (ιυυιιυθ
3380 4535 3811 4590 οτιιιοάοίοτυω

521 4622 806 4692 applicata
844 4634 990 4692 sunt,
1031 4627 1184 4695 quasi
1226 4638 1469 4684 sanctum
1516 4641 1570 4685 et
1609 4634 1871 4701 placabile
1910 4642 2115 4697 sacriﬁ-

522 4714 664 4769 cium
696 4730 791 4784 per
816 4726 1023 4775 vestras
1044 4734 1232 4777 manus
1252 4731 1456 4779 aterno
1481 4724 1589 4781 Deo
1615 4727 1814 4795 oﬁ‘ero;
1838 4733 1942 4788 erit
1967 4736 2114 4793 enim

520 4806 654 4862 mihi
691 4808 1155 4870 immarcescibilis
1182 4831 1380 4872 corona
1407 4819 1493 4875 vel
1524 4823 1773 4891 gaudium
1804 4831 1857 4881 in
1884 4831 2117 4886 retribu-

518 4900 670 4956 tione
709 4901 999 4974 jnstorum,
1033 4907 1079 4962 si
1110 4906 1162 4962 hi
1194 4909 1373 4980 ponuli
1401 4913 1487 4982 qui
1531 4924 1715 4970 nostra
1756 4918 1824 4972 ad
1855 4920 2113 4979 unitatem

517 4992 777 5048 Ecclesia
806 4996 1023 5053 solertia
1051 5006 1574 5072 transcucurrerunt,
1610 5006 1809 5063 fundati
1842 5010 1894 5064 in
1924 5012 2111 5069 eadem

517 5091 572 5141 et
600 5085 813 5140 stabiliti
848 5103 1214 5156 permaneant.
1247 5092 1395 5149 Sicut
1433 5096 1575 5150 enim
1623 5098 1805 5154 divino
1849 5111 1977 5155 nutu
2020 5118 2117 5158 no.

514 5186 643 5231 stra
669 5191 814 5234 cura
842 5179 942 5236 fuit
968 5180 1068 5238 hos
1108 5185 1335 5253 populos
1370 5186 1439 5241 ad
1478 5187 1738 5244 unitatem
1775 5188 1977 5247 Christi
2006 5191 2115 5248 Ec-

513 5269 693 5327 clesia
722 5275 1054 5345 pertrahere,
1092 5276 1165 5331 ita
1196 5278 1267 5332 sit
1294 5290 1486 5334 vestra
1515 5280 1862 5337 docibilitatis
1887 5284 2111 5339 catholi-

514 5363 593 5418 cis
616 5379 712 5421 eos
739 5365 1080 5437 dogmatibus
1111 5370 1411 5436 instituere,
1440 5387 1548 5440 quo
1576 5373 1629 5426 in
1664 5382 1776 5428 toto
1804 5376 2111 5445 cognitione

512 5457 755 5514 veritatis
782 5458 1050 5529 instructi,
1076 5463 1326 5518 noverint
1363 5479 1429 5519 ex
1453 5464 1626 5520 solido
1653 5483 1895 5525 errorem
1928 5468 2107 5526 hare-

513 5546 588 5598 sis
618 5550 932 5614 perniciosa
974 5567 1260 5621 respuere,
1294 5566 1348 5610 et
1379 5572 1521 5612 vera
1558 5559 1681 5613 ﬁdei
1728 5562 1992 5614 tramitem
2038 5575 2106 5616 ex

513 5638 773 5695 charitate
814 5644 1081 5710 retinere,
1120 5645 1203 5699 vel
1242 5648 1528 5704 catholica
1559 5648 1815 5706 Ecclesia
1858 5665 2109 5707 commu-

585 5823 607 5848 υ
635 5816 699 5872 Τ.
732 5818 787 5887 2,
817 5819 1079 5887 propriam
1104 5822 1387 5883 niterentur
1412 5827 1670 5885 vindicare
1701 5829 1994 5899 perﬁdiam.

2220 4631 2608 4686 venerabilium
2648 4631 2987 4687 sacerdotum
3027 4630 3283 4696 concilia,
3316 4644 3437 4699 qua
3482 4629 3551 4682 ab
3591 4628 3676 4682 his
3723 4640 3814 4682 su-

2216 4726 2529 4796 prascriptis
2575 4735 2802 4795 quatuor
2849 4726 3071 4796 svnodis
3110 4724 3232 4780 ﬁdei
3273 4724 3501 4791 puritate
3542 4737 3650 4777 non
3696 4722 3812 4777 dis-

2216 4828 2428 4883 sonant,
2471 4818 2584 4889 pari
2616 4817 2958 4873 veneratione
2987 4816 3235 4872 observo.
3267 4816 3525 4885 Properet
3556 4828 3686 4884 ergo
3728 4829 3817 4869 reo

2217 4908 2460 4964 verentia
2488 4906 2842 4979 351-342
2873 4917 3049 4963 vestra
3089 4907 3249 4963 ﬁdem
3281 4907 3421 4961 hanc
3463 4916 3700 4961 nostram
3733 4920 3822 4960 ca-

2223 5002 2433 5057 nonicis
2476 5002 2747 5072 applicare
2784 5000 3175 5063 monumentis,
3214 5010 3269 5055 et
3310 5000 3377 5054 ab
3418 4998 3685 5068 episcopis
3733 4996 3818 5053 vel

2219 5096 2487 5165 religiosis
2508 5108 2600 5148 aut
2618 5094 2792 5162 gentis
2814 5104 3012 5149 nostra
3036 5092 3362 5162 primoribus
3380 5092 3605 5145 solerter
3632 5089 3819 5155 tidem,

2217 5203 2376 5260 quam
2406 5187 2459 5241 in
2488 5186 2727 5241 Ecclesia
2766 5186 3033 5242 catholica
3064 5185 3176 5241 Deo
3204 5182 3570 5248 crediderunt,
3602 5179 3817 5246 audire,

2214 5294 2372 5347 quam
2396 5294 2509 5335 rem
2535 5288 2769 5333 notatam
2800 5278 3041 5347 apicibus
3072 5279 3153 5332 vel
3181 5292 3369 5333 eorum
3398 5271 3819 5341 subscriptioni-

2211 5370 2313 5426 bus
2354 5371 2663 5426 roboratam
2702 5371 2894 5425 tuturis
2927 5370 3057 5425 olim
3100 5368 3432 5437 temporibus
3472 5368 3524 5420 in
3573 5364 3822 5420 testimo-

2212 5464 2359 5520 nium
2408 5465 2501 5521 Dei
2546 5474 2706 5533 atque
2748 5463 3023 5517 hominum
3062 5473 3368 5525 reservate,
3407 5468 3462 5514 ut
3502 5460 3585 5512 ha
3623 5464 3819 5523 gentes

2216 5574 2439 5629 quarum
2482 5560 2535 5612 in
2579 5557 2669 5612 Dei
2702 5555 2918 5611 nomine
2956 5554 3098 5624 regia
3141 5562 3403 5623 potestate
3431 5546 3817 5620 pracellimus,

2218 5661 2274 5709 et
2294 5668 2435 5721 qua,
2464 5649 2678 5706 deterso
2706 5649 2926 5719 antiquo
2947 5663 3155 5715 errore,
3177 5662 3273 5716 per
3297 5645 3607 5701 unctionem
3627 5651 3819 5696 sacro-

2282 5832 2310 5870 δ
2343 5830 2434 5890 Ε.
2468 5830 2631 5900 B.B.,
2664 5830 2730 5888 Ε.
2756 5827 2813 5901 4,
2844 5830 2909 5889 Τ.
2940 5830 2996 5901 9.,
3018 5830 3271 5903 proﬁteri.
