  <div class='ocr_page' id='page_1' title='image "/cluster/home/n/w/nwhite01/storage/ocr_20150623/84/hvd.32044015547136/178.png"; bbox 0 0 4024 6350; ppageno 0'>
   <div class='ocr_carea' id='block_1_1' title="bbox 208 280 311 337">
    <p class='ocr_par' dir='ltr' id='par_1_1' title="bbox 208 280 311 337">
     <span class='ocr_line' id='line_1_1' title="bbox 208 280 311 337; baseline -0.029 0"><span class='ocrx_word' id='word_1_1' title='bbox 208 280 311 337; x_wconf 64' lang='grc'><strong>515</strong></span> 
     </span>
    </p>
   </div>
   <div class='ocr_carea' id='block_1_2' title="bbox 1128 264 2553 332">
    <p class='ocr_par' dir='ltr' id='par_1_2' title="bbox 1128 264 2553 332">
     <span class='ocr_line' id='line_1_2' title="bbox 1128 264 2553 332; baseline -0.004 -2"><span class='ocrx_word' id='word_1_2' title='bbox 1128 272 1445 332; x_wconf 76' lang='lat' dir='ltr'><strong>CONCILIA</strong></span> <span class='ocrx_word' id='word_1_3' title='bbox 1486 264 1853 327; x_wconf 65' lang='lat' dir='ltr'><strong>HISPANIE.</strong></span> <span class='ocrx_word' id='word_1_4' title='bbox 1892 293 1965 307; x_wconf 91' lang='lat'><strong>--</strong></span> <span class='ocrx_word' id='word_1_5' title='bbox 2003 268 2426 328; x_wconf 81' lang='lat' dir='ltr'><strong>TOLETANUM</strong></span> <span class='ocrx_word' id='word_1_6' title='bbox 2467 270 2553 328; x_wconf 89' lang='grc'><strong>111.</strong></span> 
     </span>
    </p>
   </div>
   <div class='ocr_carea' id='block_1_3' title="bbox 3377 269 3484 331">
    <p class='ocr_par' dir='ltr' id='par_1_3' title="bbox 3377 269 3484 331">
     <span class='ocr_line' id='line_1_3' title="bbox 3377 269 3484 331; baseline -0.019 1"><span class='ocrx_word' id='word_1_7' title='bbox 3377 269 3484 331; x_wconf 74' lang='grc'><strong>546</strong></span> 
     </span>
    </p>
   </div>
   <div class='ocr_carea' id='block_1_4' title="bbox 206 386 3482 461">
    <p class='ocr_par' dir='ltr' id='par_1_4' title="bbox 206 386 3482 461">
     <span class='ocr_line' id='line_1_4' title="bbox 206 386 3482 461; baseline 0 -9"><span class='ocrx_word' id='word_1_8' title='bbox 206 397 370 456; x_wconf 81' lang='lat' dir='ltr'><strong>sancti</strong></span> <span class='ocrx_word' id='word_1_9' title='bbox 391 393 697 451; x_wconf 74' lang='lat' dir='ltr'><strong>chrismatis</strong></span> <span class='ocrx_word' id='word_1_10' title='bbox 720 391 803 448; x_wconf 89' lang='lat' dir='ltr'><strong>vel</strong></span> <span class='ocrx_word' id='word_1_11' title='bbox 826 406 1014 447; x_wconf 90' lang='lat' dir='ltr'><strong>manus</strong></span> <span class='ocrx_word' id='word_1_12' title='bbox 1038 391 1434 461; x_wconf 89' lang='lat' dir='ltr'><strong>impositionem</strong></span> <span class='ocrx_word' id='word_1_13' title='bbox 1464 389 1787 445; x_wconf 72' lang='lat' dir='ltr'><strong>Paraclitum</strong></span> <span class='ocrx_word' id='word_1_14' title='bbox 1817 386 1876 448; x_wconf 77' lang='grc' dir='ltr'><strong>Δ</strong></span> <span class='ocrx_word' id='word_1_15' title='bbox 1897 389 2176 459; x_wconf 83' lang='lat' dir='ltr'><strong>episcopos</strong></span> <span class='ocrx_word' id='word_1_16' title='bbox 2205 401 2258 445; x_wconf 88' lang='lat' dir='ltr'><strong>et</strong></span> <span class='ocrx_word' id='word_1_17' title='bbox 2283 391 2562 461; x_wconf 82' lang='lat' dir='ltr'><strong>religiosos</strong></span> <span class='ocrx_word' id='word_1_18' title='bbox 2590 389 2673 446; x_wconf 91' lang='lat' dir='ltr'><strong>vel</strong></span> <span class='ocrx_word' id='word_1_19' title='bbox 2703 387 2938 460; x_wconf 82' lang='lat' dir='ltr'><strong>majores</strong></span> <span class='ocrx_word' id='word_1_20' title='bbox 2989 398 3116 446; x_wconf 83' lang='lat' dir='ltr'><strong>natu</strong></span> <span class='ocrx_word' id='word_1_21' title='bbox 3143 406 3212 448; x_wconf 89' lang='lat' dir='ltr'><strong>ex</strong></span> <span class='ocrx_word' id='word_1_22' title='bbox 3270 391 3482 452; x_wconf 76' lang='lat' dir='ltr'><strong>hrerese</strong></span> 
     </span>
    </p>
   </div>
   <div class='ocr_carea' id='block_1_5' title="bbox 208 484 1795 554">
    <p class='ocr_par' dir='ltr' id='par_1_5' title="bbox 208 484 1795 554">
     <span class='ocr_line' id='line_1_5' title="bbox 208 484 1795 554; baseline -0.009 -6"><span class='ocrx_word' id='word_1_23' title='bbox 208 494 338 548; x_wconf 85' lang='lat' dir='ltr'><strong>intra</strong></span> <span class='ocrx_word' id='word_1_24' title='bbox 388 489 484 543; x_wconf 82' lang='lat' dir='ltr'><strong>Dei</strong></span> <span class='ocrx_word' id='word_1_25' title='bbox 541 487 831 542; x_wconf 81' lang='lat' dir='ltr'><strong>Ecclesiam</strong></span> <span class='ocrx_word' id='word_1_26' title='bbox 880 495 1236 554; x_wconf 91' lang='lat' dir='ltr'><strong>perceperunt</strong></span> <span class='ocrx_word' id='word_1_27' title='bbox 1283 484 1580 553; x_wconf 77' lang='lat' dir='ltr'><strong>Spiritum,</strong></span> <span class='ocrx_word' id='word_1_28' title='bbox 1636 495 1795 549; x_wconf 84' lang='lat' dir='ltr'><strong>quem</strong></span> 
     </span>
    </p>
   </div>
   <div class='ocr_carea' id='block_1_6' title="bbox 209 574 1796 647">
    <p class='ocr_par' dir='ltr' id='par_1_6' title="bbox 209 574 1796 647">
     <span class='ocr_line' id='line_1_6' title="bbox 209 574 1796 647; baseline -0.006 -9"><span class='ocrx_word' id='word_1_29' title='bbox 209 598 364 638; x_wconf 91' lang='lat' dir='ltr'><strong>unum</strong></span> <span class='ocrx_word' id='word_1_30' title='bbox 414 592 466 635; x_wconf 91' lang='lat' dir='ltr'><strong>et</strong></span> <span class='ocrx_word' id='word_1_31' title='bbox 516 578 772 647; x_wconf 83' lang='lat' dir='ltr'><strong>aequalem</strong></span> <span class='ocrx_word' id='word_1_32' title='bbox 819 593 938 632; x_wconf 91' lang='lat' dir='ltr'><strong>cum</strong></span> <span class='ocrx_word' id='word_1_33' title='bbox 986 577 1140 632; x_wconf 87' lang='lat' dir='ltr'><strong>Patre</strong></span> <span class='ocrx_word' id='word_1_34' title='bbox 1184 585 1237 631; x_wconf 91' lang='lat' dir='ltr'><strong>et</strong></span> <span class='ocrx_word' id='word_1_35' title='bbox 1286 574 1418 630; x_wconf 77' lang='lat' dir='ltr'><strong>Filio</strong></span> <span class='ocrx_word' id='word_1_36' title='bbox 1479 575 1796 628; x_wconf 88' lang='lat' dir='ltr'><strong>conﬁtentes</strong></span> 
     </span>
    </p>
   </div>
   <div class='ocr_carea' id='block_1_7' title="bbox 208 666 1799 745">
    <p class='ocr_par' dir='ltr' id='par_1_7' title="bbox 208 666 1799 745">
     <span class='ocr_line' id='line_1_7' title="bbox 208 666 1799 745; baseline -0.007 -15"><span class='ocrx_word' id='word_1_37' title='bbox 208 677 424 745; x_wconf 85' lang='lat' dir='ltr'><strong>ejusque</strong></span> <span class='ocrx_word' id='word_1_38' title='bbox 462 673 605 726; x_wconf 87' lang='lat' dir='ltr'><strong>dono</strong></span> <span class='ocrx_word' id='word_1_39' title='bbox 637 672 689 725; x_wconf 91' lang='lat' dir='ltr'><strong>in</strong></span> <span class='ocrx_word' id='word_1_40' title='bbox 721 671 839 725; x_wconf 90' lang='lat' dir='ltr'><strong>sinu</strong></span> <span class='ocrx_word' id='word_1_41' title='bbox 871 670 1124 725; x_wconf 65' lang='lat' dir='ltr'><strong>Ecclesiae</strong></span> <span class='ocrx_word' id='word_1_42' title='bbox 1163 677 1360 723; x_wconf 67' lang='lat' dir='ltr'><strong>sancta:</strong></span> <span class='ocrx_word' id='word_1_43' title='bbox 1384 667 1662 722; x_wconf 76' lang='lat' dir='ltr'><strong>catholicae</strong></span> <span class='ocrx_word' id='word_1_44' title='bbox 1688 666 1799 720; x_wconf 85' lang='lat' dir='ltr'><strong>col-</strong></span> 
     </span>
    </p>
   </div>
   <div class='ocr_carea' id='block_1_8' title="bbox 211 761 1798 831">
    <p class='ocr_par' dir='ltr' id='par_1_8' title="bbox 211 761 1798 831">
     <span class='ocr_line' id='line_1_8' title="bbox 211 761 1798 831; baseline -0.006 -11"><span class='ocrx_word' id='word_1_45' title='bbox 211 768 390 822; x_wconf 58' lang='lat' dir='ltr'><strong>locata:</strong></span> <span class='ocrx_word' id='word_1_46' title='bbox 431 775 572 827; x_wconf 90' lang='lat' dir='ltr'><strong>sunt,</strong></span> <span class='ocrx_word' id='word_1_47' title='bbox 605 765 648 818; x_wconf 92' lang='lat' dir='ltr'><strong>si</strong></span> <span class='ocrx_word' id='word_1_48' title='bbox 680 777 864 817; x_wconf 91' lang='lat' dir='ltr'><strong>eorum</strong></span> <span class='ocrx_word' id='word_1_49' title='bbox 894 763 1054 831; x_wconf 80' lang='lat' dir='ltr'><strong>aliqui</strong></span> <span class='ocrx_word' id='word_1_50' title='bbox 1087 761 1224 815; x_wconf 89' lang='lat' dir='ltr'><strong>hanc</strong></span> <span class='ocrx_word' id='word_1_51' title='bbox 1250 769 1452 814; x_wconf 89' lang='lat' dir='ltr'><strong>rectam</strong></span> <span class='ocrx_word' id='word_1_52' title='bbox 1481 767 1535 813; x_wconf 90' lang='lat' dir='ltr'><strong>et</strong></span> <span class='ocrx_word' id='word_1_53' title='bbox 1559 767 1798 811; x_wconf 87' lang='lat' dir='ltr'><strong>sanctam</strong></span> 
     </span>
    </p>
   </div>
   <div class='ocr_carea' id='block_1_9' title="bbox 210 849 1797 917">
    <p class='ocr_par' dir='ltr' id='par_1_9' title="bbox 210 849 1797 917">
     <span class='ocr_line' id='line_1_9' title="bbox 210 849 1797 917; baseline -0.009 0"><span class='ocrx_word' id='word_1_54' title='bbox 210 860 600 917; x_wconf 82' lang='lat' dir='ltr'><strong>confessionem</strong></span> <span class='ocrx_word' id='word_1_55' title='bbox 626 868 860 911; x_wconf 88' lang='lat' dir='ltr'><strong>nostram</strong></span> <span class='ocrx_word' id='word_1_56' title='bbox 887 855 1106 910; x_wconf 87' lang='lat' dir='ltr'><strong>minime</strong></span> <span class='ocrx_word' id='word_1_57' title='bbox 1126 854 1347 908; x_wconf 88' lang='lat' dir='ltr'><strong>credere</strong></span> <span class='ocrx_word' id='word_1_58' title='bbox 1361 852 1649 914; x_wconf 88' lang='lat' dir='ltr'><strong>voluerint,</strong></span> <span class='ocrx_word' id='word_1_59' title='bbox 1665 849 1797 903; x_wconf 89' lang='lat' dir='ltr'><strong>iram</strong></span> 
     </span>
    </p>
   </div>
   <div class='ocr_carea' id='block_1_10' title="bbox 214 943 1796 1018">
    <p class='ocr_par' dir='ltr' id='par_1_10' title="bbox 214 943 1796 1018">
     <span class='ocr_line' id='line_1_10' title="bbox 214 943 1796 1018; baseline -0.011 -6"><span class='ocrx_word' id='word_1_60' title='bbox 214 957 299 1012; x_wconf 77' lang='lat' dir='ltr'><strong>hei</strong></span> <span class='ocrx_word' id='word_1_61' title='bbox 330 971 448 1010; x_wconf 90' lang='lat' dir='ltr'><strong>cum</strong></span> <span class='ocrx_word' id='word_1_62' title='bbox 481 954 825 1007; x_wconf 79' lang='lat' dir='ltr'><strong>anathemate</strong></span> <span class='ocrx_word' id='word_1_63' title='bbox 855 961 1055 1005; x_wconf 77' lang='lat' dir='ltr'><strong>:eterno</strong></span> <span class='ocrx_word' id='word_1_64' title='bbox 1096 947 1420 1018; x_wconf 85' lang='lat' dir='ltr'><strong>percipiant,</strong></span> <span class='ocrx_word' id='word_1_65' title='bbox 1463 953 1518 1000; x_wconf 91' lang='lat' dir='ltr'><strong>et</strong></span> <span class='ocrx_word' id='word_1_66' title='bbox 1556 944 1621 998; x_wconf 93' lang='lat' dir='ltr'><strong>de</strong></span> <span class='ocrx_word' id='word_1_67' title='bbox 1657 943 1796 997; x_wconf 89' lang='lat' dir='ltr'><strong>inte-</strong></span> 
     </span>
    </p>
   </div>
   <div class='ocr_carea' id='block_1_11' title="bbox 212 1035 1799 1115">
    <p class='ocr_par' dir='ltr' id='par_1_11' title="bbox 212 1035 1799 1115">
     <span class='ocr_line' id='line_1_11' title="bbox 212 1035 1799 1115; baseline -0.011 -11"><span class='ocrx_word' id='word_1_68' title='bbox 212 1050 309 1104; x_wconf 89' lang='lat' dir='ltr'><strong>ritu</strong></span> <span class='ocrx_word' id='word_1_69' title='bbox 333 1064 430 1102; x_wconf 90' lang='lat' dir='ltr'><strong>suo</strong></span> <span class='ocrx_word' id='word_1_70' title='bbox 455 1046 702 1101; x_wconf 87' lang='lat' dir='ltr'><strong>ﬁdelibus</strong></span> <span class='ocrx_word' id='word_1_71' title='bbox 724 1043 973 1115; x_wconf 77' lang='lat' dir='ltr'><strong>gaudium</strong></span> <span class='ocrx_word' id='word_1_72' title='bbox 996 1053 1051 1096; x_wconf 89' lang='lat' dir='ltr'><strong>et</strong></span> <span class='ocrx_word' id='word_1_73' title='bbox 1070 1040 1371 1096; x_wconf 89' lang='lat' dir='ltr'><strong>inﬁdelibus</strong></span> <span class='ocrx_word' id='word_1_74' title='bbox 1394 1039 1500 1091; x_wconf 90' lang='lat' dir='ltr'><strong>sint</strong></span> <span class='ocrx_word' id='word_1_75' title='bbox 1528 1035 1582 1090; x_wconf 92' lang='lat' dir='ltr'><strong>in</strong></span> <span class='ocrx_word' id='word_1_76' title='bbox 1607 1049 1799 1089; x_wconf 83' lang='lat' dir='ltr'><strong>exem-</strong></span> 
     </span>
    </p>
   </div>
   <div class='ocr_carea' id='block_1_12' title="bbox 210 1137 1801 1216">
    <p class='ocr_par' dir='ltr' id='par_1_12' title="bbox 210 1137 1801 1216">
     <span class='ocr_line' id='line_1_12' title="bbox 210 1137 1801 1216; baseline -0.012 -17"><span class='ocrx_word' id='word_1_77' title='bbox 210 1146 373 1216; x_wconf 88' lang='lat' dir='ltr'><strong>plum.</strong></span> <span class='ocrx_word' id='word_1_78' title='bbox 426 1144 561 1198; x_wconf 89' lang='lat' dir='ltr'><strong>lluic</strong></span> <span class='ocrx_word' id='word_1_79' title='bbox 611 1157 736 1196; x_wconf 88' lang='lat' dir='ltr'><strong>vero</strong></span> <span class='ocrx_word' id='word_1_80' title='bbox 783 1137 1106 1195; x_wconf 80' lang='lat' dir='ltr'><strong>confessioni</strong></span> <span class='ocrx_word' id='word_1_81' title='bbox 1157 1150 1290 1191; x_wconf 61' lang='lat' dir='ltr'><strong>mea:</strong></span> <span class='ocrx_word' id='word_1_82' title='bbox 1344 1141 1557 1188; x_wconf 88' lang='lat' dir='ltr'><strong>sanctas</strong></span> <span class='ocrx_word' id='word_1_83' title='bbox 1609 1142 1801 1197; x_wconf 86' lang='lat' dir='ltr'><strong>supra-</strong></span> 
     </span>
    </p>
   </div>
   <div class='ocr_carea' id='block_1_13' title="bbox 210 1221 1801 1304">
    <p class='ocr_par' dir='ltr' id='par_1_13' title="bbox 210 1221 1801 1304">
     <span class='ocr_line' id='line_1_13' title="bbox 210 1221 1801 1304; baseline -0.011 -14"><span class='ocrx_word' id='word_1_84' title='bbox 210 1238 526 1304; x_wconf 87' lang='lat' dir='ltr'><strong>scriptorum</strong></span> <span class='ocrx_word' id='word_1_85' title='bbox 574 1233 917 1289; x_wconf 84' lang='lat' dir='ltr'><strong>conciliorum</strong></span> <span class='ocrx_word' id='word_1_86' title='bbox 963 1227 1374 1283; x_wconf 81' lang='lat' dir='ltr'><strong>constitutiones</strong></span> <span class='ocrx_word' id='word_1_87' title='bbox 1420 1221 1704 1285; x_wconf 83' lang='lat' dir='ltr'><strong>contexui,</strong></span> <span class='ocrx_word' id='word_1_88' title='bbox 1745 1226 1801 1273; x_wconf 86' lang='lat' dir='ltr'><strong>et</strong></span> 
     </span>
    </p>
   </div>
   <div class='ocr_carea' id='block_1_14' title="bbox 209 1311 1796 1386">
    <p class='ocr_par' dir='ltr' id='par_1_14' title="bbox 209 1311 1796 1386">
     <span class='ocr_line' id='line_1_14' title="bbox 209 1311 1796 1386; baseline -0.014 0"><span class='ocrx_word' id='word_1_89' title='bbox 209 1331 512 1386; x_wconf 80' lang='lat' dir='ltr'><strong>testimonio</strong></span> <span class='ocrx_word' id='word_1_90' title='bbox 545 1328 726 1381; x_wconf 89' lang='lat' dir='ltr'><strong>divino</strong></span> <span class='ocrx_word' id='word_1_91' title='bbox 755 1335 862 1379; x_wconf 88' lang='lat' dir='ltr'><strong>tota</strong></span> <span class='ocrx_word' id='word_1_92' title='bbox 893 1323 1070 1376; x_wconf 88' lang='lat' dir='ltr'><strong>cordis</strong></span> <span class='ocrx_word' id='word_1_93' title='bbox 1107 1318 1447 1386; x_wconf 86' lang='lat' dir='ltr'><strong>simplicitate</strong></span> <span class='ocrx_word' id='word_1_94' title='bbox 1481 1311 1796 1382; x_wconf 86' lang='lat' dir='ltr'><strong>subscripsi.</strong></span> 
     </span>
    </p>
   </div>
   <div class='ocr_carea' id='block_1_15' title="bbox 419 1408 1584 1474">
    <p class='ocr_par' dir='ltr' id='par_1_15' title="bbox 419 1408 1584 1474">
     <span class='ocr_line' id='line_1_15' title="bbox 419 1408 1584 1474; baseline -0.014 0"><span class='ocrx_word' id='word_1_95' title='bbox 419 1420 579 1474; x_wconf 81' lang='lat' dir='ltr'><strong>Fides</strong></span> <span class='ocrx_word' id='word_1_96' title='bbox 615 1436 646 1472; x_wconf 92' lang='lat' dir='ltr'><strong>a</strong></span> <span class='ocrx_word' id='word_1_97' title='bbox 676 1426 856 1472; x_wconf 84' lang='lat' dir='ltr'><strong>sancto</strong></span> <span class='ocrx_word' id='word_1_98' title='bbox 880 1415 1114 1472; x_wconf 77' lang='lat' dir='ltr'><strong>.Nica&#39;no</strong></span> <span class='ocrx_word' id='word_1_99' title='bbox 1163 1411 1380 1465; x_wconf 87' lang='lat' dir='ltr'><strong>concilio</strong></span> <span class='ocrx_word' id='word_1_100' title='bbox 1425 1408 1584 1461; x_wconf 85' lang='lat' dir='ltr'><strong>edita.</strong></span> 
     </span>
    </p>
   </div>
   <div class='ocr_carea' id='block_1_16' title="bbox 275 1503 1797 1572">
    <p class='ocr_par' dir='ltr' id='par_1_16' title="bbox 275 1503 1797 1572">
     <span class='ocr_line' id='line_1_16' title="bbox 275 1503 1797 1572; baseline -0.014 0"><span class='ocrx_word' id='word_1_101' title='bbox 275 1515 562 1572; x_wconf 87' lang='lat' dir='ltr'><strong>Credimus</strong></span> <span class='ocrx_word' id='word_1_102' title='bbox 593 1514 646 1568; x_wconf 91' lang='lat' dir='ltr'><strong>in</strong></span> <span class='ocrx_word' id='word_1_103' title='bbox 680 1527 841 1566; x_wconf 90' lang='lat' dir='ltr'><strong>unutn</strong></span> <span class='ocrx_word' id='word_1_104' title='bbox 875 1510 1042 1564; x_wconf 90' lang='lat' dir='ltr'><strong>Deum</strong></span> <span class='ocrx_word' id='word_1_105' title='bbox 1074 1509 1286 1562; x_wconf 84' lang='lat' dir='ltr'><strong>Patrem</strong></span> <span class='ocrx_word' id='word_1_106' title='bbox 1330 1503 1750 1570; x_wconf 87' lang='lat' dir='ltr'><strong>omnipotentem</strong></span> <span class='ocrx_word' id='word_1_107' title='bbox 1781 1513 1797 1551; x_wconf 90' lang='lat'><strong>:</strong></span> 
     </span>
    </p>
   </div>
   <div class='ocr_carea' id='block_1_17' title="bbox 209 1591 1800 1674">
    <p class='ocr_par' dir='ltr' id='par_1_17' title="bbox 209 1591 1800 1674">
     <span class='ocr_line' id='line_1_17' title="bbox 209 1591 1800 1674; baseline -0.014 -8"><span class='ocrx_word' id='word_1_108' title='bbox 209 1619 310 1666; x_wconf 60' lang='lat' dir='ltr'><strong>et‘</strong></span> <span class='ocrx_word' id='word_1_109' title='bbox 360 1617 580 1664; x_wconf 63' lang='lat' dir='ltr'><strong>cmtera.</strong></span> <span class='ocrx_word' id='word_1_110' title='bbox 633 1606 708 1660; x_wconf 83' lang='lat' dir='ltr'><strong>Ita</strong></span> <span class='ocrx_word' id='word_1_111' title='bbox 757 1604 1050 1674; x_wconf 87' lang='lat' dir='ltr'><strong>perhibuit,</strong></span> <span class='ocrx_word' id='word_1_112' title='bbox 1085 1617 1184 1656; x_wconf 93' lang='lat' dir='ltr'><strong>ceu</strong></span> <span class='ocrx_word' id='word_1_113' title='bbox 1219 1601 1272 1654; x_wconf 92' lang='lat' dir='ltr'><strong>in</strong></span> <span class='ocrx_word' id='word_1_114' title='bbox 1305 1597 1521 1652; x_wconf 71' lang='lat' dir='ltr'><strong>Nicmno</strong></span> <span class='ocrx_word' id='word_1_115' title='bbox 1572 1591 1800 1647; x_wconf 90' lang='lat' dir='ltr'><strong>concilio</strong></span> 
     </span>
    </p>
   </div>
   <div class='ocr_carea' id='block_1_18' title="bbox 211 1691 1725 1765">
    <p class='ocr_par' dir='ltr' id='par_1_18' title="bbox 211 1691 1725 1765">
     <span class='ocr_line' id='line_1_18' title="bbox 211 1691 1725 1765; baseline -0.01 -8"><span class='ocrx_word' id='word_1_116' title='bbox 211 1704 497 1757; x_wconf 90' lang='lat' dir='ltr'><strong>constituta</strong></span> <span class='ocrx_word' id='word_1_117' title='bbox 528 1709 611 1756; x_wconf 90' lang='lat' dir='ltr'><strong>est</strong></span> <span class='ocrx_word' id='word_1_118' title='bbox 640 1715 668 1752; x_wconf 89' lang='lat' dir='ltr'><strong>a</strong></span> <span class='ocrx_word' id='word_1_119' title='bbox 705 1700 905 1753; x_wconf 89' lang='lat' dir='ltr'><strong>sanctis</strong></span> <span class='ocrx_word' id='word_1_120' title='bbox 928 1694 1218 1765; x_wconf 89' lang='lat' dir='ltr'><strong>episcopis,</strong></span> <span class='ocrx_word' id='word_1_121' title='bbox 1273 1691 1577 1746; x_wconf 82' lang='lat' dir='ltr'><strong>Becaredus</strong></span> <span class='ocrx_word' id='word_1_122' title='bbox 1608 1703 1725 1742; x_wconf 92' lang='lat' dir='ltr'><strong>rex.</strong></span> 
     </span>
    </p>
   </div>
   <div class='ocr_carea' id='block_1_19' title="bbox 348 1782 1658 1862">
    <p class='ocr_par' dir='ltr' id='par_1_19' title="bbox 348 1782 1658 1862">
     <span class='ocr_line' id='line_1_19' title="bbox 348 1782 1658 1862; baseline -0.011 -18"><span class='ocrx_word' id='word_1_123' title='bbox 348 1790 511 1846; x_wconf 80' lang='lat' dir='ltr'><strong>Fides</strong></span> <span class='ocrx_word' id='word_1_124' title='bbox 556 1807 708 1862; x_wconf 84' lang='lat' dir='ltr'><strong>quam</strong></span> <span class='ocrx_word' id='word_1_125' title='bbox 741 1796 1085 1862; x_wconf 57' lang='lat' dir='ltr'><strong>exposuerunt</strong></span> <span class='ocrx_word' id='word_1_126' title='bbox 1121 1801 1185 1839; x_wconf 84' lang='lat' dir='ltr'><strong>CL</strong></span> <span class='ocrx_word' id='word_1_127' title='bbox 1211 1782 1395 1862; x_wconf 72' lang='lat' dir='ltr'><strong>Patres</strong></span> <span class='ocrx_word' id='word_1_128' title='bbox 1435 1793 1658 1834; x_wconf 82' lang='lat' dir='ltr'><strong>consona</strong></span> 
     </span>
    </p>
   </div>
   <div class='ocr_carea' id='block_1_20' title="bbox 640 1854 1365 1930">
    <p class='ocr_par' dir='ltr' id='par_1_20' title="bbox 640 1854 1365 1930">
     <span class='ocr_line' id='line_1_20' title="bbox 640 1854 1365 1930; baseline -0.008 -16"><span class='ocrx_word' id='word_1_129' title='bbox 640 1854 838 1930; x_wconf 65' lang='lat' dir='ltr'><strong>magna:</strong></span> <span class='ocrx_word' id='word_1_130' title='bbox 888 1857 1119 1912; x_wconf 77' lang='lat' dir='ltr'><strong>Nicamw</strong></span> <span class='ocrx_word' id='word_1_131' title='bbox 1145 1854 1365 1925; x_wconf 80' lang='lat' dir='ltr'><strong>synodo.</strong></span> 
     </span>
    </p>
   </div>
   <div class='ocr_carea' id='block_1_21' title="bbox 279 1944 1799 2013">
    <p class='ocr_par' dir='ltr' id='par_1_21' title="bbox 279 1944 1799 2013">
     <span class='ocr_line' id='line_1_21' title="bbox 279 1944 1799 2013; baseline -0.013 -1"><span class='ocrx_word' id='word_1_132' title='bbox 279 1955 567 2011; x_wconf 88' lang='lat' dir='ltr'><strong>Credimus</strong></span> <span class='ocrx_word' id='word_1_133' title='bbox 594 1955 650 2010; x_wconf 92' lang='lat' dir='ltr'><strong>in</strong></span> <span class='ocrx_word' id='word_1_134' title='bbox 682 1967 843 2008; x_wconf 92' lang='lat' dir='ltr'><strong>unum</strong></span> <span class='ocrx_word' id='word_1_135' title='bbox 890 1949 1060 2006; x_wconf 89' lang='lat' dir='ltr'><strong>Deum</strong></span> <span class='ocrx_word' id='word_1_136' title='bbox 1088 1949 1301 2003; x_wconf 86' lang='lat' dir='ltr'><strong>Patrem</strong></span> <span class='ocrx_word' id='word_1_137' title='bbox 1333 1944 1754 2013; x_wconf 86' lang='lat' dir='ltr'><strong>omnipotentem</strong></span> <span class='ocrx_word' id='word_1_138' title='bbox 1784 1955 1799 1993; x_wconf 89' lang='lat'><strong>:</strong></span> 
     </span>
    </p>
   </div>
   <div class='ocr_carea' id='block_1_22' title="bbox 207 2049 558 2108">
    <p class='ocr_par' dir='ltr' id='par_1_22' title="bbox 207 2049 558 2108">
     <span class='ocr_line' id='line_1_22' title="bbox 207 2049 558 2108; baseline -0.011 0"><span class='ocrx_word' id='word_1_139' title='bbox 207 2060 260 2108; x_wconf 88' lang='lat' dir='ltr'><strong>et</strong></span> <span class='ocrx_word' id='word_1_140' title='bbox 279 2049 308 2090; x_wconf 75' lang='grc' dir='ltr'><strong>ι’</strong></span> <span class='ocrx_word' id='word_1_141' title='bbox 340 2061 558 2107; x_wconf 64' lang='lat' dir='ltr'><strong>caetera.</strong></span> 
     </span>
    </p>
   </div>
   <div class='ocr_carea' id='block_1_23' title="bbox 501 2133 1522 2196">
    <p class='ocr_par' dir='ltr' id='par_1_23' title="bbox 501 2133 1522 2196">
     <span class='ocr_line' id='line_1_23' title="bbox 501 2133 1522 2196; baseline -0.011 -1"><span class='ocrx_word' id='word_1_142' title='bbox 501 2142 772 2196; x_wconf 84' lang='lat' dir='ltr'><strong>Tractatus</strong></span> <span class='ocrx_word' id='word_1_143' title='bbox 819 2137 1251 2192; x_wconf 78' lang='lat' dir='ltr'><strong>Chalcedonensis</strong></span> <span class='ocrx_word' id='word_1_144' title='bbox 1297 2133 1522 2187; x_wconf 80' lang='lat' dir='ltr'><strong>concilii.</strong></span> 
     </span>
    </p>
   </div>
   <div class='ocr_carea' id='block_1_24' title="bbox 280 2222 1811 2303">
    <p class='ocr_par' dir='ltr' id='par_1_24' title="bbox 280 2222 1811 2303">
     <span class='ocr_line' id='line_1_24' title="bbox 280 2222 1811 2303; baseline -0.01 -12"><span class='ocrx_word' id='word_1_145' title='bbox 280 2235 579 2292; x_wconf 78' lang='lat' dir='ltr'><strong>Sufl‘ecerat</strong></span> <span class='ocrx_word' id='word_1_146' title='bbox 625 2233 839 2303; x_wconf 90' lang='lat' dir='ltr'><strong>quidem</strong></span> <span class='ocrx_word' id='word_1_147' title='bbox 883 2229 952 2282; x_wconf 91' lang='lat' dir='ltr'><strong>ad</strong></span> <span class='ocrx_word' id='word_1_148' title='bbox 1015 2229 1378 2297; x_wconf 83' lang='lat' dir='ltr'><strong>plenissimam</strong></span> <span class='ocrx_word' id='word_1_149' title='bbox 1440 2222 1704 2293; x_wconf 86' lang='lat' dir='ltr'><strong>pietatis:</strong></span> <span class='ocrx_word' id='word_1_150' title='bbox 1754 2228 1811 2277; x_wconf 88' lang='lat' dir='ltr'><strong>et</strong></span> 
     </span>
    </p>
   </div>
   <div class='ocr_carea' id='block_1_25' title="bbox 208 2316 1663 2397">
    <p class='ocr_par' dir='ltr' id='par_1_25' title="bbox 208 2316 1663 2397">
     <span class='ocr_line' id='line_1_25' title="bbox 208 2316 1663 2397; baseline -0.011 -15"><span class='ocrx_word' id='word_1_151' title='bbox 208 2328 422 2397; x_wconf 87' lang='lat' dir='ltr'><strong>reliqua</strong></span> <span class='ocrx_word' id='word_1_152' title='bbox 451 2336 498 2380; x_wconf 77' lang='grc' dir='ltr'><strong>ο.</strong></span> <span class='ocrx_word' id='word_1_153' title='bbox 526 2326 707 2394; x_wconf 91' lang='lat' dir='ltr'><strong>Itaque</strong></span> <span class='ocrx_word' id='word_1_154' title='bbox 737 2322 839 2376; x_wconf 89' lang='lat' dir='ltr'><strong>hoc</strong></span> <span class='ocrx_word' id='word_1_155' title='bbox 869 2323 1078 2377; x_wconf 86' lang='lat' dir='ltr'><strong>locutus</strong></span> <span class='ocrx_word' id='word_1_156' title='bbox 1107 2326 1190 2373; x_wconf 91' lang='lat' dir='ltr'><strong>est</strong></span> <span class='ocrx_word' id='word_1_157' title='bbox 1217 2316 1501 2386; x_wconf 72' lang='lat' dir='ltr'><strong>praedictus</strong></span> <span class='ocrx_word' id='word_1_158' title='bbox 1532 2329 1624 2369; x_wconf 93' lang='lat' dir='ltr'><strong>rex</strong></span> <span class='ocrx_word' id='word_1_159' title='bbox 1649 2331 1663 2366; x_wconf 87' lang='lat'><strong>:</strong></span> 
     </span>
    </p>
   </div>
   <div class='ocr_carea' id='block_1_26' title="bbox 283 2413 1808 2489">
    <p class='ocr_par' dir='ltr' id='par_1_26' title="bbox 283 2413 1808 2489">
     <span class='ocr_line' id='line_1_26' title="bbox 283 2413 1808 2489; baseline -0.01 -15"><span class='ocrx_word' id='word_1_160' title='bbox 283 2421 398 2489; x_wconf 82' lang='lat' dir='ltr'><strong>Ego</strong></span> <span class='ocrx_word' id='word_1_161' title='bbox 427 2417 735 2473; x_wconf 78' lang='lat' dir='ltr'><strong>Recaredus</strong></span> <span class='ocrx_word' id='word_1_162' title='bbox 769 2429 861 2470; x_wconf 86' lang='lat' dir='ltr'><strong>rex</strong></span> <span class='ocrx_word' id='word_1_163' title='bbox 894 2413 1054 2468; x_wconf 85' lang='lat' dir='ltr'><strong>ﬁdem</strong></span> <span class='ocrx_word' id='word_1_164' title='bbox 1100 2413 1238 2464; x_wconf 92' lang='lat' dir='ltr'><strong>hanc</strong></span> <span class='ocrx_word' id='word_1_165' title='bbox 1264 2419 1504 2462; x_wconf 86' lang='lat' dir='ltr'><strong>sanctam</strong></span> <span class='ocrx_word' id='word_1_166' title='bbox 1535 2415 1589 2461; x_wconf 91' lang='lat' dir='ltr'><strong>et</strong></span> <span class='ocrx_word' id='word_1_167' title='bbox 1627 2419 1808 2460; x_wconf 82' lang='lat' dir='ltr'><strong>veram</strong></span> 
     </span>
    </p>
   </div>
   <div class='ocr_carea' id='block_1_27' title="bbox 213 2498 1808 2583">
    <p class='ocr_par' dir='ltr' id='par_1_27' title="bbox 213 2498 1808 2583">
     <span class='ocr_line' id='line_1_27' title="bbox 213 2498 1808 2583; baseline -0.013 -10"><span class='ocrx_word' id='word_1_168' title='bbox 213 2516 637 2579; x_wconf 87' lang='lat' dir='ltr'><strong>confessionem,</strong></span> <span class='ocrx_word' id='word_1_169' title='bbox 671 2528 831 2583; x_wconf 86' lang='lat' dir='ltr'><strong>quam</strong></span> <span class='ocrx_word' id='word_1_170' title='bbox 857 2522 960 2565; x_wconf 89' lang='lat' dir='ltr'><strong>una</strong></span> <span class='ocrx_word' id='word_1_171' title='bbox 989 2521 1085 2578; x_wconf 87' lang='lat' dir='ltr'><strong>per</strong></span> <span class='ocrx_word' id='word_1_172' title='bbox 1116 2514 1283 2561; x_wconf 78' lang='lat' dir='ltr'><strong>totum</strong></span> <span class='ocrx_word' id='word_1_173' title='bbox 1319 2502 1504 2557; x_wconf 90' lang='lat' dir='ltr'><strong>orbem</strong></span> <span class='ocrx_word' id='word_1_174' title='bbox 1545 2498 1808 2554; x_wconf 84' lang='lat' dir='ltr'><strong>catholica</strong></span> 
     </span>
    </p>
   </div>
   <div class='ocr_carea' id='block_1_28' title="bbox 221 2591 1804 2669">
    <p class='ocr_par' dir='ltr' id='par_1_28' title="bbox 221 2591 1804 2669">
     <span class='ocr_line' id='line_1_28' title="bbox 221 2591 1804 2669; baseline -0.012 -5"><span class='ocrx_word' id='word_1_175' title='bbox 221 2608 510 2666; x_wconf 76' lang='lat' dir='ltr'><strong>conﬁtetur</strong></span> <span class='ocrx_word' id='word_1_176' title='bbox 542 2605 800 2669; x_wconf 89' lang='lat' dir='ltr'><strong>Ecclesia,</strong></span> <span class='ocrx_word' id='word_1_177' title='bbox 854 2602 1017 2658; x_wconf 87' lang='lat' dir='ltr'><strong>corde</strong></span> <span class='ocrx_word' id='word_1_178' title='bbox 1062 2598 1320 2662; x_wconf 88' lang='lat' dir='ltr'><strong>retinens,</strong></span> <span class='ocrx_word' id='word_1_179' title='bbox 1375 2608 1470 2650; x_wconf 79' lang='lat' dir='ltr'><strong>ore</strong></span> <span class='ocrx_word' id='word_1_180' title='bbox 1509 2591 1804 2658; x_wconf 74' lang='lat' dir='ltr'><strong>afﬁrmans,</strong></span> 
     </span>
    </p>
   </div>
   <div class='ocr_carea' id='block_1_29' title="bbox 214 2690 1438 2767">
    <p class='ocr_par' dir='ltr' id='par_1_29' title="bbox 214 2690 1438 2767">
     <span class='ocr_line' id='line_1_29' title="bbox 214 2690 1438 2767; baseline -0.013 -8"><span class='ocrx_word' id='word_1_181' title='bbox 214 2719 328 2759; x_wconf 89' lang='lat' dir='ltr'><strong>mea</strong></span> <span class='ocrx_word' id='word_1_182' title='bbox 353 2703 598 2766; x_wconf 87' lang='lat' dir='ltr'><strong>dextera,</strong></span> <span class='ocrx_word' id='word_1_183' title='bbox 626 2699 736 2753; x_wconf 92' lang='lat' dir='ltr'><strong>Deo</strong></span> <span class='ocrx_word' id='word_1_184' title='bbox 766 2702 1105 2767; x_wconf 77' lang='lat' dir='ltr'><strong>protegente,</strong></span> <span class='ocrx_word' id='word_1_185' title='bbox 1130 2690 1438 2758; x_wconf 89' lang='lat' dir='ltr'><strong>subscripsi.</strong></span> 
     </span>
    </p>
   </div>
   <div class='ocr_carea' id='block_1_30' title="bbox 288 2783 1811 2866">
    <p class='ocr_par' dir='ltr' id='par_1_30' title="bbox 288 2783 1811 2866">
     <span class='ocr_line' id='line_1_30' title="bbox 288 2783 1811 2866; baseline -0.012 -16"><span class='ocrx_word' id='word_1_186' title='bbox 288 2798 401 2866; x_wconf 80' lang='lat' dir='ltr'><strong>Ego</strong></span> <span class='ocrx_word' id='word_1_187' title='bbox 430 2793 612 2848; x_wconf 89' lang='lat' dir='ltr'><strong>Baddo</strong></span> <span class='ocrx_word' id='word_1_188' title='bbox 649 2790 880 2862; x_wconf 89' lang='lat' dir='ltr'><strong>gloriosa</strong></span> <span class='ocrx_word' id='word_1_189' title='bbox 907 2786 1090 2857; x_wconf 88' lang='lat' dir='ltr'><strong>regina</strong></span> <span class='ocrx_word' id='word_1_190' title='bbox 1120 2784 1261 2838; x_wconf 87' lang='lat' dir='ltr'><strong>hanc</strong></span> <span class='ocrx_word' id='word_1_191' title='bbox 1293 2783 1472 2846; x_wconf 82' lang='lat' dir='ltr'><strong>ﬁdem,</strong></span> <span class='ocrx_word' id='word_1_192' title='bbox 1505 2795 1663 2850; x_wconf 90' lang='lat' dir='ltr'><strong>quam</strong></span> <span class='ocrx_word' id='word_1_193' title='bbox 1693 2793 1811 2833; x_wconf 88' lang='lat' dir='ltr'><strong>cre-</strong></span> 
     </span>
    </p>
   </div>
   <div class='ocr_carea' id='block_1_31' title="bbox 216 2871 1809 2962">
    <p class='ocr_par' dir='ltr' id='par_1_31' title="bbox 216 2871 1809 2962">
     <span class='ocr_line' id='line_1_31' title="bbox 216 2871 1809 2962; baseline -0.015 -14"><span class='ocrx_word' id='word_1_194' title='bbox 216 2892 321 2948; x_wconf 90' lang='lat' dir='ltr'><strong>didi</strong></span> <span class='ocrx_word' id='word_1_195' title='bbox 351 2896 408 2946; x_wconf 89' lang='lat' dir='ltr'><strong>et</strong></span> <span class='ocrx_word' id='word_1_196' title='bbox 433 2886 672 2957; x_wconf 82' lang='lat' dir='ltr'><strong>suscepi,</strong></span> <span class='ocrx_word' id='word_1_197' title='bbox 723 2898 840 2939; x_wconf 91' lang='lat' dir='ltr'><strong>mea</strong></span> <span class='ocrx_word' id='word_1_198' title='bbox 872 2896 1030 2936; x_wconf 83' lang='lat' dir='ltr'><strong>manu</strong></span> <span class='ocrx_word' id='word_1_199' title='bbox 1061 2878 1127 2933; x_wconf 89' lang='lat' dir='ltr'><strong>de</strong></span> <span class='ocrx_word' id='word_1_200' title='bbox 1167 2885 1291 2962; x_wconf 59' lang='grc' dir='ltr'><strong>ιοιῖ</strong></span> <span class='ocrx_word' id='word_1_201' title='bbox 1306 2875 1470 2931; x_wconf 89' lang='lat' dir='ltr'><strong>corde</strong></span> <span class='ocrx_word' id='word_1_202' title='bbox 1495 2871 1809 2940; x_wconf 85' lang='lat' dir='ltr'><strong>subscripsi.</strong></span> 
     </span>
    </p>
   </div>
   <div class='ocr_carea' id='block_1_32' title="bbox 283 2964 1814 3040">
    <p class='ocr_par' dir='ltr' id='par_1_32' title="bbox 283 2964 1814 3040">
     <span class='ocr_line' id='line_1_32' title="bbox 283 2964 1814 3040; baseline -0.016 0"><span class='ocrx_word' id='word_1_203' title='bbox 283 2985 438 3040; x_wconf 89' lang='lat' dir='ltr'><strong>Tunc</strong></span> <span class='ocrx_word' id='word_1_204' title='bbox 468 2981 818 3036; x_wconf 88' lang='lat' dir='ltr'><strong>acclamatum</strong></span> <span class='ocrx_word' id='word_1_205' title='bbox 849 2983 935 3031; x_wconf 89' lang='lat' dir='ltr'><strong>est</strong></span> <span class='ocrx_word' id='word_1_206' title='bbox 966 2974 1019 3028; x_wconf 93' lang='lat' dir='ltr'><strong>in</strong></span> <span class='ocrx_word' id='word_1_207' title='bbox 1051 2970 1295 3026; x_wconf 89' lang='lat' dir='ltr'><strong>laudibus</strong></span> <span class='ocrx_word' id='word_1_208' title='bbox 1339 2967 1432 3022; x_wconf 89' lang='lat' dir='ltr'><strong>Dei</strong></span> <span class='ocrx_word' id='word_1_209' title='bbox 1461 2977 1516 3022; x_wconf 91' lang='lat' dir='ltr'><strong>et</strong></span> <span class='ocrx_word' id='word_1_210' title='bbox 1545 2965 1598 3019; x_wconf 92' lang='lat' dir='ltr'><strong>in</strong></span> <span class='ocrx_word' id='word_1_211' title='bbox 1631 2964 1814 3017; x_wconf 87' lang='lat' dir='ltr'><strong>favore</strong></span> 
     </span>
    </p>
   </div>
   <div class='ocr_carea' id='block_1_33' title="bbox 217 3052 1814 3146">
    <p class='ocr_par' dir='ltr' id='par_1_33' title="bbox 217 3052 1814 3146">
     <span class='ocr_line' id='line_1_33' title="bbox 217 3052 1814 3146; baseline -0.017 -13"><span class='ocrx_word' id='word_1_212' title='bbox 217 3075 476 3146; x_wconf 88' lang='lat' dir='ltr'><strong>principis</strong></span> <span class='ocrx_word' id='word_1_213' title='bbox 517 3073 585 3127; x_wconf 89' lang='lat' dir='ltr'><strong>ab</strong></span> <span class='ocrx_word' id='word_1_214' title='bbox 616 3070 869 3125; x_wconf 84' lang='lat' dir='ltr'><strong>universo</strong></span> <span class='ocrx_word' id='word_1_215' title='bbox 898 3061 1131 3120; x_wconf 91' lang='lat' dir='ltr'><strong>concilio</strong></span> <span class='ocrx_word' id='word_1_216' title='bbox 1163 3078 1177 3114; x_wconf 96' lang='lat'>:</span> <span class='ocrx_word' id='word_1_217' title='bbox 1207 3059 1390 3115; x_wconf 86' lang='lat' dir='ltr'><strong>Gloria</strong></span> <span class='ocrx_word' id='word_1_218' title='bbox 1441 3057 1552 3110; x_wconf 92' lang='lat' dir='ltr'><strong>Deo</strong></span> <span class='ocrx_word' id='word_1_219' title='bbox 1590 3052 1733 3109; x_wconf 88' lang='lat' dir='ltr'><strong>Patri</strong></span> <span class='ocrx_word' id='word_1_220' title='bbox 1760 3063 1814 3107; x_wconf 85' lang='lat' dir='ltr'><strong>et</strong></span> 
     </span>
    </p>
   </div>
   <div class='ocr_carea' id='block_1_34' title="bbox 213 3143 1810 3234">
    <p class='ocr_par' dir='ltr' id='par_1_34' title="bbox 213 3143 1810 3234">
     <span class='ocr_line' id='line_1_34' title="bbox 213 3143 1810 3234; baseline -0.016 -10"><span class='ocrx_word' id='word_1_221' title='bbox 213 3143 347 3224; x_wconf 72' lang='lat' dir='ltr'><strong>Eilio</strong></span> <span class='ocrx_word' id='word_1_222' title='bbox 377 3143 440 3224; x_wconf 80' lang='lat' dir='ltr'><strong>et</strong></span> <span class='ocrx_word' id='word_1_223' title='bbox 491 3161 712 3234; x_wconf 90' lang='lat' dir='ltr'><strong>Spiritui</strong></span> <span class='ocrx_word' id='word_1_224' title='bbox 741 3167 953 3221; x_wconf 87' lang='lat' dir='ltr'><strong>sancto,</strong></span> <span class='ocrx_word' id='word_1_225' title='bbox 981 3156 1068 3211; x_wconf 92' lang='lat' dir='ltr'><strong>cui</strong></span> <span class='ocrx_word' id='word_1_226' title='bbox 1093 3169 1223 3210; x_wconf 89' lang='lat' dir='ltr'><strong>cura</strong></span> <span class='ocrx_word' id='word_1_227' title='bbox 1253 3160 1336 3206; x_wconf 90' lang='lat' dir='ltr'><strong>est</strong></span> <span class='ocrx_word' id='word_1_228' title='bbox 1375 3163 1562 3220; x_wconf 87' lang='lat' dir='ltr'><strong>pacem</strong></span> <span class='ocrx_word' id='word_1_229' title='bbox 1605 3155 1662 3201; x_wconf 92' lang='lat' dir='ltr'><strong>et</strong></span> <span class='ocrx_word' id='word_1_230' title='bbox 1689 3143 1810 3199; x_wconf 89' lang='lat' dir='ltr'><strong>uni-</strong></span> 
     </span>
    </p>
   </div>
   <div class='ocr_carea' id='block_1_35' title="bbox 211 3244 1804 3320">
    <p class='ocr_par' dir='ltr' id='par_1_35' title="bbox 211 3244 1804 3320">
     <span class='ocr_line' id='line_1_35' title="bbox 211 3244 1804 3320; baseline -0.015 0"><span class='ocrx_word' id='word_1_231' title='bbox 211 3273 370 3320; x_wconf 88' lang='lat' dir='ltr'><strong>tatem</strong></span> <span class='ocrx_word' id='word_1_232' title='bbox 424 3257 680 3316; x_wconf 76' lang='lat' dir='ltr'><strong>Ecclesia:</strong></span> <span class='ocrx_word' id='word_1_233' title='bbox 723 3271 836 3310; x_wconf 71' lang='lat' dir='ltr'><strong>suze</strong></span> <span class='ocrx_word' id='word_1_234' title='bbox 879 3261 1084 3308; x_wconf 76' lang='lat' dir='ltr'><strong>sanctae</strong></span> <span class='ocrx_word' id='word_1_235' title='bbox 1126 3248 1407 3304; x_wconf 72' lang='lat' dir='ltr'><strong>catholica:</strong></span> <span class='ocrx_word' id='word_1_236' title='bbox 1460 3244 1746 3315; x_wconf 87' lang='lat' dir='ltr'><strong>providere</strong></span> <span class='ocrx_word' id='word_1_237' title='bbox 1789 3259 1804 3296; x_wconf 92' lang='lat'><strong>:</strong></span> 
     </span>
    </p>
   </div>
   <div class='ocr_carea' id='block_1_36' title="bbox 212 3334 1809 3410">
    <p class='ocr_par' dir='ltr' id='par_1_36' title="bbox 212 3334 1809 3410">
     <span class='ocr_line' id='line_1_36' title="bbox 212 3334 1809 3410; baseline -0.014 0"><span class='ocrx_word' id='word_1_238' title='bbox 212 3355 390 3410; x_wconf 89' lang='lat' dir='ltr'><strong>Gloria</strong></span> <span class='ocrx_word' id='word_1_239' title='bbox 435 3351 666 3406; x_wconf 89' lang='lat' dir='ltr'><strong>Domino</strong></span> <span class='ocrx_word' id='word_1_240' title='bbox 697 3357 883 3402; x_wconf 89' lang='lat' dir='ltr'><strong>nostro</strong></span> <span class='ocrx_word' id='word_1_241' title='bbox 931 3343 1059 3399; x_wconf 80' lang='lat' dir='ltr'><strong>Jesu</strong></span> <span class='ocrx_word' id='word_1_242' title='bbox 1089 3341 1324 3405; x_wconf 84' lang='lat' dir='ltr'><strong>Christo,</strong></span> <span class='ocrx_word' id='word_1_243' title='bbox 1354 3336 1444 3407; x_wconf 90' lang='lat' dir='ltr'><strong>qui</strong></span> <span class='ocrx_word' id='word_1_244' title='bbox 1474 3334 1645 3405; x_wconf 91' lang='lat' dir='ltr'><strong>pretio</strong></span> <span class='ocrx_word' id='word_1_245' title='bbox 1685 3348 1809 3389; x_wconf 90' lang='lat' dir='ltr'><strong>san-</strong></span> 
     </span>
    </p>
   </div>
   <div class='ocr_carea' id='block_1_37' title="bbox 217 3426 1809 3517">
    <p class='ocr_par' dir='ltr' id='par_1_37' title="bbox 217 3426 1809 3517">
     <span class='ocr_line' id='line_1_37' title="bbox 217 3426 1809 3517; baseline -0.014 -14"><span class='ocrx_word' id='word_1_246' title='bbox 217 3447 391 3517; x_wconf 79' lang='lat' dir='ltr'><strong>guinis</strong></span> <span class='ocrx_word' id='word_1_247' title='bbox 439 3445 524 3499; x_wconf 89' lang='lat' dir='ltr'><strong>sui</strong></span> <span class='ocrx_word' id='word_1_248' title='bbox 578 3439 882 3496; x_wconf 88' lang='lat' dir='ltr'><strong>Ecclesiam</strong></span> <span class='ocrx_word' id='word_1_249' title='bbox 914 3435 1234 3489; x_wconf 83' lang='lat' dir='ltr'><strong>catholicam</strong></span> <span class='ocrx_word' id='word_1_250' title='bbox 1265 3446 1331 3485; x_wconf 90' lang='lat' dir='ltr'><strong>ex</strong></span> <span class='ocrx_word' id='word_1_251' title='bbox 1360 3429 1607 3484; x_wconf 90' lang='lat' dir='ltr'><strong>omnibus</strong></span> <span class='ocrx_word' id='word_1_252' title='bbox 1634 3426 1809 3498; x_wconf 84' lang='lat' dir='ltr'><strong>genti-</strong></span> 
     </span>
    </p>
   </div>
   <div class='ocr_carea' id='block_1_38' title="bbox 217 3519 1806 3608">
    <p class='ocr_par' dir='ltr' id='par_1_38' title="bbox 217 3519 1806 3608">
     <span class='ocr_line' id='line_1_38' title="bbox 217 3519 1806 3608; baseline -0.016 -11"><span class='ocrx_word' id='word_1_253' title='bbox 217 3543 313 3597; x_wconf 89' lang='lat' dir='ltr'><strong>bus</strong></span> <span class='ocrx_word' id='word_1_254' title='bbox 333 3537 683 3608; x_wconf 80' lang='lat' dir='ltr'><strong>congregavit</strong></span> <span class='ocrx_word' id='word_1_255' title='bbox 709 3553 720 3586; x_wconf 94' lang='lat'>:</span> <span class='ocrx_word' id='word_1_256' title='bbox 745 3531 927 3588; x_wconf 87' lang='lat' dir='ltr'><strong>Gloria</strong></span> <span class='ocrx_word' id='word_1_257' title='bbox 946 3527 1175 3584; x_wconf 86' lang='lat' dir='ltr'><strong>Domino</strong></span> <span class='ocrx_word' id='word_1_258' title='bbox 1197 3534 1384 3579; x_wconf 92' lang='lat' dir='ltr'><strong>nostro</strong></span> <span class='ocrx_word' id='word_1_259' title='bbox 1420 3522 1545 3576; x_wconf 82' lang='lat' dir='ltr'><strong>Jesu</strong></span> <span class='ocrx_word' id='word_1_260' title='bbox 1569 3519 1806 3584; x_wconf 88' lang='lat' dir='ltr'><strong>Christo,</strong></span> 
     </span>
    </p>
   </div>
   <div class='ocr_carea' id='block_1_39' title="bbox 214 3611 1811 3704">
    <p class='ocr_par' dir='ltr' id='par_1_39' title="bbox 214 3611 1811 3704">
     <span class='ocr_line' id='line_1_39' title="bbox 214 3611 1811 3704; baseline -0.014 -17"><span class='ocrx_word' id='word_1_261' title='bbox 214 3636 299 3704; x_wconf 93' lang='lat' dir='ltr'><strong>qui</strong></span> <span class='ocrx_word' id='word_1_262' title='bbox 330 3643 440 3686; x_wconf 89' lang='lat' dir='ltr'><strong>tam</strong></span> <span class='ocrx_word' id='word_1_263' title='bbox 470 3630 733 3684; x_wconf 87' lang='lat' dir='ltr'><strong>illustrem</strong></span> <span class='ocrx_word' id='word_1_264' title='bbox 779 3634 992 3695; x_wconf 88' lang='lat' dir='ltr'><strong>gentem</strong></span> <span class='ocrx_word' id='word_1_265' title='bbox 1041 3617 1232 3675; x_wconf 86' lang='lat' dir='ltr'><strong>unitati</strong></span> <span class='ocrx_word' id='word_1_266' title='bbox 1261 3632 1405 3672; x_wconf 72' lang='lat' dir='ltr'><strong>verre</strong></span> <span class='ocrx_word' id='word_1_267' title='bbox 1437 3613 1557 3669; x_wconf 92' lang='lat' dir='ltr'><strong>ﬁdei</strong></span> <span class='ocrx_word' id='word_1_268' title='bbox 1588 3611 1811 3681; x_wconf 87' lang='lat' dir='ltr'><strong>c0pula-</strong></span> 
     </span>
    </p>
   </div>
   <div class='ocr_carea' id='block_1_40' title="bbox 213 3708 1806 3791">
    <p class='ocr_par' dir='ltr' id='par_1_40' title="bbox 213 3708 1806 3791">
     <span class='ocr_line' id='line_1_40' title="bbox 213 3708 1806 3791; baseline -0.012 -12"><span class='ocrx_word' id='word_1_269' title='bbox 213 3727 307 3791; x_wconf 89' lang='lat' dir='ltr'><strong>vit,</strong></span> <span class='ocrx_word' id='word_1_270' title='bbox 335 3733 392 3780; x_wconf 88' lang='lat' dir='ltr'><strong>et</strong></span> <span class='ocrx_word' id='word_1_271' title='bbox 444 3739 609 3778; x_wconf 92' lang='lat' dir='ltr'><strong>unum</strong></span> <span class='ocrx_word' id='word_1_272' title='bbox 644 3735 884 3790; x_wconf 83' lang='lat' dir='ltr'><strong>gregem,</strong></span> <span class='ocrx_word' id='word_1_273' title='bbox 918 3727 972 3772; x_wconf 91' lang='lat' dir='ltr'><strong>et</strong></span> <span class='ocrx_word' id='word_1_274' title='bbox 1022 3731 1185 3770; x_wconf 90' lang='lat' dir='ltr'><strong>unum</strong></span> <span class='ocrx_word' id='word_1_275' title='bbox 1218 3723 1488 3783; x_wconf 87' lang='lat' dir='ltr'><strong>pastorem</strong></span> <span class='ocrx_word' id='word_1_276' title='bbox 1536 3708 1762 3764; x_wconf 90' lang='lat' dir='ltr'><strong>instituit</strong></span> <span class='ocrx_word' id='word_1_277' title='bbox 1791 3723 1806 3759; x_wconf 90' lang='lat'><strong>:</strong></span> 
     </span>
    </p>
   </div>
   <div class='ocr_carea' id='block_1_41' title="bbox 211 3799 1810 3878">
    <p class='ocr_par' dir='ltr' id='par_1_41' title="bbox 211 3799 1810 3878">
     <span class='ocr_line' id='line_1_41' title="bbox 211 3799 1810 3878; baseline -0.011 -8"><span class='ocrx_word' id='word_1_278' title='bbox 211 3815 368 3870; x_wconf 88' lang='lat' dir='ltr'><strong>Cuia</strong></span> <span class='ocrx_word' id='word_1_279' title='bbox 417 3814 528 3871; x_wconf 90' lang='lat' dir='ltr'><strong>Deo</strong></span> <span class='ocrx_word' id='word_1_280' title='bbox 574 3823 840 3868; x_wconf 73' lang='lat' dir='ltr'><strong>aeternum</strong></span> <span class='ocrx_word' id='word_1_281' title='bbox 891 3810 1139 3864; x_wconf 88' lang='lat' dir='ltr'><strong>meritum</strong></span> <span class='ocrx_word' id='word_1_282' title='bbox 1192 3803 1339 3878; x_wconf 71' lang='lat' dir='ltr'><strong>[:E.,</strong></span> <span class='ocrx_word' id='word_1_283' title='bbox 1392 3800 1668 3874; x_wconf 89' lang='lat' dir='ltr'><strong>gaudium]</strong></span> <span class='ocrx_word' id='word_1_284' title='bbox 1702 3799 1810 3854; x_wconf 90' lang='lat' dir='ltr'><strong>nisi</strong></span> 
     </span>
    </p>
   </div>
   <div class='ocr_carea' id='block_1_42' title="bbox 209 3894 1809 3966">
    <p class='ocr_par' dir='ltr' id='par_1_42' title="bbox 209 3894 1809 3966">
     <span class='ocr_line' id='line_1_42' title="bbox 209 3894 1809 3966; baseline -0.012 -4"><span class='ocrx_word' id='word_1_285' title='bbox 209 3922 341 3962; x_wconf 86' lang='lat' dir='ltr'><strong>vero</strong></span> <span class='ocrx_word' id='word_1_286' title='bbox 369 3908 640 3961; x_wconf 86' lang='lat' dir='ltr'><strong>catholico</strong></span> <span class='ocrx_word' id='word_1_287' title='bbox 688 3901 965 3957; x_wconf 79' lang='lat' dir='ltr'><strong>Recaredo</strong></span> <span class='ocrx_word' id='word_1_288' title='bbox 1011 3898 1157 3966; x_wconf 80' lang='lat' dir='ltr'><strong>regi?</strong></span> <span class='ocrx_word' id='word_1_289' title='bbox 1206 3897 1305 3951; x_wconf 84' lang='lat' dir='ltr'><strong>Cui</strong></span> <span class='ocrx_word' id='word_1_290' title='bbox 1359 3910 1390 3948; x_wconf 90' lang='lat' dir='ltr'><strong>a</strong></span> <span class='ocrx_word' id='word_1_291' title='bbox 1447 3894 1556 3948; x_wconf 94' lang='lat' dir='ltr'><strong>Deo</strong></span> <span class='ocrx_word' id='word_1_292' title='bbox 1608 3902 1809 3946; x_wconf 87' lang='lat' dir='ltr'><strong>aeterna</strong></span> 
     </span>
    </p>
   </div>
   <div class='ocr_carea' id='block_1_43' title="bbox 201 3981 1809 4052">
    <p class='ocr_par' dir='ltr' id='par_1_43' title="bbox 201 3981 1809 4052">
     <span class='ocr_line' id='line_1_43' title="bbox 201 3981 1809 4052; baseline -0.012 0"><span class='ocrx_word' id='word_1_293' title='bbox 201 4008 414 4052; x_wconf 79' lang='lat' dir='ltr'><strong>corona</strong></span> <span class='ocrx_word' id='word_1_294' title='bbox 455 3995 556 4048; x_wconf 84' lang='lat' dir='ltr'><strong>nisi</strong></span> <span class='ocrx_word' id='word_1_295' title='bbox 581 4006 711 4046; x_wconf 88' lang='lat' dir='ltr'><strong>vero</strong></span> <span class='ocrx_word' id='word_1_296' title='bbox 732 3988 1034 4044; x_wconf 75' lang='lat' dir='ltr'><strong>orthodoxe</strong></span> <span class='ocrx_word' id='word_1_297' title='bbox 1059 3986 1331 4040; x_wconf 78' lang='lat' dir='ltr'><strong>Recaredo</strong></span> <span class='ocrx_word' id='word_1_298' title='bbox 1360 3983 1507 4052; x_wconf 86' lang='lat' dir='ltr'><strong>regi?</strong></span> <span class='ocrx_word' id='word_1_299' title='bbox 1536 3981 1632 4035; x_wconf 90' lang='lat' dir='ltr'><strong>Cui</strong></span> <span class='ocrx_word' id='word_1_300' title='bbox 1664 3994 1809 4048; x_wconf 69' lang='lat' dir='ltr'><strong>prae-</strong></span> 
     </span>
    </p>
   </div>
   <div class='ocr_carea' id='block_1_44' title="bbox 206 4075 1813 4154">
    <p class='ocr_par' dir='ltr' id='par_1_44' title="bbox 206 4075 1813 4154">
     <span class='ocr_line' id='line_1_44' title="bbox 206 4075 1813 4154; baseline -0.009 -11"><span class='ocrx_word' id='word_1_301' title='bbox 206 4101 333 4143; x_wconf 87' lang='lat' dir='ltr'><strong>sens</strong></span> <span class='ocrx_word' id='word_1_302' title='bbox 364 4086 543 4154; x_wconf 78' lang='lat' dir='ltr'><strong>gloria</strong></span> <span class='ocrx_word' id='word_1_303' title='bbox 570 4094 626 4140; x_wconf 92' lang='lat' dir='ltr'><strong>et</strong></span> <span class='ocrx_word' id='word_1_304' title='bbox 665 4091 868 4138; x_wconf 58' lang='lat' dir='ltr'><strong>aeterna</strong></span> <span class='ocrx_word' id='word_1_305' title='bbox 898 4081 1000 4136; x_wconf 90' lang='lat' dir='ltr'><strong>nisi</strong></span> <span class='ocrx_word' id='word_1_306' title='bbox 1033 4093 1162 4134; x_wconf 88' lang='lat' dir='ltr'><strong>vero</strong></span> <span class='ocrx_word' id='word_1_307' title='bbox 1203 4078 1428 4133; x_wconf 89' lang='lat' dir='ltr'><strong>amatori</strong></span> <span class='ocrx_word' id='word_1_308' title='bbox 1457 4077 1550 4130; x_wconf 89' lang='lat' dir='ltr'><strong>Dei</strong></span> <span class='ocrx_word' id='word_1_309' title='bbox 1584 4075 1813 4129; x_wconf 67' lang='lat' dir='ltr'><strong>necare-</strong></span> 
     </span>
    </p>
   </div>
   <div class='ocr_carea' id='block_1_45' title="bbox 209 4165 1814 4247">
    <p class='ocr_par' dir='ltr' id='par_1_45' title="bbox 209 4165 1814 4247">
     <span class='ocr_line' id='line_1_45' title="bbox 209 4165 1814 4247; baseline -0.011 -12"><span class='ocrx_word' id='word_1_310' title='bbox 209 4181 281 4235; x_wconf 91' lang='lat' dir='ltr'><strong>do</strong></span> <span class='ocrx_word' id='word_1_311' title='bbox 306 4177 605 4247; x_wconf 67' lang='lat' dir='ltr'><strong>regiilpse</strong></span> <span class='ocrx_word' id='word_1_312' title='bbox 651 4187 909 4230; x_wconf 88' lang='lat' dir='ltr'><strong>novarum</strong></span> <span class='ocrx_word' id='word_1_313' title='bbox 961 4172 1190 4240; x_wconf 91' lang='lat' dir='ltr'><strong>plebium</strong></span> <span class='ocrx_word' id='word_1_314' title='bbox 1242 4171 1296 4224; x_wconf 89' lang='lat' dir='ltr'><strong>in</strong></span> <span class='ocrx_word' id='word_1_315' title='bbox 1357 4166 1601 4223; x_wconf 88' lang='lat' dir='ltr'><strong>Ecclesia</strong></span> <span class='ocrx_word' id='word_1_316' title='bbox 1629 4165 1814 4220; x_wconf 88' lang='lat' dir='ltr'><strong>catho-</strong></span> 
     </span>
    </p>
   </div>
   <div class='ocr_carea' id='block_1_46' title="bbox 216 4259 1816 4342">
    <p class='ocr_par' dir='ltr' id='par_1_46' title="bbox 216 4259 1816 4342">
     <span class='ocr_line' id='line_1_46' title="bbox 216 4259 1816 4342; baseline -0.01 -11"><span class='ocrx_word' id='word_1_317' title='bbox 216 4277 318 4332; x_wconf 86' lang='lat' dir='ltr'><strong>lica</strong></span> <span class='ocrx_word' id='word_1_318' title='bbox 345 4274 677 4342; x_wconf 90' lang='lat' dir='ltr'><strong>conquisitor</strong></span> <span class='ocrx_word' id='word_1_319' title='bbox 710 4286 726 4324; x_wconf 86' lang='lat'>:</span> <span class='ocrx_word' id='word_1_320' title='bbox 777 4270 893 4339; x_wconf 90' lang='lat' dir='ltr'><strong>Ipse</strong></span> <span class='ocrx_word' id='word_1_321' title='bbox 924 4275 1196 4321; x_wconf 87' lang='lat' dir='ltr'><strong>mereatur</strong></span> <span class='ocrx_word' id='word_1_322' title='bbox 1239 4265 1502 4317; x_wconf 88' lang='lat' dir='ltr'><strong>veraciter</strong></span> <span class='ocrx_word' id='word_1_323' title='bbox 1557 4259 1816 4330; x_wconf 87' lang='lat' dir='ltr'><strong>apostoli-</strong></span> 
     </span>
    </p>
   </div>
   <div class='ocr_carea' id='block_1_47' title="bbox 215 4353 1808 4432">
    <p class='ocr_par' dir='ltr' id='par_1_47' title="bbox 215 4353 1808 4432">
     <span class='ocr_line' id='line_1_47' title="bbox 215 4353 1808 4432; baseline -0.012 -8"><span class='ocrx_word' id='word_1_324' title='bbox 215 4384 334 4425; x_wconf 91' lang='lat' dir='ltr'><strong>cum</strong></span> <span class='ocrx_word' id='word_1_325' title='bbox 384 4365 634 4421; x_wconf 90' lang='lat' dir='ltr'><strong>meritum</strong></span> <span class='ocrx_word' id='word_1_326' title='bbox 688 4361 780 4432; x_wconf 89' lang='lat' dir='ltr'><strong>qui</strong></span> <span class='ocrx_word' id='word_1_327' title='bbox 834 4359 1183 4428; x_wconf 81' lang='lat' dir='ltr'><strong>aposwlicum</strong></span> <span class='ocrx_word' id='word_1_328' title='bbox 1238 4355 1479 4424; x_wconf 86' lang='lat' dir='ltr'><strong>implevit</strong></span> <span class='ocrx_word' id='word_1_329' title='bbox 1523 4353 1808 4407; x_wconf 87' lang='lat' dir='ltr'><strong>ofﬁcium:</strong></span> 
     </span>
    </p>
   </div>
   <div class='ocr_carea' id='block_1_48' title="bbox 218 4444 1812 4531">
    <p class='ocr_par' dir='ltr' id='par_1_48' title="bbox 218 4444 1812 4531">
     <span class='ocr_line' id='line_1_48' title="bbox 218 4444 1812 4531; baseline -0.013 -15"><span class='ocrx_word' id='word_1_330' title='bbox 218 4461 334 4531; x_wconf 81' lang='lat' dir='ltr'><strong>ipse</strong></span> <span class='ocrx_word' id='word_1_331' title='bbox 389 4459 460 4514; x_wconf 89' lang='lat' dir='ltr'><strong>sit</strong></span> <span class='ocrx_word' id='word_1_332' title='bbox 486 4459 596 4512; x_wconf 90' lang='lat' dir='ltr'><strong>Deo</strong></span> <span class='ocrx_word' id='word_1_333' title='bbox 650 4465 704 4510; x_wconf 89' lang='lat' dir='ltr'><strong>et</strong></span> <span class='ocrx_word' id='word_1_334' title='bbox 750 4452 1056 4508; x_wconf 88' lang='lat' dir='ltr'><strong>hominibus</strong></span> <span class='ocrx_word' id='word_1_335' title='bbox 1081 4447 1328 4504; x_wconf 87' lang='lat' dir='ltr'><strong>amabilis</strong></span> <span class='ocrx_word' id='word_1_336' title='bbox 1357 4447 1448 4515; x_wconf 86' lang='lat' dir='ltr'><strong>qui</strong></span> <span class='ocrx_word' id='word_1_337' title='bbox 1511 4455 1617 4499; x_wconf 90' lang='lat' dir='ltr'><strong>tam</strong></span> <span class='ocrx_word' id='word_1_338' title='bbox 1650 4444 1812 4498; x_wconf 90' lang='lat' dir='ltr'><strong>mira-</strong></span> 
     </span>
    </p>
   </div>
   <div class='ocr_carea' id='block_1_49' title="bbox 220 4537 1817 4618">
    <p class='ocr_par' dir='ltr' id='par_1_49' title="bbox 220 4537 1817 4618">
     <span class='ocr_line' id='line_1_49' title="bbox 220 4537 1817 4618; baseline -0.013 -9"><span class='ocrx_word' id='word_1_339' title='bbox 220 4553 396 4609; x_wconf 83' lang='lat' dir='ltr'><strong>biliter</strong></span> <span class='ocrx_word' id='word_1_340' title='bbox 422 4551 588 4606; x_wconf 86' lang='lat' dir='ltr'><strong>Deum</strong></span> <span class='ocrx_word' id='word_1_341' title='bbox 619 4546 937 4618; x_wconf 91' lang='lat' dir='ltr'><strong>gloriﬁcavit</strong></span> <span class='ocrx_word' id='word_1_342' title='bbox 963 4546 1016 4598; x_wconf 91' lang='lat' dir='ltr'><strong>in</strong></span> <span class='ocrx_word' id='word_1_343' title='bbox 1069 4543 1246 4609; x_wconf 89' lang='lat' dir='ltr'><strong>terris,</strong></span> <span class='ocrx_word' id='word_1_344' title='bbox 1303 4549 1594 4610; x_wconf 67' lang='lat' dir='ltr'><strong>praestante</strong></span> <span class='ocrx_word' id='word_1_345' title='bbox 1633 4537 1817 4593; x_wconf 83' lang='lat' dir='ltr'><strong>Domi-</strong></span> 
     </span>
    </p>
   </div>
   <div class='ocr_carea' id='block_1_50' title="bbox 226 4633 1816 4708">
    <p class='ocr_par' dir='ltr' id='par_1_50' title="bbox 226 4633 1816 4708">
     <span class='ocr_line' id='line_1_50' title="bbox 226 4633 1816 4708; baseline -0.008 -11"><span class='ocrx_word' id='word_1_346' title='bbox 226 4660 290 4698; x_wconf 89' lang='lat' dir='ltr'><strong>no</strong></span> <span class='ocrx_word' id='word_1_347' title='bbox 316 4644 442 4699; x_wconf 86' lang='lat' dir='ltr'><strong>Jesu</strong></span> <span class='ocrx_word' id='word_1_348' title='bbox 472 4641 686 4697; x_wconf 88' lang='lat' dir='ltr'><strong>Christo</strong></span> <span class='ocrx_word' id='word_1_349' title='bbox 708 4638 735 4674; x_wconf 71' lang='grc' dir='ltr'>α</span> <span class='ocrx_word' id='word_1_350' title='bbox 761 4639 851 4708; x_wconf 93' lang='lat' dir='ltr'><strong>qui</strong></span> <span class='ocrx_word' id='word_1_351' title='bbox 876 4652 1000 4692; x_wconf 91' lang='lat' dir='ltr'><strong>cum</strong></span> <span class='ocrx_word' id='word_1_352' title='bbox 1033 4636 1142 4691; x_wconf 89' lang='lat' dir='ltr'><strong>Deo</strong></span> <span class='ocrx_word' id='word_1_353' title='bbox 1171 4633 1329 4688; x_wconf 89' lang='lat' dir='ltr'><strong>Patre</strong></span> <span class='ocrx_word' id='word_1_354' title='bbox 1357 4633 1486 4687; x_wconf 87' lang='lat' dir='ltr'><strong>vivit</strong></span> <span class='ocrx_word' id='word_1_355' title='bbox 1533 4639 1588 4686; x_wconf 89' lang='lat' dir='ltr'><strong>et</strong></span> <span class='ocrx_word' id='word_1_356' title='bbox 1629 4638 1816 4701; x_wconf 83' lang='lat' dir='ltr'><strong>regnat</strong></span> 
     </span>
    </p>
   </div>
   <div class='ocr_carea' id='block_1_51' title="bbox 218 4725 1811 4801">
    <p class='ocr_par' dir='ltr' id='par_1_51' title="bbox 218 4725 1811 4801">
     <span class='ocr_line' id='line_1_51' title="bbox 218 4725 1811 4801; baseline -0.006 -13"><span class='ocrx_word' id='word_1_357' title='bbox 218 4736 272 4788; x_wconf 88' lang='lat' dir='ltr'><strong>in</strong></span> <span class='ocrx_word' id='word_1_358' title='bbox 346 4737 555 4790; x_wconf 89' lang='lat' dir='ltr'><strong>unitate</strong></span> <span class='ocrx_word' id='word_1_359' title='bbox 604 4731 840 4801; x_wconf 87' lang='lat' dir='ltr'><strong>Spiritus</strong></span> <span class='ocrx_word' id='word_1_360' title='bbox 892 4727 1065 4783; x_wconf 89' lang='lat' dir='ltr'><strong>sancti</strong></span> <span class='ocrx_word' id='word_1_361' title='bbox 1117 4729 1173 4782; x_wconf 89' lang='lat' dir='ltr'><strong>in</strong></span> <span class='ocrx_word' id='word_1_362' title='bbox 1224 4725 1421 4781; x_wconf 62' lang='lat' dir='ltr'><strong>sacula</strong></span> <span class='ocrx_word' id='word_1_363' title='bbox 1472 4725 1811 4779; x_wconf 67' lang='lat' dir='ltr'><strong>saeculorum.</strong></span> 
     </span>
    </p>
   </div>
   <div class='ocr_carea' id='block_1_52' title="bbox 223 4830 408 4884">
    <p class='ocr_par' dir='ltr' id='par_1_52' title="bbox 223 4830 408 4884">
     <span class='ocr_line' id='line_1_52' title="bbox 223 4830 408 4884; baseline 0 0"><span class='ocrx_word' id='word_1_364' title='bbox 223 4830 408 4884; x_wconf 82' lang='lat' dir='ltr'><strong>Amen.</strong></span> 
     </span>
    </p>
   </div>
   <div class='ocr_carea' id='block_1_53' title="bbox 289 4932 1742 5011">
    <p class='ocr_par' dir='ltr' id='par_1_53' title="bbox 289 4932 1742 5011">
     <span class='ocr_line' id='line_1_53' title="bbox 289 4932 1742 5011; baseline -0.008 -12"><span class='ocrx_word' id='word_1_365' title='bbox 289 4944 444 4999; x_wconf 81' lang='lat' dir='ltr'><strong>Fidei</strong></span> <span class='ocrx_word' id='word_1_366' title='bbox 502 4940 750 5011; x_wconf 74' lang='lat' dir='ltr'><strong>confessio</strong></span> <span class='ocrx_word' id='word_1_367' title='bbox 773 4940 1129 5011; x_wconf 78' lang='lat' dir='ltr'><strong>episcoporum</strong></span> <span class='ocrx_word' id='word_1_368' title='bbox 1157 4980 1172 5011; x_wconf 79' lang='lat'><strong>,</strong></span> <span class='ocrx_word' id='word_1_369' title='bbox 1206 4936 1615 5011; x_wconf 71' lang='lat' dir='ltr'><strong>presbyterorum</strong></span> <span class='ocrx_word' id='word_1_370' title='bbox 1662 4932 1742 4988; x_wconf 78' lang='lat' dir='ltr'><strong>vel</strong></span> 
     </span>
    </p>
   </div>
   <div class='ocr_carea' id='block_1_54' title="bbox 319 5007 1687 5086">
    <p class='ocr_par' dir='ltr' id='par_1_54' title="bbox 319 5007 1687 5086">
     <span class='ocr_line' id='line_1_54' title="bbox 319 5007 1687 5086; baseline -0.007 -15"><span class='ocrx_word' id='word_1_371' title='bbox 319 5007 611 5086; x_wconf 72' lang='lat' dir='ltr'><strong>primorum</strong></span> <span class='ocrx_word' id='word_1_372' title='bbox 631 5007 860 5066; x_wconf 78' lang='lat' dir='ltr'><strong>Gothica:</strong></span> <span class='ocrx_word' id='word_1_373' title='bbox 900 5009 1061 5080; x_wconf 79' lang='lat' dir='ltr'><strong>gentis</strong></span> <span class='ocrx_word' id='word_1_374' title='bbox 1085 5008 1172 5078; x_wconf 81' lang='lat' dir='ltr'><strong>qui</strong></span> <span class='ocrx_word' id='word_1_375' title='bbox 1196 5009 1334 5078; x_wconf 78' lang='lat' dir='ltr'><strong>infra</strong></span> <span class='ocrx_word' id='word_1_376' title='bbox 1355 5007 1687 5074; x_wconf 84' lang='lat' dir='ltr'><strong>scripserunt.</strong></span> 
     </span>
    </p>
   </div>
   <div class='ocr_carea' id='block_1_55' title="bbox 294 5121 1814 5198">
    <p class='ocr_par' dir='ltr' id='par_1_55' title="bbox 294 5121 1814 5198">
     <span class='ocr_line' id='line_1_55' title="bbox 294 5121 1814 5198; baseline -0.008 -11"><span class='ocrx_word' id='word_1_377' title='bbox 294 5131 651 5198; x_wconf 78' lang='lat' dir='ltr'><strong>Praccipiente</strong></span> <span class='ocrx_word' id='word_1_378' title='bbox 704 5138 885 5182; x_wconf 89' lang='lat' dir='ltr'><strong>autem</strong></span> <span class='ocrx_word' id='word_1_379' title='bbox 938 5128 1191 5182; x_wconf 86' lang='lat' dir='ltr'><strong>universo</strong></span> <span class='ocrx_word' id='word_1_380' title='bbox 1239 5122 1535 5180; x_wconf 90' lang='lat' dir='ltr'><strong>venerabili</strong></span> <span class='ocrx_word' id='word_1_381' title='bbox 1585 5121 1814 5177; x_wconf 92' lang='lat' dir='ltr'><strong>concilio</strong></span> 
     </span>
    </p>
   </div>
   <div class='ocr_carea' id='block_1_56' title="bbox 229 5211 1814 5291">
    <p class='ocr_par' dir='ltr' id='par_1_56' title="bbox 229 5211 1814 5291">
     <span class='ocr_line' id='line_1_56' title="bbox 229 5211 1814 5291; baseline -0.004 -16"><span class='ocrx_word' id='word_1_382' title='bbox 229 5233 380 5290; x_wconf 82' lang='lat' dir='ltr'><strong>atque</strong></span> <span class='ocrx_word' id='word_1_383' title='bbox 433 5221 679 5291; x_wconf 87' lang='lat' dir='ltr'><strong>jubente,</strong></span> <span class='ocrx_word' id='word_1_384' title='bbox 734 5233 875 5272; x_wconf 92' lang='lat' dir='ltr'><strong>unus</strong></span> <span class='ocrx_word' id='word_1_385' title='bbox 899 5217 1274 5287; x_wconf 87' lang='lat' dir='ltr'><strong>episcoporum</strong></span> <span class='ocrx_word' id='word_1_386' title='bbox 1307 5215 1700 5271; x_wconf 90' lang='lat' dir='ltr'><strong>catholicorum</strong></span> <span class='ocrx_word' id='word_1_387' title='bbox 1744 5211 1814 5268; x_wconf 88' lang='lat' dir='ltr'><strong>ad</strong></span> 
     </span>
    </p>
   </div>
   <div class='ocr_carea' id='block_1_57' title="bbox 295 5348 1814 5424">
    <p class='ocr_par' dir='ltr' id='par_1_57' title="bbox 295 5348 1814 5424">
     <span class='ocr_line' id='line_1_57' title="bbox 295 5348 1814 5424; baseline -0.008 -10"><span class='ocrx_word' id='word_1_388' title='bbox 295 5368 315 5393; x_wconf 68' lang='grc'><strong>³</strong></span> <span class='ocrx_word' id='word_1_389' title='bbox 348 5358 615 5414; x_wconf 88' lang='lat' dir='ltr'><strong>Scribitur</strong></span> <span class='ocrx_word' id='word_1_390' title='bbox 645 5357 914 5424; x_wconf 90' lang='lat' dir='ltr'><strong>integrum</strong></span> <span class='ocrx_word' id='word_1_391' title='bbox 958 5353 1232 5407; x_wconf 69' lang='lat' dir='ltr'><strong>Nicaanum</strong></span> <span class='ocrx_word' id='word_1_392' title='bbox 1263 5352 1568 5424; x_wconf 81' lang='lat' dir='ltr'><strong>symbolum</strong></span> <span class='ocrx_word' id='word_1_393' title='bbox 1604 5348 1814 5424; x_wconf 85' lang='lat' dir='ltr'><strong>in_reli-</strong></span> 
     </span>
    </p>
   </div>
   <div class='ocr_carea' id='block_1_58' title="bbox 230 5421 1811 5497">
    <p class='ocr_par' dir='ltr' id='par_1_58' title="bbox 230 5421 1811 5497">
     <span class='ocr_line' id='line_1_58' title="bbox 230 5421 1811 5497; baseline -0.003 -16"><span class='ocrx_word' id='word_1_394' title='bbox 230 5429 340 5497; x_wconf 84' lang='lat' dir='ltr'><strong>quis</strong></span> <span class='ocrx_word' id='word_1_395' title='bbox 369 5430 664 5483; x_wconf 70' lang='lat' dir='ltr'><strong>(Iudicibns</strong></span> <span class='ocrx_word' id='word_1_396' title='bbox 724 5421 918 5491; x_wconf 60' lang='lat' dir='ltr'><strong>praeter</strong></span> <span class='ocrx_word' id='word_1_397' title='bbox 957 5426 1046 5486; x_wconf 84' lang='lat' dir='ltr'><strong>A.,</strong></span> <span class='ocrx_word' id='word_1_398' title='bbox 1080 5429 1130 5477; x_wconf 87' lang='lat' dir='ltr'><strong>in</strong></span> <span class='ocrx_word' id='word_1_399' title='bbox 1155 5439 1259 5488; x_wconf 85' lang='lat' dir='ltr'><strong>quo</strong></span> <span class='ocrx_word' id='word_1_400' title='bbox 1283 5423 1398 5497; x_wconf 55' lang='lat' dir='ltr'><strong>huic</strong></span> <span class='ocrx_word' id='word_1_401' title='bbox 1426 5423 1489 5474; x_wconf 89' lang='lat' dir='ltr'><strong>ad</strong></span> <span class='ocrx_word' id='word_1_402' title='bbox 1519 5421 1811 5491; x_wconf 84' lang='lat' dir='ltr'><strong>marginem</strong></span> 
     </span>
    </p>
   </div>
   <div class='ocr_carea' id='block_1_59' title="bbox 233 5494 1588 5566">
    <p class='ocr_par' dir='ltr' id='par_1_59' title="bbox 233 5494 1588 5566">
     <span class='ocr_line' id='line_1_59' title="bbox 233 5494 1588 5566; baseline -0.006 -14"><span class='ocrx_word' id='word_1_403' title='bbox 233 5494 415 5566; x_wconf 66' lang='lat' dir='ltr'><strong>legitur</strong></span> <span class='ocrx_word' id='word_1_404' title='bbox 445 5510 568 5552; x_wconf 80' lang='lat' dir='ltr'><strong>nuta</strong></span> <span class='ocrx_word' id='word_1_405' title='bbox 598 5513 614 5553; x_wconf 90' lang='lat'>:</span> <span class='ocrx_word' id='word_1_406' title='bbox 655 5497 764 5550; x_wconf 84' lang='lat' dir='ltr'><strong>Hoc</strong></span> <span class='ocrx_word' id='word_1_407' title='bbox 795 5497 1013 5551; x_wconf 85' lang='lat' dir='ltr'><strong>invenies</strong></span> <span class='ocrx_word' id='word_1_408' title='bbox 1045 5497 1096 5548; x_wconf 88' lang='lat' dir='ltr'><strong>in</strong></span> <span class='ocrx_word' id='word_1_409' title='bbox 1122 5497 1322 5564; x_wconf 82' lang='lat' dir='ltr'><strong>synodo</strong></span> <span class='ocrx_word' id='word_1_410' title='bbox 1348 5494 1588 5547; x_wconf 68' lang='lat' dir='ltr'><strong>Nica’na.</strong></span> 
     </span>
    </p>
   </div>
   <div class='ocr_carea' id='block_1_60' title="bbox 300 5564 1812 5634">
    <p class='ocr_par' dir='ltr' id='par_1_60' title="bbox 300 5564 1812 5634">
     <span class='ocr_line' id='line_1_60' title="bbox 300 5564 1812 5634; baseline -0.005 -8"><span class='ocrx_word' id='word_1_411' title='bbox 300 5571 321 5607; x_wconf 73' lang='grc' dir='ltr'>δ</span> <span class='ocrx_word' id='word_1_412' title='bbox 354 5574 590 5626; x_wconf 86' lang='lat' dir='ltr'><strong>Habetur</strong></span> <span class='ocrx_word' id='word_1_413' title='bbox 618 5568 748 5623; x_wconf 91' lang='lat' dir='ltr'><strong>fides</strong></span> <span class='ocrx_word' id='word_1_414' title='bbox 765 5567 1369 5634; x_wconf 72' lang='lat' dir='ltr'><strong>Constantinopolitanae</strong></span> <span class='ocrx_word' id='word_1_415' title='bbox 1393 5564 1582 5630; x_wconf 82' lang='lat' dir='ltr'><strong>synodi</strong></span> <span class='ocrx_word' id='word_1_416' title='bbox 1609 5565 1659 5617; x_wconf 92' lang='lat' dir='ltr'><strong>in</strong></span> <span class='ocrx_word' id='word_1_417' title='bbox 1692 5579 1812 5618; x_wconf 92' lang='lat' dir='ltr'><strong>om-</strong></span> 
     </span>
    </p>
   </div>
   <div class='ocr_carea' id='block_1_61' title="bbox 232 5636 1811 5708">
    <p class='ocr_par' dir='ltr' id='par_1_61' title="bbox 232 5636 1811 5708">
     <span class='ocr_line' id='line_1_61' title="bbox 232 5636 1811 5708; baseline -0.001 -16"><span class='ocrx_word' id='word_1_418' title='bbox 232 5642 378 5697; x_wconf 90' lang='lat' dir='ltr'><strong>nibus</strong></span> <span class='ocrx_word' id='word_1_419' title='bbox 427 5641 716 5697; x_wconf 86' lang='lat' dir='ltr'><strong>Codicibus</strong></span> <span class='ocrx_word' id='word_1_420' title='bbox 764 5651 986 5707; x_wconf 77' lang='lat' dir='ltr'><strong>excepto</strong></span> <span class='ocrx_word' id='word_1_421' title='bbox 1018 5642 1106 5705; x_wconf 83' lang='lat' dir='ltr'><strong>A.,</strong></span> <span class='ocrx_word' id='word_1_422' title='bbox 1161 5638 1348 5708; x_wconf 78' lang='lat' dir='ltr'><strong>inquo</strong></span> <span class='ocrx_word' id='word_1_423' title='bbox 1395 5636 1461 5689; x_wconf 81' lang='lat' dir='ltr'><strong>ad</strong></span> <span class='ocrx_word' id='word_1_424' title='bbox 1520 5638 1811 5705; x_wconf 76' lang='lat' dir='ltr'><strong>marginem</strong></span> 
     </span>
    </p>
   </div>
   <div class='ocr_carea' id='block_1_62' title="bbox 235 5708 1811 5780">
    <p class='ocr_par' dir='ltr' id='par_1_62' title="bbox 235 5708 1811 5780">
     <span class='ocr_line' id='line_1_62' title="bbox 235 5708 1811 5780; baseline -0.001 -18"><span class='ocrx_word' id='word_1_425' title='bbox 235 5716 520 5767; x_wconf 86' lang='lat' dir='ltr'><strong>scribitur:</strong></span> <span class='ocrx_word' id='word_1_426' title='bbox 555 5712 802 5765; x_wconf 86' lang='lat' dir='ltr'><strong>Similiter</strong></span> <span class='ocrx_word' id='word_1_427' title='bbox 825 5711 920 5765; x_wconf 81' lang='lat' dir='ltr'><strong>hac</strong></span> <span class='ocrx_word' id='word_1_428' title='bbox 970 5710 1186 5780; x_wconf 80' lang='lat' dir='ltr'><strong>reperies</strong></span> <span class='ocrx_word' id='word_1_429' title='bbox 1234 5711 1289 5764; x_wconf 88' lang='lat' dir='ltr'><strong>in</strong></span> <span class='ocrx_word' id='word_1_430' title='bbox 1333 5708 1811 5764; x_wconf 79' lang='lat' dir='ltr'><strong>Conslantinouofi-</strong></span> 
     </span>
    </p>
   </div>
   <div class='ocr_carea' id='block_1_63' title="bbox 237 5781 611 5840">
    <p class='ocr_par' dir='ltr' id='par_1_63' title="bbox 237 5781 611 5840">
     <span class='ocr_line' id='line_1_63' title="bbox 237 5781 611 5840; baseline -0.003 -4"><span class='ocrx_word' id='word_1_431' title='bbox 237 5792 348 5838; x_wconf 73' lang='lat' dir='ltr'><strong>(ano</strong></span> <span class='ocrx_word' id='word_1_432' title='bbox 372 5781 611 5840; x_wconf 80' lang='lat' dir='ltr'><strong>concilio.</strong></span> 
     </span>
    </p>
   </div>
   <div class='ocr_carea' id='block_1_64' title="bbox 1901 481 3512 553">
    <p class='ocr_par' dir='ltr' id='par_1_64' title="bbox 1901 481 3512 553">
     <span class='ocr_line' id='line_1_64' title="bbox 1901 481 3512 553; baseline 0.004 -17"><span class='ocrx_word' id='word_1_433' title='bbox 1901 483 2100 536; x_wconf 77' lang='lat' dir='ltr'><strong>Ariana</strong></span> <span class='ocrx_word' id='word_1_434' title='bbox 2131 498 2420 539; x_wconf 89' lang='lat' dir='ltr'><strong>conversos</strong></span> <span class='ocrx_word' id='word_1_435' title='bbox 2449 483 2710 553; x_wconf 89' lang='lat' dir='ltr'><strong>ejusmodi</strong></span> <span class='ocrx_word' id='word_1_436' title='bbox 2743 481 3070 538; x_wconf 86' lang='lat' dir='ltr'><strong>allocutione</strong></span> <span class='ocrx_word' id='word_1_437' title='bbox 3125 498 3353 540; x_wconf 80' lang='lat' dir='ltr'><strong>exorsus</strong></span> <span class='ocrx_word' id='word_1_438' title='bbox 3402 494 3512 543; x_wconf 68' lang='lat' dir='ltr'><strong>est-</strong></span> 
     </span>
    </p>
   </div>
   <div class='ocr_carea' id='block_1_65' title="bbox 1901 576 3492 647">
    <p class='ocr_par' dir='ltr' id='par_1_65' title="bbox 1901 576 3492 647">
     <span class='ocr_line' id='line_1_65' title="bbox 1901 576 3492 647; baseline 0.003 -17"><span class='ocrx_word' id='word_1_439' title='bbox 1901 576 2086 631; x_wconf 88' lang='lat' dir='ltr'><strong>dicens</strong></span> <span class='ocrx_word' id='word_1_440' title='bbox 2117 592 2132 631; x_wconf 85' lang='lat'><strong>:</strong></span> <span class='ocrx_word' id='word_1_441' title='bbox 2163 577 2332 632; x_wconf 75' lang='lat' dir='ltr'><strong>Officii</strong></span> <span class='ocrx_word' id='word_1_442' title='bbox 2367 578 2537 632; x_wconf 90' lang='lat' dir='ltr'><strong>nostri</strong></span> <span class='ocrx_word' id='word_1_443' title='bbox 2580 593 2705 632; x_wconf 90' lang='lat' dir='ltr'><strong>cura</strong></span> <span class='ocrx_word' id='word_1_444' title='bbox 2745 588 2797 632; x_wconf 91' lang='lat' dir='ltr'><strong>et</strong></span> <span class='ocrx_word' id='word_1_445' title='bbox 2826 576 3121 632; x_wconf 89' lang='lat' dir='ltr'><strong>fidelissimi</strong></span> <span class='ocrx_word' id='word_1_446' title='bbox 3168 586 3329 646; x_wconf 89' lang='lat' dir='ltr'><strong>atque</strong></span> <span class='ocrx_word' id='word_1_447' title='bbox 3373 578 3492 647; x_wconf 65' lang='lat' dir='ltr'><strong>gloo</strong></span> 
     </span>
    </p>
   </div>
   <div class='ocr_carea' id='block_1_66' title="bbox 1901 667 3490 737">
    <p class='ocr_par' dir='ltr' id='par_1_66' title="bbox 1901 667 3490 737">
     <span class='ocr_line' id='line_1_66' title="bbox 1901 667 3490 737; baseline 0.001 -16"><span class='ocrx_word' id='word_1_448' title='bbox 1901 667 2185 722; x_wconf 89' lang='lat' dir='ltr'><strong>riosissimi</strong></span> <span class='ocrx_word' id='word_1_449' title='bbox 2237 667 2496 736; x_wconf 91' lang='lat' dir='ltr'><strong>principis</strong></span> <span class='ocrx_word' id='word_1_450' title='bbox 2550 668 2915 724; x_wconf 86' lang='lat' dir='ltr'><strong>admonitione</strong></span> <span class='ocrx_word' id='word_1_451' title='bbox 2967 667 3318 737; x_wconf 90' lang='lat' dir='ltr'><strong>propellimur</strong></span> <span class='ocrx_word' id='word_1_452' title='bbox 3369 667 3490 723; x_wconf 86' lang='lat' dir='ltr'><strong>dili-</strong></span> 
     </span>
    </p>
   </div>
   <div class='ocr_carea' id='block_1_67' title="bbox 1900 760 3486 832">
    <p class='ocr_par' dir='ltr' id='par_1_67' title="bbox 1900 760 3486 832">
     <span class='ocr_line' id='line_1_67' title="bbox 1900 760 3486 832; baseline 0.001 -17"><span class='ocrx_word' id='word_1_453' title='bbox 1900 773 2088 831; x_wconf 88' lang='lat' dir='ltr'><strong>genter</strong></span> <span class='ocrx_word' id='word_1_454' title='bbox 2142 777 2173 816; x_wconf 90' lang='lat' dir='ltr'><strong>a</strong></span> <span class='ocrx_word' id='word_1_455' title='bbox 2232 770 2406 815; x_wconf 89' lang='lat' dir='ltr'><strong>vestra</strong></span> <span class='ocrx_word' id='word_1_456' title='bbox 2473 761 2734 816; x_wconf 86' lang='lat' dir='ltr'><strong>charitate</strong></span> <span class='ocrx_word' id='word_1_457' title='bbox 2791 762 3141 832; x_wconf 85' lang='lat' dir='ltr'><strong>perquirere,</strong></span> <span class='ocrx_word' id='word_1_458' title='bbox 3209 762 3294 816; x_wconf 90' lang='lat' dir='ltr'><strong>vel</strong></span> <span class='ocrx_word' id='word_1_459' title='bbox 3359 760 3486 828; x_wconf 85' lang='lat' dir='ltr'><strong>quid</strong></span> 
     </span>
    </p>
   </div>
   <div class='ocr_carea' id='block_1_68' title="bbox 1901 856 3486 928">
    <p class='ocr_par' dir='ltr' id='par_1_68' title="bbox 1901 856 3486 928">
     <span class='ocr_line' id='line_1_68' title="bbox 1901 856 3486 928; baseline -0.002 -16"><span class='ocrx_word' id='word_1_460' title='bbox 1901 857 2166 912; x_wconf 87' lang='lat' dir='ltr'><strong>damnetis</strong></span> <span class='ocrx_word' id='word_1_461' title='bbox 2231 860 2284 911; x_wconf 91' lang='lat' dir='ltr'><strong>in</strong></span> <span class='ocrx_word' id='word_1_462' title='bbox 2343 859 2547 911; x_wconf 68' lang='lat' dir='ltr'><strong>hmrese</strong></span> <span class='ocrx_word' id='word_1_463' title='bbox 2596 865 2688 910; x_wconf 89' lang='lat' dir='ltr'><strong>aut</strong></span> <span class='ocrx_word' id='word_1_464' title='bbox 2725 859 2850 928; x_wconf 90' lang='lat' dir='ltr'><strong>quid</strong></span> <span class='ocrx_word' id='word_1_465' title='bbox 2904 859 3040 913; x_wconf 90' lang='lat' dir='ltr'><strong>intra</strong></span> <span class='ocrx_word' id='word_1_466' title='bbox 3091 856 3183 911; x_wconf 91' lang='lat' dir='ltr'><strong>Dei</strong></span> <span class='ocrx_word' id='word_1_467' title='bbox 3246 866 3486 911; x_wconf 91' lang='lat' dir='ltr'><strong>sanctam</strong></span> 
     </span>
    </p>
   </div>
   <div class='ocr_carea' id='block_1_69' title="bbox 1901 949 3489 1005">
    <p class='ocr_par' dir='ltr' id='par_1_69' title="bbox 1901 949 3489 1005">
     <span class='ocr_line' id='line_1_69' title="bbox 1901 949 3489 1005; baseline -0.001 -1"><span class='ocrx_word' id='word_1_468' title='bbox 1901 949 2219 1004; x_wconf 89' lang='lat' dir='ltr'><strong>catholicam</strong></span> <span class='ocrx_word' id='word_1_469' title='bbox 2266 949 2497 1004; x_wconf 89' lang='lat' dir='ltr'><strong>credatis</strong></span> <span class='ocrx_word' id='word_1_470' title='bbox 2554 950 2846 1005; x_wconf 84' lang='lat' dir='ltr'><strong>Ecclesiam</strong></span> <span class='ocrx_word' id='word_1_471' title='bbox 2893 967 3061 1005; x_wconf 90' lang='lat' dir='ltr'><strong>:nam</strong></span> <span class='ocrx_word' id='word_1_472' title='bbox 3091 950 3229 1005; x_wconf 91' lang='lat' dir='ltr'><strong>sicut</strong></span> <span class='ocrx_word' id='word_1_473' title='bbox 3277 950 3489 1004; x_wconf 88' lang='lat' dir='ltr'><strong>dicente</strong></span> 
     </span>
    </p>
   </div>
   <div class='ocr_carea' id='block_1_70' title="bbox 1902 1041 3490 1117">
    <p class='ocr_par' dir='ltr' id='par_1_70' title="bbox 1902 1041 3490 1117">
     <span class='ocr_line' id='line_1_70' title="bbox 1902 1041 3490 1117; baseline -0.001 -18"><span class='ocrx_word' id='word_1_474' title='bbox 1902 1043 2181 1099; x_wconf 83' lang='lat' dir='ltr'><strong>Psalmista</strong></span> <span class='ocrx_word' id='word_1_475' title='bbox 2214 1043 2516 1112; x_wconf 88' lang='lat' dir='ltr'><strong>didicimus,</strong></span> <span class='ocrx_word' id='word_1_476' title='bbox 2547 1041 2767 1115; x_wconf 81' lang='lat' dir='ltr'><strong>Incipite</strong></span> <span class='ocrx_word' id='word_1_477' title='bbox 2800 1045 3021 1100; x_wconf 86' lang='lat' dir='ltr'><strong>Domino</strong></span> <span class='ocrx_word' id='word_1_478' title='bbox 3045 1047 3100 1098; x_wconf 88' lang='lat' dir='ltr'><strong>in</strong></span> <span class='ocrx_word' id='word_1_479' title='bbox 3130 1045 3490 1117; x_wconf 74' lang='lat' dir='ltr'><strong>confessione;</strong></span> 
     </span>
    </p>
   </div>
   <div class='ocr_carea' id='block_1_71' title="bbox 1904 1137 3488 1206">
    <p class='ocr_par' dir='ltr' id='par_1_71' title="bbox 1904 1137 3488 1206">
     <span class='ocr_line' id='line_1_71' title="bbox 1904 1137 3488 1206; baseline -0.001 -15"><span class='ocrx_word' id='word_1_480' title='bbox 1904 1137 2164 1201; x_wconf 77' lang='lat' dir='ltr'><strong>Optimum</strong></span> <span class='ocrx_word' id='word_1_481' title='bbox 2227 1146 2309 1191; x_wconf 91' lang='lat' dir='ltr'><strong>est</strong></span> <span class='ocrx_word' id='word_1_482' title='bbox 2349 1148 2652 1204; x_wconf 75' lang='lat' dir='ltr'><strong>vesmeque</strong></span> <span class='ocrx_word' id='word_1_483' title='bbox 2709 1137 2867 1191; x_wconf 89' lang='lat' dir='ltr'><strong>saluti</strong></span> <span class='ocrx_word' id='word_1_484' title='bbox 2935 1137 3259 1192; x_wconf 89' lang='lat' dir='ltr'><strong>conveniens</strong></span> <span class='ocrx_word' id='word_1_485' title='bbox 3314 1137 3488 1206; x_wconf 88' lang='lat' dir='ltr'><strong>palam</strong></span> 
     </span>
    </p>
   </div>
   <div class='ocr_carea' id='block_1_72' title="bbox 1902 1228 3488 1298">
    <p class='ocr_par' dir='ltr' id='par_1_72' title="bbox 1902 1228 3488 1298">
     <span class='ocr_line' id='line_1_72' title="bbox 1902 1228 3488 1298; baseline -0.001 -15"><span class='ocrx_word' id='word_1_486' title='bbox 1902 1230 2150 1283; x_wconf 88' lang='lat' dir='ltr'><strong>confiteri</strong></span> <span class='ocrx_word' id='word_1_487' title='bbox 2201 1229 2343 1298; x_wconf 90' lang='lat' dir='ltr'><strong>quod</strong></span> <span class='ocrx_word' id='word_1_488' title='bbox 2391 1230 2630 1293; x_wconf 89' lang='lat' dir='ltr'><strong>creditis,</strong></span> <span class='ocrx_word' id='word_1_489' title='bbox 2666 1237 2718 1283; x_wconf 90' lang='lat' dir='ltr'><strong>et</strong></span> <span class='ocrx_word' id='word_1_490' title='bbox 2771 1228 2872 1283; x_wconf 89' lang='lat' dir='ltr'><strong>sub</strong></span> <span class='ocrx_word' id='word_1_491' title='bbox 2903 1230 3085 1284; x_wconf 88' lang='lat' dir='ltr'><strong>auditu</strong></span> <span class='ocrx_word' id='word_1_492' title='bbox 3116 1231 3488 1284; x_wconf 85' lang='lat' dir='ltr'><strong>universorum</strong></span> 
     </span>
    </p>
   </div>
   <div class='ocr_carea' id='block_1_73' title="bbox 1903 1320 3496 1390">
    <p class='ocr_par' dir='ltr' id='par_1_73' title="bbox 1903 1320 3496 1390">
     <span class='ocr_line' id='line_1_73' title="bbox 1903 1320 3496 1390; baseline 0.001 -16"><span class='ocrx_word' id='word_1_493' title='bbox 1903 1320 2362 1376; x_wconf 79' lang='lat' dir='ltr'><strong>anathetnatizare</strong></span> <span class='ocrx_word' id='word_1_494' title='bbox 2412 1321 2552 1390; x_wconf 86' lang='lat' dir='ltr'><strong>quod</strong></span> <span class='ocrx_word' id='word_1_495' title='bbox 2603 1322 2877 1390; x_wconf 90' lang='lat' dir='ltr'><strong>respuitis.</strong></span> <span class='ocrx_word' id='word_1_496' title='bbox 2914 1320 3065 1375; x_wconf 89' lang='lat' dir='ltr'><strong>Tunc</strong></span> <span class='ocrx_word' id='word_1_497' title='bbox 3114 1336 3334 1390; x_wconf 74' lang='lat' dir='ltr'><strong>prorsus</strong></span> <span class='ocrx_word' id='word_1_498' title='bbox 3362 1321 3496 1390; x_wconf 82' lang='lat' dir='ltr'><strong>opti-</strong></span> 
     </span>
    </p>
   </div>
   <div class='ocr_carea' id='block_1_74' title="bbox 1903 1412 3493 1482">
    <p class='ocr_par' dir='ltr' id='par_1_74' title="bbox 1903 1412 3493 1482">
     <span class='ocr_line' id='line_1_74' title="bbox 1903 1412 3493 1482; baseline 0.001 -17"><span class='ocrx_word' id='word_1_499' title='bbox 1903 1429 1989 1466; x_wconf 89' lang='lat' dir='ltr'><strong>me</strong></span> <span class='ocrx_word' id='word_1_500' title='bbox 2022 1413 2266 1482; x_wconf 90' lang='lat' dir='ltr'><strong>poteritis</strong></span> <span class='ocrx_word' id='word_1_501' title='bbox 2312 1414 2632 1482; x_wconf 83' lang='lat' dir='ltr'><strong>evangelicae</strong></span> <span class='ocrx_word' id='word_1_502' title='bbox 2661 1424 2820 1482; x_wconf 89' lang='lat' dir='ltr'><strong>atque</strong></span> <span class='ocrx_word' id='word_1_503' title='bbox 2850 1412 3154 1479; x_wconf 67' lang='lat' dir='ltr'><strong>apostolica:</strong></span> <span class='ocrx_word' id='word_1_504' title='bbox 3209 1413 3331 1466; x_wconf 90' lang='lat' dir='ltr'><strong>ﬁdei</strong></span> <span class='ocrx_word' id='word_1_505' title='bbox 3373 1427 3493 1479; x_wconf 86' lang='lat' dir='ltr'><strong>par-</strong></span> 
     </span>
    </p>
   </div>
   <div class='ocr_carea' id='block_1_75' title="bbox 1906 1502 3494 1572">
    <p class='ocr_par' dir='ltr' id='par_1_75' title="bbox 1906 1502 3494 1572">
     <span class='ocr_line' id='line_1_75' title="bbox 1906 1502 3494 1572; baseline 0.001 -17"><span class='ocrx_word' id='word_1_506' title='bbox 1906 1502 2095 1572; x_wconf 90' lang='lat' dir='ltr'><strong>ticipes</strong></span> <span class='ocrx_word' id='word_1_507' title='bbox 2142 1503 2280 1568; x_wconf 88' lang='lat' dir='ltr'><strong>fieri,</strong></span> <span class='ocrx_word' id='word_1_508' title='bbox 2316 1505 2360 1557; x_wconf 93' lang='lat' dir='ltr'><strong>si</strong></span> <span class='ocrx_word' id='word_1_509' title='bbox 2407 1506 2652 1558; x_wconf 90' lang='lat' dir='ltr'><strong>eamdem</strong></span> <span class='ocrx_word' id='word_1_510' title='bbox 2686 1503 2844 1558; x_wconf 87' lang='lat' dir='ltr'><strong>fidem</strong></span> <span class='ocrx_word' id='word_1_511' title='bbox 2891 1504 3206 1558; x_wconf 87' lang='lat' dir='ltr'><strong>catholicam</strong></span> <span class='ocrx_word' id='word_1_512' title='bbox 3249 1519 3313 1558; x_wconf 86' lang='lat' dir='ltr'><strong>ex</strong></span> <span class='ocrx_word' id='word_1_513' title='bbox 3363 1517 3494 1556; x_wconf 89' lang='lat' dir='ltr'><strong>con-</strong></span> 
     </span>
    </p>
   </div>
   <div class='ocr_carea' id='block_1_76' title="bbox 1905 1593 3496 1665">
    <p class='ocr_par' dir='ltr' id='par_1_76' title="bbox 1905 1593 3496 1665">
     <span class='ocr_line' id='line_1_76' title="bbox 1905 1593 3496 1665; baseline -0.001 -16"><span class='ocrx_word' id='word_1_514' title='bbox 1905 1595 2140 1651; x_wconf 87' lang='lat' dir='ltr'><strong>fessione</strong></span> <span class='ocrx_word' id='word_1_515' title='bbox 2169 1597 2429 1650; x_wconf 87' lang='lat' dir='ltr'><strong>catholica</strong></span> <span class='ocrx_word' id='word_1_516' title='bbox 2462 1596 2727 1665; x_wconf 89' lang='lat' dir='ltr'><strong>incipiatis</strong></span> <span class='ocrx_word' id='word_1_517' title='bbox 2757 1595 2840 1650; x_wconf 91' lang='lat' dir='ltr'><strong>vel</strong></span> <span class='ocrx_word' id='word_1_518' title='bbox 2866 1595 3079 1662; x_wconf 88' lang='lat' dir='ltr'><strong>propria</strong></span> <span class='ocrx_word' id='word_1_519' title='bbox 3104 1593 3496 1662; x_wconf 86' lang='lat' dir='ltr'><strong>subscriptione</strong></span> 
     </span>
    </p>
   </div>
   <div class='ocr_carea' id='block_1_77' title="bbox 1910 1687 3496 1759">
    <p class='ocr_par' dir='ltr' id='par_1_77' title="bbox 1910 1687 3496 1759">
     <span class='ocr_line' id='line_1_77' title="bbox 1910 1687 3496 1759; baseline -0.003 -16"><span class='ocrx_word' id='word_1_520' title='bbox 1910 1689 2156 1750; x_wconf 90' lang='lat' dir='ltr'><strong>ﬁrmetis.</strong></span> <span class='ocrx_word' id='word_1_521' title='bbox 2185 1699 2238 1745; x_wconf 91' lang='lat' dir='ltr'><strong>et</strong></span> <span class='ocrx_word' id='word_1_522' title='bbox 2291 1690 2448 1744; x_wconf 88' lang='lat' dir='ltr'><strong>sicuti</strong></span> <span class='ocrx_word' id='word_1_523' title='bbox 2483 1691 2593 1744; x_wconf 91' lang='lat' dir='ltr'><strong>Deo</strong></span> <span class='ocrx_word' id='word_1_524' title='bbox 2619 1687 2730 1759; x_wconf 81' lang='lat' dir='ltr'><strong>jam</strong></span> <span class='ocrx_word' id='word_1_525' title='bbox 2761 1689 2829 1743; x_wconf 87' lang='lat' dir='ltr'><strong>de</strong></span> <span class='ocrx_word' id='word_1_526' title='bbox 2857 1689 2994 1743; x_wconf 88' lang='lat' dir='ltr'><strong>bona</strong></span> <span class='ocrx_word' id='word_1_527' title='bbox 3023 1687 3379 1742; x_wconf 88' lang='lat' dir='ltr'><strong>consensione</strong></span> <span class='ocrx_word' id='word_1_528' title='bbox 3405 1699 3496 1740; x_wconf 90' lang='lat' dir='ltr'><strong>co-</strong></span> 
     </span>
    </p>
   </div>
   <div class='ocr_carea' id='block_1_78' title="bbox 1787 1754 3499 1852">
    <p class='ocr_par' dir='ltr' id='par_1_78' title="bbox 1787 1754 3499 1852">
     <span class='ocr_line' id='line_1_78' title="bbox 1787 1754 3499 1852; baseline -0.004 -15"><span class='ocrx_word' id='word_1_529' title='bbox 1787 1848 1789 1850; x_wconf 24' lang='grc' dir='ltr'><strong>η</strong></span> <span class='ocrx_word' id='word_1_530' title='bbox 1834 1754 1883 1814; x_wconf 80' lang='grc' dir='ltr'><strong>Β</strong></span> <span class='ocrx_word' id='word_1_531' title='bbox 1909 1781 2039 1852; x_wconf 86' lang='lat' dir='ltr'><strong>gniti</strong></span> <span class='ocrx_word' id='word_1_532' title='bbox 2070 1783 2199 1837; x_wconf 89' lang='lat' dir='ltr'><strong>estis</strong></span> <span class='ocrx_word' id='word_1_533' title='bbox 2223 1781 2573 1845; x_wconf 88' lang='lat' dir='ltr'><strong>conscientia,</strong></span> <span class='ocrx_word' id='word_1_534' title='bbox 2618 1782 2688 1835; x_wconf 92' lang='lat' dir='ltr'><strong>ita</strong></span> <span class='ocrx_word' id='word_1_535' title='bbox 2734 1780 2990 1850; x_wconf 79' lang='lat' dir='ltr'><strong>proximis</strong></span> <span class='ocrx_word' id='word_1_536' title='bbox 3016 1795 3109 1834; x_wconf 77' lang='lat' dir='ltr'><strong>vos</strong></span> <span class='ocrx_word' id='word_1_537' title='bbox 3145 1777 3266 1832; x_wconf 88' lang='lat' dir='ltr'><strong>fidei</strong></span> <span class='ocrx_word' id='word_1_538' title='bbox 3298 1785 3499 1831; x_wconf 68' lang='lat' dir='ltr'><strong>sancta</strong></span> 
     </span>
    </p>
   </div>
   <div class='ocr_carea' id='block_1_79' title="bbox 1907 1871 3498 1944">
    <p class='ocr_par' dir='ltr' id='par_1_79' title="bbox 1907 1871 3498 1944">
     <span class='ocr_line' id='line_1_79' title="bbox 1907 1871 3498 1944; baseline -0.004 -16"><span class='ocrx_word' id='word_1_539' title='bbox 1907 1875 2327 1944; x_wconf 90' lang='lat' dir='ltr'><strong>adstipulatione</strong></span> <span class='ocrx_word' id='word_1_540' title='bbox 2379 1874 2692 1929; x_wconf 87' lang='lat' dir='ltr'><strong>monstretis</strong></span> <span class='ocrx_word' id='word_1_541' title='bbox 2726 1889 2740 1926; x_wconf 88' lang='lat'>:</span> <span class='ocrx_word' id='word_1_542' title='bbox 2769 1887 2833 1927; x_wconf 88' lang='lat' dir='ltr'><strong>eo</strong></span> <span class='ocrx_word' id='word_1_543' title='bbox 2863 1872 3044 1940; x_wconf 90' lang='lat' dir='ltr'><strong>itaque</strong></span> <span class='ocrx_word' id='word_1_544' title='bbox 3076 1871 3184 1935; x_wconf 87' lang='lat' dir='ltr'><strong>fiet,</strong></span> <span class='ocrx_word' id='word_1_545' title='bbox 3217 1878 3272 1922; x_wconf 94' lang='lat' dir='ltr'><strong>ut</strong></span> <span class='ocrx_word' id='word_1_546' title='bbox 3299 1875 3354 1922; x_wconf 91' lang='lat' dir='ltr'><strong>et</strong></span> <span class='ocrx_word' id='word_1_547' title='bbox 3400 1881 3498 1922; x_wconf 87' lang='lat' dir='ltr'><strong>vos</strong></span> 
     </span>
    </p>
   </div>
   <div class='ocr_carea' id='block_1_80' title="bbox 1908 1963 3499 2036">
    <p class='ocr_par' dir='ltr' id='par_1_80' title="bbox 1908 1963 3499 2036">
     <span class='ocr_line' id='line_1_80' title="bbox 1908 1963 3499 2036; baseline -0.004 -15"><span class='ocrx_word' id='word_1_548' title='bbox 1908 1965 2110 2022; x_wconf 88' lang='lat' dir='ltr'><strong>Christi</strong></span> <span class='ocrx_word' id='word_1_549' title='bbox 2137 1982 2258 2022; x_wconf 85' lang='lat' dir='ltr'><strong>esse</strong></span> <span class='ocrx_word' id='word_1_550' title='bbox 2281 1966 2522 2036; x_wconf 90' lang='lat' dir='ltr'><strong>corporis</strong></span> <span class='ocrx_word' id='word_1_551' title='bbox 2570 1967 2809 2020; x_wconf 89' lang='lat' dir='ltr'><strong>membra</strong></span> <span class='ocrx_word' id='word_1_552' title='bbox 2864 1963 3178 2033; x_wconf 89' lang='lat' dir='ltr'><strong>significetis</strong></span> <span class='ocrx_word' id='word_1_553' title='bbox 3233 1971 3285 2014; x_wconf 90' lang='lat' dir='ltr'><strong>et</strong></span> <span class='ocrx_word' id='word_1_554' title='bbox 3317 1968 3499 2014; x_wconf 83' lang='lat' dir='ltr'><strong>nostra</strong></span> 
     </span>
    </p>
   </div>
   <div class='ocr_carea' id='block_1_81' title="bbox 1913 2052 3502 2131">
    <p class='ocr_par' dir='ltr' id='par_1_81' title="bbox 1913 2052 3502 2131">
     <span class='ocr_line' id='line_1_81' title="bbox 1913 2052 3502 2131; baseline -0.006 -15"><span class='ocrx_word' id='word_1_555' title='bbox 1913 2063 2176 2131; x_wconf 79' lang='lat' dir='ltr'><strong>exiguitas</strong></span> <span class='ocrx_word' id='word_1_556' title='bbox 2226 2061 2361 2114; x_wconf 90' lang='lat' dir='ltr'><strong>nihil</strong></span> <span class='ocrx_word' id='word_1_557' title='bbox 2393 2060 2639 2125; x_wconf 90' lang='lat' dir='ltr'><strong>dubium,</strong></span> <span class='ocrx_word' id='word_1_558' title='bbox 2691 2057 2822 2112; x_wconf 87' lang='lat' dir='ltr'><strong>nihil</strong></span> <span class='ocrx_word' id='word_1_559' title='bbox 2876 2057 3098 2112; x_wconf 89' lang='lat' dir='ltr'><strong>inﬁdum</strong></span> <span class='ocrx_word' id='word_1_560' title='bbox 3150 2068 3385 2122; x_wconf 88' lang='lat' dir='ltr'><strong>unquam</strong></span> <span class='ocrx_word' id='word_1_561' title='bbox 3434 2052 3502 2106; x_wconf 83' lang='lat' dir='ltr'><strong>de</strong></span> 
     </span>
    </p>
   </div>
   <div class='ocr_carea' id='block_1_82' title="bbox 1917 2145 3504 2221">
    <p class='ocr_par' dir='ltr' id='par_1_82' title="bbox 1917 2145 3504 2221">
     <span class='ocr_line' id='line_1_82' title="bbox 1917 2145 3504 2221; baseline -0.006 -15"><span class='ocrx_word' id='word_1_562' title='bbox 1917 2164 2092 2209; x_wconf 82' lang='lat' dir='ltr'><strong>vestra</strong></span> <span class='ocrx_word' id='word_1_563' title='bbox 2143 2154 2449 2221; x_wconf 89' lang='lat' dir='ltr'><strong>suspicetur</strong></span> <span class='ocrx_word' id='word_1_564' title='bbox 2497 2149 2857 2215; x_wconf 86' lang='lat' dir='ltr'><strong>fraternitate,</strong></span> <span class='ocrx_word' id='word_1_565' title='bbox 2916 2148 3043 2201; x_wconf 88' lang='lat' dir='ltr'><strong>dttm</strong></span> <span class='ocrx_word' id='word_1_566' title='bbox 3120 2145 3367 2215; x_wconf 88' lang='lat' dir='ltr'><strong>patuerit-</strong></span> <span class='ocrx_word' id='word_1_567' title='bbox 3409 2155 3504 2196; x_wconf 79' lang='lat' dir='ltr'><strong>vos</strong></span> 
     </span>
    </p>
   </div>
   <div class='ocr_carea' id='block_1_83' title="bbox 1914 2233 3501 2315">
    <p class='ocr_par' dir='ltr' id='par_1_83' title="bbox 1914 2233 3501 2315">
     <span class='ocr_line' id='line_1_83' title="bbox 1914 2233 3501 2315; baseline -0.009 -15"><span class='ocrx_word' id='word_1_568' title='bbox 1914 2249 2092 2300; x_wconf 87' lang='lat' dir='ltr'><strong>tabem</strong></span> <span class='ocrx_word' id='word_1_569' title='bbox 2148 2243 2387 2315; x_wconf 67' lang='lat' dir='ltr'><strong>perﬁdia:</strong></span> <span class='ocrx_word' id='word_1_570' title='bbox 2435 2244 2650 2298; x_wconf 82' lang='lat' dir='ltr'><strong>Arianae</strong></span> <span class='ocrx_word' id='word_1_571' title='bbox 2698 2257 2819 2295; x_wconf 89' lang='lat' dir='ltr'><strong>cum</strong></span> <span class='ocrx_word' id='word_1_572' title='bbox 2865 2239 3112 2294; x_wconf 88' lang='lat' dir='ltr'><strong>omnibus</strong></span> <span class='ocrx_word' id='word_1_573' title='bbox 3143 2233 3501 2306; x_wconf 81' lang='lat' dir='ltr'><strong>dogmatibus,</strong></span> 
     </span>
    </p>
   </div>
   <div class='ocr_carea' id='block_1_84' title="bbox 1913 2326 3503 2409">
    <p class='ocr_par' dir='ltr' id='par_1_84' title="bbox 1913 2326 3503 2409">
     <span class='ocr_line' id='line_1_84' title="bbox 1913 2326 3503 2409; baseline -0.01 -15"><span class='ocrx_word' id='word_1_574' title='bbox 1913 2339 2133 2409; x_wconf 87' lang='lat' dir='ltr'><strong>regulis,</strong></span> <span class='ocrx_word' id='word_1_575' title='bbox 2166 2337 2380 2401; x_wconf 88' lang='lat' dir='ltr'><strong>ofﬁciis,</strong></span> <span class='ocrx_word' id='word_1_576' title='bbox 2415 2334 2821 2399; x_wconf 88' lang='lat' dir='ltr'><strong>communione,</strong></span> <span class='ocrx_word' id='word_1_577' title='bbox 2852 2330 3138 2385; x_wconf 77' lang='lat' dir='ltr'><strong>Codicibus</strong></span> <span class='ocrx_word' id='word_1_578' title='bbox 3167 2326 3503 2398; x_wconf 71' lang='lat' dir='ltr'><strong>praedamna-</strong></span> 
     </span>
    </p>
   </div>
   <div class='ocr_carea' id='block_1_85' title="bbox 1910 2419 3504 2497">
    <p class='ocr_par' dir='ltr' id='par_1_85' title="bbox 1910 2419 3504 2497">
     <span class='ocr_line' id='line_1_85' title="bbox 1910 2419 3504 2497; baseline -0.009 -12"><span class='ocrx_word' id='word_1_579' title='bbox 1910 2447 1991 2497; x_wconf 88' lang='lat' dir='ltr'><strong>re,</strong></span> <span class='ocrx_word' id='word_1_580' title='bbox 2038 2439 2092 2484; x_wconf 85' lang='lat' dir='ltr'><strong>et</strong></span> <span class='ocrx_word' id='word_1_581' title='bbox 2118 2427 2449 2485; x_wconf 75' lang='lat' dir='ltr'><strong>detestandae</strong></span> <span class='ocrx_word' id='word_1_582' title='bbox 2481 2437 2507 2464; x_wconf 79' lang='grc' dir='ltr'><strong><em>ο</em></strong></span> <span class='ocrx_word' id='word_1_583' title='bbox 2538 2427 2807 2480; x_wconf 65' lang='lat' dir='ltr'><strong>haereseos</strong></span> <span class='ocrx_word' id='word_1_584' title='bbox 2836 2420 3115 2490; x_wconf 86' lang='lat' dir='ltr'><strong>exspoliati</strong></span> <span class='ocrx_word' id='word_1_585' title='bbox 3167 2419 3504 2484; x_wconf 79' lang='lat' dir='ltr'><strong>contagione,</strong></span> 
     </span>
    </p>
   </div>
   <div class='ocr_carea' id='block_1_86' title="bbox 1911 2510 3505 2592">
    <p class='ocr_par' dir='ltr' id='par_1_86' title="bbox 1911 2510 3505 2592">
     <span class='ocr_line' id='line_1_86' title="bbox 1911 2510 3505 2592; baseline -0.009 -14"><span class='ocrx_word' id='word_1_586' title='bbox 1911 2524 2148 2578; x_wconf 91' lang='lat' dir='ltr'><strong>innovati</strong></span> <span class='ocrx_word' id='word_1_587' title='bbox 2179 2523 2574 2592; x_wconf 86' lang='lat' dir='ltr'><strong>quodammodo</strong></span> <span class='ocrx_word' id='word_1_588' title='bbox 2605 2517 2743 2571; x_wconf 90' lang='lat' dir='ltr'><strong>intra</strong></span> <span class='ocrx_word' id='word_1_589' title='bbox 2773 2513 3068 2570; x_wconf 86' lang='lat' dir='ltr'><strong>Ecclesiam</strong></span> <span class='ocrx_word' id='word_1_590' title='bbox 3102 2512 3196 2568; x_wconf 88' lang='lat' dir='ltr'><strong>Dei</strong></span> <span class='ocrx_word' id='word_1_591' title='bbox 3227 2510 3505 2580; x_wconf 76' lang='lat' dir='ltr'><strong>Splendida</strong></span> 
     </span>
    </p>
   </div>
   <div class='ocr_carea' id='block_1_87' title="bbox 1912 2604 3505 2674">
    <p class='ocr_par' dir='ltr' id='par_1_87' title="bbox 1912 2604 3505 2674">
     <span class='ocr_line' id='line_1_87' title="bbox 1912 2604 3505 2674; baseline -0.01 -2"><span class='ocrx_word' id='word_1_592' title='bbox 1912 2615 2096 2673; x_wconf 83' lang='lat' dir='ltr'><strong>habitu</strong></span> <span class='ocrx_word' id='word_1_593' title='bbox 2148 2628 2294 2669; x_wconf 74' lang='lat' dir='ltr'><strong>verae</strong></span> <span class='ocrx_word' id='word_1_594' title='bbox 2344 2612 2465 2666; x_wconf 89' lang='lat' dir='ltr'><strong>ﬁdei</strong></span> <span class='ocrx_word' id='word_1_595' title='bbox 2517 2609 2787 2665; x_wconf 89' lang='lat' dir='ltr'><strong>clareatis.</strong></span> <span class='ocrx_word' id='word_1_596' title='bbox 2837 2608 2990 2662; x_wconf 88' lang='lat' dir='ltr'><strong>Tunc</strong></span> <span class='ocrx_word' id='word_1_597' title='bbox 3038 2604 3275 2674; x_wconf 84' lang='lat' dir='ltr'><strong>episcopi</strong></span> <span class='ocrx_word' id='word_1_598' title='bbox 3317 2617 3505 2657; x_wconf 81' lang='lat' dir='ltr'><strong>omnes</strong></span> 
     </span>
    </p>
   </div>
   <div class='ocr_carea' id='block_1_88' title="bbox 1913 2694 3505 2772">
    <p class='ocr_par' dir='ltr' id='par_1_88' title="bbox 1913 2694 3505 2772">
     <span class='ocr_line' id='line_1_88' title="bbox 1913 2694 3505 2772; baseline -0.011 -6"><span class='ocrx_word' id='word_1_599' title='bbox 1913 2726 2015 2766; x_wconf 92' lang='lat' dir='ltr'><strong>una</strong></span> <span class='ocrx_word' id='word_1_600' title='bbox 2067 2724 2190 2765; x_wconf 91' lang='lat' dir='ltr'><strong>cum</strong></span> <span class='ocrx_word' id='word_1_601' title='bbox 2245 2706 2455 2763; x_wconf 86' lang='lat' dir='ltr'><strong>clericis</strong></span> <span class='ocrx_word' id='word_1_602' title='bbox 2503 2703 2616 2760; x_wconf 87' lang='lat' dir='ltr'><strong>suis</strong></span> <span class='ocrx_word' id='word_1_603' title='bbox 2647 2702 3020 2772; x_wconf 86' lang='lat' dir='ltr'><strong>primoresque</strong></span> <span class='ocrx_word' id='word_1_604' title='bbox 3047 2697 3221 2768; x_wconf 87' lang='lat' dir='ltr'><strong>gentis</strong></span> <span class='ocrx_word' id='word_1_605' title='bbox 3262 2694 3505 2749; x_wconf 70' lang='lat' dir='ltr'><strong>Gothicre</strong></span> 
     </span>
    </p>
   </div>
   <div class='ocr_carea' id='block_1_89' title="bbox 1912 2787 3506 2874">
    <p class='ocr_par' dir='ltr' id='par_1_89' title="bbox 1912 2787 3506 2874">
     <span class='ocr_line' id='line_1_89' title="bbox 1912 2787 3506 2874; baseline -0.012 -15"><span class='ocrx_word' id='word_1_606' title='bbox 1912 2804 2026 2874; x_wconf 89' lang='lat' dir='ltr'><strong>pari</strong></span> <span class='ocrx_word' id='word_1_607' title='bbox 2077 2800 2432 2857; x_wconf 88' lang='lat' dir='ltr'><strong>consentione</strong></span> <span class='ocrx_word' id='word_1_608' title='bbox 2462 2798 2713 2852; x_wconf 87' lang='lat' dir='ltr'><strong>dixerunt</strong></span> <span class='ocrx_word' id='word_1_609' title='bbox 2745 2812 2760 2849; x_wconf 86' lang='lat'><strong>:</strong></span> <span class='ocrx_word' id='word_1_610' title='bbox 2805 2793 2957 2848; x_wconf 85' lang='lat' dir='ltr'><strong>Licet</strong></span> <span class='ocrx_word' id='word_1_611' title='bbox 2987 2792 3090 2846; x_wconf 91' lang='lat' dir='ltr'><strong>hoc</strong></span> <span class='ocrx_word' id='word_1_612' title='bbox 3121 2787 3292 2858; x_wconf 77' lang='lat' dir='ltr'><strong>quod‘</strong></span> <span class='ocrx_word' id='word_1_613' title='bbox 3315 2787 3506 2842; x_wconf 87' lang='lat' dir='ltr'><strong>frater-</strong></span> 
     </span>
    </p>
   </div>
   <div class='ocr_carea' id='block_1_90' title="bbox 1916 2878 3510 2964">
    <p class='ocr_par' dir='ltr' id='par_1_90' title="bbox 1916 2878 3510 2964">
     <span class='ocr_line' id='line_1_90' title="bbox 1916 2878 3510 2964; baseline -0.011 -13"><span class='ocrx_word' id='word_1_614' title='bbox 1916 2898 2059 2951; x_wconf 88' lang='lat' dir='ltr'><strong>nitas</strong></span> <span class='ocrx_word' id='word_1_615' title='bbox 2109 2893 2268 2964; x_wconf 65' lang='lat'><strong>343</strong></span> <span class='ocrx_word' id='word_1_616' title='bbox 2327 2902 2489 2960; x_wconf 91' lang='lat' dir='ltr'><strong>atque</strong></span> <span class='ocrx_word' id='word_1_617' title='bbox 2541 2888 2838 2958; x_wconf 89' lang='lat' dir='ltr'><strong>paternitas</strong></span> <span class='ocrx_word' id='word_1_618' title='bbox 2884 2894 3061 2939; x_wconf 79' lang='lat' dir='ltr'><strong>veStra</strong></span> <span class='ocrx_word' id='word_1_619' title='bbox 3091 2897 3122 2934; x_wconf 91' lang='lat' dir='ltr'><strong>a</strong></span> <span class='ocrx_word' id='word_1_620' title='bbox 3163 2878 3316 2935; x_wconf 89' lang='lat' dir='ltr'><strong>nobis</strong></span> <span class='ocrx_word' id='word_1_621' title='bbox 3363 2878 3510 2947; x_wconf 85' lang='lat' dir='ltr'><strong>cupit</strong></span> 
     </span>
    </p>
   </div>
   <div class='ocr_carea' id='block_1_91' title="bbox 1916 2975 3508 3052">
    <p class='ocr_par' dir='ltr' id='par_1_91' title="bbox 1916 2975 3508 3052">
     <span class='ocr_line' id='line_1_91' title="bbox 1916 2975 3508 3052; baseline -0.013 -9"><span class='ocrx_word' id='word_1_622' title='bbox 1916 2989 2102 3044; x_wconf 89' lang='lat' dir='ltr'><strong>audire</strong></span> <span class='ocrx_word' id='word_1_623' title='bbox 2127 2989 2210 3039; x_wconf 92' lang='lat' dir='ltr'><strong>vel</strong></span> <span class='ocrx_word' id='word_1_624' title='bbox 2243 2985 2381 3048; x_wconf 89' lang='lat' dir='ltr'><strong>ﬁeri,</strong></span> <span class='ocrx_word' id='word_1_625' title='bbox 2423 2984 2536 3052; x_wconf 86' lang='lat' dir='ltr'><strong>jam</strong></span> <span class='ocrx_word' id='word_1_626' title='bbox 2564 2981 2694 3036; x_wconf 90' lang='lat' dir='ltr'><strong>olim</strong></span> <span class='ocrx_word' id='word_1_627' title='bbox 2733 2975 3098 3033; x_wconf 89' lang='lat' dir='ltr'><strong>conversionis</strong></span> <span class='ocrx_word' id='word_1_628' title='bbox 3138 2984 3335 3027; x_wconf 86' lang='lat' dir='ltr'><strong>nostrae</strong></span> <span class='ocrx_word' id='word_1_629' title='bbox 3369 2980 3508 3024; x_wconf 88' lang='lat' dir='ltr'><strong>tem-</strong></span> 
     </span>
    </p>
   </div>
   <div class='ocr_carea' id='block_1_92' title="bbox 1918 3061 3505 3149">
    <p class='ocr_par' dir='ltr' id='par_1_92' title="bbox 1918 3061 3505 3149">
     <span class='ocr_line' id='line_1_92' title="bbox 1918 3061 3505 3149; baseline -0.014 -13"><span class='ocrx_word' id='word_1_630' title='bbox 1918 3095 2049 3149; x_wconf 89' lang='lat' dir='ltr'><strong>pore</strong></span> <span class='ocrx_word' id='word_1_631' title='bbox 2072 3077 2363 3148; x_wconf 89' lang='lat' dir='ltr'><strong>egerimus,</strong></span> <span class='ocrx_word' id='word_1_632' title='bbox 2393 3073 2606 3145; x_wconf 85' lang='lat' dir='ltr'><strong>quando</strong></span> <span class='ocrx_word' id='word_1_633' title='bbox 2634 3067 2806 3127; x_wconf 81' lang='lat' dir='ltr'><strong>secuti</strong></span> <span class='ocrx_word' id='word_1_634' title='bbox 2846 3066 3290 3140; x_wconf 87' lang='lat' dir='ltr'><strong>gloriosissimum</strong></span> <span class='ocrx_word' id='word_1_635' title='bbox 3329 3061 3505 3116; x_wconf 90' lang='lat' dir='ltr'><strong>domi-</strong></span> 
     </span>
    </p>
   </div>
   <div class='ocr_carea' id='block_1_93' title="bbox 1919 3155 3504 3233">
    <p class='ocr_par' dir='ltr' id='par_1_93' title="bbox 1919 3155 3504 3233">
     <span class='ocr_line' id='line_1_93' title="bbox 1919 3155 3504 3233; baseline -0.011 -4"><span class='ocrx_word' id='word_1_636' title='bbox 1919 3189 2044 3229; x_wconf 92' lang='lat' dir='ltr'><strong>num</strong></span> <span class='ocrx_word' id='word_1_637' title='bbox 2078 3181 2320 3226; x_wconf 87' lang='lat' dir='ltr'><strong>nostrum</strong></span> <span class='ocrx_word' id='word_1_638' title='bbox 2369 3167 2705 3222; x_wconf 82' lang='lat' dir='ltr'><strong>Recaredum</strong></span> <span class='ocrx_word' id='word_1_639' title='bbox 2737 3178 2916 3233; x_wconf 83' lang='lat' dir='ltr'><strong>regem</strong></span> <span class='ocrx_word' id='word_1_640' title='bbox 2944 3163 3011 3216; x_wconf 90' lang='lat' dir='ltr'><strong>ad</strong></span> <span class='ocrx_word' id='word_1_641' title='bbox 3063 3159 3157 3214; x_wconf 91' lang='lat' dir='ltr'><strong>Dei</strong></span> <span class='ocrx_word' id='word_1_642' title='bbox 3208 3155 3504 3212; x_wconf 85' lang='lat' dir='ltr'><strong>Ecclesiam</strong></span> 
     </span>
    </p>
   </div>
   <div class='ocr_carea' id='block_1_94' title="bbox 1913 3251 3510 3334">
    <p class='ocr_par' dir='ltr' id='par_1_94' title="bbox 1913 3251 3510 3334">
     <span class='ocr_line' id='line_1_94' title="bbox 1913 3251 3510 3334; baseline -0.013 -9"><span class='ocrx_word' id='word_1_643' title='bbox 1913 3267 2292 3332; x_wconf 88' lang='lat' dir='ltr'><strong>transivimus,</strong></span> <span class='ocrx_word' id='word_1_644' title='bbox 2346 3273 2402 3320; x_wconf 91' lang='lat' dir='ltr'><strong>et</strong></span> <span class='ocrx_word' id='word_1_645' title='bbox 2448 3263 2725 3334; x_wconf 89' lang='lat' dir='ltr'><strong>perﬁdiam</strong></span> <span class='ocrx_word' id='word_1_646' title='bbox 2790 3260 3040 3314; x_wconf 86' lang='lat' dir='ltr'><strong>Arianam</strong></span> <span class='ocrx_word' id='word_1_647' title='bbox 3086 3271 3204 3310; x_wconf 90' lang='lat' dir='ltr'><strong>cum</strong></span> <span class='ocrx_word' id='word_1_648' title='bbox 3259 3251 3510 3308; x_wconf 80' lang='lat' dir='ltr'><strong>omnibus</strong></span> 
     </span>
    </p>
   </div>
   <div class='ocr_carea' id='block_1_95' title="bbox 1911 3348 3507 3432">
    <p class='ocr_par' dir='ltr' id='par_1_95' title="bbox 1911 3348 3507 3432">
     <span class='ocr_line' id='line_1_95' title="bbox 1911 3348 3507 3432; baseline -0.012 -14"><span class='ocrx_word' id='word_1_649' title='bbox 1911 3362 2380 3432; x_wconf 88' lang='lat' dir='ltr'><strong>superstitionibus</strong></span> <span class='ocrx_word' id='word_1_650' title='bbox 2427 3359 2538 3412; x_wconf 91' lang='lat' dir='ltr'><strong>suis</strong></span> <span class='ocrx_word' id='word_1_651' title='bbox 2582 3353 3150 3410; x_wconf 82' lang='lat' dir='ltr'><strong>auathematizavimus</strong></span> <span class='ocrx_word' id='word_1_652' title='bbox 3199 3348 3398 3417; x_wconf 90' lang='lat' dir='ltr'><strong>pariter</strong></span> <span class='ocrx_word' id='word_1_653' title='bbox 3449 3355 3507 3400; x_wconf 90' lang='lat' dir='ltr'><strong>et</strong></span> 
     </span>
    </p>
   </div>
   <div class='ocr_carea' id='block_1_96' title="bbox 1910 3435 3504 3525">
    <p class='ocr_par' dir='ltr' id='par_1_96' title="bbox 1910 3435 3504 3525">
     <span class='ocr_line' id='line_1_96' title="bbox 1910 3435 3504 3525; baseline -0.015 -14"><span class='ocrx_word' id='word_1_654' title='bbox 1910 3455 2238 3525; x_wconf 89' lang='lat' dir='ltr'><strong>abjecimus;</strong></span> <span class='ocrx_word' id='word_1_655' title='bbox 2269 3465 2411 3506; x_wconf 91' lang='lat' dir='ltr'><strong>nunc</strong></span> <span class='ocrx_word' id='word_1_656' title='bbox 2436 3464 2565 3504; x_wconf 91' lang='lat' dir='ltr'><strong>vero</strong></span> <span class='ocrx_word' id='word_1_657' title='bbox 2595 3454 2812 3516; x_wconf 89' lang='lat' dir='ltr'><strong>pr0pter</strong></span> <span class='ocrx_word' id='word_1_658' title='bbox 2841 3443 3158 3497; x_wconf 89' lang='lat' dir='ltr'><strong>charitatetu</strong></span> <span class='ocrx_word' id='word_1_659' title='bbox 3186 3448 3242 3493; x_wconf 89' lang='lat' dir='ltr'><strong>et</strong></span> <span class='ocrx_word' id='word_1_660' title='bbox 3262 3435 3504 3491; x_wconf 87' lang='lat' dir='ltr'><strong>devotio-</strong></span> 
     </span>
    </p>
   </div>
   <div class='ocr_carea' id='block_1_97' title="bbox 1913 3529 3508 3615">
    <p class='ocr_par' dir='ltr' id='par_1_97' title="bbox 1913 3529 3508 3615">
     <span class='ocr_line' id='line_1_97' title="bbox 1913 3529 3508 3615; baseline -0.011 -13"><span class='ocrx_word' id='word_1_661' title='bbox 1913 3563 2057 3611; x_wconf 89' lang='lat' dir='ltr'><strong>nern,</strong></span> <span class='ocrx_word' id='word_1_662' title='bbox 2105 3560 2266 3615; x_wconf 83' lang='lat' dir='ltr'><strong>quam</strong></span> <span class='ocrx_word' id='word_1_663' title='bbox 2317 3543 2399 3597; x_wconf 88' lang='lat' dir='ltr'><strong>vel</strong></span> <span class='ocrx_word' id='word_1_664' title='bbox 2435 3541 2564 3607; x_wconf 82' lang='lat' dir='ltr'><strong>Deo,</strong></span> <span class='ocrx_word' id='word_1_665' title='bbox 2600 3539 2685 3594; x_wconf 87' lang='lat' dir='ltr'><strong>vel</strong></span> <span class='ocrx_word' id='word_1_666' title='bbox 2715 3536 2970 3593; x_wconf 76' lang='lat' dir='ltr'><strong>Ecclesia:</strong></span> <span class='ocrx_word' id='word_1_667' title='bbox 2999 3541 3198 3588; x_wconf 70' lang='lat' dir='ltr'><strong>sanctae</strong></span> <span class='ocrx_word' id='word_1_668' title='bbox 3226 3529 3508 3586; x_wconf 68' lang='lat' dir='ltr'><strong>catholica</strong></span> 
     </span>
    </p>
   </div>
   <div class='ocr_carea' id='block_1_98' title="bbox 1914 3620 3506 3698">
    <p class='ocr_par' dir='ltr' id='par_1_98' title="bbox 1914 3620 3506 3698">
     <span class='ocr_line' id='line_1_98' title="bbox 1914 3620 3506 3698; baseline -0.013 -3"><span class='ocrx_word' id='word_1_669' title='bbox 1914 3640 2257 3695; x_wconf 89' lang='lat' dir='ltr'><strong>meminimus</strong></span> <span class='ocrx_word' id='word_1_670' title='bbox 2305 3650 2404 3691; x_wconf 89' lang='lat' dir='ltr'><strong>nos</strong></span> <span class='ocrx_word' id='word_1_671' title='bbox 2451 3635 2672 3698; x_wconf 89' lang='lat' dir='ltr'><strong>debere,</strong></span> <span class='ocrx_word' id='word_1_672' title='bbox 2728 3646 2834 3685; x_wconf 92' lang='lat' dir='ltr'><strong>non</strong></span> <span class='ocrx_word' id='word_1_673' title='bbox 2888 3635 3094 3682; x_wconf 88' lang='lat' dir='ltr'><strong>tantum</strong></span> <span class='ocrx_word' id='word_1_674' title='bbox 3145 3625 3261 3679; x_wconf 71' lang='lat' dir='ltr'><strong>haec</strong></span> <span class='ocrx_word' id='word_1_675' title='bbox 3312 3620 3506 3678; x_wconf 84' lang='lat' dir='ltr'><strong>eadem</strong></span> 
     </span>
    </p>
   </div>
   <div class='ocr_carea' id='block_1_99' title="bbox 1914 3713 3508 3804">
    <p class='ocr_par' dir='ltr' id='par_1_99' title="bbox 1914 3713 3508 3804">
     <span class='ocr_line' id='line_1_99' title="bbox 1914 3713 3508 3804; baseline -0.015 -13"><span class='ocrx_word' id='word_1_676' title='bbox 1914 3752 2033 3804; x_wconf 69' lang='lat' dir='ltr'><strong>quae</strong></span> <span class='ocrx_word' id='word_1_677' title='bbox 2076 3733 2258 3803; x_wconf 88' lang='lat' dir='ltr'><strong>petitis</strong></span> <span class='ocrx_word' id='word_1_678' title='bbox 2288 3728 2689 3800; x_wconf 88' lang='lat' dir='ltr'><strong>promptissime</strong></span> <span class='ocrx_word' id='word_1_679' title='bbox 2714 3737 2871 3792; x_wconf 87' lang='lat' dir='ltr'><strong>agere</strong></span> <span class='ocrx_word' id='word_1_680' title='bbox 2921 3731 3296 3789; x_wconf 86' lang='lat' dir='ltr'><strong>properamus,</strong></span> <span class='ocrx_word' id='word_1_681' title='bbox 3328 3713 3422 3768; x_wconf 90' lang='lat' dir='ltr'><strong>sed</strong></span> <span class='ocrx_word' id='word_1_682' title='bbox 3451 3720 3508 3768; x_wconf 89' lang='lat' dir='ltr'><strong>et</strong></span> 
     </span>
    </p>
   </div>
   <div class='ocr_carea' id='block_1_100' title="bbox 1917 3804 3508 3898">
    <p class='ocr_par' dir='ltr' id='par_1_100' title="bbox 1917 3804 3508 3898">
     <span class='ocr_line' id='line_1_100' title="bbox 1917 3804 3508 3898; baseline -0.015 -14"><span class='ocrx_word' id='word_1_683' title='bbox 1917 3831 1963 3884; x_wconf 80' lang='lat' dir='ltr'><strong>si</strong></span> <span class='ocrx_word' id='word_1_684' title='bbox 2010 3843 2114 3898; x_wconf 90' lang='lat' dir='ltr'><strong>qua</strong></span> <span class='ocrx_word' id='word_1_685' title='bbox 2145 3824 2319 3879; x_wconf 87' lang='lat' dir='ltr'><strong>adhuc</strong></span> <span class='ocrx_word' id='word_1_686' title='bbox 2353 3834 2589 3891; x_wconf 83' lang='lat' dir='ltr'><strong>congrua</strong></span> <span class='ocrx_word' id='word_1_687' title='bbox 2622 3817 2743 3870; x_wconf 91' lang='lat' dir='ltr'><strong>fidei</strong></span> <span class='ocrx_word' id='word_1_688' title='bbox 2771 3829 2891 3870; x_wconf 87' lang='lat' dir='ltr'><strong>esse</strong></span> <span class='ocrx_word' id='word_1_689' title='bbox 2916 3810 3220 3883; x_wconf 89' lang='lat' dir='ltr'><strong>prospicitis</strong></span> <span class='ocrx_word' id='word_1_690' title='bbox 3249 3807 3401 3862; x_wconf 89' lang='lat' dir='ltr'><strong>nobis</strong></span> <span class='ocrx_word' id='word_1_691' title='bbox 3438 3804 3508 3860; x_wconf 82' lang='lat' dir='ltr'><strong>de</strong></span> 
     </span>
    </p>
   </div>
   <div class='ocr_carea' id='block_1_101' title="bbox 1916 3896 3508 3984">
    <p class='ocr_par' dir='ltr' id='par_1_101' title="bbox 1916 3896 3508 3984">
     <span class='ocr_line' id='line_1_101' title="bbox 1916 3896 3508 3984; baseline -0.016 -10"><span class='ocrx_word' id='word_1_692' title='bbox 1916 3896 2177 3974; x_wconf 80' lang='lat' dir='ltr'><strong>charitate</strong></span> <span class='ocrx_word' id='word_1_693' title='bbox 2226 3911 2570 3984; x_wconf 86' lang='lat' dir='ltr'><strong>persuadite;</strong></span> <span class='ocrx_word' id='word_1_694' title='bbox 2603 3923 2700 3962; x_wconf 92' lang='lat' dir='ltr'><strong>nos</strong></span> <span class='ocrx_word' id='word_1_695' title='bbox 2737 3905 2936 3960; x_wconf 90' lang='lat' dir='ltr'><strong>etenim</strong></span> <span class='ocrx_word' id='word_1_696' title='bbox 2979 3901 3145 3956; x_wconf 90' lang='lat' dir='ltr'><strong>semel</strong></span> <span class='ocrx_word' id='word_1_697' title='bbox 3177 3911 3339 3953; x_wconf 71' lang='lat' dir='ltr'><strong>rectae</strong></span> <span class='ocrx_word' id='word_1_698' title='bbox 3385 3896 3508 3949; x_wconf 84' lang='lat' dir='ltr'><strong>fidei</strong></span> 
     </span>
    </p>
   </div>
   <div class='ocr_carea' id='block_1_102' title="bbox 1917 3988 3504 4066">
    <p class='ocr_par' dir='ltr' id='par_1_102' title="bbox 1917 3988 3504 4066">
     <span class='ocr_line' id='line_1_102' title="bbox 1917 3988 3504 4066; baseline -0.015 0"><span class='ocrx_word' id='word_1_699' title='bbox 1917 4027 2068 4066; x_wconf 88' lang='lat' dir='ltr'><strong>amor</strong></span> <span class='ocrx_word' id='word_1_700' title='bbox 2095 4009 2148 4064; x_wconf 88' lang='lat' dir='ltr'><strong>in</strong></span> <span class='ocrx_word' id='word_1_701' title='bbox 2193 4023 2312 4064; x_wconf 88' lang='lat' dir='ltr'><strong>eam</strong></span> <span class='ocrx_word' id='word_1_702' title='bbox 2358 4004 2699 4060; x_wconf 88' lang='lat' dir='ltr'><strong>devotionem</strong></span> <span class='ocrx_word' id='word_1_703' title='bbox 2741 3998 2986 4062; x_wconf 81' lang='lat' dir='ltr'><strong>advexit,</strong></span> <span class='ocrx_word' id='word_1_704' title='bbox 3041 4003 3099 4048; x_wconf 87' lang='lat' dir='ltr'><strong>ut</strong></span> <span class='ocrx_word' id='word_1_705' title='bbox 3129 4006 3308 4057; x_wconf 90' lang='lat' dir='ltr'><strong>omne,</strong></span> <span class='ocrx_word' id='word_1_706' title='bbox 3363 3988 3504 4058; x_wconf 81' lang='lat' dir='ltr'><strong>quod</strong></span> 
     </span>
    </p>
   </div>
   <div class='ocr_carea' id='block_1_103' title="bbox 1921 4087 3508 4159">
    <p class='ocr_par' dir='ltr' id='par_1_103' title="bbox 1921 4087 3508 4159">
     <span class='ocr_line' id='line_1_103' title="bbox 1921 4087 3508 4159; baseline -0.014 -1"><span class='ocrx_word' id='word_1_707' title='bbox 1921 4102 2076 4158; x_wconf 91' lang='lat' dir='ltr'><strong>nobis</strong></span> <span class='ocrx_word' id='word_1_708' title='bbox 2103 4104 2283 4155; x_wconf 90' lang='lat' dir='ltr'><strong>verius</strong></span> <span class='ocrx_word' id='word_1_709' title='bbox 2315 4097 2624 4152; x_wconf 86' lang='lat' dir='ltr'><strong>fraternitas</strong></span> <span class='ocrx_word' id='word_1_710' title='bbox 2665 4101 2842 4147; x_wconf 88' lang='lat' dir='ltr'><strong>vestra</strong></span> <span class='ocrx_word' id='word_1_711' title='bbox 2867 4087 3201 4159; x_wconf 90' lang='lat' dir='ltr'><strong>patefecerit,</strong></span> <span class='ocrx_word' id='word_1_712' title='bbox 3231 4093 3508 4138; x_wconf 81' lang='lat' dir='ltr'><strong>teneamus</strong></span> 
     </span>
    </p>
   </div>
   <div class='ocr_carea' id='block_1_104' title="bbox 1918 4186 2923 4254">
    <p class='ocr_par' dir='ltr' id='par_1_104' title="bbox 1918 4186 2923 4254">
     <span class='ocr_line' id='line_1_104' title="bbox 1918 4186 2923 4254; baseline -0.017 0"><span class='ocrx_word' id='word_1_713' title='bbox 1918 4209 1973 4254; x_wconf 88' lang='lat' dir='ltr'><strong>et</strong></span> <span class='ocrx_word' id='word_1_714' title='bbox 2025 4195 2239 4252; x_wconf 91' lang='lat' dir='ltr'><strong>liberali</strong></span> <span class='ocrx_word' id='word_1_715' title='bbox 2270 4195 2533 4248; x_wconf 77' lang='lat' dir='ltr'><strong>fateamur</strong></span> <span class='ocrx_word' id='word_1_716' title='bbox 2571 4186 2923 4244; x_wconf 89' lang='lat' dir='ltr'><strong>confessione.</strong></span> 
     </span>
    </p>
   </div>
   <div class='ocr_carea' id='block_1_105' title="bbox 1991 4289 3510 4373">
    <p class='ocr_par' dir='ltr' id='par_1_105' title="bbox 1991 4289 3510 4373">
     <span class='ocr_line' id='line_1_105' title="bbox 1991 4289 3510 4373; baseline -0.015 -8"><span class='ocrx_word' id='word_1_717' title='bbox 1991 4311 2030 4365; x_wconf 95' lang='lat' dir='ltr'><strong>l.</strong></span> <span class='ocrx_word' id='word_1_718' title='bbox 2073 4307 2259 4363; x_wconf 86' lang='lat' dir='ltr'><strong>Omnis</strong></span> <span class='ocrx_word' id='word_1_719' title='bbox 2319 4319 2449 4372; x_wconf 88' lang='lat' dir='ltr'><strong>ergo</strong></span> <span class='ocrx_word' id='word_1_720' title='bbox 2503 4301 2592 4373; x_wconf 92' lang='lat' dir='ltr'><strong>qui</strong></span> <span class='ocrx_word' id='word_1_721' title='bbox 2649 4298 2806 4353; x_wconf 87' lang='lat' dir='ltr'><strong>ﬁdem</strong></span> <span class='ocrx_word' id='word_1_722' title='bbox 2855 4306 2908 4351; x_wconf 88' lang='lat' dir='ltr'><strong>et</strong></span> <span class='ocrx_word' id='word_1_723' title='bbox 2952 4291 3382 4350; x_wconf 89' lang='lat' dir='ltr'><strong>communionem</strong></span> <span class='ocrx_word' id='word_1_724' title='bbox 3441 4289 3510 4344; x_wconf 69' lang='lat' dir='ltr'><strong>ab</strong></span> 
     </span>
    </p>
   </div>
   <div class='ocr_carea' id='block_1_106' title="bbox 1920 4386 3504 4460">
    <p class='ocr_par' dir='ltr' id='par_1_106' title="bbox 1920 4386 3504 4460">
     <span class='ocr_line' id='line_1_106' title="bbox 1920 4386 3504 4460; baseline -0.015 -2"><span class='ocrx_word' id='word_1_725' title='bbox 1920 4404 2048 4458; x_wconf 76' lang='lat' dir='ltr'><strong>Ario</strong></span> <span class='ocrx_word' id='word_1_726' title='bbox 2099 4400 2438 4460; x_wconf 90' lang='lat' dir='ltr'><strong>venientem,</strong></span> <span class='ocrx_word' id='word_1_727' title='bbox 2498 4405 2553 4449; x_wconf 91' lang='lat' dir='ltr'><strong>et</strong></span> <span class='ocrx_word' id='word_1_728' title='bbox 2603 4394 2875 4460; x_wconf 88' lang='lat' dir='ltr'><strong>hucusque</strong></span> <span class='ocrx_word' id='word_1_729' title='bbox 2933 4404 2963 4442; x_wconf 91' lang='lat' dir='ltr'><strong>a</strong></span> <span class='ocrx_word' id='word_1_730' title='bbox 3035 4386 3190 4441; x_wconf 90' lang='lat' dir='ltr'><strong>nobis</strong></span> <span class='ocrx_word' id='word_1_731' title='bbox 3244 4392 3504 4438; x_wconf 85' lang='lat' dir='ltr'><strong>retentam</strong></span> 
     </span>
    </p>
   </div>
   <div class='ocr_carea' id='block_1_107' title="bbox 1837 4479 3509 4551">
    <p class='ocr_par' dir='ltr' id='par_1_107' title="bbox 1837 4479 3509 4551">
     <span class='ocr_line' id='line_1_107' title="bbox 1837 4479 3509 4551; baseline -0.012 0"><span class='ocrx_word' id='word_1_732' title='bbox 1837 4480 1893 4543; x_wconf 83' lang='grc' dir='ltr'><strong>Ῑ)</strong></span> <span class='ocrx_word' id='word_1_733' title='bbox 1919 4495 2094 4550; x_wconf 88' lang='lat' dir='ltr'><strong>adhuc</strong></span> <span class='ocrx_word' id='word_1_734' title='bbox 2135 4503 2319 4547; x_wconf 91' lang='lat' dir='ltr'><strong>tenere</strong></span> <span class='ocrx_word' id='word_1_735' title='bbox 2349 4487 2644 4551; x_wconf 87' lang='lat' dir='ltr'><strong>desiderat,</strong></span> <span class='ocrx_word' id='word_1_736' title='bbox 2675 4494 2729 4539; x_wconf 88' lang='lat' dir='ltr'><strong>et</strong></span> <span class='ocrx_word' id='word_1_737' title='bbox 2760 4483 2826 4538; x_wconf 90' lang='lat' dir='ltr'><strong>de</strong></span> <span class='ocrx_word' id='word_1_738' title='bbox 2857 4490 2967 4538; x_wconf 91' lang='lat' dir='ltr'><strong>tota</strong></span> <span class='ocrx_word' id='word_1_739' title='bbox 3007 4479 3186 4536; x_wconf 88' lang='lat' dir='ltr'><strong>cordis</strong></span> <span class='ocrx_word' id='word_1_740' title='bbox 3215 4479 3509 4533; x_wconf 80' lang='lat' dir='ltr'><strong>intentione</strong></span> 
     </span>
    </p>
   </div>
   <div class='ocr_carea' id='block_1_108' title="bbox 1917 4581 2728 4653">
    <p class='ocr_par' dir='ltr' id='par_1_108' title="bbox 1917 4581 2728 4653">
     <span class='ocr_line' id='line_1_108' title="bbox 1917 4581 2728 4653; baseline -0.016 -6"><span class='ocrx_word' id='word_1_741' title='bbox 1917 4607 2024 4647; x_wconf 92' lang='lat' dir='ltr'><strong>non</strong></span> <span class='ocrx_word' id='word_1_742' title='bbox 2051 4591 2288 4653; x_wconf 91' lang='lat' dir='ltr'><strong>damnat,</strong></span> <span class='ocrx_word' id='word_1_743' title='bbox 2320 4584 2602 4639; x_wconf 88' lang='lat' dir='ltr'><strong>anathema</strong></span> <span class='ocrx_word' id='word_1_744' title='bbox 2639 4581 2728 4635; x_wconf 92' lang='lat' dir='ltr'><strong>sit.</strong></span> 
     </span>
    </p>
   </div>
   <div class='ocr_carea' id='block_1_109' title="bbox 1986 4670 3506 4771">
    <p class='ocr_par' dir='ltr' id='par_1_109' title="bbox 1986 4670 3506 4771">
     <span class='ocr_line' id='line_1_109' title="bbox 1986 4670 3506 4771; baseline -0.011 -13"><span class='ocrx_word' id='word_1_745' title='bbox 1986 4704 2051 4758; x_wconf 91' lang='lat' dir='ltr'><strong>ll.</strong></span> <span class='ocrx_word' id='word_1_746' title='bbox 2093 4702 2406 4771; x_wconf 81' lang='lat' dir='ltr'><strong>Quicunque</strong></span> <span class='ocrx_word' id='word_1_747' title='bbox 2458 4697 2650 4752; x_wconf 84' lang='lat' dir='ltr'><strong>Filium</strong></span> <span class='ocrx_word' id='word_1_748' title='bbox 2704 4693 2799 4748; x_wconf 90' lang='lat' dir='ltr'><strong>Dei</strong></span> <span class='ocrx_word' id='word_1_749' title='bbox 2829 4673 3110 4748; x_wconf 84' lang='lat' dir='ltr'><strong>Dominum</strong></span> <span class='ocrx_word' id='word_1_750' title='bbox 3140 4670 3322 4746; x_wconf 67' lang='lat' dir='ltr'><strong>Iesum</strong></span> <span class='ocrx_word' id='word_1_751' title='bbox 3352 4688 3506 4743; x_wconf 72' lang='lat' dir='ltr'><strong>cun-</strong></span> 
     </span>
    </p>
   </div>
   <div class='ocr_carea' id='block_1_110' title="bbox 1915 4779 3502 4864">
    <p class='ocr_par' dir='ltr' id='par_1_110' title="bbox 1915 4779 3502 4864">
     <span class='ocr_line' id='line_1_110' title="bbox 1915 4779 3502 4864; baseline -0.013 -11"><span class='ocrx_word' id='word_1_752' title='bbox 1915 4807 2058 4853; x_wconf 89' lang='lat' dir='ltr'><strong>stum</strong></span> <span class='ocrx_word' id='word_1_753' title='bbox 2088 4795 2362 4864; x_wconf 86' lang='lat' dir='ltr'><strong>negaverit</strong></span> <span class='ocrx_word' id='word_1_754' title='bbox 2391 4805 2422 4844; x_wconf 90' lang='lat' dir='ltr'><strong>a</strong></span> <span class='ocrx_word' id='word_1_755' title='bbox 2451 4797 2668 4858; x_wconf 89' lang='lat' dir='ltr'><strong>paterna</strong></span> <span class='ocrx_word' id='word_1_756' title='bbox 2698 4785 2990 4839; x_wconf 89' lang='lat' dir='ltr'><strong>substantia</strong></span> <span class='ocrx_word' id='word_1_757' title='bbox 3019 4783 3135 4837; x_wconf 89' lang='lat' dir='ltr'><strong>sine</strong></span> <span class='ocrx_word' id='word_1_758' title='bbox 3163 4781 3312 4836; x_wconf 86' lang='lat' dir='ltr'><strong>initio</strong></span> <span class='ocrx_word' id='word_1_759' title='bbox 3336 4779 3502 4846; x_wconf 69' lang='lat' dir='ltr'><strong>geni-</strong></span> 
     </span>
    </p>
   </div>
   <div class='ocr_carea' id='block_1_111' title="bbox 1916 4875 3502 4956">
    <p class='ocr_par' dir='ltr' id='par_1_111' title="bbox 1916 4875 3502 4956">
     <span class='ocr_line' id='line_1_111' title="bbox 1916 4875 3502 4956; baseline -0.011 -10"><span class='ocrx_word' id='word_1_760' title='bbox 1916 4901 2052 4954; x_wconf 91' lang='lat' dir='ltr'><strong>tum,</strong></span> <span class='ocrx_word' id='word_1_761' title='bbox 2082 4897 2138 4944; x_wconf 88' lang='lat' dir='ltr'><strong>et.</strong></span> <span class='ocrx_word' id='word_1_762' title='bbox 2184 4886 2443 4956; x_wconf 81' lang='lat' dir='ltr'><strong>aequalem</strong></span> <span class='ocrx_word' id='word_1_763' title='bbox 2493 4881 2641 4938; x_wconf 87' lang='lat' dir='ltr'><strong>Patri</strong></span> <span class='ocrx_word' id='word_1_764' title='bbox 2661 4894 2784 4936; x_wconf 87' lang='lat' dir='ltr'><strong>esse</strong></span> <span class='ocrx_word' id='word_1_765' title='bbox 2831 4879 2915 4934; x_wconf 87' lang='lat' dir='ltr'><strong>vel</strong></span> <span class='ocrx_word' id='word_1_766' title='bbox 2967 4875 3502 4941; x_wconf 85' lang='lat' dir='ltr'><strong>consubstantialem,</strong></span> 
     </span>
    </p>
   </div>
   <div class='ocr_carea' id='block_1_112' title="bbox 1917 4980 2329 5036">
    <p class='ocr_par' dir='ltr' id='par_1_112' title="bbox 1917 4980 2329 5036">
     <span class='ocr_line' id='line_1_112' title="bbox 1917 4980 2329 5036; baseline -0.012 0"><span class='ocrx_word' id='word_1_767' title='bbox 1917 4981 2198 5036; x_wconf 88' lang='lat' dir='ltr'><strong>anathema</strong></span> <span class='ocrx_word' id='word_1_768' title='bbox 2238 4980 2329 5032; x_wconf 88' lang='lat' dir='ltr'><strong>sit.</strong></span> 
     </span>
    </p>
   </div>
   <div class='ocr_carea' id='block_1_113' title="bbox 1989 5081 3502 5162">
    <p class='ocr_par' dir='ltr' id='par_1_113' title="bbox 1989 5081 3502 5162">
     <span class='ocr_line' id='line_1_113' title="bbox 1989 5081 3502 5162; baseline -0.011 -11"><span class='ocrx_word' id='word_1_769' title='bbox 1989 5095 2078 5151; x_wconf 86' lang='grc' dir='ltr'><strong>ΙΙΙ.</strong></span> <span class='ocrx_word' id='word_1_770' title='bbox 2117 5095 2430 5162; x_wconf 84' lang='lat' dir='ltr'><strong>Quicunque</strong></span> <span class='ocrx_word' id='word_1_771' title='bbox 2478 5090 2735 5159; x_wconf 85' lang='lat' dir='ltr'><strong>Spiritum</strong></span> <span class='ocrx_word' id='word_1_772' title='bbox 2769 5098 3010 5143; x_wconf 91' lang='lat' dir='ltr'><strong>sanctum</strong></span> <span class='ocrx_word' id='word_1_773' title='bbox 3063 5101 3168 5141; x_wconf 93' lang='lat' dir='ltr'><strong>non</strong></span> <span class='ocrx_word' id='word_1_774' title='bbox 3200 5081 3371 5137; x_wconf 86' lang='lat' dir='ltr'><strong>credit</strong></span> <span class='ocrx_word' id='word_1_775' title='bbox 3409 5087 3502 5134; x_wconf 89' lang='lat' dir='ltr'><strong>aut</strong></span> 
     </span>
    </p>
   </div>
   <div class='ocr_carea' id='block_1_114' title="bbox 1917 5179 3501 5251">
    <p class='ocr_par' dir='ltr' id='par_1_114' title="bbox 1917 5179 3501 5251">
     <span class='ocr_line' id='line_1_114' title="bbox 1917 5179 3501 5251; baseline -0.014 -3"><span class='ocrx_word' id='word_1_776' title='bbox 1917 5205 2024 5248; x_wconf 88' lang='lat' dir='ltr'><strong>non</strong></span> <span class='ocrx_word' id='word_1_777' title='bbox 2066 5187 2357 5245; x_wconf 86' lang='lat' dir='ltr'><strong>crediderit</strong></span> <span class='ocrx_word' id='word_1_778' title='bbox 2398 5201 2428 5240; x_wconf 91' lang='lat' dir='ltr'><strong>a</strong></span> <span class='ocrx_word' id='word_1_779' title='bbox 2473 5185 2634 5240; x_wconf 87' lang='lat' dir='ltr'><strong>Patre</strong></span> <span class='ocrx_word' id='word_1_780' title='bbox 2669 5190 2724 5239; x_wconf 87' lang='lat' dir='ltr'><strong>et</strong></span> <span class='ocrx_word' id='word_1_781' title='bbox 2769 5181 2904 5238; x_wconf 89' lang='lat' dir='ltr'><strong>Filio</strong></span> <span class='ocrx_word' id='word_1_782' title='bbox 2931 5179 3243 5251; x_wconf 87' lang='lat' dir='ltr'><strong>procedere,</strong></span> <span class='ocrx_word' id='word_1_783' title='bbox 3271 5187 3501 5243; x_wconf 86' lang='lat' dir='ltr'><strong>eumque</strong></span> 
     </span>
    </p>
   </div>
   <div class='ocr_carea' id='block_1_115' title="bbox 1993 5330 3500 5416">
    <p class='ocr_par' dir='ltr' id='par_1_115' title="bbox 1993 5330 3500 5416">
     <span class='ocr_line' id='line_1_115' title="bbox 1993 5330 3500 5416; baseline -0.014 -12"><span class='ocrx_word' id='word_1_784' title='bbox 1993 5361 2018 5391; x_wconf 83' lang='grc' dir='ltr'><strong><em>ο</em></strong></span> <span class='ocrx_word' id='word_1_785' title='bbox 2048 5349 2229 5404; x_wconf 88' lang='lat' dir='ltr'><strong>Latius</strong></span> <span class='ocrx_word' id='word_1_786' title='bbox 2257 5344 2573 5416; x_wconf 76' lang='lat' dir='ltr'><strong>exprimitur</strong></span> <span class='ocrx_word' id='word_1_787' title='bbox 2605 5343 2691 5416; x_wconf 89' lang='lat' dir='ltr'><strong>hic</strong></span> <span class='ocrx_word' id='word_1_788' title='bbox 2712 5348 2970 5416; x_wconf 84' lang='lat' dir='ltr'><strong>tractatus</strong></span> <span class='ocrx_word' id='word_1_789' title='bbox 2993 5338 3047 5393; x_wconf 89' lang='lat' dir='ltr'><strong>in</strong></span> <span class='ocrx_word' id='word_1_790' title='bbox 3093 5330 3500 5416; x_wconf 30' lang='lat' dir='ltr'><strong>caeteris‘Codi:</strong></span> 
     </span>
    </p>
   </div>
   <div class='ocr_carea' id='block_1_116' title="bbox 1918 5401 3500 5490">
    <p class='ocr_par' dir='ltr' id='par_1_116' title="bbox 1918 5401 3500 5490">
     <span class='ocr_line' id='line_1_116' title="bbox 1918 5401 3500 5490; baseline -0.015 -12"><span class='ocrx_word' id='word_1_791' title='bbox 1918 5401 2291 5490; x_wconf 62' lang='lat' dir='ltr'><strong>cibus—praeter</strong></span> <span class='ocrx_word' id='word_1_792' title='bbox 2405 5425 2460 5470; x_wconf 90' lang='lat' dir='ltr'><strong>et</strong></span> <span class='ocrx_word' id='word_1_793' title='bbox 2487 5415 2682 5490; x_wconf 68' lang='lat' dir='ltr'><strong>1E.,_in</strong></span> <span class='ocrx_word' id='word_1_794' title='bbox 2708 5415 2902 5490; x_wconf 66' lang='lat' dir='ltr'><strong>quibus</strong></span> <span class='ocrx_word' id='word_1_795' title='bbox 2936 5410 3050 5463; x_wconf 62' lang='lat' dir='ltr'><strong>hac</strong></span> <span class='ocrx_word' id='word_1_796' title='bbox 3079 5405 3404 5490; x_wconf 76' lang='lat' dir='ltr'><strong>exhibentur</strong></span> <span class='ocrx_word' id='word_1_797' title='bbox 3432 5401 3500 5484; x_wconf 74' lang='lat' dir='ltr'><strong>ad</strong></span> 
     </span>
    </p>
   </div>
   <div class='ocr_carea' id='block_1_117' title="bbox 1918 5474 3503 5562">
    <p class='ocr_par' dir='ltr' id='par_1_117' title="bbox 1918 5474 3503 5562">
     <span class='ocr_line' id='line_1_117' title="bbox 1918 5474 3503 5562; baseline -0.015 -12"><span class='ocrx_word' id='word_1_798' title='bbox 1918 5474 2212 5562; x_wconf 61' lang='lat' dir='ltr'><strong>marginem</strong></span> <span class='ocrx_word' id='word_1_799' title='bbox 2245 5489 2458 5562; x_wconf 85' lang='lat' dir='ltr'><strong>depicta</strong></span> <span class='ocrx_word' id='word_1_800' title='bbox 2483 5474 2677 5562; x_wconf 12' lang='lat' dir='ltr'><strong>i‘verba</strong></span> <span class='ocrx_word' id='word_1_801' title='bbox 2714 5474 2740 5536; x_wconf 79' lang='grc'><strong>;’</strong></span> <span class='ocrx_word' id='word_1_802' title='bbox 2764 5481 2831 5535; x_wconf 88' lang='lat' dir='ltr'><strong>Id</strong></span> <span class='ocrx_word' id='word_1_803' title='bbox 2862 5485 3054 5551; x_wconf 86' lang='lat' dir='ltr'><strong>integre</strong></span> <span class='ocrx_word' id='word_1_804' title='bbox 3092 5474 3417 5545; x_wconf 75' lang='lat' dir='ltr'><strong>investigabis</strong></span> <span class='ocrx_word' id='word_1_805' title='bbox 3447 5475 3503 5527; x_wconf 85' lang='lat' dir='ltr'><strong>in</strong></span> 
     </span>
    </p>
   </div>
   <div class='ocr_carea' id='block_1_118' title="bbox 1917 5557 2583 5621">
    <p class='ocr_par' dir='ltr' id='par_1_118' title="bbox 1917 5557 2583 5621">
     <span class='ocr_line' id='line_1_118' title="bbox 1917 5557 2583 5621; baseline -0.017 0"><span class='ocrx_word' id='word_1_806' title='bbox 1917 5557 2319 5621; x_wconf 55' lang='lat' dir='ltr'><strong>Clmfiedonensi</strong></span> <span class='ocrx_word' id='word_1_807' title='bbox 2349 5557 2583 5611; x_wconf 81' lang='lat' dir='ltr'><strong>concilio.</strong></span> 
     </span>
    </p>
   </div>
   <div class='ocr_carea' id='block_1_119' title="bbox 1988 5621 3170 5703">
    <p class='ocr_par' dir='ltr' id='par_1_119' title="bbox 1988 5621 3170 5703">
     <span class='ocr_line' id='line_1_119' title="bbox 1988 5621 3170 5703; baseline -0.019 -9"><span class='ocrx_word' id='word_1_808' title='bbox 1988 5635 2015 5675; x_wconf 69' lang='grc' dir='ltr'>ά</span> <span class='ocrx_word' id='word_1_809' title='bbox 2042 5637 2156 5703; x_wconf 71' lang='grc' dir='ltr'><strong>ΑΞ.,</strong></span> <span class='ocrx_word' id='word_1_810' title='bbox 2182 5631 2243 5685; x_wconf 92' lang='grc' dir='ltr'><strong>Τ.</strong></span> <span class='ocrx_word' id='word_1_811' title='bbox 2277 5633 2333 5692; x_wconf 75' lang='grc'><strong>2.</strong></span> <span class='ocrx_word' id='word_1_812' title='bbox 2357 5631 2768 5703; x_wconf 65' lang='lat' dir='ltr'><strong>Domitianostro</strong></span> <span class='ocrx_word' id='word_1_813' title='bbox 2797 5623 2924 5703; x_wconf 48' lang='lat' dir='ltr'><strong>{erit</strong></span> <span class='ocrx_word' id='word_1_814' title='bbox 2950 5621 3170 5703; x_wconf 74' lang='lat' dir='ltr'><strong>Christo.</strong></span> 
     </span>
    </p>
   </div>
   <div class='ocr_carea' id='block_1_120' title="bbox 1991 5691 3359 5771">
    <p class='ocr_par' dir='ltr' id='par_1_120' title="bbox 1991 5691 3359 5771">
     <span class='ocr_line' id='line_1_120' title="bbox 1991 5691 3359 5771; baseline -0.01 -14"><span class='ocrx_word' id='word_1_815' title='bbox 1991 5720 2013 5747; x_wconf 77' lang='grc' dir='ltr'>ρ</span> <span class='ocrx_word' id='word_1_816' title='bbox 2046 5691 2273 5771; x_wconf 30' lang='lat' dir='ltr'><strong>Ex”qu</strong></span> <span class='ocrx_word' id='word_1_817' title='bbox 2309 5691 2442 5757; x_wconf 52' lang='grc' dir='ltr'><strong>ΒΜ.</strong></span> <span class='ocrx_word' id='word_1_818' title='bbox 2478 5701 2531 5756; x_wconf 90' lang='lat' dir='ltr'><strong>lu</strong></span> <span class='ocrx_word' id='word_1_819' title='bbox 2561 5700 2626 5754; x_wconf 81' lang='grc' dir='ltr'><strong>Α.</strong></span> <span class='ocrx_word' id='word_1_820' title='bbox 2659 5705 2713 5750; x_wconf 87' lang='lat' dir='ltr'><strong>et</strong></span> <span class='ocrx_word' id='word_1_821' title='bbox 2735 5693 2953 5763; x_wconf 88' lang='lat' dir='ltr'><strong>reliquis</strong></span> <span class='ocrx_word' id='word_1_822' title='bbox 2988 5708 3002 5746; x_wconf 88' lang='lat'><strong>:</strong></span> <span class='ocrx_word' id='word_1_823' title='bbox 3037 5691 3359 5746; x_wconf 73' lang='lat' dir='ltr'><strong>attestandc.</strong></span> 
     </span>
    </p>
   </div>
  </div>
