4208 6440
188 460 727 477 M.————-
734 456 1127 468 ψ’..
1140 451 1638 465 *Ψ
1805 451 2443 464 WW—
3355 437 3395 453 -ὸ

199 445 3412 511 W
383 503 499 511 ...-
510 485 3369 509 ,ηΝ

177 546 184 554 .

167 665 334 730 Χ

123 723 235 863 ἕ
304 723 334 726 “
820 754 1175 818 LECTORI
1233 750 1686 814 BENEVOLO
1738 748 1970 808 JOAN.
2033 747 2326 808 LL’DOV.
2391 745 2796 805 SCHULZE.

253 1040 538 1095 Maximam
575 1037 742 1093 studii
771 1034 1079 1104 laborisque
1118 1033 1292 1085 nostri
1344 1041 1553 1100 partem
1594 1027 1698 1081 sibi
1735 1025 2025 1081 vindicavit
2070 1025 2293 1078 ultimus
2331 1027 2494 1095 hujus
2517 1023 2774 1079 editionis
2805 1035 3004 1087 tomus,
3040 1025 3095 1076 in
3136 1038 3245 1092 quo
3274 1023 3436 1075 ador-

181 1155 364 1208 nando
385 1168 606 1208 omnem
637 1149 888 1203 dedimus
919 1159 1138 1215 operam
1172 1151 1249 1204 ut,
1288 1157 1409 1211 qua:
1429 1138 1728 1194 Garnerius
1765 1137 1892 1192 olim
1925 1139 1980 1190 in
2015 1134 2269 1189 Auctario
2301 1150 2400 1188 suo
2421 1143 2790 1204 congesserat,
2819 1135 3198 1204 locupletiora,
3226 1147 3304 1201 et,
3337 1137 3430 1189 ubi

180 1282 319 1337 opus
351 1273 520 1328 esset,
549 1261 922 1318 emendatiora
950 1256 1253 1326 prodirent.
1282 1254 1467 1322 Longo
1509 1269 1618 1306 non
1653 1254 1857 1306 utimur
1890 1250 2202 1318 prmfamine
2237 1270 2248 1303 :
2281 1250 2349 1305 de
2383 1252 2569 1305 multis
2597 1251 2745 1305 enim
2767 1251 3053 1307 Lectorem
3080 1256 3190 1324 jam
3222 1257 3278 1309 in
3314 1257 3434 1325 ipso

181 1399 369 1453 Opere,
403 1381 535 1450 quia
576 1395 663 1432 res
693 1378 768 1431 ita
795 1373 1025 1437 ferebat,
1054 1370 1457 1426 admonuimus.
1503 1369 1741 1422 Primum
1787 1366 1970 1418 locum
2012 1373 2160 1420 tenet
2201 1366 2548 1436 Reprehensio
2589 1365 2694 1420 XII
2729 1367 3304 1422 Anathematismorum
3334 1369 3438 1440 Cy-

187 1497 295 1548 ῆιιὶ
347 1493 450 1565 (α),
483 1509 548 1547 ex
582 1489 858 1546 Sirmondi
885 1496 1193 1555 nostraeque
1231 1483 1491 1537 editionis
1521 1491 1668 1535 tomo
1691 1488 1888 1549 quarto
1917 1480 2098 1534 adhuc
2127 1482 2354 1550 reliqua.
2395 1481 2474 1534 Ex
2501 1481 2759 1535 Auctario
2787 1482 3038 1537 Gamerii
3072 1497 3134 1537 ea
3160 1485 3341 1537 omnia
3380 1487 3435 1539 in

187 1612 334 1662 hunc
366 1620 576 1661 tomum
617 1603 798 1672 colligi
830 1601 1160 1661 debuerunt,
1193 1611 1315 1666 qua:
1336 1603 1702 1666 opportunum
1747 1595 1802 1647 in
1846 1595 2225 1662 superioribus
2258 1594 2502 1647 nondum
2532 1601 2692 1647 nacta
2721 1604 2877 1648 erant
2905 1596 3087 1649 locum
3121 1614 3134 1647 :
3167 1598 3432 1652 nonnulla

187 1725 331 1778 enim
353 1725 467 1793 jam
491 1733 640 1774 tomo
668 1720 844 1788 primo
868 1720 925 1772 in
952 1713 1375 1771 Commentariis
1402 1714 1469 1766 ad
1501 1711 1744 1766 Psalmos
1778 1712 2205 1779 pertinentibus,
2240 1721 2297 1764 et
2320 1719 2467 1765 tomo
2487 1719 2683 1780 quarto
2704 1721 2814 1764 tum
2840 1710 2908 1765 ad
2941 1711 3110 1766 libros
3135 1713 3212 1766 De
3243 1729 3436 1767 curan-

187 1842 262 1894 dis
298 1841 605 1894 ercorum
628 1834 1000 1906 aﬂ'ectionibus,
1035 1841 1146 1884 tum
1179 1831 1234 1884 in
1258 1830 1579 1884 collectione
1609 1828 1962 1895 epistolarum
1994 1827 2348 1889 Theodoreti,
2384 1829 2546 1880 allata
2575 1843 2696 1882 esse
2743 1838 2967 1891 norunt,
3000 1836 3270 1898 quotquot
3315 1828 3403 1883 edi
3423 1858 3436 1867 -

190 1954 335 2005 tione
362 1962 551 2005 nostra
585 1958 838 2012 utuntur,
870 1959 1169 2013 omnesque
1203 1945 1534 2012 intelligent,
1576 1941 1666 2011 qui
1697 1939 1972 2002 ordinem,
2001 1954 2110 2008 quo
2149 1940 2357 2008 pagina;
2387 1939 2647 1994 editionis
2687 1950 2888 1995 nostrae
2921 1942 3135 2011 paginis
3175 1943 3437 1996 editionis

189 2071 390 2140 prioris
422 2066 780 2136 respondent,
807 2080 874 2118 ex
905 2064 1085 2118 tabula
1120 2063 1247 2116 huic
1284 2061 1588 2130 przefationi
1612 2061 1856 2129 subjecta
1880 2073 2210 2127 cognoscere
2233 2059 2424 2113 velint.
2459 2059 2726 2124 Lacunas,
2760 2076 2897 2129 quas
2915 2061 3217 2116 Garnerius
3244 2063 3299 2115 in
3332 2062 3439 2134 Hy-

191 2182 546 2254 pomnesticis
577 2181 643 2233 ad
676 2180 918 2233 Psalmos
956 2175 1362 2247 pertinentibus
1383 2175 1620 2243 reliquas
1647 2173 1872 2234 fecerat,
1897 2187 1963 2226 ex
1995 2173 2307 2242 apographo
2340 2175 2546 2229 codicis
2568 2175 3004 2230 Vindobonensis
3031 2177 3275 2245 explere,
3300 2177 3436 2230 alia~

190 2313 292 2366 que
333 2311 401 2349 ex
430 2295 534 2348 hoc
572 2305 626 2348 et
659 2292 973 2347 Florentino
1021 2289 1259 2359 quodam
1290 2288 1601 2358 apographo
1639 2285 1876 2356 adjicere
1904 2287 2062 2340 nobis
2090 2287 2262 2341 licuit.
2292 2288 2424 2342 Eam
2447 2289 2689 2343 Auctarii
2725 2300 2960 2357 partem,
3004 2305 3124 2360 pag.
3166 2289 3436 2350 84—452.

191 2431 308 2485 qua
335 2415 403 2468 ad
434 2425 642 2468 tomum
672 2421 926 2482 quartum
959 2417 1186 2479 spectat,
1216 2424 1281 2462 ex
1311 2407 1596 2461 codicibus
1624 2405 1844 2474 quidem
1874 2404 2208 2475 locupletare
2239 2421 2348 2459 non
2379 2408 2679 2474 potuimus,
2707 2423 2776 2460 ex
2804 2407 3001 2460 Photio
3031 2415 3216 2466 autem
3245 2416 3301 2460 et
3323 2406 3438 2460 Ma-

191 2526 272 2580 rio
313 2526 619 2580 Mercatore
667 2524 876 2592 aliquot
904 2522 1051 2576 locos
1082 2519 1411 2576 emendandi
1444 2518 1758 2587 nostrisque
1790 2518 1977 2573 utendi
2004 2521 2335 2588 conjecturis
2368 2520 2746 2589 opportunitas
2795 2521 2940 2576 haud
2972 2537 3098 2576 raro
3137 2532 3300 2577 enata
3331 2531 3434 2577 est.

193 2648 421 2701 Prolixis
451 2644 919 2715 disputationibus
948 2643 1290 2696 occasionem
1327 2639 1608 2693 dedissent
1631 2638 1883 2692 Garnerii
1905 2637 2148 2707 quinque
2177 2639 2618 2705 Dissertationes,
2649 2656 2771 2710 quae
2795 2625 3102 2710 proximum
3141 2643 3323 2699 locum
3359 2654 3439 2701 te-

193 2778 319 2823 nent
347 2785 471 2838 pag.
502 2767 776 2822 155-906
801 2784 814 2829 ς
849 2764 942 2820 sed
968 2763 1294 2819 scribendus
1325 2761 1514 2815 fuisset
1533 2760 1770 2824 libellus,
1795 2759 1842 2812 si
1869 2759 2168 2814 refutandis
2189 2761 2443 2814 omnibus
2473 2759 2877 2824 audacioribus,
2907 2770 2962 2814 et
2985 2761 3214 2816 subinde
3245 2777 3439 2832 parum

193 2882 358 2950 aquis
416 2880 537 2947 ejus
574 2878 900 2947 conjecturis
941 2891 1138 2929 vacare
1199 2875 1470 2928 libuisset.
1517 2871 1778 2924 Brevitati
1815 2871 1997 2940 itaque
2027 2870 2270 2936 studere,
2302 2881 2357 2925 et
2398 2872 2484 2925 vel
2516 2872 2701 2925 minus
2729 2882 2874 2925 recte
2901 2873 2986 2928 vel
3023 2871 3266 2941 iniquius
3295 2874 3440 2928 dicta

197 3001 400 3071 paucis,
436 2999 479 3052 si
527 3011 666 3065 opus
699 3005 866 3056 esset,
905 3008 1153 3062 arguere,
1186 3004 1350 3059 quam
1376 2989 1431 3042 in
1460 2988 1806 3056 scriptorem,
1842 2990 1999 3057 cujus
2026 2988 2230 3056 aliquot
2269 2988 2490 3056 quidem
2528 3003 2730 3051 naevos,
2767 2988 2862 3043 sed
2892 3003 3084 3058 magna
3123 2990 3290 3042 etiam
3317 3005 3440 3044 esse

195 3120 444 3172 novimus
466 3117 682 3178 merita,
717 3114 932 3183 copiosa
962 3112 1207 3166 oratione
1243 3108 1424 3163 invehi
1452 3107 1762 3162 maluimus.

258 3264 510 3326 Numeri,
550 3261 753 3331 quibus
785 3260 869 3313 hae
895 3257 1146 3312 Garnerii
1177 3257 1596 3310 Dissertationes
1625 3254 2059 3324 distinguuntur,
2086 3255 2139 3307 in
2172 3255 2412 3308 editione
2437 3254 2606 3324 priori
2634 3270 2961 3325 magnopere
2989 3255 3248 3310 fallebant
3272 3256 3441 3311 lecto-

199 3397 298 3443 res,
330 3390 392 3434 ut
416 3395 539 3449 pag.
566 3377 670 3431 420
705 3375 1036 3437 monuimus.
1065 3372 1462 3428 Emendatione
1505 3373 1690 3440 itaque
1721 3386 1860 3440 opus
1885 3371 2009 3435 fuit,
2051 3387 2118 3426 ne
2153 3373 2209 3425 in
2241 3372 2342 3426 hac
2375 3373 2521 3425 enim
2559 3372 2802 3427 editione
2829 3383 3145 3428 recurreret
3174 3390 3441 3428 numerus

199 3501 603 3556 Dissertationis
636 3500 821 3560 tertiw,
851 3513 962 3566 quo
988 3495 1208 3548 nomine
1239 3493 1358 3547 dua:
1386 3494 1441 3547 in
1465 3494 1722 3547 Auctario
1756 3493 2002 3548 Gamerii
2032 3494 2305 3562 inscripta:
2331 3502 2508 3548 erant.
2541 3494 2742 3548 Harum
2768 3495 3028 3565 priorem,
3063 3506 3122 3550 ut
3149 3512 3439 3566 argumen-

201 3631 306 3674 tum
330 3617 622 3679 suadebat,
651 3613 1006 3684 appendicem
1035 3612 1264 3667 fecimus
1299 3611 1572 3674 secundae,
1609 3625 1730 3680 quae
1757 3611 1824 3664 de
1853 3611 2007 3664 libris
2037 3611 2378 3665 Theodoreto
2413 3613 2526 3666 sive
2543 3609 2668 3683 jure
2698 3614 2811 3667 sive
2842 3622 3043 3668 temere
3073 3614 3324 3683 ascriptis
3343 3630 3430 3667 ex-

199 3733 346 3798 ponit
379 3749 391 3782 :
430 3729 587 3782 alteri
627 3743 758 3782 vero
781 3743 902 3797 qua:
934 3728 1002 3779 de
1033 3725 1138 3779 fide
1165 3725 1494 3778 Theodoreti
1520 3727 1652 3795 agit,
1687 3726 1854 3780 tertiae
1896 3742 2094 3780 nomen
2130 3725 2516 3782 vindicandum
2553 3745 2672 3783 esse
2701 3730 2977 3785 duximus.
3010 3731 3273 3786 Secundae
3307 3732 3441 3785 sub-

192 3843 494 3910 junximus,
526 3856 646 3910 pag.
683 3841 787 3894 550
824 3855 966 3908 seq.,
1005 3834 1416 3893 observationes
1446 3838 1584 3898 illas,
1621 3855 1742 3908 qua:
1768 3839 2068 3894 Garnerius
2095 3843 2341 3911 epistolis
2382 3845 2435 3896 in
2469 3844 2727 3898 Auctario
2754 3847 2992 3914 primum
3025 3847 3189 3901 editis
3227 3849 3441 3918 adjece-

195 3965 290 4008 rat.
326 3954 488 4007 Hunc
519 3955 665 4007 enim
699 3955 878 4008 locum
906 3954 1012 4007 illis
1036 3953 1377 4024 aptissimum
1403 3955 1734 4021 putavimus,
1766 3972 1834 4010 ne
1875 3957 2162 4010 molestum
2204 3967 2348 4012 esset
2379 3958 2697 4026 lectoribus,
2725 3961 2815 4015 hic
2842 3971 2898 4016 et
2919 3963 3016 4029 ibi,
3043 3980 3165 4034 qua:
3209 3966 3275 4020 ad
3315 3968 3442 4022 illuc

192 4072 442 4125 strandas
467 4069 800 4124 Theodoreti
828 4071 1087 4140 epistolas
1112 4070 1409 4140 pertinent,
1444 4086 1542 4125 ceu
1568 4071 1798 4142 disjecta
1824 4066 2069 4127 membra
2094 4073 2369 4144 colligere.
2405 4075 2654 4145 Dialogos
2681 4077 2803 4131 illos
2836 4086 3040 4142 autem,
3072 4080 3272 4148 quibus
3299 4080 3440 4135 Gar-

191 4190 378 4242 nerius
412 4188 556 4241 inter
583 4187 1003 4241 Dissertationes
1029 4187 1209 4240 locum
1244 4186 1486 4248 dederat,
1526 4187 1591 4240 ad
1621 4185 1782 4240 finem
1812 4188 1974 4258 hujus
2003 4189 2135 4242 tomi
2166 4190 2525 4244 remittendos
2567 4207 2688 4245 esse
2728 4192 3004 4257 duximus,
3033 4195 3180 4262 quod
3216 4197 3438 4264 quidem

189 4307 482 4364 consilium
507 4308 576 4360 ob
603 4305 859 4372 rationes,
891 4322 1011 4376 pag.
1051 4305 1152 4360 420
1176 4306 1386 4366 allatas,
1425 4307 1742 4368 lectoribus,
1778 4316 1836 4360 ut
1871 4323 2173 4377 speramus,
2214 4324 2323 4361 non
2354 4309 2683 4378 displicebit.
2724 4310 3043 4365 Dissertatio
3072 4313 3284 4380 quinta,
3318 4332 3438 4385 qua:

191 4422 513 4476 inscribitur
535 4422 613 4475 De
636 4423 948 4476 Theodoreto
978 4430 1024 4473 et
1061 4419 1411 4474 Orientalium
1451 4437 1633 4484 causa,
1656 4430 1711 4475 et
1748 4421 1862 4475 fere
1889 4421 2156 4476 ducentas
2179 4424 2424 4477 continet
2456 4425 2730 4477 variorum
2769 4424 3028 4493 epistolas
3057 4426 3123 4479 ad
3153 4427 3437 4484 historiam

192 4537 528 4591 Theodoreti
562 4536 920 4606 pertinentes,
949 4537 1149 4590 multos
1177 4538 1229 4590 in
1257 4537 1518 4591 Auctario
1547 4537 1796 4592 Garnerii
1828 4538 2064 4592 habebat
2096 4540 2298 4593 hiatus.
2329 4540 2570 4594 Aberant
2595 4542 2741 4595 enim
2764 4542 2831 4595 ab
2865 4542 3107 4597 editione
3125 4547 3243 4616 ejus
3267 4549 3438 4617 priori

193 4653 453 4723 Epistolas
473 4654 780 4723 complures
798 4670 934 4724 quas
955 4655 1048 4723 qui
1077 4655 1255 4722 legere
1278 4654 1461 4716 vellet,
1499 4656 1732 4724 majores
1759 4656 1880 4710 illas
1909 4654 2281 4710 Conciliorum
2317 4657 2671 4711 collectiones
2693 4657 2845 4710 adire
2872 4657 3080 4711 debuit.
3119 4659 3194 4713 Ex
3218 4661 3304 4714 his
3337 4679 3404 4716 au
3422 4694 3437 4705 -

195 4779 301 4821 tem
332 4767 578 4821 fontibus
605 4782 728 4821 cum
750 4784 860 4822 non
881 4782 1073 4821 omnes
1100 4767 1312 4836 possint
1340 4765 1580 4829 haurire,
1609 4782 1804 4835 magno
1827 4782 1882 4819 se
1916 4767 2123 4821 levatos
2155 4769 2426 4836 putabunt
2461 4783 2647 4831 onere,
2675 4779 2942 4837 quotquot
2972 4778 3100 4823 sunt
3133 4771 3322 4824 harum
3353 4790 3439 4826 re-

195 4895 313 4932 rum
343 4879 532 4949 cupidi
562 4893 616 4934 et
639 4881 799 4949 periti
824 4881 1076 4944 lectores,
1097 4880 1296 4948 quibus
1319 4879 1527 4949 integra
1553 4880 1664 4949 jam
1697 4879 1925 4933 oﬁ'ertur
1953 4882 2146 4934 harum
2167 4883 2517 4950 epistolarurn
2541 4881 2811 4944 collectio,
2837 4883 3024 4936 multis
3047 4883 3272 4946 Baluzii,
3292 4883 3437 4938 Man-

193 4999 280 5060 sii,
309 4998 655 5065 aliorumque
680 4995 905 5049 scholiis
934 4996 1286 5065 locupletata,
1317 4995 1384 5050 de
1411 4996 1614 5064 quibus
1650 4996 1889 5051 diximus
1915 5014 2038 5068 pag.
2063 4999 2184 5054 608.

259 5109 500 5161 Alteram
525 5107 691 5176 hujus
714 5107 846 5161 torni
876 5114 1085 5177 partem
1113 5109 1455 5163 constituunt
1479 5118 1674 5179 septem
1699 5109 1775 5162 illi
1799 5109 2010 5180 Dialogi
2045 5111 2290 5164 adversus
2317 5112 2564 5174 Arianos,
2590 5113 2916 5166 Macedonica
2934 5123 2981 5165 et
3002 5113 3434 5182 Apollinariuas,

196 5237 297 5276 una
321 5237 447 5277 cum
470 5222 722 5276 Eutherii
749 5222 1050 5293 Tyanensis
1076 5221 1430 5277 Sermonihus
1457 5224 1548 5294 (ὁ),
1589 5233 1642 5278 et
1669 5226 2076 5279 accessionibus
2114 5226 2441 5294 quihusdam
2473 5227 2539 5280 ad
2571 5236 2776 5282 tomum
2811 5230 3046 5297 primum
3088 5237 3142 5283 et
3178 5240 3432 5298 quartum

261 5418 334 5494 ta)
374 5419 602 5474 Librum
633 5420 798 5494 hunc,
828 5422 936 5490 jam
974 5421 1116 5473 inter
1131 5419 1316 5494 _Op_era
1355 5421 1537 5494 Cyrilli
1568 5424 1628 5492 (t.
1662 5421 1752 5494 IX)
1863 5423 2045 5477 nensis
2082 5421 2383 5494 Sermones
2423 5425 2531 5492 jam
2570 5426 2708 5479 inter
2746 5425 2922 5494 Opera
2982 5422 3150 5494 sancti
3196 5423 3434 5494 Athana-

197 5489 420 5562 editu_m,
449 5489 868 5562 memoravimus
893 5499 1102 5544 tantum
1129 5492 1180 5545 in
1198 5489 1313 5546 fine
1349 5489 1477 5545 torni
1509 5489 1755 5561 superio¥
1864 5495 1928 5548 sii
1961 5492 2292 5562 prodierant,
2341 5489 2540 5548 nostra:
2575 5489 2834 5549 editionis
2871 5505 3000 5548 tom.
3043 5493 3128 5558 IV,
3163 5493 3231 5545 ad
3265 5509 3432 5561 quem

201 5559 287 5610 ris.
317 5559 465 5611 Enn.
495 5560 656 5613 Pun.
1576 5559 1590 5561 ί
1866 5559 2058 5618 Lector
2085 5573 2386 5617 revocatur.
2431 5564 2575 5617 Ευιτ.

267 5628 336 5698 (b)
368 5627 573 5698 Dialogi
606 5630 728 5683 adv.
775 5631 1028 5691 Arianos,
1074 5642 1204 5696 etc.,
1249 5641 1303 5686 et
1339 5632 1585 5688 Eutherii
1626 5630 1755 5702 Tva-

523 5723 791 5783 ΡΛἸἮΟΙ..
835 5726 950 5784 Gn.
997 5724 1304 5785 LXXXIV.

3020 5726 3040 5781 ι
