  <div class='ocr_page' id='page_1' title='image "/cluster/home/n/w/nwhite01/storage/ocr_20150623/84/nnc1.0114605970/013.png"; bbox 0 0 4208 6440; ppageno 0'>
   <div class='ocr_carea' id='block_1_1' title="bbox 811 382 4062 450">
    <p class='ocr_par' dir='ltr' id='par_1_1' title="bbox 811 382 4062 450">
     <span class='ocr_line' id='line_1_1' title="bbox 811 382 4062 450; baseline 0.003 -13"><span class='ocrx_word' id='word_1_1' title='bbox 811 387 870 450; x_wconf 83' lang='lat'><strong>11</strong></span> <span class='ocrx_word' id='word_1_2' title='bbox 2234 383 2646 445; x_wconf 74' lang='lat' dir='ltr'><strong>PRIEFATIO.</strong></span> <span class='ocrx_word' id='word_1_3' title='bbox 3995 382 4062 446; x_wconf 72' lang='grc'><strong>12</strong></span> 
     </span>
    </p>
   </div>
   <div class='ocr_carea' id='block_1_2' title="bbox 807 513 2469 592">
    <p class='ocr_par' dir='ltr' id='par_1_2' title="bbox 807 513 2469 592">
     <span class='ocr_line' id='line_1_2' title="bbox 807 513 2469 592; baseline -0.005 -18"><span class='ocrx_word' id='word_1_4' title='bbox 807 518 1229 592; x_wconf 78' lang='lat' dir='ltr'><strong>pertinentibus.</strong></span> <span class='ocrx_word' id='word_1_5' title='bbox 1283 517 1363 570; x_wconf 86' lang='lat' dir='ltr'><strong>Ad</strong></span> <span class='ocrx_word' id='word_1_6' title='bbox 1417 517 1667 585; x_wconf 84' lang='lat' dir='ltr'><strong>Dialogos</strong></span> <span class='ocrx_word' id='word_1_7' title='bbox 1704 515 1826 567; x_wconf 88' lang='lat' dir='ltr'><strong>illos</strong></span> <span class='ocrx_word' id='word_1_8' title='bbox 1854 513 1999 583; x_wconf 85' lang='lat' dir='ltr'><strong>quod</strong></span> <span class='ocrx_word' id='word_1_9' title='bbox 2027 514 2242 574; x_wconf 78' lang='lat' dir='ltr'><strong>attinet,</strong></span> <span class='ocrx_word' id='word_1_10' title='bbox 2284 522 2469 566; x_wconf 44' lang='lat' dir='ltr'><strong>mutari</strong></span> 
     </span>
    </p>
   </div>
   <div class='ocr_carea' id='block_1_3' title="bbox 2401 513 4063 592">
    <p class='ocr_par' dir='ltr' id='par_1_3' title="bbox 2401 513 4063 584">
     <span class='ocr_line' id='line_1_3' title="bbox 2401 513 4063 584; baseline -0.001 -18"><span class='ocrx_word' id='word_1_11' title='bbox 2401 529 2496 566; x_wconf 83' lang='lat' dir='ltr'><strong>are</strong></span> <span class='ocrx_word' id='word_1_12' title='bbox 2540 516 2762 582; x_wconf 84' lang='lat' dir='ltr'><strong>quidem</strong></span> <span class='ocrx_word' id='word_1_13' title='bbox 2793 517 3070 569; x_wconf 83' lang='lat' dir='ltr'><strong>noluimus</strong></span> <span class='ocrx_word' id='word_1_14' title='bbox 3093 517 3312 570; x_wconf 90' lang='lat' dir='ltr'><strong>titulum</strong></span> <span class='ocrx_word' id='word_1_15' title='bbox 3337 517 3429 568; x_wconf 79' lang='grc' dir='ltr'><strong>τοῦ</strong></span> <span class='ocrx_word' id='word_1_16' title='bbox 3470 513 3739 584; x_wconf 73' lang='grc' dir='ltr'><strong>μακαρίου</strong></span> <span class='ocrx_word' id='word_1_17' title='bbox 3773 513 4063 582; x_wconf 66' lang='grc' dir='ltr'><strong>Θεοδωρήο</strong></span> 
     </span>
    </p>
   </div>
   <div class='ocr_carea' id='block_1_4' title="bbox 746 627 4059 703">
    <p class='ocr_par' dir='ltr' id='par_1_4' title="bbox 746 627 4059 703">
     <span class='ocr_line' id='line_1_4' title="bbox 746 627 4059 703; baseline -0.002 -14"><span class='ocrx_word' id='word_1_18' title='bbox 746 641 748 643; x_wconf 74' lang='grc'><em>’</em></span> <span class='ocrx_word' id='word_1_19' title='bbox 804 652 918 698; x_wconf 79' lang='grc' dir='ltr'><strong>του,</strong></span> <span class='ocrx_word' id='word_1_20' title='bbox 947 649 1108 703; x_wconf 83' lang='lat' dir='ltr'><strong>quem</strong></span> <span class='ocrx_word' id='word_1_21' title='bbox 1142 632 1251 687; x_wconf 84' lang='lat' dir='ltr'><strong>illis</strong></span> <span class='ocrx_word' id='word_1_22' title='bbox 1291 631 1517 685; x_wconf 75' lang='lat' dir='ltr'><strong>dederat</strong></span> <span class='ocrx_word' id='word_1_23' title='bbox 1548 629 1883 694; x_wconf 86' lang='lat' dir='ltr'><strong>Garnerius;</strong></span> <span class='ocrx_word' id='word_1_24' title='bbox 1916 628 1971 681; x_wconf 93' lang='lat' dir='ltr'><strong>in</strong></span> <span class='ocrx_word' id='word_1_25' title='bbox 1998 628 2377 697; x_wconf 85' lang='lat' dir='ltr'><strong>superioribus</strong></span> <span class='ocrx_word' id='word_1_26' title='bbox 2404 638 2588 682; x_wconf 84' lang='lat' dir='ltr'><strong>autem</strong></span> <span class='ocrx_word' id='word_1_27' title='bbox 2629 639 2685 683; x_wconf 90' lang='lat' dir='ltr'><strong>et</strong></span> <span class='ocrx_word' id='word_1_28' title='bbox 2715 632 2769 683; x_wconf 91' lang='lat' dir='ltr'><strong>in</strong></span> <span class='ocrx_word' id='word_1_29' title='bbox 2809 632 2927 700; x_wconf 91' lang='lat' dir='ltr'><strong>ipso</strong></span> <span class='ocrx_word' id='word_1_30' title='bbox 2955 629 3143 684; x_wconf 90' lang='lat' dir='ltr'><strong>limine</strong></span> <span class='ocrx_word' id='word_1_31' title='bbox 3175 631 3340 700; x_wconf 83' lang='lat' dir='ltr'><strong>hujus</strong></span> <span class='ocrx_word' id='word_1_32' title='bbox 3369 630 3555 698; x_wconf 87' lang='lat' dir='ltr'><strong>operis</strong></span> <span class='ocrx_word' id='word_1_33' title='bbox 3584 630 3696 698; x_wconf 86' lang='lat' dir='ltr'><strong>jam</strong></span> <span class='ocrx_word' id='word_1_34' title='bbox 3720 627 4059 683; x_wconf 79' lang='lat' dir='ltr'><strong>monuimus.</strong></span> 
     </span>
    </p>
   </div>
   <div class='ocr_carea' id='block_1_5' title="bbox 805 738 4065 816">
    <p class='ocr_par' dir='ltr' id='par_1_5' title="bbox 805 738 4065 816">
     <span class='ocr_line' id='line_1_5' title="bbox 805 738 4065 816; baseline -0.003 -17"><span class='ocrx_word' id='word_1_35' title='bbox 805 745 917 802; x_wconf 81' lang='lat' dir='ltr'><strong>imo</strong></span> <span class='ocrx_word' id='word_1_36' title='bbox 949 762 1125 816; x_wconf 87' lang='lat' dir='ltr'><strong>nuper</strong></span> <span class='ocrx_word' id='word_1_37' title='bbox 1153 746 1210 798; x_wconf 92' lang='lat' dir='ltr'><strong>in</strong></span> <span class='ocrx_word' id='word_1_38' title='bbox 1237 745 1645 814; x_wconf 87' lang='lat' dir='ltr'><strong>Programmate</strong></span> <span class='ocrx_word' id='word_1_39' title='bbox 1668 740 1974 796; x_wconf 90' lang='lat' dir='ltr'><strong>Academia</strong></span> <span class='ocrx_word' id='word_1_40' title='bbox 2003 740 2225 793; x_wconf 89' lang='lat' dir='ltr'><strong>nomine</strong></span> <span class='ocrx_word' id='word_1_41' title='bbox 2257 739 2483 807; x_wconf 90' lang='lat' dir='ltr'><strong>scripto,</strong></span> <span class='ocrx_word' id='word_1_42' title='bbox 2513 753 2624 808; x_wconf 88' lang='lat' dir='ltr'><strong>quo</strong></span> <span class='ocrx_word' id='word_1_43' title='bbox 2670 740 2790 794; x_wconf 88' lang='lat' dir='ltr'><strong>dies</strong></span> <span class='ocrx_word' id='word_1_44' title='bbox 2832 740 3001 794; x_wconf 74' lang='lat' dir='ltr'><strong>festos</strong></span> <span class='ocrx_word' id='word_1_45' title='bbox 3037 741 3320 794; x_wconf 87' lang='lat' dir='ltr'><strong>memoria</strong></span> <span class='ocrx_word' id='word_1_46' title='bbox 3357 738 3486 794; x_wconf 85' lang='lat' dir='ltr'><strong>Jesu</strong></span> <span class='ocrx_word' id='word_1_47' title='bbox 3511 739 3718 792; x_wconf 89' lang='lat' dir='ltr'><strong>Christi</strong></span> <span class='ocrx_word' id='word_1_48' title='bbox 3756 753 3786 791; x_wconf 89' lang='lat' dir='ltr'><strong>a</strong></span> <span class='ocrx_word' id='word_1_49' title='bbox 3822 740 4065 790; x_wconf 73' lang='lat' dir='ltr'><strong>mortuis</strong></span> 
     </span>
    </p>
   </div>
   <div class='ocr_carea' id='block_1_6' title="bbox 806 854 4059 928">
    <p class='ocr_par' dir='ltr' id='par_1_6' title="bbox 806 854 4059 928">
     <span class='ocr_line' id='line_1_6' title="bbox 806 854 4059 928; baseline -0.002 -16"><span class='ocrx_word' id='word_1_50' title='bbox 806 856 1117 912; x_wconf 80' lang='lat' dir='ltr'><strong>resuscitati</strong></span> <span class='ocrx_word' id='word_1_51' title='bbox 1158 871 1346 912; x_wconf 90' lang='lat' dir='ltr'><strong>sacros</strong></span> <span class='ocrx_word' id='word_1_52' title='bbox 1392 855 1722 920; x_wconf 81' lang='lat' dir='ltr'><strong>indiximus,</strong></span> <span class='ocrx_word' id='word_1_53' title='bbox 1764 855 2012 909; x_wconf 88' lang='lat' dir='ltr'><strong>instituta</strong></span> <span class='ocrx_word' id='word_1_54' title='bbox 2050 869 2176 908; x_wconf 92' lang='lat' dir='ltr'><strong>cum</strong></span> <span class='ocrx_word' id='word_1_55' title='bbox 2219 854 2476 923; x_wconf 75' lang='lat' dir='ltr'><strong>genuinis</strong></span> <span class='ocrx_word' id='word_1_56' title='bbox 2514 855 2804 924; x_wconf 81' lang='lat' dir='ltr'><strong>scriptoris</strong></span> <span class='ocrx_word' id='word_1_57' title='bbox 2835 859 3009 912; x_wconf 85' lang='lat' dir='ltr'><strong>nostri</strong></span> <span class='ocrx_word' id='word_1_58' title='bbox 3045 857 3204 912; x_wconf 83' lang='lat' dir='ltr'><strong>libris</strong></span> <span class='ocrx_word' id='word_1_59' title='bbox 3231 858 3638 928; x_wconf 82' lang='lat' dir='ltr'><strong>comparatione</strong></span> <span class='ocrx_word' id='word_1_60' title='bbox 3684 855 4059 925; x_wconf 81' lang='lat' dir='ltr'><strong>probavimus,</strong></span> 
     </span>
    </p>
   </div>
   <div class='ocr_carea' id='block_1_7' title="bbox 803 973 4061 1050">
    <p class='ocr_par' dir='ltr' id='par_1_7' title="bbox 803 973 4061 1050">
     <span class='ocr_line' id='line_1_7' title="bbox 803 973 4061 1050; baseline 0.002 -21"><span class='ocrx_word' id='word_1_61' title='bbox 803 975 1054 1030; x_wconf 87' lang='lat' dir='ltr'><strong>libellum</strong></span> <span class='ocrx_word' id='word_1_62' title='bbox 1085 975 1249 1030; x_wconf 92' lang='lat' dir='ltr'><strong>istum</strong></span> <span class='ocrx_word' id='word_1_63' title='bbox 1272 976 1425 1030; x_wconf 90' lang='lat' dir='ltr'><strong>nullo</strong></span> <span class='ocrx_word' id='word_1_64' title='bbox 1450 976 1573 1046; x_wconf 86' lang='lat' dir='ltr'><strong>jure</strong></span> <span class='ocrx_word' id='word_1_65' title='bbox 1595 975 1942 1030; x_wconf 89' lang='lat' dir='ltr'><strong>Theodoreto</strong></span> <span class='ocrx_word' id='word_1_66' title='bbox 1967 973 2234 1028; x_wconf 88' lang='lat' dir='ltr'><strong>vindicari</strong></span> <span class='ocrx_word' id='word_1_67' title='bbox 2258 988 2439 1043; x_wconf 87' lang='lat' dir='ltr'><strong>posse.</strong></span> <span class='ocrx_word' id='word_1_68' title='bbox 2467 975 2701 1030; x_wconf 90' lang='lat' dir='ltr'><strong>Textum</strong></span> <span class='ocrx_word' id='word_1_69' title='bbox 2728 975 2977 1031; x_wconf 87' lang='lat' dir='ltr'><strong>Gracum</strong></span> <span class='ocrx_word' id='word_1_70' title='bbox 3007 979 3208 1046; x_wconf 89' lang='lat' dir='ltr'><strong>passim</strong></span> <span class='ocrx_word' id='word_1_71' title='bbox 3239 993 3305 1032; x_wconf 91' lang='lat' dir='ltr'><strong>ex</strong></span> <span class='ocrx_word' id='word_1_72' title='bbox 3333 980 3572 1035; x_wconf 88' lang='lat' dir='ltr'><strong>editione</strong></span> <span class='ocrx_word' id='word_1_73' title='bbox 3594 977 3760 1033; x_wconf 80' lang='lat' dir='ltr'><strong>Henr.</strong></span> <span class='ocrx_word' id='word_1_74' title='bbox 3796 980 4061 1050; x_wconf 82' lang='lat' dir='ltr'><strong>Stephani</strong></span> 
     </span>
    </p>
   </div>
   <div class='ocr_carea' id='block_1_8' title="bbox 805 1089 4061 1161">
    <p class='ocr_par' dir='ltr' id='par_1_8' title="bbox 805 1089 4061 1161">
     <span class='ocr_line' id='line_1_8' title="bbox 805 1089 4061 1161; baseline 0.001 -18"><span class='ocrx_word' id='word_1_75' title='bbox 805 1097 862 1143; x_wconf 84' lang='lat' dir='ltr'><strong>et</strong></span> <span class='ocrx_word' id='word_1_76' title='bbox 887 1105 956 1144; x_wconf 93' lang='lat' dir='ltr'><strong>ex</strong></span> <span class='ocrx_word' id='word_1_77' title='bbox 985 1089 1189 1147; x_wconf 87' lang='lat' dir='ltr'><strong>Beucd.</strong></span> <span class='ocrx_word' id='word_1_78' title='bbox 1220 1089 1462 1160; x_wconf 88' lang='lat' dir='ltr'><strong>Operum</strong></span> <span class='ocrx_word' id='word_1_79' title='bbox 1487 1090 1769 1146; x_wconf 79' lang='lat' dir='ltr'><strong>Athanasii</strong></span> <span class='ocrx_word' id='word_1_80' title='bbox 1791 1089 2035 1144; x_wconf 89' lang='lat' dir='ltr'><strong>editione</strong></span> <span class='ocrx_word' id='word_1_81' title='bbox 2059 1090 2353 1145; x_wconf 88' lang='lat' dir='ltr'><strong>emendare</strong></span> <span class='ocrx_word' id='word_1_82' title='bbox 2385 1091 2562 1145; x_wconf 88' lang='lat' dir='ltr'><strong>licuit.</strong></span> <span class='ocrx_word' id='word_1_83' title='bbox 2603 1092 2714 1146; x_wconf 80' lang='lat' dir='ltr'><strong>Hac</strong></span> <span class='ocrx_word' id='word_1_84' title='bbox 2747 1093 3194 1161; x_wconf 87' lang='lat' dir='ltr'><strong>prastantissima</strong></span> <span class='ocrx_word' id='word_1_85' title='bbox 3215 1093 3497 1149; x_wconf 79' lang='lat' dir='ltr'><strong>Athanasii</strong></span> <span class='ocrx_word' id='word_1_86' title='bbox 3527 1095 3770 1150; x_wconf 87' lang='lat' dir='ltr'><strong>editione</strong></span> <span class='ocrx_word' id='word_1_87' title='bbox 3806 1095 3890 1148; x_wconf 91' lang='lat' dir='ltr'><strong>usi</strong></span> <span class='ocrx_word' id='word_1_88' title='bbox 3923 1110 4061 1161; x_wconf 91' lang='lat' dir='ltr'><strong>quo-</strong></span> 
     </span>
    </p>
   </div>
   <div class='ocr_carea' id='block_1_9' title="bbox 804 1200 4065 1274">
    <p class='ocr_par' dir='ltr' id='par_1_9' title="bbox 804 1200 4065 1274">
     <span class='ocr_line' id='line_1_9' title="bbox 804 1200 4065 1274; baseline -0.001 -16"><span class='ocrx_word' id='word_1_89' title='bbox 804 1218 911 1274; x_wconf 88' lang='lat' dir='ltr'><strong>que</strong></span> <span class='ocrx_word' id='word_1_90' title='bbox 939 1217 1129 1257; x_wconf 86' lang='lat' dir='ltr'><strong>sumus</strong></span> <span class='ocrx_word' id='word_1_91' title='bbox 1157 1203 1226 1257; x_wconf 91' lang='lat' dir='ltr'><strong>ad</strong></span> <span class='ocrx_word' id='word_1_92' title='bbox 1260 1202 1631 1258; x_wconf 87' lang='lat' dir='ltr'><strong>emendandas</strong></span> <span class='ocrx_word' id='word_1_93' title='bbox 1656 1200 1864 1271; x_wconf 89' lang='lat' dir='ltr'><strong>aliquot</strong></span> <span class='ocrx_word' id='word_1_94' title='bbox 1890 1201 2156 1257; x_wconf 87' lang='lat' dir='ltr'><strong>lectiones</strong></span> <span class='ocrx_word' id='word_1_95' title='bbox 2203 1201 2259 1256; x_wconf 91' lang='lat' dir='ltr'><strong>in</strong></span> <span class='ocrx_word' id='word_1_96' title='bbox 2296 1202 2546 1256; x_wconf 88' lang='lat' dir='ltr'><strong>Eutherii</strong></span> <span class='ocrx_word' id='word_1_97' title='bbox 2581 1201 2958 1258; x_wconf 88' lang='lat' dir='ltr'><strong>Sermonibus.</strong></span> <span class='ocrx_word' id='word_1_98' title='bbox 2993 1204 3104 1259; x_wconf 81' lang='lat' dir='ltr'><strong>Hos</strong></span> <span class='ocrx_word' id='word_1_99' title='bbox 3142 1204 3365 1274; x_wconf 91' lang='lat' dir='ltr'><strong>quidem</strong></span> <span class='ocrx_word' id='word_1_100' title='bbox 3408 1205 3725 1260; x_wconf 84' lang='lat' dir='ltr'><strong>Harduinus</strong></span> <span class='ocrx_word' id='word_1_101' title='bbox 3764 1204 3818 1257; x_wconf 92' lang='lat' dir='ltr'><strong>in</strong></span> <span class='ocrx_word' id='word_1_102' title='bbox 3851 1204 4065 1257; x_wconf 77' lang='lat' dir='ltr'><strong>scholia</strong></span> 
     </span>
    </p>
   </div>
   <div class='ocr_carea' id='block_1_10' title="bbox 804 1315 4062 1389">
    <p class='ocr_par' dir='ltr' id='par_1_10' title="bbox 804 1315 4062 1389">
     <span class='ocr_line' id='line_1_10' title="bbox 804 1315 4062 1389; baseline -0.002 -16"><span class='ocrx_word' id='word_1_103' title='bbox 804 1319 953 1389; x_wconf 84' lang='lat' dir='ltr'><strong>quod</strong></span> <span class='ocrx_word' id='word_1_104' title='bbox 995 1325 1172 1373; x_wconf 77' lang='lat' dir='ltr'><strong>exstat</strong></span> <span class='ocrx_word' id='word_1_105' title='bbox 1195 1333 1315 1387; x_wconf 88' lang='lat' dir='ltr'><strong>pag.</strong></span> <span class='ocrx_word' id='word_1_106' title='bbox 1349 1318 1504 1380; x_wconf 88' lang='grc'><strong>1117,</strong></span> <span class='ocrx_word' id='word_1_107' title='bbox 1535 1315 1672 1370; x_wconf 90' lang='lat' dir='ltr'><strong>dicit</strong></span> <span class='ocrx_word' id='word_1_108' title='bbox 1698 1324 1811 1368; x_wconf 84' lang='lat' dir='ltr'><strong>octo</strong></span> <span class='ocrx_word' id='word_1_109' title='bbox 1843 1323 1893 1368; x_wconf 87' lang='lat' dir='ltr'><strong>et</strong></span> <span class='ocrx_word' id='word_1_110' title='bbox 1914 1315 2089 1368; x_wconf 65' lang='lat' dir='ltr'><strong>deum</strong></span> <span class='ocrx_word' id='word_1_111' title='bbox 2119 1331 2260 1378; x_wconf 89' lang='lat' dir='ltr'><strong>esse,</strong></span> <span class='ocrx_word' id='word_1_112' title='bbox 2289 1315 2386 1370; x_wconf 91' lang='lat' dir='ltr'><strong>sed</strong></span> <span class='ocrx_word' id='word_1_113' title='bbox 2412 1316 2504 1370; x_wconf 88' lang='lat' dir='ltr'><strong>alii</strong></span> <span class='ocrx_word' id='word_1_114' title='bbox 2531 1316 2644 1370; x_wconf 85' lang='lat' dir='ltr'><strong>fere</strong></span> <span class='ocrx_word' id='word_1_115' title='bbox 2679 1332 2876 1372; x_wconf 92' lang='lat' dir='ltr'><strong>omnes</strong></span> <span class='ocrx_word' id='word_1_116' title='bbox 2897 1329 3191 1372; x_wconf 83' lang='lat' dir='ltr'><strong>numerant</strong></span> <span class='ocrx_word' id='word_1_117' title='bbox 3223 1320 3381 1374; x_wconf 82' lang='lat' dir='ltr'><strong>XVII.</strong></span> <span class='ocrx_word' id='word_1_118' title='bbox 3415 1319 3730 1372; x_wconf 83' lang='lat' dir='ltr'><strong>Harduinus</strong></span> <span class='ocrx_word' id='word_1_119' title='bbox 3767 1319 3953 1386; x_wconf 82' lang='lat' dir='ltr'><strong>itaque</strong></span> <span class='ocrx_word' id='word_1_120' title='bbox 3982 1319 4062 1368; x_wconf 76' lang='lat' dir='ltr'><strong>vi-</strong></span> 
     </span>
    </p>
   </div>
   <div class='ocr_carea' id='block_1_11' title="bbox 804 1435 3807 1507">
    <p class='ocr_par' dir='ltr' id='par_1_11' title="bbox 804 1435 3807 1507">
     <span class='ocr_line' id='line_1_11' title="bbox 804 1435 3807 1507; baseline -0.002 -13"><span class='ocrx_word' id='word_1_121' title='bbox 804 1441 966 1497; x_wconf 81' lang='lat' dir='ltr'><strong>detur</strong></span> <span class='ocrx_word' id='word_1_122' title='bbox 991 1440 1203 1494; x_wconf 90' lang='lat' dir='ltr'><strong>calculo</strong></span> <span class='ocrx_word' id='word_1_123' title='bbox 1224 1437 1502 1492; x_wconf 82' lang='lat' dir='ltr'><strong>addidisse</strong></span> <span class='ocrx_word' id='word_1_124' title='bbox 1532 1436 1820 1506; x_wconf 87' lang='lat' dir='ltr'><strong>epistolam</strong></span> <span class='ocrx_word' id='word_1_125' title='bbox 1850 1437 1997 1489; x_wconf 76' lang='lat' dir='ltr'><strong>iilam</strong></span> <span class='ocrx_word' id='word_1_126' title='bbox 2023 1435 2423 1504; x_wconf 74' lang='lat' dir='ltr'><strong>proamialem,</strong></span> <span class='ocrx_word' id='word_1_127' title='bbox 2454 1451 2573 1504; x_wconf 84' lang='lat' dir='ltr'><strong>qua</strong></span> <span class='ocrx_word' id='word_1_128' title='bbox 2611 1438 2964 1504; x_wconf 89' lang='lat' dir='ltr'><strong>pramittitur</strong></span> <span class='ocrx_word' id='word_1_129' title='bbox 2987 1453 3108 1507; x_wconf 91' lang='lat' dir='ltr'><strong>pag.</strong></span> <span class='ocrx_word' id='word_1_130' title='bbox 3137 1437 3276 1491; x_wconf 88' lang='grc'><strong>1118</strong></span> <span class='ocrx_word' id='word_1_131' title='bbox 3299 1437 3559 1492; x_wconf 87' lang='lat' dir='ltr'><strong>editionis</strong></span> <span class='ocrx_word' id='word_1_132' title='bbox 3586 1446 3807 1490; x_wconf 87' lang='lat' dir='ltr'><strong>nostra.</strong></span> 
     </span>
    </p>
   </div>
   <div class='ocr_carea' id='block_1_12' title="bbox 875 1533 4062 1625">
    <p class='ocr_par' dir='ltr' id='par_1_12' title="bbox 875 1533 4062 1625">
     <span class='ocr_line' id='line_1_12' title="bbox 875 1533 4062 1625; baseline -0.003 -15"><span class='ocrx_word' id='word_1_133' title='bbox 875 1557 1170 1625; x_wconf 83' lang='lat' dir='ltr'><strong>Reliquum</strong></span> <span class='ocrx_word' id='word_1_134' title='bbox 1212 1563 1315 1615; x_wconf 89' lang='lat' dir='ltr'><strong>est,</strong></span> <span class='ocrx_word' id='word_1_135' title='bbox 1348 1561 1408 1606; x_wconf 89' lang='lat' dir='ltr'><strong>ut</strong></span> <span class='ocrx_word' id='word_1_136' title='bbox 1452 1551 1521 1606; x_wconf 90' lang='lat' dir='ltr'><strong>de</strong></span> <span class='ocrx_word' id='word_1_137' title='bbox 1574 1553 1641 1606; x_wconf 90' lang='lat' dir='ltr'><strong>iis</strong></span> <span class='ocrx_word' id='word_1_138' title='bbox 1683 1553 1952 1616; x_wconf 88' lang='lat' dir='ltr'><strong>dicamus,</strong></span> <span class='ocrx_word' id='word_1_139' title='bbox 1984 1567 2106 1621; x_wconf 87' lang='lat' dir='ltr'><strong>qua</strong></span> <span class='ocrx_word' id='word_1_140' title='bbox 2138 1553 2534 1607; x_wconf 91' lang='lat' dir='ltr'><strong>Addendorum</strong></span> <span class='ocrx_word' id='word_1_141' title='bbox 2572 1554 2795 1607; x_wconf 90' lang='lat' dir='ltr'><strong>nomine</strong></span> <span class='ocrx_word' id='word_1_142' title='bbox 2829 1533 3099 1623; x_wconf 84' lang='lat' dir='ltr'><strong>complexi</strong></span> <span class='ocrx_word' id='word_1_143' title='bbox 3127 1569 3337 1608; x_wconf 87' lang='lat' dir='ltr'><strong>sumus.</strong></span> <span class='ocrx_word' id='word_1_144' title='bbox 3376 1554 3456 1607; x_wconf 87' lang='lat' dir='ltr'><strong>Ad</strong></span> <span class='ocrx_word' id='word_1_145' title='bbox 3487 1552 3619 1607; x_wconf 91' lang='lat' dir='ltr'><strong>tomi</strong></span> <span class='ocrx_word' id='word_1_146' title='bbox 3643 1550 3808 1620; x_wconf 86' lang='lat' dir='ltr'><strong>primi</strong></span> <span class='ocrx_word' id='word_1_147' title='bbox 3845 1559 4062 1619; x_wconf 85' lang='lat' dir='ltr'><strong>partem</strong></span> 
     </span>
    </p>
   </div>
   <div class='ocr_carea' id='block_1_13' title="bbox 805 1664 4062 1742">
    <p class='ocr_par' dir='ltr' id='par_1_13' title="bbox 805 1664 4062 1742">
     <span class='ocr_line' id='line_1_13' title="bbox 805 1664 4062 1742; baseline -0.003 -16"><span class='ocrx_word' id='word_1_148' title='bbox 805 1672 1048 1741; x_wconf 89' lang='lat' dir='ltr'><strong>priorem</strong></span> <span class='ocrx_word' id='word_1_149' title='bbox 1081 1678 1196 1724; x_wconf 93' lang='lat' dir='ltr'><strong>tum</strong></span> <span class='ocrx_word' id='word_1_150' title='bbox 1221 1669 1526 1739; x_wconf 90' lang='lat' dir='ltr'><strong>augendam</strong></span> <span class='ocrx_word' id='word_1_151' title='bbox 1557 1677 1673 1722; x_wconf 91' lang='lat' dir='ltr'><strong>tum</strong></span> <span class='ocrx_word' id='word_1_152' title='bbox 1697 1668 2079 1722; x_wconf 90' lang='lat' dir='ltr'><strong>illustrandam</strong></span> <span class='ocrx_word' id='word_1_153' title='bbox 2107 1669 2253 1728; x_wconf 87' lang='lat' dir='ltr'><strong>haud</strong></span> <span class='ocrx_word' id='word_1_154' title='bbox 2287 1684 2481 1737; x_wconf 89' lang='lat' dir='ltr'><strong>parum</strong></span> <span class='ocrx_word' id='word_1_155' title='bbox 2507 1669 2764 1723; x_wconf 87' lang='lat' dir='ltr'><strong>utilitatis</strong></span> <span class='ocrx_word' id='word_1_156' title='bbox 2788 1671 2948 1725; x_wconf 88' lang='lat' dir='ltr'><strong>nobis</strong></span> <span class='ocrx_word' id='word_1_157' title='bbox 2985 1672 3168 1726; x_wconf 89' lang='lat' dir='ltr'><strong>attulit</strong></span> <span class='ocrx_word' id='word_1_158' title='bbox 3209 1671 3423 1742; x_wconf 88' lang='lat' dir='ltr'><strong>egregia</strong></span> <span class='ocrx_word' id='word_1_159' title='bbox 3466 1671 3556 1724; x_wconf 91' lang='lat' dir='ltr'><strong>illa</strong></span> <span class='ocrx_word' id='word_1_160' title='bbox 3579 1669 3781 1724; x_wconf 88' lang='lat' dir='ltr'><strong>Catena</strong></span> <span class='ocrx_word' id='word_1_161' title='bbox 3814 1665 3870 1718; x_wconf 94' lang='lat' dir='ltr'><strong>in</strong></span> <span class='ocrx_word' id='word_1_162' title='bbox 3895 1664 4062 1719; x_wconf 90' lang='lat' dir='ltr'><strong>Octa-</strong></span> 
     </span>
    </p>
   </div>
   <div class='ocr_carea' id='block_1_14' title="bbox 805 1778 2467 1853">
    <p class='ocr_par' dir='ltr' id='par_1_14' title="bbox 805 1779 2460 1851">
     <span class='ocr_line' id='line_1_14' title="bbox 805 1779 2460 1851; baseline -0.002 -13"><span class='ocrx_word' id='word_1_163' title='bbox 805 1782 1066 1838; x_wconf 85' lang='lat' dir='ltr'><strong>teucbum</strong></span> <span class='ocrx_word' id='word_1_164' title='bbox 1096 1790 1153 1835; x_wconf 90' lang='lat' dir='ltr'><strong>et</strong></span> <span class='ocrx_word' id='word_1_165' title='bbox 1181 1781 1354 1836; x_wconf 91' lang='lat' dir='ltr'><strong>libros</strong></span> <span class='ocrx_word' id='word_1_166' title='bbox 1373 1781 1581 1851; x_wconf 83' lang='lat' dir='ltr'><strong>Regum</strong></span> <span class='ocrx_word' id='word_1_167' title='bbox 1606 1794 1800 1835; x_wconf 89' lang='lat' dir='ltr'><strong>recens</strong></span> <span class='ocrx_word' id='word_1_168' title='bbox 1828 1779 1978 1834; x_wconf 90' lang='lat' dir='ltr'><strong>edita</strong></span> <span class='ocrx_word' id='word_1_169' title='bbox 2004 1779 2222 1849; x_wconf 87' lang='lat' dir='ltr'><strong>Lipsia,</strong></span> <span class='ocrx_word' id='word_1_170' title='bbox 2255 1796 2399 1834; x_wconf 91' lang='lat' dir='ltr'><strong>anno</strong></span> <span class='ocrx_word' id='word_1_171' title='bbox 2435 1782 2460 1835; x_wconf 89' lang='grc'><strong>1</strong></span> 
     </span>
    </p>
   </div>
   <div class='ocr_carea' id='block_1_15' title="bbox 2400 1778 4062 1853">
    <p class='ocr_par' dir='ltr' id='par_1_15' title="bbox 2435 1778 4062 1853">
     <span class='ocr_line' id='line_1_15' title="bbox 2435 1778 4062 1853; baseline -0.005 -18"><span class='ocrx_word' id='word_1_172' title='bbox 2435 1781 2573 1836; x_wconf 71' lang='grc'>1772</span> <span class='ocrx_word' id='word_1_173' title='bbox 2603 1791 2663 1836; x_wconf 90' lang='lat' dir='ltr'><strong>et</strong></span> <span class='ocrx_word' id='word_1_174' title='bbox 2688 1782 2844 1845; x_wconf 75' lang='grc'>1775,</span> <span class='ocrx_word' id='word_1_175' title='bbox 2868 1799 2988 1853; x_wconf 86' lang='lat' dir='ltr'><strong>qua</strong></span> <span class='ocrx_word' id='word_1_176' title='bbox 3032 1784 3357 1838; x_wconf 87' lang='lat' dir='ltr'><strong>inscribitur</strong></span> <span class='ocrx_word' id='word_1_177' title='bbox 3401 1783 3563 1852; x_wconf 85' lang='grc' dir='ltr'><strong>Σειρὰ</strong></span> <span class='ocrx_word' id='word_1_178' title='bbox 3593 1783 3708 1844; x_wconf 79' lang='grc' dir='ltr'><strong>ἑνὸς</strong></span> <span class='ocrx_word' id='word_1_179' title='bbox 3745 1779 3838 1833; x_wconf 72' lang='grc' dir='ltr'><strong>καὶ</strong></span> <span class='ocrx_word' id='word_1_180' title='bbox 3863 1778 4062 1843; x_wconf 71' lang='grc' dir='ltr'><strong>πεντή-</strong></span> 
     </span>
    </p>
   </div>
   <div class='ocr_carea' id='block_1_16' title="bbox 806 1893 4065 1970">
    <p class='ocr_par' dir='ltr' id='par_1_16' title="bbox 806 1893 4065 1970">
     <span class='ocr_line' id='line_1_16' title="bbox 806 1893 4065 1970; baseline -0.003 -18"><span class='ocrx_word' id='word_1_181' title='bbox 806 1916 971 1954; x_wconf 73' lang='grc' dir='ltr'><strong>κοντα</strong></span> <span class='ocrx_word' id='word_1_182' title='bbox 1001 1896 1503 1968; x_wconf 84' lang='grc' dir='ltr'><strong>ὑπομνηματιστῶν</strong></span> <span class='ocrx_word' id='word_1_183' title='bbox 1529 1899 1607 1955; x_wconf 81' lang='grc' dir='ltr'><strong>εἰς</strong></span> <span class='ocrx_word' id='word_1_184' title='bbox 1636 1896 1732 1965; x_wconf 79' lang='grc' dir='ltr'><strong>τὴν</strong></span> <span class='ocrx_word' id='word_1_185' title='bbox 1780 1896 2133 1964; x_wconf 79' lang='grc' dir='ltr'><strong>Ὀκτάτευχον</strong></span> <span class='ocrx_word' id='word_1_186' title='bbox 2166 1898 2259 1948; x_wconf 74' lang='grc' dir='ltr'><strong>καὶ</strong></span> <span class='ocrx_word' id='word_1_187' title='bbox 2279 1896 2348 1948; x_wconf 84' lang='grc' dir='ltr'><strong>τὰ</strong></span> <span class='ocrx_word' id='word_1_188' title='bbox 2372 1897 2479 1949; x_wconf 83' lang='grc' dir='ltr'><strong>τῶν</strong></span> <span class='ocrx_word' id='word_1_189' title='bbox 2511 1897 2830 1964; x_wconf 84' lang='grc' dir='ltr'><strong>Βασιλειῶν,</strong></span> <span class='ocrx_word' id='word_1_190' title='bbox 2858 1899 2957 1968; x_wconf 81' lang='grc' dir='ltr'><strong>ἤδη</strong></span> <span class='ocrx_word' id='word_1_191' title='bbox 2987 1899 3202 1970; x_wconf 82' lang='grc' dir='ltr'>πρῶτον</span> <span class='ocrx_word' id='word_1_192' title='bbox 3230 1899 3419 1961; x_wconf 86' lang='grc' dir='ltr'><strong>τύποις</strong></span> <span class='ocrx_word' id='word_1_193' title='bbox 3457 1897 3736 1950; x_wconf 78' lang='grc' dir='ltr'>ἐκδοθεῖσα</span> <span class='ocrx_word' id='word_1_194' title='bbox 3771 1893 4065 1962; x_wconf 54' lang='grc' dir='ltr'>ἐπιμελείᾳ</span> 
     </span>
    </p>
   </div>
   <div class='ocr_carea' id='block_1_17' title="bbox 803 2010 2465 2084">
    <p class='ocr_par' dir='ltr' id='par_1_17' title="bbox 803 2010 2453 2084">
     <span class='ocr_line' id='line_1_17' title="bbox 803 2010 2453 2084; baseline -0.001 -17"><span class='ocrx_word' id='word_1_195' title='bbox 803 2015 1118 2084; x_wconf 65' lang='grc' dir='ltr'><strong>Νικηφόρον)</strong></span> <span class='ocrx_word' id='word_1_196' title='bbox 1158 2012 1534 2084; x_wconf 81' lang='grc' dir='ltr'><strong>ἰερομονάχου</strong></span> <span class='ocrx_word' id='word_1_197' title='bbox 1565 2011 1659 2064; x_wconf 82' lang='grc' dir='ltr'><strong>τοῦ</strong></span> <span class='ocrx_word' id='word_1_198' title='bbox 1682 2011 1966 2063; x_wconf 84' lang='grc' dir='ltr'><strong>Θεοτόκου.</strong></span> <span class='ocrx_word' id='word_1_199' title='bbox 1987 2010 2163 2077; x_wconf 82' lang='lat' dir='ltr'><strong>Quam</strong></span> <span class='ocrx_word' id='word_1_200' title='bbox 2195 2012 2453 2080; x_wconf 87' lang='lat' dir='ltr'><strong>praclare</strong></span> 
     </span>
    </p>
   </div>
   <div class='ocr_carea' id='block_1_18' title="bbox 2406 2010 4068 2084">
    <p class='ocr_par' dir='ltr' id='par_1_18' title="bbox 2406 2010 4068 2084">
     <span class='ocr_line' id='line_1_18' title="bbox 2406 2010 4068 2084; baseline -0.001 -18"><span class='ocrx_word' id='word_1_201' title='bbox 2406 2028 2453 2067; x_wconf 79' lang='lat' dir='ltr'><strong>re</strong></span> <span class='ocrx_word' id='word_1_202' title='bbox 2483 2013 2550 2068; x_wconf 85' lang='lat' dir='ltr'><strong>d&#39;e</strong></span> <span class='ocrx_word' id='word_1_203' title='bbox 2576 2029 2636 2068; x_wconf 88' lang='lat' dir='ltr'><strong>re</strong></span> <span class='ocrx_word' id='word_1_204' title='bbox 2667 2015 2933 2070; x_wconf 87' lang='lat' dir='ltr'><strong>litteraria</strong></span> <span class='ocrx_word' id='word_1_205' title='bbox 2959 2017 3246 2080; x_wconf 88' lang='lat' dir='ltr'><strong>meruerit,</strong></span> <span class='ocrx_word' id='word_1_206' title='bbox 3281 2017 3374 2084; x_wconf 93' lang='lat' dir='ltr'><strong>qui</strong></span> <span class='ocrx_word' id='word_1_207' title='bbox 3400 2015 3627 2070; x_wconf 88' lang='lat' dir='ltr'><strong>edenda</strong></span> <span class='ocrx_word' id='word_1_208' title='bbox 3657 2015 3821 2084; x_wconf 85' lang='lat' dir='ltr'><strong>hujus</strong></span> <span class='ocrx_word' id='word_1_209' title='bbox 3842 2010 4068 2064; x_wconf 73' lang='lat' dir='ltr'><strong>Catena</strong></span> 
     </span>
    </p>
   </div>
   <div class='ocr_carea' id='block_1_19' title="bbox 804 2122 4068 2196">
    <p class='ocr_par' dir='ltr' id='par_1_19' title="bbox 804 2122 4068 2196">
     <span class='ocr_line' id='line_1_19' title="bbox 804 2122 4068 2196; baseline -0.004 -8"><span class='ocrx_word' id='word_1_210' title='bbox 804 2145 993 2188; x_wconf 90' lang='lat' dir='ltr'><strong>curam</strong></span> <span class='ocrx_word' id='word_1_211' title='bbox 1030 2129 1086 2181; x_wconf 88' lang='lat' dir='ltr'><strong>in</strong></span> <span class='ocrx_word' id='word_1_212' title='bbox 1111 2142 1169 2182; x_wconf 90' lang='lat' dir='ltr'><strong>se</strong></span> <span class='ocrx_word' id='word_1_213' title='bbox 1191 2126 1454 2196; x_wconf 87' lang='lat' dir='ltr'><strong>suscepit,</strong></span> <span class='ocrx_word' id='word_1_214' title='bbox 1484 2125 1569 2178; x_wconf 90' lang='lat' dir='ltr'><strong>vir</strong></span> <span class='ocrx_word' id='word_1_215' title='bbox 1593 2139 1772 2178; x_wconf 81' lang='lat' dir='ltr'><strong>rever.</strong></span> <span class='ocrx_word' id='word_1_216' title='bbox 1800 2139 1948 2178; x_wconf 92' lang='lat' dir='ltr'><strong>nunc</strong></span> <span class='ocrx_word' id='word_1_217' title='bbox 1972 2131 2199 2179; x_wconf 89' lang='lat' dir='ltr'><strong>vocatus</strong></span> <span class='ocrx_word' id='word_1_218' title='bbox 2227 2122 2674 2195; x_wconf 86' lang='lat' dir='ltr'><strong>archiepiscopus</strong></span> <span class='ocrx_word' id='word_1_219' title='bbox 2703 2127 2758 2181; x_wconf 91' lang='lat' dir='ltr'><strong>in</strong></span> <span class='ocrx_word' id='word_1_220' title='bbox 2783 2126 2994 2181; x_wconf 89' lang='lat' dir='ltr'><strong>ditione</strong></span> <span class='ocrx_word' id='word_1_221' title='bbox 3031 2127 3387 2190; x_wconf 77' lang='lat' dir='ltr'><strong>Venetorum,</strong></span> <span class='ocrx_word' id='word_1_222' title='bbox 3417 2137 3607 2180; x_wconf 91' lang='lat' dir='ltr'><strong>nostro</strong></span> <span class='ocrx_word' id='word_1_223' title='bbox 3648 2126 3905 2180; x_wconf 91' lang='lat' dir='ltr'><strong>omnibus</strong></span> <span class='ocrx_word' id='word_1_224' title='bbox 3931 2138 4068 2193; x_wconf 85' lang='lat' dir='ltr'><strong>pro—</strong></span> 
     </span>
    </p>
   </div>
   <div class='ocr_carea' id='block_1_20' title="bbox 801 2245 4068 2321">
    <p class='ocr_par' dir='ltr' id='par_1_20' title="bbox 801 2245 4068 2321">
     <span class='ocr_line' id='line_1_20' title="bbox 801 2245 4068 2321; baseline -0.003 -13"><span class='ocrx_word' id='word_1_225' title='bbox 801 2255 922 2308; x_wconf 90' lang='lat' dir='ltr'><strong>bari</strong></span> <span class='ocrx_word' id='word_1_226' title='bbox 971 2254 1222 2321; x_wconf 91' lang='lat' dir='ltr'><strong>cupimus</strong></span> <span class='ocrx_word' id='word_1_227' title='bbox 1263 2248 1536 2316; x_wconf 88' lang='lat' dir='ltr'><strong>exemplo,</strong></span> <span class='ocrx_word' id='word_1_228' title='bbox 1572 2257 1628 2300; x_wconf 91' lang='lat' dir='ltr'><strong>et</strong></span> <span class='ocrx_word' id='word_1_229' title='bbox 1653 2254 1906 2315; x_wconf 87' lang='lat' dir='ltr'><strong>optamus</strong></span> <span class='ocrx_word' id='word_1_230' title='bbox 1941 2255 2002 2299; x_wconf 87' lang='lat' dir='ltr'><strong>ut</strong></span> <span class='ocrx_word' id='word_1_231' title='bbox 2041 2245 2277 2299; x_wconf 88' lang='lat' dir='ltr'><strong>aliorum</strong></span> <span class='ocrx_word' id='word_1_232' title='bbox 2307 2246 2474 2299; x_wconf 90' lang='lat' dir='ltr'><strong>etiam</strong></span> <span class='ocrx_word' id='word_1_233' title='bbox 2507 2250 2821 2304; x_wconf 73' lang='lat' dir='ltr'><strong>excitentur</strong></span> <span class='ocrx_word' id='word_1_234' title='bbox 2855 2249 3034 2304; x_wconf 90' lang='lat' dir='ltr'><strong>studia</strong></span> <span class='ocrx_word' id='word_1_235' title='bbox 3070 2248 3139 2302; x_wconf 88' lang='lat' dir='ltr'><strong>ad</strong></span> <span class='ocrx_word' id='word_1_236' title='bbox 3175 2249 3396 2303; x_wconf 89' lang='lat' dir='ltr'><strong>Patrum</strong></span> <span class='ocrx_word' id='word_1_237' title='bbox 3443 2248 3645 2316; x_wconf 89' lang='lat' dir='ltr'><strong>scripta</strong></span> <span class='ocrx_word' id='word_1_238' title='bbox 3686 2263 3751 2300; x_wconf 83' lang='lat' dir='ltr'><strong>ex</strong></span> <span class='ocrx_word' id='word_1_239' title='bbox 3786 2249 3894 2302; x_wconf 93' lang='lat' dir='ltr'><strong>hoc</strong></span> <span class='ocrx_word' id='word_1_240' title='bbox 3919 2264 4068 2302; x_wconf 84' lang='lat' dir='ltr'><strong>novo</strong></span> 
     </span>
    </p>
   </div>
   <div class='ocr_carea' id='block_1_21' title="bbox 800 2364 4071 2440">
    <p class='ocr_par' dir='ltr' id='par_1_21' title="bbox 800 2364 4071 2440">
     <span class='ocr_line' id='line_1_21' title="bbox 800 2364 4071 2440; baseline -0.003 -12"><span class='ocrx_word' id='word_1_241' title='bbox 800 2373 953 2428; x_wconf 75' lang='lat' dir='ltr'><strong>fonte</strong></span> <span class='ocrx_word' id='word_1_242' title='bbox 980 2367 1383 2440; x_wconf 84' lang='lat' dir='ltr'><strong>locupletanda.</strong></span> <span class='ocrx_word' id='word_1_243' title='bbox 1409 2366 1640 2436; x_wconf 82' lang='lat' dir='ltr'><strong>Largam</strong></span> <span class='ocrx_word' id='word_1_244' title='bbox 1668 2365 1816 2418; x_wconf 92' lang='lat' dir='ltr'><strong>enim</strong></span> <span class='ocrx_word' id='word_1_245' title='bbox 1847 2379 1968 2418; x_wconf 90' lang='lat' dir='ltr'><strong>esse</strong></span> <span class='ocrx_word' id='word_1_246' title='bbox 1996 2364 2138 2419; x_wconf 92' lang='lat' dir='ltr'><strong>hanc</strong></span> <span class='ocrx_word' id='word_1_247' title='bbox 2167 2380 2422 2428; x_wconf 88' lang='lat' dir='ltr'><strong>messem,</strong></span> <span class='ocrx_word' id='word_1_248' title='bbox 2449 2366 2757 2436; x_wconf 80' lang='lat' dir='ltr'><strong>intelligent</strong></span> <span class='ocrx_word' id='word_1_249' title='bbox 2787 2383 2979 2422; x_wconf 87' lang='lat' dir='ltr'><strong>omnes</strong></span> <span class='ocrx_word' id='word_1_250' title='bbox 3011 2384 3078 2422; x_wconf 89' lang='lat' dir='ltr'><strong>ex</strong></span> <span class='ocrx_word' id='word_1_251' title='bbox 3101 2368 3208 2421; x_wconf 90' lang='lat' dir='ltr'><strong>illis</strong></span> <span class='ocrx_word' id='word_1_252' title='bbox 3241 2382 3363 2435; x_wconf 89' lang='lat' dir='ltr'><strong>qua</strong></span> <span class='ocrx_word' id='word_1_253' title='bbox 3391 2382 3511 2435; x_wconf 86' lang='lat' dir='ltr'><strong>pag.</strong></span> <span class='ocrx_word' id='word_1_254' title='bbox 3549 2365 3898 2419; x_wconf 72' lang='lat' dir='ltr'><strong>ll76—l235</strong></span> <span class='ocrx_word' id='word_1_255' title='bbox 3923 2375 4071 2419; x_wconf 92' lang='lat' dir='ltr'><strong>attu-</strong></span> 
     </span>
    </p>
   </div>
   <div class='ocr_carea' id='block_1_22' title="bbox 802 2478 4078 2560">
    <p class='ocr_par' dir='ltr' id='par_1_22' title="bbox 802 2478 4078 2560">
     <span class='ocr_line' id='line_1_22' title="bbox 802 2478 4078 2560; baseline -0.005 -14"><span class='ocrx_word' id='word_1_256' title='bbox 802 2491 969 2546; x_wconf 81' lang='lat' dir='ltr'><strong>limus</strong></span> <span class='ocrx_word' id='word_1_257' title='bbox 991 2488 1089 2560; x_wconf 89' lang='lat' dir='ltr'><strong>(a).</strong></span> <span class='ocrx_word' id='word_1_258' title='bbox 1118 2488 1228 2541; x_wconf 85' lang='lat' dir='ltr'><strong>Nec</strong></span> <span class='ocrx_word' id='word_1_259' title='bbox 1249 2484 1483 2554; x_wconf 88' lang='lat' dir='ltr'><strong>amplius</strong></span> <span class='ocrx_word' id='word_1_260' title='bbox 1507 2481 1870 2537; x_wconf 89' lang='lat' dir='ltr'><strong>dubitandum</strong></span> <span class='ocrx_word' id='word_1_261' title='bbox 1902 2489 1986 2536; x_wconf 88' lang='lat' dir='ltr'><strong>est</strong></span> <span class='ocrx_word' id='word_1_262' title='bbox 2011 2481 2079 2536; x_wconf 86' lang='lat' dir='ltr'><strong>dc</strong></span> <span class='ocrx_word' id='word_1_263' title='bbox 2103 2482 2336 2537; x_wconf 82' lang='lat' dir='ltr'><strong>veritate</strong></span> <span class='ocrx_word' id='word_1_264' title='bbox 2362 2486 2710 2554; x_wconf 86' lang='lat' dir='ltr'><strong>conjectura,</strong></span> <span class='ocrx_word' id='word_1_265' title='bbox 2738 2485 2791 2537; x_wconf 90' lang='lat' dir='ltr'><strong>in</strong></span> <span class='ocrx_word' id='word_1_266' title='bbox 2821 2499 2984 2552; x_wconf 88' lang='lat' dir='ltr'><strong>quam</strong></span> <span class='ocrx_word' id='word_1_267' title='bbox 3006 2483 3320 2538; x_wconf 86' lang='lat' dir='ltr'><strong>inciderunt</strong></span> <span class='ocrx_word' id='word_1_268' title='bbox 3341 2483 3447 2535; x_wconf 82' lang='lat' dir='ltr'><strong>viri</strong></span> <span class='ocrx_word' id='word_1_269' title='bbox 3473 2480 3695 2544; x_wconf 91' lang='lat' dir='ltr'><strong>eruditi,</strong></span> <span class='ocrx_word' id='word_1_270' title='bbox 3721 2478 4078 2545; x_wconf 85' lang='lat' dir='ltr'><strong>Quastiones</strong></span> 
     </span>
    </p>
   </div>
   <div class='ocr_carea' id='block_1_23' title="bbox 803 2592 4078 2666">
    <p class='ocr_par' dir='ltr' id='par_1_23' title="bbox 803 2592 4078 2666">
     <span class='ocr_line' id='line_1_23' title="bbox 803 2592 4078 2666; baseline -0.005 -6"><span class='ocrx_word' id='word_1_271' title='bbox 803 2606 926 2660; x_wconf 88' lang='lat' dir='ltr'><strong>illas</strong></span> <span class='ocrx_word' id='word_1_272' title='bbox 953 2599 1286 2656; x_wconf 85' lang='lat' dir='ltr'><strong>Theodoreti</strong></span> <span class='ocrx_word' id='word_1_273' title='bbox 1312 2599 1364 2653; x_wconf 91' lang='lat' dir='ltr'><strong>in</strong></span> <span class='ocrx_word' id='word_1_274' title='bbox 1396 2596 1794 2653; x_wconf 88' lang='lat' dir='ltr'><strong>Octateuchum</strong></span> <span class='ocrx_word' id='word_1_275' title='bbox 1831 2597 2076 2666; x_wconf 90' lang='lat' dir='ltr'><strong>aliosque</strong></span> <span class='ocrx_word' id='word_1_276' title='bbox 2107 2597 2398 2652; x_wconf 90' lang='lat' dir='ltr'><strong>historicos</strong></span> <span class='ocrx_word' id='word_1_277' title='bbox 2423 2599 2487 2653; x_wconf 86' lang='lat' dir='ltr'><strong>V.</strong></span> <span class='ocrx_word' id='word_1_278' title='bbox 2515 2599 2578 2652; x_wconf 91' lang='lat' dir='ltr'><strong>T.</strong></span> <span class='ocrx_word' id='word_1_279' title='bbox 2607 2599 2798 2662; x_wconf 89' lang='lat' dir='ltr'><strong>libros,</strong></span> <span class='ocrx_word' id='word_1_280' title='bbox 2829 2614 2894 2652; x_wconf 86' lang='lat' dir='ltr'><strong>ex</strong></span> <span class='ocrx_word' id='word_1_281' title='bbox 2932 2606 3084 2666; x_wconf 89' lang='lat' dir='ltr'><strong>parte</strong></span> <span class='ocrx_word' id='word_1_282' title='bbox 3111 2595 3409 2650; x_wconf 89' lang='lat' dir='ltr'><strong>admodum</strong></span> <span class='ocrx_word' id='word_1_283' title='bbox 3446 2595 3703 2665; x_wconf 87' lang='lat' dir='ltr'><strong>prolixas,</strong></span> <span class='ocrx_word' id='word_1_284' title='bbox 3744 2608 3854 2646; x_wconf 91' lang='lat' dir='ltr'><strong>non</strong></span> <span class='ocrx_word' id='word_1_285' title='bbox 3887 2592 4078 2645; x_wconf 76' lang='lat' dir='ltr'><strong>ubivis</strong></span> 
     </span>
    </p>
   </div>
   <div class='ocr_carea' id='block_1_24' title="bbox 805 2711 4075 2783">
    <p class='ocr_par' dir='ltr' id='par_1_24' title="bbox 805 2711 4075 2783">
     <span class='ocr_line' id='line_1_24' title="bbox 805 2711 4075 2783; baseline -0.004 -9"><span class='ocrx_word' id='word_1_286' title='bbox 805 2729 994 2774; x_wconf 77' lang='lat' dir='ltr'><strong>autem</strong></span> <span class='ocrx_word' id='word_1_287' title='bbox 1022 2715 1155 2771; x_wconf 88' lang='lat' dir='ltr'><strong>satis</strong></span> <span class='ocrx_word' id='word_1_288' title='bbox 1201 2713 1566 2774; x_wconf 80' lang='lat' dir='ltr'><strong>cobarentes,</strong></span> <span class='ocrx_word' id='word_1_289' title='bbox 1599 2727 1718 2766; x_wconf 84' lang='lat' dir='ltr'><strong>esse</strong></span> <span class='ocrx_word' id='word_1_290' title='bbox 1757 2711 2020 2767; x_wconf 81' lang='lat' dir='ltr'><strong>conﬂatas</strong></span> <span class='ocrx_word' id='word_1_291' title='bbox 2064 2728 2132 2767; x_wconf 90' lang='lat' dir='ltr'><strong>ex</strong></span> <span class='ocrx_word' id='word_1_292' title='bbox 2172 2714 2480 2768; x_wconf 87' lang='lat' dir='ltr'><strong>minoribus</strong></span> <span class='ocrx_word' id='word_1_293' title='bbox 2517 2714 2742 2768; x_wconf 90' lang='lat' dir='ltr'><strong>scholiis</strong></span> <span class='ocrx_word' id='word_1_294' title='bbox 2783 2715 2851 2768; x_wconf 91' lang='lat' dir='ltr'><strong>ad</strong></span> <span class='ocrx_word' id='word_1_295' title='bbox 2895 2715 3044 2768; x_wconf 91' lang='lat' dir='ltr'><strong>hunc</strong></span> <span class='ocrx_word' id='word_1_296' title='bbox 3073 2715 3337 2783; x_wconf 82' lang='lat' dir='ltr'><strong>illumque</strong></span> <span class='ocrx_word' id='word_1_297' title='bbox 3375 2713 3558 2767; x_wconf 90' lang='lat' dir='ltr'><strong>locum</strong></span> <span class='ocrx_word' id='word_1_298' title='bbox 3589 2711 3980 2766; x_wconf 89' lang='lat' dir='ltr'><strong>illustrandum</strong></span> <span class='ocrx_word' id='word_1_299' title='bbox 4005 2712 4075 2763; x_wconf 82' lang='lat' dir='ltr'><strong>ab</strong></span> 
     </span>
    </p>
   </div>
   <div class='ocr_carea' id='block_1_25' title="bbox 802 2820 4077 2899">
    <p class='ocr_par' dir='ltr' id='par_1_25' title="bbox 802 2820 4077 2899">
     <span class='ocr_line' id='line_1_25' title="bbox 802 2820 4077 2899; baseline -0.004 -10"><span class='ocrx_word' id='word_1_300' title='bbox 802 2834 899 2890; x_wconf 90' lang='lat' dir='ltr'><strong>illo</strong></span> <span class='ocrx_word' id='word_1_301' title='bbox 921 2827 1259 2899; x_wconf 90' lang='lat' dir='ltr'><strong>compositis.</strong></span> <span class='ocrx_word' id='word_1_302' title='bbox 1287 2826 1442 2892; x_wconf 83' lang='lat' dir='ltr'><strong>Quod</strong></span> <span class='ocrx_word' id='word_1_303' title='bbox 1477 2836 1539 2878; x_wconf 91' lang='lat' dir='ltr'><strong>ut</strong></span> <span class='ocrx_word' id='word_1_304' title='bbox 1557 2839 1624 2879; x_wconf 91' lang='lat' dir='ltr'><strong>eo</strong></span> <span class='ocrx_word' id='word_1_305' title='bbox 1651 2825 1824 2895; x_wconf 81' lang='lat' dir='ltr'><strong>magis</strong></span> <span class='ocrx_word' id='word_1_306' title='bbox 1853 2820 2141 2895; x_wconf 82' lang='lat' dir='ltr'><strong>appareret</strong></span> <span class='ocrx_word' id='word_1_307' title='bbox 2163 2827 2438 2892; x_wconf 85' lang='lat' dir='ltr'><strong>omnibus,</strong></span> <span class='ocrx_word' id='word_1_308' title='bbox 2465 2834 2634 2896; x_wconf 88' lang='lat' dir='ltr'><strong>utque</strong></span> <span class='ocrx_word' id='word_1_309' title='bbox 2665 2827 2772 2881; x_wconf 90' lang='lat' dir='ltr'><strong>illis</strong></span> <span class='ocrx_word' id='word_1_310' title='bbox 2791 2827 2955 2881; x_wconf 90' lang='lat' dir='ltr'><strong>utiles</strong></span> <span class='ocrx_word' id='word_1_311' title='bbox 2976 2839 3244 2891; x_wconf 89' lang='lat' dir='ltr'><strong>essemus,</strong></span> <span class='ocrx_word' id='word_1_312' title='bbox 3271 2825 3366 2894; x_wconf 92' lang='lat' dir='ltr'><strong>qui</strong></span> <span class='ocrx_word' id='word_1_313' title='bbox 3387 2824 3680 2894; x_wconf 91' lang='lat' dir='ltr'><strong>aliquando</strong></span> <span class='ocrx_word' id='word_1_314' title='bbox 3708 2823 3775 2876; x_wconf 92' lang='lat' dir='ltr'><strong>de</strong></span> <span class='ocrx_word' id='word_1_315' title='bbox 3796 2823 4077 2893; x_wconf 79' lang='lat' dir='ltr'><strong>scriptore</strong></span> 
     </span>
    </p>
   </div>
   <div class='ocr_carea' id='block_1_26' title="bbox 802 2934 4077 3006">
    <p class='ocr_par' dir='ltr' id='par_1_26' title="bbox 802 2934 4077 3006">
     <span class='ocr_line' id='line_1_26' title="bbox 802 2934 4077 3006; baseline -0.003 -7"><span class='ocrx_word' id='word_1_316' title='bbox 802 2950 996 2999; x_wconf 86' lang='lat' dir='ltr'><strong>nostro</strong></span> <span class='ocrx_word' id='word_1_317' title='bbox 1024 2942 1224 2994; x_wconf 87' lang='lat' dir='ltr'><strong>iterum</strong></span> <span class='ocrx_word' id='word_1_318' title='bbox 1246 2934 1460 2989; x_wconf 90' lang='lat' dir='ltr'><strong>edendo</strong></span> <span class='ocrx_word' id='word_1_319' title='bbox 1485 2934 1682 2988; x_wconf 88' lang='lat' dir='ltr'><strong>mereri</strong></span> <span class='ocrx_word' id='word_1_320' title='bbox 1706 2935 1897 2999; x_wconf 87' lang='lat' dir='ltr'><strong>velint,</strong></span> <span class='ocrx_word' id='word_1_321' title='bbox 1926 2951 2028 2990; x_wconf 91' lang='lat' dir='ltr'><strong>nec</strong></span> <span class='ocrx_word' id='word_1_322' title='bbox 2062 2936 2301 2990; x_wconf 90' lang='lat' dir='ltr'><strong>alienum</strong></span> <span class='ocrx_word' id='word_1_323' title='bbox 2337 2953 2366 2990; x_wconf 91' lang='lat' dir='ltr'><strong>a</strong></span> <span class='ocrx_word' id='word_1_324' title='bbox 2403 2937 2581 3000; x_wconf 87' lang='lat' dir='ltr'><strong>nobis,</strong></span> <span class='ocrx_word' id='word_1_325' title='bbox 2605 2953 2708 2992; x_wconf 86' lang='lat' dir='ltr'><strong>nec</strong></span> <span class='ocrx_word' id='word_1_326' title='bbox 2735 2938 3026 2992; x_wconf 86' lang='lat' dir='ltr'><strong>molestum</strong></span> <span class='ocrx_word' id='word_1_327' title='bbox 3063 2937 3377 3006; x_wconf 84' lang='lat' dir='ltr'><strong>putavimus</strong></span> <span class='ocrx_word' id='word_1_328' title='bbox 3417 2936 3662 2990; x_wconf 90' lang='lat' dir='ltr'><strong>laborem</strong></span> <span class='ocrx_word' id='word_1_329' title='bbox 3689 2935 3864 2998; x_wconf 91' lang='lat' dir='ltr'><strong>illum,</strong></span> <span class='ocrx_word' id='word_1_330' title='bbox 3904 2951 4077 3005; x_wconf 90' lang='lat' dir='ltr'><strong>quem</strong></span> 
     </span>
    </p>
   </div>
   <div class='ocr_carea' id='block_1_27' title="bbox 801 3046 4082 3124">
    <p class='ocr_par' dir='ltr' id='par_1_27' title="bbox 801 3046 4082 3124">
     <span class='ocr_line' id='line_1_27' title="bbox 801 3046 4082 3124; baseline -0.003 -13"><span class='ocrx_word' id='word_1_331' title='bbox 801 3058 859 3111; x_wconf 89' lang='lat' dir='ltr'><strong>in</strong></span> <span class='ocrx_word' id='word_1_332' title='bbox 883 3050 1242 3124; x_wconf 88' lang='lat' dir='ltr'><strong>congerendis</strong></span> <span class='ocrx_word' id='word_1_333' title='bbox 1263 3048 1488 3102; x_wconf 88' lang='lat' dir='ltr'><strong>scholiis</strong></span> <span class='ocrx_word' id='word_1_334' title='bbox 1505 3046 1574 3101; x_wconf 88' lang='lat' dir='ltr'><strong>ad</strong></span> <span class='ocrx_word' id='word_1_335' title='bbox 1600 3047 1716 3102; x_wconf 89' lang='lat' dir='ltr'><strong>hac</strong></span> <span class='ocrx_word' id='word_1_336' title='bbox 1739 3056 1992 3117; x_wconf 80' lang='lat' dir='ltr'><strong>excerpta</strong></span> <span class='ocrx_word' id='word_1_337' title='bbox 2011 3050 2414 3118; x_wconf 90' lang='lat' dir='ltr'><strong>pertinentibus</strong></span> <span class='ocrx_word' id='word_1_338' title='bbox 2434 3051 2582 3104; x_wconf 91' lang='lat' dir='ltr'><strong>ultro</strong></span> <span class='ocrx_word' id='word_1_339' title='bbox 2599 3050 2760 3104; x_wconf 91' lang='lat' dir='ltr'><strong>nobis</strong></span> <span class='ocrx_word' id='word_1_340' title='bbox 2779 3051 3161 3119; x_wconf 90' lang='lat' dir='ltr'><strong>imposuimus.</strong></span> <span class='ocrx_word' id='word_1_341' title='bbox 3183 3050 3260 3103; x_wconf 87' lang='lat' dir='ltr'><strong>Ex</strong></span> <span class='ocrx_word' id='word_1_342' title='bbox 3283 3049 3371 3102; x_wconf 89' lang='lat' dir='ltr'><strong>his</strong></span> <span class='ocrx_word' id='word_1_343' title='bbox 3391 3050 3536 3102; x_wconf 89' lang='lat' dir='ltr'><strong>enim</strong></span> <span class='ocrx_word' id='word_1_344' title='bbox 3562 3047 3826 3117; x_wconf 88' lang='lat' dir='ltr'><strong>intelliget</strong></span> <span class='ocrx_word' id='word_1_345' title='bbox 3877 3047 4082 3101; x_wconf 67' lang='lat' dir='ltr'><strong>Lector</strong></span> 
     </span>
    </p>
   </div>
   <div class='ocr_carea' id='block_1_28' title="bbox 801 3167 4078 3247">
    <p class='ocr_par' dir='ltr' id='par_1_28' title="bbox 801 3167 4078 3247">
     <span class='ocr_line' id='line_1_28' title="bbox 801 3167 4078 3247; baseline -0.005 -13"><span class='ocrx_word' id='word_1_346' title='bbox 801 3178 1176 3247; x_wconf 84' lang='lat' dir='ltr'><strong>Quastionum</strong></span> <span class='ocrx_word' id='word_1_347' title='bbox 1212 3185 1404 3227; x_wconf 92' lang='lat' dir='ltr'><strong>earum</strong></span> <span class='ocrx_word' id='word_1_348' title='bbox 1436 3185 1598 3222; x_wconf 90' lang='lat' dir='ltr'><strong>unam</strong></span> <span class='ocrx_word' id='word_1_349' title='bbox 1633 3170 1929 3225; x_wconf 90' lang='lat' dir='ltr'><strong>alteramve</strong></span> <span class='ocrx_word' id='word_1_350' title='bbox 1962 3171 2198 3225; x_wconf 89' lang='lat' dir='ltr'><strong>subinde</strong></span> <span class='ocrx_word' id='word_1_351' title='bbox 2231 3171 2296 3225; x_wconf 89' lang='lat' dir='ltr'><strong>ad</strong></span> <span class='ocrx_word' id='word_1_352' title='bbox 2327 3173 2485 3242; x_wconf 88' lang='lat' dir='ltr'><strong>plura</strong></span> <span class='ocrx_word' id='word_1_353' title='bbox 2520 3173 2700 3242; x_wconf 84' lang='lat' dir='ltr'><strong>capita</strong></span> <span class='ocrx_word' id='word_1_354' title='bbox 2747 3182 2803 3227; x_wconf 90' lang='lat' dir='ltr'><strong>et</strong></span> <span class='ocrx_word' id='word_1_355' title='bbox 2835 3183 3109 3227; x_wconf 88' lang='lat' dir='ltr'><strong>commata</strong></span> <span class='ocrx_word' id='word_1_356' title='bbox 3151 3170 3450 3240; x_wconf 85' lang='lat' dir='ltr'><strong>pertinere,</strong></span> <span class='ocrx_word' id='word_1_357' title='bbox 3480 3167 3778 3236; x_wconf 80' lang='lat' dir='ltr'><strong>multisque</strong></span> <span class='ocrx_word' id='word_1_358' title='bbox 3810 3177 4078 3220; x_wconf 87' lang='lat' dir='ltr'><strong>constare</strong></span> 
     </span>
    </p>
   </div>
   <div class='ocr_carea' id='block_1_29' title="bbox 801 3282 4083 3373">
    <p class='ocr_par' dir='ltr' id='par_1_29' title="bbox 801 3282 4083 3373">
     <span class='ocr_line' id='line_1_29' title="bbox 801 3282 4083 3373; baseline -0.005 -22"><span class='ocrx_word' id='word_1_359' title='bbox 801 3297 1074 3373; x_wconf 85' lang='lat' dir='ltr'><strong>partibus,</strong></span> <span class='ocrx_word' id='word_1_360' title='bbox 1106 3309 1226 3362; x_wconf 91' lang='lat' dir='ltr'><strong>qua</strong></span> <span class='ocrx_word' id='word_1_361' title='bbox 1247 3292 1301 3344; x_wconf 93' lang='lat' dir='ltr'><strong>in</strong></span> <span class='ocrx_word' id='word_1_362' title='bbox 1320 3290 1523 3344; x_wconf 90' lang='lat' dir='ltr'><strong>Catena</strong></span> <span class='ocrx_word' id='word_1_363' title='bbox 1557 3303 1664 3340; x_wconf 92' lang='lat' dir='ltr'><strong>non</strong></span> <span class='ocrx_word' id='word_1_364' title='bbox 1693 3286 1812 3340; x_wconf 91' lang='lat' dir='ltr'><strong>sine</strong></span> <span class='ocrx_word' id='word_1_365' title='bbox 1840 3286 2089 3355; x_wconf 91' lang='lat' dir='ltr'><strong>improbo</strong></span> <span class='ocrx_word' id='word_1_366' title='bbox 2115 3287 2303 3340; x_wconf 90' lang='lat' dir='ltr'><strong>labore</strong></span> <span class='ocrx_word' id='word_1_367' title='bbox 2333 3287 2503 3356; x_wconf 89' lang='lat' dir='ltr'><strong>quari</strong></span> <span class='ocrx_word' id='word_1_368' title='bbox 2529 3297 2584 3340; x_wconf 91' lang='lat' dir='ltr'><strong>et</strong></span> <span class='ocrx_word' id='word_1_369' title='bbox 2611 3289 2787 3358; x_wconf 80' lang='lat' dir='ltr'><strong>colligi</strong></span> <span class='ocrx_word' id='word_1_370' title='bbox 2814 3297 3130 3359; x_wconf 91' lang='lat' dir='ltr'><strong>potuerunt.</strong></span> <span class='ocrx_word' id='word_1_371' title='bbox 3161 3285 3280 3351; x_wconf 87' lang='lat' dir='ltr'><strong>Quo</strong></span> <span class='ocrx_word' id='word_1_372' title='bbox 3313 3283 3536 3353; x_wconf 91' lang='lat' dir='ltr'><strong>quidem</strong></span> <span class='ocrx_word' id='word_1_373' title='bbox 3561 3282 3744 3336; x_wconf 88' lang='lat' dir='ltr'><strong>labore</strong></span> <span class='ocrx_word' id='word_1_374' title='bbox 3776 3298 3924 3336; x_wconf 90' lang='lat' dir='ltr'><strong>nunc</strong></span> <span class='ocrx_word' id='word_1_375' title='bbox 3953 3299 4083 3351; x_wconf 84' lang='lat' dir='ltr'><strong>per—</strong></span> 
     </span>
    </p>
   </div>
   <div class='ocr_carea' id='block_1_30' title="bbox 802 3393 4077 3470">
    <p class='ocr_par' dir='ltr' id='par_1_30' title="bbox 802 3393 4077 3470">
     <span class='ocr_line' id='line_1_30' title="bbox 802 3393 4077 3470; baseline -0.007 0"><span class='ocrx_word' id='word_1_376' title='bbox 802 3424 926 3470; x_wconf 85' lang='lat' dir='ltr'><strong>acto</strong></span> <span class='ocrx_word' id='word_1_377' title='bbox 959 3414 1062 3467; x_wconf 89' lang='lat' dir='ltr'><strong>hoc</strong></span> <span class='ocrx_word' id='word_1_378' title='bbox 1095 3426 1197 3465; x_wconf 94' lang='lat' dir='ltr'><strong>nos</strong></span> <span class='ocrx_word' id='word_1_379' title='bbox 1228 3406 1475 3462; x_wconf 74' lang='lat' dir='ltr'><strong>eﬂ‘ecisse</strong></span> <span class='ocrx_word' id='word_1_380' title='bbox 1500 3408 1773 3470; x_wconf 84' lang='lat' dir='ltr'><strong>putamus,</strong></span> <span class='ocrx_word' id='word_1_381' title='bbox 1798 3404 1858 3449; x_wconf 89' lang='lat' dir='ltr'><strong>ut</strong></span> <span class='ocrx_word' id='word_1_382' title='bbox 1879 3395 2134 3450; x_wconf 82' lang='lat' dir='ltr'><strong>facillime</strong></span> <span class='ocrx_word' id='word_1_383' title='bbox 2160 3411 2351 3450; x_wconf 90' lang='lat' dir='ltr'><strong>omnes</strong></span> <span class='ocrx_word' id='word_1_384' title='bbox 2383 3413 2713 3467; x_wconf 88' lang='lat' dir='ltr'><strong>cognoscere</strong></span> <span class='ocrx_word' id='word_1_385' title='bbox 2743 3397 2973 3466; x_wconf 90' lang='lat' dir='ltr'><strong>possint,</strong></span> <span class='ocrx_word' id='word_1_386' title='bbox 2999 3412 3107 3465; x_wconf 93' lang='lat' dir='ltr'><strong>quo</strong></span> <span class='ocrx_word' id='word_1_387' title='bbox 3133 3393 3563 3464; x_wconf 90' lang='lat' dir='ltr'><strong>unumquodque</strong></span> <span class='ocrx_word' id='word_1_388' title='bbox 3593 3393 3663 3446; x_wconf 88' lang='lat' dir='ltr'><strong>eit</strong></span> <span class='ocrx_word' id='word_1_389' title='bbox 3696 3393 4077 3448; x_wconf 82' lang='lat' dir='ltr'><strong>referendum.</strong></span> 
     </span>
    </p>
   </div>
   <div class='ocr_carea' id='block_1_31' title="bbox 801 3509 4080 3587">
    <p class='ocr_par' dir='ltr' id='par_1_31' title="bbox 801 3509 4080 3587">
     <span class='ocr_line' id='line_1_31' title="bbox 801 3509 4080 3587; baseline -0.004 -8"><span class='ocrx_word' id='word_1_390' title='bbox 801 3523 885 3579; x_wconf 81' lang='lat' dir='ltr'><strong>Ad</strong></span> <span class='ocrx_word' id='word_1_391' title='bbox 922 3523 1092 3577; x_wconf 90' lang='lat' dir='ltr'><strong>libros</strong></span> <span class='ocrx_word' id='word_1_392' title='bbox 1123 3521 1332 3587; x_wconf 80' lang='lat' dir='ltr'><strong>Regum</strong></span> <span class='ocrx_word' id='word_1_393' title='bbox 1363 3521 1560 3583; x_wconf 87' lang='lat' dir='ltr'><strong>prater</strong></span> <span class='ocrx_word' id='word_1_394' title='bbox 1589 3510 1848 3565; x_wconf 87' lang='lat' dir='ltr'><strong>Catenam</strong></span> <span class='ocrx_word' id='word_1_395' title='bbox 1877 3511 1987 3579; x_wconf 90' lang='lat' dir='ltr'><strong>jam</strong></span> <span class='ocrx_word' id='word_1_396' title='bbox 2023 3509 2297 3563; x_wconf 87' lang='lat' dir='ltr'><strong>laudatam</strong></span> <span class='ocrx_word' id='word_1_397' title='bbox 2337 3511 2419 3564; x_wconf 91' lang='lat' dir='ltr'><strong>usi</strong></span> <span class='ocrx_word' id='word_1_398' title='bbox 2458 3528 2646 3566; x_wconf 92' lang='lat' dir='ltr'><strong>sumus</strong></span> <span class='ocrx_word' id='word_1_399' title='bbox 2671 3513 2943 3581; x_wconf 83' lang='lat' dir='ltr'><strong>excerptis</strong></span> <span class='ocrx_word' id='word_1_400' title='bbox 2984 3528 3050 3566; x_wconf 87' lang='lat' dir='ltr'><strong>ex</strong></span> <span class='ocrx_word' id='word_1_401' title='bbox 3076 3510 3360 3565; x_wconf 90' lang='lat' dir='ltr'><strong>codicibus</strong></span> <span class='ocrx_word' id='word_1_402' title='bbox 3390 3511 3517 3564; x_wconf 91' lang='lat' dir='ltr'><strong>olim</strong></span> <span class='ocrx_word' id='word_1_403' title='bbox 3543 3509 3918 3574; x_wconf 88' lang='lat' dir='ltr'><strong>Coislinianis,</strong></span> <span class='ocrx_word' id='word_1_404' title='bbox 3951 3528 4080 3582; x_wconf 88' lang='lat' dir='ltr'><strong>pag.</strong></span> 
     </span>
    </p>
   </div>
   <div class='ocr_carea' id='block_1_32' title="bbox 803 3622 4085 3698">
    <p class='ocr_par' dir='ltr' id='par_1_32' title="bbox 803 3622 4085 3698">
     <span class='ocr_line' id='line_1_32' title="bbox 803 3622 4085 3698; baseline -0.001 -13"><span class='ocrx_word' id='word_1_405' title='bbox 803 3633 943 3688; x_wconf 83' lang='grc'><strong>1196</strong></span> <span class='ocrx_word' id='word_1_406' title='bbox 989 3629 1300 3698; x_wconf 77' lang='lat' dir='ltr'><strong>descriptis,</strong></span> <span class='ocrx_word' id='word_1_407' title='bbox 1342 3641 1466 3695; x_wconf 82' lang='lat' dir='ltr'><strong>qua</strong></span> <span class='ocrx_word' id='word_1_408' title='bbox 1500 3625 1773 3678; x_wconf 89' lang='lat' dir='ltr'><strong>debentur</strong></span> <span class='ocrx_word' id='word_1_409' title='bbox 1821 3622 2002 3676; x_wconf 84' lang='lat' dir='ltr'><strong>studio</strong></span> <span class='ocrx_word' id='word_1_410' title='bbox 2035 3623 2103 3675; x_wconf 93' lang='lat' dir='ltr'><strong>cl.</strong></span> <span class='ocrx_word' id='word_1_411' title='bbox 2141 3624 2465 3688; x_wconf 87' lang='lat' dir='ltr'><strong>Lobsteinii,</strong></span> <span class='ocrx_word' id='word_1_412' title='bbox 2499 3627 2616 3680; x_wconf 90' lang='lat' dir='ltr'><strong>ord.</strong></span> <span class='ocrx_word' id='word_1_413' title='bbox 2657 3629 3106 3698; x_wconf 89' lang='lat' dir='ltr'><strong>philosophorum</strong></span> <span class='ocrx_word' id='word_1_414' title='bbox 3146 3630 3199 3681; x_wconf 88' lang='lat' dir='ltr'><strong>in</strong></span> <span class='ocrx_word' id='word_1_415' title='bbox 3231 3626 3399 3681; x_wconf 87' lang='lat' dir='ltr'><strong>Acad.</strong></span> <span class='ocrx_word' id='word_1_416' title='bbox 3433 3624 4085 3694; x_wconf 80' lang='lat' dir='ltr'><strong>Argentoratensi&#39;nunc</strong></span> 
     </span>
    </p>
   </div>
   <div class='ocr_carea' id='block_1_33' title="bbox 801 3738 2463 3821">
    <p class='ocr_par' dir='ltr' id='par_1_33' title="bbox 801 3738 2426 3821">
     <span class='ocr_line' id='line_1_33' title="bbox 801 3738 2426 3821; baseline -0.008 -17"><span class='ocrx_word' id='word_1_417' title='bbox 801 3749 1065 3820; x_wconf 83' lang='lat' dir='ltr'><strong>adjuncti.</strong></span> <span class='ocrx_word' id='word_1_418' title='bbox 1111 3745 1457 3814; x_wconf 86' lang='lat' dir='ltr'><strong>Subjecimus</strong></span> <span class='ocrx_word' id='word_1_419' title='bbox 1478 3739 1689 3821; x_wconf 32' lang='lat' dir='ltr'><strong>“deinde</strong></span> <span class='ocrx_word' id='word_1_420' title='bbox 1741 3754 1862 3808; x_wconf 82' lang='lat' dir='ltr'><strong>pag.</strong></span> <span class='ocrx_word' id='word_1_421' title='bbox 1906 3738 2041 3792; x_wconf 72' lang='grc'><strong>1254</strong></span> <span class='ocrx_word' id='word_1_422' title='bbox 2071 3755 2186 3809; x_wconf 88' lang='lat' dir='ltr'><strong>seq.</strong></span> <span class='ocrx_word' id='word_1_423' title='bbox 2216 3757 2335 3809; x_wconf 82' lang='lat' dir='ltr'><strong>qua</strong></span> <span class='ocrx_word' id='word_1_424' title='bbox 2369 3742 2426 3795; x_wconf 90' lang='lat' dir='ltr'><strong>in</strong></span> 
     </span>
    </p>
   </div>
   <div class='ocr_carea' id='block_1_34' title="bbox 2425 3738 4087 3821">
    <p class='ocr_par' dir='ltr' id='par_1_34' title="bbox 2425 3744 4087 3813">
     <span class='ocr_line' id='line_1_34' title="bbox 2425 3744 4087 3813; baseline 0.005 -20"><span class='ocrx_word' id='word_1_425' title='bbox 2425 3790 2426 3793; x_wconf 44' lang='grc' dir='ltr'><strong>η</strong></span> <span class='ocrx_word' id='word_1_426' title='bbox 2472 3745 2786 3812; x_wconf 83' lang='lat' dir='ltr'><strong>apographo</strong></span> <span class='ocrx_word' id='word_1_427' title='bbox 2819 3744 3225 3799; x_wconf 83' lang='lat' dir='ltr'><strong>Vindobonensi</strong></span> <span class='ocrx_word' id='word_1_428' title='bbox 3265 3753 3321 3798; x_wconf 92' lang='lat' dir='ltr'><strong>et</strong></span> <span class='ocrx_word' id='word_1_429' title='bbox 3362 3744 3680 3798; x_wconf 88' lang='lat' dir='ltr'><strong>Florentino</strong></span> <span class='ocrx_word' id='word_1_430' title='bbox 3706 3745 4087 3813; x_wconf 79' lang='lat' dir='ltr'><strong>deprehendi-</strong></span> 
     </span>
    </p>
   </div>
   <div class='ocr_carea' id='block_1_35' title="bbox 802 3854 2196 3929">
    <p class='ocr_par' dir='ltr' id='par_1_35' title="bbox 802 3854 2196 3929">
     <span class='ocr_line' id='line_1_35' title="bbox 802 3854 2196 3929; baseline -0.009 -11"><span class='ocrx_word' id='word_1_431' title='bbox 802 3878 927 3918; x_wconf 87' lang='lat' dir='ltr'><strong>mus</strong></span> <span class='ocrx_word' id='word_1_432' title='bbox 952 3861 1017 3915; x_wconf 92' lang='lat' dir='ltr'><strong>ad</strong></span> <span class='ocrx_word' id='word_1_433' title='bbox 1043 3856 1467 3929; x_wconf 81' lang='lat' dir='ltr'><strong>Hypomnestica</strong></span> <span class='ocrx_word' id='word_1_434' title='bbox 1495 3855 1549 3908; x_wconf 91' lang='lat' dir='ltr'><strong>in</strong></span> <span class='ocrx_word' id='word_1_435' title='bbox 1580 3855 1824 3908; x_wconf 88' lang='lat' dir='ltr'><strong>Psalmos</strong></span> <span class='ocrx_word' id='word_1_436' title='bbox 1847 3854 2196 3922; x_wconf 86' lang='lat' dir='ltr'><strong>pertinentia.</strong></span> 
     </span>
    </p>
   </div>
   <div class='ocr_carea' id='block_1_36' title="bbox 875 3964 4090 4037">
    <p class='ocr_par' dir='ltr' id='par_1_36' title="bbox 875 3964 4090 4037">
     <span class='ocr_line' id='line_1_36' title="bbox 875 3964 4090 4037; baseline -0.002 -6"><span class='ocrx_word' id='word_1_437' title='bbox 875 3976 1087 4031; x_wconf 78' lang='lat' dir='ltr'><strong>Indices</strong></span> <span class='ocrx_word' id='word_1_438' title='bbox 1111 3973 1384 4027; x_wconf 90' lang='lat' dir='ltr'><strong>debentur</strong></span> <span class='ocrx_word' id='word_1_439' title='bbox 1413 3968 1595 4022; x_wconf 88' lang='lat' dir='ltr'><strong>studio</strong></span> <span class='ocrx_word' id='word_1_440' title='bbox 1624 3966 1691 4020; x_wconf 92' lang='lat' dir='ltr'><strong>cl.</strong></span> <span class='ocrx_word' id='word_1_441' title='bbox 1726 3965 1939 4027; x_wconf 85' lang='lat' dir='ltr'><strong>Baveri,</strong></span> <span class='ocrx_word' id='word_1_442' title='bbox 1969 3965 2029 4018; x_wconf 88' lang='lat' dir='ltr'><strong>A.</strong></span> <span class='ocrx_word' id='word_1_443' title='bbox 2067 3964 2136 4016; x_wconf 82' lang='grc' dir='ltr'><strong>Μ.</strong></span> <span class='ocrx_word' id='word_1_444' title='bbox 2165 3973 2218 4018; x_wconf 92' lang='lat' dir='ltr'><strong>et</strong></span> <span class='ocrx_word' id='word_1_445' title='bbox 2243 3966 2442 4019; x_wconf 89' lang='lat' dir='ltr'><strong>schola</strong></span> <span class='ocrx_word' id='word_1_446' title='bbox 2473 3965 2952 4036; x_wconf 85' lang='lat' dir='ltr'><strong>Hirschbergensis</strong></span> <span class='ocrx_word' id='word_1_447' title='bbox 2980 3969 3208 4021; x_wconf 89' lang='lat' dir='ltr'><strong>rectoris</strong></span> <span class='ocrx_word' id='word_1_448' title='bbox 3240 3967 3597 4030; x_wconf 90' lang='lat' dir='ltr'><strong>meritissimi,</strong></span> <span class='ocrx_word' id='word_1_449' title='bbox 3621 3969 3714 4036; x_wconf 93' lang='lat' dir='ltr'><strong>qui</strong></span> <span class='ocrx_word' id='word_1_450' title='bbox 3745 3969 3857 4037; x_wconf 90' lang='lat' dir='ltr'><strong>jam</strong></span> <span class='ocrx_word' id='word_1_451' title='bbox 3890 3971 4090 4025; x_wconf 90' lang='lat' dir='ltr'><strong>multis</strong></span> 
     </span>
    </p>
   </div>
   <div class='ocr_carea' id='block_1_37' title="bbox 802 4075 4088 4157">
    <p class='ocr_par' dir='ltr' id='par_1_37' title="bbox 802 4075 4088 4157">
     <span class='ocr_line' id='line_1_37' title="bbox 802 4075 4088 4157; baseline -0.002 -14"><span class='ocrx_word' id='word_1_452' title='bbox 802 4087 1004 4157; x_wconf 87' lang='lat' dir='ltr'><strong>ingenii</strong></span> <span class='ocrx_word' id='word_1_453' title='bbox 1042 4092 1205 4152; x_wconf 90' lang='lat' dir='ltr'><strong>atque</strong></span> <span class='ocrx_word' id='word_1_454' title='bbox 1228 4080 1489 4135; x_wconf 90' lang='lat' dir='ltr'><strong>doctrina</strong></span> <span class='ocrx_word' id='word_1_455' title='bbox 1526 4075 1921 4146; x_wconf 83' lang='lat' dir='ltr'><strong>Speciminibus</strong></span> <span class='ocrx_word' id='word_1_456' title='bbox 1953 4075 2168 4128; x_wconf 89' lang='lat' dir='ltr'><strong>laudem</strong></span> <span class='ocrx_word' id='word_1_457' title='bbox 2215 4077 2433 4141; x_wconf 90' lang='lat' dir='ltr'><strong>meruit,</strong></span> <span class='ocrx_word' id='word_1_458' title='bbox 2476 4093 2637 4146; x_wconf 87' lang='lat' dir='ltr'><strong>quam</strong></span> <span class='ocrx_word' id='word_1_459' title='bbox 2681 4078 2783 4132; x_wconf 89' lang='lat' dir='ltr'><strong>hoc</strong></span> <span class='ocrx_word' id='word_1_460' title='bbox 2814 4095 2954 4133; x_wconf 89' lang='lat' dir='ltr'><strong>novo</strong></span> <span class='ocrx_word' id='word_1_461' title='bbox 2991 4080 3178 4133; x_wconf 90' lang='lat' dir='ltr'><strong>labore</strong></span> <span class='ocrx_word' id='word_1_462' title='bbox 3213 4079 3449 4133; x_wconf 78' lang='lat' dir='ltr'><strong>feliciter</strong></span> <span class='ocrx_word' id='word_1_463' title='bbox 3481 4091 3704 4148; x_wconf 87' lang='lat' dir='ltr'><strong>peracto</strong></span> <span class='ocrx_word' id='word_1_464' title='bbox 3742 4091 3964 4135; x_wconf 84' lang='lat' dir='ltr'><strong>auctam</strong></span> <span class='ocrx_word' id='word_1_465' title='bbox 4006 4085 4088 4137; x_wconf 91' lang='lat' dir='ltr'><strong>illi</strong></span> 
     </span>
    </p>
   </div>
   <div class='ocr_carea' id='block_1_38' title="bbox 803 4190 4090 4272">
    <p class='ocr_par' dir='ltr' id='par_1_38' title="bbox 803 4190 4090 4272">
     <span class='ocr_line' id='line_1_38' title="bbox 803 4190 4090 4272; baseline -0 -17"><span class='ocrx_word' id='word_1_466' title='bbox 803 4202 1162 4272; x_wconf 87' lang='lat' dir='ltr'><strong>gratulamur.</strong></span> <span class='ocrx_word' id='word_1_467' title='bbox 1196 4194 1374 4251; x_wconf 76' lang='lat' dir='ltr'><strong>Efﬁcit</strong></span> <span class='ocrx_word' id='word_1_468' title='bbox 1404 4193 1569 4246; x_wconf 89' lang='lat' dir='ltr'><strong>etiam</strong></span> <span class='ocrx_word' id='word_1_469' title='bbox 1596 4191 1663 4245; x_wconf 89' lang='lat' dir='ltr'><strong>cl.</strong></span> <span class='ocrx_word' id='word_1_470' title='bbox 1700 4190 1945 4244; x_wconf 85' lang='lat' dir='ltr'><strong>Bertram</strong></span> <span class='ocrx_word' id='word_1_471' title='bbox 1971 4190 2034 4244; x_wconf 83' lang='lat' dir='ltr'><strong>A.</strong></span> <span class='ocrx_word' id='word_1_472' title='bbox 2074 4191 2142 4244; x_wconf 85' lang='lat' dir='ltr'><strong>M.</strong></span> <span class='ocrx_word' id='word_1_473' title='bbox 2169 4191 2488 4245; x_wconf 86' lang='lat' dir='ltr'><strong>assiduitate</strong></span> <span class='ocrx_word' id='word_1_474' title='bbox 2513 4208 2610 4246; x_wconf 87' lang='lat' dir='ltr'><strong>sua</strong></span> <span class='ocrx_word' id='word_1_475' title='bbox 2636 4202 2692 4246; x_wconf 91' lang='lat' dir='ltr'><strong>et</strong></span> <span class='ocrx_word' id='word_1_476' title='bbox 2725 4193 2923 4246; x_wconf 88' lang='lat' dir='ltr'><strong>eximia</strong></span> <span class='ocrx_word' id='word_1_477' title='bbox 2959 4193 3264 4263; x_wconf 82' lang='lat' dir='ltr'><strong>diligentia,</strong></span> <span class='ocrx_word' id='word_1_478' title='bbox 3299 4204 3357 4249; x_wconf 88' lang='lat' dir='ltr'><strong>ut</strong></span> <span class='ocrx_word' id='word_1_479' title='bbox 3381 4195 3537 4249; x_wconf 91' lang='lat' dir='ltr'><strong>multi</strong></span> <span class='ocrx_word' id='word_1_480' title='bbox 3559 4197 3908 4264; x_wconf 89' lang='lat' dir='ltr'><strong>mirarentur,</strong></span> <span class='ocrx_word' id='word_1_481' title='bbox 3939 4201 4090 4255; x_wconf 85' lang='lat' dir='ltr'><strong>adeo</strong></span> 
     </span>
    </p>
   </div>
   <div class='ocr_carea' id='block_1_39' title="bbox 803 4307 2588 4379">
    <p class='ocr_par' dir='ltr' id='par_1_39' title="bbox 803 4307 2588 4379">
     <span class='ocr_line' id='line_1_39' title="bbox 803 4307 2588 4379; baseline -0.007 -3"><span class='ocrx_word' id='word_1_482' title='bbox 803 4337 927 4376; x_wconf 80' lang='lat' dir='ltr'><strong>rara</strong></span> <span class='ocrx_word' id='word_1_483' title='bbox 961 4321 1015 4373; x_wconf 93' lang='lat' dir='ltr'><strong>in</strong></span> <span class='ocrx_word' id='word_1_484' title='bbox 1053 4319 1158 4372; x_wconf 92' lang='lat' dir='ltr'><strong>hoc</strong></span> <span class='ocrx_word' id='word_1_485' title='bbox 1189 4317 1445 4370; x_wconf 88' lang='lat' dir='ltr'><strong>universo</strong></span> <span class='ocrx_word' id='word_1_486' title='bbox 1482 4323 1648 4379; x_wconf 90' lang='lat' dir='ltr'><strong>opere</strong></span> <span class='ocrx_word' id='word_1_487' title='bbox 1671 4323 1788 4360; x_wconf 90' lang='lat' dir='ltr'><strong>esse</strong></span> <span class='ocrx_word' id='word_1_488' title='bbox 1825 4307 2234 4377; x_wconf 81' lang='lat' dir='ltr'><strong>typothetarum</strong></span> <span class='ocrx_word' id='word_1_489' title='bbox 2261 4307 2588 4374; x_wconf 88' lang='lat' dir='ltr'><strong>spbalmata.</strong></span> 
     </span>
    </p>
   </div>
   <div class='ocr_carea' id='block_1_40' title="bbox 873 4426 4089 4501">
    <p class='ocr_par' dir='ltr' id='par_1_40' title="bbox 873 4426 4089 4501">
     <span class='ocr_line' id='line_1_40' title="bbox 873 4426 4089 4501; baseline 0.001 -14"><span class='ocrx_word' id='word_1_490' title='bbox 873 4435 1022 4487; x_wconf 86' lang='lat' dir='ltr'><strong>Inter</strong></span> <span class='ocrx_word' id='word_1_491' title='bbox 1047 4433 1281 4486; x_wconf 79' lang='lat' dir='ltr'><strong>maxima</strong></span> <span class='ocrx_word' id='word_1_492' title='bbox 1310 4441 1491 4483; x_wconf 88' lang='lat' dir='ltr'><strong>autem</strong></span> <span class='ocrx_word' id='word_1_493' title='bbox 1528 4426 1814 4491; x_wconf 85' lang='lat' dir='ltr'><strong>beneﬁcia,</strong></span> <span class='ocrx_word' id='word_1_494' title='bbox 1855 4443 1974 4495; x_wconf 82' lang='lat' dir='ltr'><strong>qua</strong></span> <span class='ocrx_word' id='word_1_495' title='bbox 2000 4427 2111 4482; x_wconf 91' lang='lat' dir='ltr'><strong>Deo</strong></span> <span class='ocrx_word' id='word_1_496' title='bbox 2153 4429 2213 4481; x_wconf 90' lang='lat' dir='ltr'><strong>T.</strong></span> <span class='ocrx_word' id='word_1_497' title='bbox 2241 4427 2301 4483; x_wconf 93' lang='grc' dir='ltr'><strong>Ο.</strong></span> <span class='ocrx_word' id='word_1_498' title='bbox 2331 4429 2398 4483; x_wconf 81' lang='grc' dir='ltr'><strong>Μ.</strong></span> <span class='ocrx_word' id='word_1_499' title='bbox 2432 4440 2653 4499; x_wconf 89' lang='lat' dir='ltr'><strong>accepta</strong></span> <span class='ocrx_word' id='word_1_500' title='bbox 2691 4431 2890 4493; x_wconf 81' lang='lat' dir='ltr'><strong>refero,</strong></span> <span class='ocrx_word' id='word_1_501' title='bbox 2923 4431 3027 4485; x_wconf 91' lang='lat' dir='ltr'><strong>hoc</strong></span> <span class='ocrx_word' id='word_1_502' title='bbox 3064 4431 3333 4501; x_wconf 88' lang='lat' dir='ltr'><strong>imprimis</strong></span> <span class='ocrx_word' id='word_1_503' title='bbox 3366 4443 3464 4497; x_wconf 89' lang='lat' dir='ltr'><strong>per</strong></span> <span class='ocrx_word' id='word_1_504' title='bbox 3493 4437 3659 4482; x_wconf 90' lang='lat' dir='ltr'><strong>totam</strong></span> <span class='ocrx_word' id='word_1_505' title='bbox 3701 4432 3868 4484; x_wconf 88' lang='lat' dir='ltr'><strong>vitam</strong></span> <span class='ocrx_word' id='word_1_506' title='bbox 3896 4449 4089 4490; x_wconf 88' lang='lat' dir='ltr'><strong>meam</strong></span> 
     </span>
    </p>
   </div>
   <div class='ocr_carea' id='block_1_41' title="bbox 798 4544 4089 4617">
    <p class='ocr_par' dir='ltr' id='par_1_41' title="bbox 798 4544 4089 4617">
     <span class='ocr_line' id='line_1_41' title="bbox 798 4544 4089 4617; baseline 0.002 -17"><span class='ocrx_word' id='word_1_507' title='bbox 798 4546 1118 4609; x_wconf 81' lang='lat' dir='ltr'><strong>celebrabo,</strong></span> <span class='ocrx_word' id='word_1_508' title='bbox 1143 4545 1287 4614; x_wconf 92' lang='lat' dir='ltr'><strong>quod</strong></span> <span class='ocrx_word' id='word_1_509' title='bbox 1313 4544 1580 4599; x_wconf 86' lang='lat' dir='ltr'><strong>hodierno</strong></span> <span class='ocrx_word' id='word_1_510' title='bbox 1616 4545 1702 4598; x_wconf 91' lang='lat' dir='ltr'><strong>die</strong></span> <span class='ocrx_word' id='word_1_511' title='bbox 1729 4560 1794 4598; x_wconf 83' lang='lat' dir='ltr'><strong>ex</strong></span> <span class='ocrx_word' id='word_1_512' title='bbox 1819 4554 1947 4597; x_wconf 92' lang='lat' dir='ltr'><strong>voto</strong></span> <span class='ocrx_word' id='word_1_513' title='bbox 1969 4545 2100 4597; x_wconf 89' lang='lat' dir='ltr'><strong>mihi</strong></span> <span class='ocrx_word' id='word_1_514' title='bbox 2138 4545 2384 4614; x_wconf 83' lang='lat' dir='ltr'><strong>contigit.</strong></span> <span class='ocrx_word' id='word_1_515' title='bbox 2423 4544 2731 4614; x_wconf 84' lang='lat' dir='ltr'><strong>Adjuvante</strong></span> <span class='ocrx_word' id='word_1_516' title='bbox 2756 4546 2901 4599; x_wconf 90' lang='lat' dir='ltr'><strong>enim</strong></span> <span class='ocrx_word' id='word_1_517' title='bbox 2935 4545 3140 4608; x_wconf 90' lang='lat' dir='ltr'><strong>divina,</strong></span> <span class='ocrx_word' id='word_1_518' title='bbox 3173 4561 3296 4614; x_wconf 84' lang='lat' dir='ltr'><strong>qua</strong></span> <span class='ocrx_word' id='word_1_519' title='bbox 3330 4562 3522 4602; x_wconf 90' lang='lat' dir='ltr'><strong>omnes</strong></span> <span class='ocrx_word' id='word_1_520' title='bbox 3562 4549 3922 4617; x_wconf 89' lang='lat' dir='ltr'><strong>cogitationes</strong></span> <span class='ocrx_word' id='word_1_521' title='bbox 3955 4553 4089 4608; x_wconf 90' lang='lat' dir='ltr'><strong>lau-</strong></span> 
     </span>
    </p>
   </div>
   <div class='ocr_carea' id='block_1_42' title="bbox 808 4663 4092 4740">
    <p class='ocr_par' dir='ltr' id='par_1_42' title="bbox 808 4663 4092 4740">
     <span class='ocr_line' id='line_1_42' title="bbox 808 4663 4092 4740; baseline 0.003 -21"><span class='ocrx_word' id='word_1_522' title='bbox 808 4667 1013 4734; x_wconf 89' lang='lat' dir='ltr'><strong>desque</strong></span> <span class='ocrx_word' id='word_1_523' title='bbox 1041 4673 1253 4717; x_wconf 89' lang='lat' dir='ltr'><strong>nostras</strong></span> <span class='ocrx_word' id='word_1_524' title='bbox 1274 4673 1517 4732; x_wconf 89' lang='lat' dir='ltr'><strong>superat,</strong></span> <span class='ocrx_word' id='word_1_525' title='bbox 1549 4663 1741 4734; x_wconf 83' lang='lat' dir='ltr'><strong>gratia,</strong></span> <span class='ocrx_word' id='word_1_526' title='bbox 1765 4663 1831 4716; x_wconf 90' lang='lat' dir='ltr'><strong>ad</strong></span> <span class='ocrx_word' id='word_1_527' title='bbox 1869 4663 2030 4717; x_wconf 84' lang='lat' dir='ltr'><strong>ﬁnem</strong></span> <span class='ocrx_word' id='word_1_528' title='bbox 2063 4678 2208 4716; x_wconf 89' lang='lat' dir='ltr'><strong>nunc</strong></span> <span class='ocrx_word' id='word_1_529' title='bbox 2243 4663 2542 4740; x_wconf 80' lang='lat' dir='ltr'><strong>perductus</strong></span> <span class='ocrx_word' id='word_1_530' title='bbox 2565 4673 2648 4718; x_wconf 90' lang='lat' dir='ltr'><strong>est</strong></span> <span class='ocrx_word' id='word_1_531' title='bbox 2679 4665 2853 4727; x_wconf 90' lang='lat' dir='ltr'><strong>labor,</strong></span> <span class='ocrx_word' id='word_1_532' title='bbox 2883 4681 2981 4733; x_wconf 85' lang='lat' dir='ltr'><strong>per</strong></span> <span class='ocrx_word' id='word_1_533' title='bbox 3011 4673 3154 4729; x_wconf 91' lang='lat' dir='ltr'><strong>octo,</strong></span> <span class='ocrx_word' id='word_1_534' title='bbox 3189 4675 3243 4720; x_wconf 92' lang='lat' dir='ltr'><strong>et</strong></span> <span class='ocrx_word' id='word_1_535' title='bbox 3266 4669 3412 4736; x_wconf 91' lang='lat' dir='ltr'><strong>quod</strong></span> <span class='ocrx_word' id='word_1_536' title='bbox 3444 4670 3706 4734; x_wconf 78' lang='lat' dir='ltr'><strong>excurrit,</strong></span> <span class='ocrx_word' id='word_1_537' title='bbox 3732 4687 3904 4726; x_wconf 90' lang='lat' dir='ltr'><strong>annos</strong></span> <span class='ocrx_word' id='word_1_538' title='bbox 3931 4672 4092 4730; x_wconf 88' lang='lat' dir='ltr'><strong>inter</strong></span> 
     </span>
    </p>
   </div>
   <div class='ocr_carea' id='block_1_43' title="bbox 806 4767 4090 4859">
    <p class='ocr_par' dir='ltr' id='par_1_43' title="bbox 806 4767 4090 4859">
     <span class='ocr_line' id='line_1_43' title="bbox 806 4767 4090 4859; baseline 0.004 -29"><span class='ocrx_word' id='word_1_539' title='bbox 806 4767 1010 4830; x_wconf 90' lang='lat' dir='ltr'><strong>multas</strong></span> <span class='ocrx_word' id='word_1_540' title='bbox 1034 4775 1379 4829; x_wconf 70' lang='lat' dir='ltr'><strong>difﬁcultates</strong></span> <span class='ocrx_word' id='word_1_541' title='bbox 1403 4784 1458 4829; x_wconf 88' lang='lat' dir='ltr'><strong>et</strong></span> <span class='ocrx_word' id='word_1_542' title='bbox 1483 4778 1892 4832; x_wconf 83' lang='lat' dir='ltr'><strong>vicissitudines</strong></span> <span class='ocrx_word' id='word_1_543' title='bbox 1916 4778 2286 4834; x_wconf 88' lang='lat' dir='ltr'><strong>continuatus.</strong></span> <span class='ocrx_word' id='word_1_544' title='bbox 2310 4779 2482 4844; x_wconf 88' lang='lat' dir='ltr'><strong>Quem</strong></span> <span class='ocrx_word' id='word_1_545' title='bbox 2518 4787 2578 4832; x_wconf 92' lang='lat' dir='ltr'><strong>ut</strong></span> <span class='ocrx_word' id='word_1_546' title='bbox 2614 4780 2757 4834; x_wconf 90' lang='lat' dir='ltr'><strong>Deus</strong></span> <span class='ocrx_word' id='word_1_547' title='bbox 2785 4781 2838 4832; x_wconf 93' lang='lat' dir='ltr'><strong>in</strong></span> <span class='ocrx_word' id='word_1_548' title='bbox 2864 4782 3060 4834; x_wconf 91' lang='lat' dir='ltr'><strong>summi</strong></span> <span class='ocrx_word' id='word_1_549' title='bbox 3088 4785 3326 4839; x_wconf 91' lang='lat' dir='ltr'><strong>nominis</strong></span> <span class='ocrx_word' id='word_1_550' title='bbox 3349 4784 3431 4838; x_wconf 89' lang='lat' dir='ltr'><strong>sui</strong></span> <span class='ocrx_word' id='word_1_551' title='bbox 3456 4786 3703 4856; x_wconf 84' lang='lat' dir='ltr'><strong>gloriam,</strong></span> <span class='ocrx_word' id='word_1_552' title='bbox 3737 4789 4090 4859; x_wconf 89' lang='lat' dir='ltr'><strong>multamque</strong></span> 
     </span>
    </p>
   </div>
   <div class='ocr_carea' id='block_1_44' title="bbox 808 4889 2240 4958">
    <p class='ocr_par' dir='ltr' id='par_1_44' title="bbox 808 4889 2240 4958">
     <span class='ocr_line' id='line_1_44' title="bbox 808 4889 2240 4958; baseline -0.004 -12"><span class='ocrx_word' id='word_1_553' title='bbox 808 4891 1041 4946; x_wconf 87' lang='lat' dir='ltr'><strong>aliorum</strong></span> <span class='ocrx_word' id='word_1_554' title='bbox 1069 4889 1361 4943; x_wconf 91' lang='lat' dir='ltr'><strong>utilitatem</strong></span> <span class='ocrx_word' id='word_1_555' title='bbox 1395 4889 1593 4943; x_wconf 88' lang='lat' dir='ltr'><strong>cedere</strong></span> <span class='ocrx_word' id='word_1_556' title='bbox 1619 4889 1829 4958; x_wconf 90' lang='lat' dir='ltr'><strong>jubeat,</strong></span> <span class='ocrx_word' id='word_1_557' title='bbox 1867 4889 2096 4957; x_wconf 82' lang='lat' dir='ltr'><strong>supplex</strong></span> <span class='ocrx_word' id='word_1_558' title='bbox 2123 4903 2240 4941; x_wconf 89' lang='lat' dir='ltr'><strong>oro.</strong></span> 
     </span>
    </p>
   </div>
   <div class='ocr_carea' id='block_1_45' title="bbox 879 5001 3273 5070">
    <p class='ocr_par' dir='ltr' id='par_1_45' title="bbox 879 5001 3273 5070">
     <span class='ocr_line' id='line_1_45' title="bbox 879 5001 3273 5070; baseline 0.001 -12"><span class='ocrx_word' id='word_1_559' title='bbox 879 5004 1081 5058; x_wconf 88' lang='lat' dir='ltr'><strong>Dabam</strong></span> <span class='ocrx_word' id='word_1_560' title='bbox 1116 5001 1283 5066; x_wconf 80' lang='lat' dir='ltr'><strong>Hala,</strong></span> <span class='ocrx_word' id='word_1_561' title='bbox 1310 5002 1366 5057; x_wconf 91' lang='lat' dir='ltr'><strong>in</strong></span> <span class='ocrx_word' id='word_1_562' title='bbox 1399 5002 1690 5057; x_wconf 86' lang='lat' dir='ltr'><strong>Academia</strong></span> <span class='ocrx_word' id='word_1_563' title='bbox 1719 5002 2114 5062; x_wconf 83' lang='lat' dir='ltr'><strong>Fridericiana,</strong></span> <span class='ocrx_word' id='word_1_564' title='bbox 2152 5001 2204 5054; x_wconf 93' lang='lat' dir='ltr'><strong>d.</strong></span> <span class='ocrx_word' id='word_1_565' title='bbox 2241 5017 2362 5054; x_wconf 73' lang='lat' dir='ltr'><strong>xxvi</strong></span> <span class='ocrx_word' id='word_1_566' title='bbox 2389 5001 2610 5070; x_wconf 89' lang='lat' dir='ltr'><strong>Aprilis,</strong></span> <span class='ocrx_word' id='word_1_567' title='bbox 2638 5001 2701 5055; x_wconf 89' lang='lat' dir='ltr'><strong>A.</strong></span> <span class='ocrx_word' id='word_1_568' title='bbox 2743 5003 2806 5056; x_wconf 76' lang='grc' dir='ltr'><strong>Β.</strong></span> <span class='ocrx_word' id='word_1_569' title='bbox 2847 5003 2902 5057; x_wconf 91' lang='lat' dir='ltr'><strong>S.</strong></span> <span class='ocrx_word' id='word_1_570' title='bbox 2931 5022 3273 5061; x_wconf 76' lang='lat' dir='ltr'><strong>uocatxxml.</strong></span> 
     </span>
    </p>
   </div>
   <div class='ocr_carea' id='block_1_46' title="bbox 876 5158 4088 5286">
    <p class='ocr_par' dir='ltr' id='par_1_46' title="bbox 876 5158 4088 5286">
     <span class='ocr_line' id='line_1_46' title="bbox 876 5158 4088 5286; baseline 0.005 -71"><span class='ocrx_word' id='word_1_571' title='bbox 876 5160 955 5286; x_wconf 45' lang='lat' dir='ltr'><strong>gs)</strong></span> <span class='ocrx_word' id='word_1_572' title='bbox 982 5159 1130 5241; x_wconf 61' lang='lat' dir='ltr'><strong>lianc</strong></span> <span class='ocrx_word' id='word_1_573' title='bbox 1148 5160 1444 5286; x_wconf 56' lang='grc' dir='ltr'><strong>ιεὲιὶοηιίξη</strong></span> <span class='ocrx_word' id='word_1_574' title='bbox 1466 5161 1786 5215; x_wconf 88' lang='lat' dir='ltr'><strong>varietatem</strong></span> <span class='ocrx_word' id='word_1_575' title='bbox 1811 5175 1875 5214; x_wconf 84' lang='lat' dir='ltr'><strong>ex</strong></span> <span class='ocrx_word' id='word_1_576' title='bbox 1899 5170 2090 5214; x_wconf 86' lang='lat' dir='ltr'><strong>catena</strong></span> <span class='ocrx_word' id='word_1_577' title='bbox 2116 5158 2382 5229; x_wconf 87' lang='lat' dir='ltr'><strong>Lipsiensi</strong></span> <span class='ocrx_word' id='word_1_578' title='bbox 2421 5175 2739 5228; x_wconf 80' lang='lat' dir='ltr'><strong>expressam</strong></span> <span class='ocrx_word' id='word_1_579' title='bbox 2762 5161 2828 5216; x_wconf 92' lang='lat' dir='ltr'><strong>ad</strong></span> <span class='ocrx_word' id='word_1_580' title='bbox 2857 5172 3061 5217; x_wconf 91' lang='lat' dir='ltr'><strong>tomum</strong></span> <span class='ocrx_word' id='word_1_581' title='bbox 3118 5165 3356 5234; x_wconf 90' lang='lat' dir='ltr'><strong>primum</strong></span> <span class='ocrx_word' id='word_1_582' title='bbox 3418 5171 3792 5226; x_wconf 86' lang='lat' dir='ltr'><strong>revocavimus</strong></span> <span class='ocrx_word' id='word_1_583' title='bbox 3813 5181 3871 5226; x_wconf 87' lang='lat' dir='ltr'><strong>et</strong></span> <span class='ocrx_word' id='word_1_584' title='bbox 3901 5178 4088 5230; x_wconf 84' lang='lat' dir='ltr'><strong>textui</strong></span> 
     </span>
     <span class='ocr_line' id='line_1_47' title="bbox 918 5245 1532 5286; baseline -0.002 0"><span class='ocrx_word' id='word_1_585' title='bbox 918 5245 1162 5286; x_wconf 80' lang='lat' dir='ltr'><strong>iecimus.</strong></span> <span class='ocrx_word' id='word_1_586' title='bbox 1235 5247 1341 5286; x_wconf 78' lang='lat' dir='ltr'><strong>mr.</strong></span> <span class='ocrx_word' id='word_1_587' title='bbox 1410 5245 1532 5286; x_wconf 77' lang='grc' dir='ltr'><strong>Ατκ.</strong></span> 
     </span>
    </p>
   </div>
   <div class='ocr_carea' id='block_1_47' title="bbox 812 5245 1532 5303">
    <p class='ocr_par' dir='ltr' id='par_1_47' title="bbox 812 5245 1532 5303">
     <span class='ocr_line' id='line_1_48' title="bbox 812 5245 1532 5303; baseline -0.001 -16"><span class='ocrx_word' id='word_1_588' title='bbox 812 5245 1162 5303; x_wconf 72' lang='grc' dir='ltr'><strong>ωοιθοιωιιε.</strong></span> <span class='ocrx_word' id='word_1_589' title='bbox 1191 5245 1341 5286; x_wconf 67' lang='lat' dir='ltr'><strong>non.</strong></span> <span class='ocrx_word' id='word_1_590' title='bbox 1368 5245 1532 5286; x_wconf 73' lang='lat' dir='ltr'><strong>rus.</strong></span> 
     </span>
    </p>
   </div>
  </div>
