4208 6440
236 414 305 479 33
1378 411 1847 473 AUCTARIUM.
1877 435 1941 444 —
1982 412 2082 470 AD
2113 411 2286 471 TOM.
2328 412 2419 471 1v.
3410 410 3483 478 ει

1410 818 1557 905 AD
1640 812 2071 907 TOMUM
2153 817 2314 905 IV.

1133 1034 1615 1097 THEODORETI
1651 1032 2052 1095 SEBMONES
2090 1034 2184 1093 ET
2222 1033 2588 1095 HOMILIIE.

231 1390 615 1460 Θεοδωρήτου
655 1387 700 1419 ³⁸
735 1388 1071 1460 ἐπισκοπου
1108 1386 1324 1460 Κύρου,
1375 1382 1667 1460 famulor
1718 1384 1803 1460 είς

1903 1382 2016 1452 84,
2053 1380 2811 1460 Theodoreti-episcopiﬂyri,
2867 1384 2921 1437 in
2958 1386 3294 1460 nativitatem
3332 1404 3484 1447 vene-

297 1451 740 1528 τῆν’τέννησιν
766 1458 870 1511 τοῦ
901 1456 1142 1523 ἐντίμου
1169 1451 1268 1528 καί
1294 1451 1548 1528 (ig-6555012
1575 1451 1803 1521 προφή-

296 1521 405 1583 τὸυ
432 1521 530 1584 θέαι
560 1521 898 1596 προδρόμου
930 1521 1271 1578 Βαᾶττιστοῦ
1305 1521 1601 1575 Ἰωάννου.

298 1639 364 1692 El.
405 1642 506 1710 μὲν
537 1643 565 1691 ὁ
594 1638 689 1689 τοῦ
716 1638 887 1704 Λόγου
913 1636 1087 1707 κήρυξ
1119 1635 1211 1687 καὶ
1242 1633 1543 1703 πρόδρομος
1568 1633 1675 1684 τῶν
1708 1633 1804 1684 κά-

227 1751 302 1786 τω
324 1733 503 1799 λόγων
542 1730 712 1782 ἐδεῖτο
755 1729 887 1799 πρὸς
917 1729 1158 1790 ἔπαινον,
1186 1726 1407 1796 θαρρεῖν
1444 1726 1541 1795 μὲν
1576 1724 1683 1777 οὐδ’
1714 1723 1804 1777 οὖ-

226 1841 331 1886 τως
385 1824 414 1873 ὁ
466 1820 657 1891 παρὼν
706 1814 816 1888 εἶχε
856 1820 1033 1886 λόγος,
1088 1817 1148 1869 τὸ
1179 1816 1438 1870 ἀδύνατον
1472 1817 1610 1883 τάχα
1645 1815 1677 1883 ἢ
1713 1814 1805 1867 καὶ

228 1913 433 1981 ἄπορον
471 1907 930 1979 προϐαλλόμενος,
965 1907 1059 1958 καὶ
1088 1904 1149 1956 τὸ
1190 1902 1359 1974 μείζω
1393 1901 1425 1972 ἢ
1458 1900 1598 1954 κατὰ
1641 1899 1803 1951 δύνα-

230 2020 321 2071 μιν
349 2002 537 2068 λόγου,
556 2000 657 2067 τὴν
681 1993 961 2067 παροῦσαν
985 1993 1237 2047 ὑπόθεσιν
1260 1993 1468 2063 ἐνορᾷν·
1500 1990 1622 2044 ἐπεὶ
1652 1990 1696 2043 δ’
1718 1984 1806 2042 οὗ·

225 2113 312 2158 τος
337 2096 549 2150 ἄνωθεν
578 2092 695 2163 μὲν,
742 2092 833 2145 καὶ
864 2091 1013 2161 παρὰ
1039 2089 1133 2143 τοῦ
1180 2089 1293 2144 ἄνω
1337 2090 1431 2142 καὶ
1465 2086 1681 2158 πρώτου
1711 2086 1807 2140 Λό-

226 2205 345 2256 γου,
374 2188 477 2256 τὴν
508 2184 807 2255 μαρτυρίαν
849 2183 1038 2252 εἴληφε
1094 2181 1307 2236 καὶτὸν
1344 2178 1585 2245 ἔπαινον,
1622 2195 1806 2249 περιτ-

226 2280 313 2339 τὸς
348 2276 450 2347 μὲν
484 2278 628 2337 arta;
653 2275 807 2342 λόγος
834 2273 983 2341 αὐτῷ
1018 2270 1449 2342 προσαγόμενος,
1483 2265 1735 2338 περιττὸς
1758 2269 1802 2321 δ’

227 2369 254 2419 ὁ
276 2368 373 2436 τῆς
406 2366 654 2434 γλώττης
683 2364 901 2426 ἔπαινος
933 2361 1123 2415 τούτου
1158 2360 1295 2432 πρὸς
1322 2360 1595 2430 εὐφημίαν
1623 2358 1803 2411 κινού-ο

231 2477 406 2528 μενος.
449 2458 549 2519 Τίς
584 2457 627 2488 ³⁸
675 2456 783 2529 γὰρ
816 2456 909 2508 καὶ
942 2454 1083 2507 εἴποι
1130 2454 1190 2506 τὸ
1228 2452 1499 2515 τοσοῦτον,
1523 2453 1588 2503 δι’
1621 2452 1681 2502 οὐ
1712 2450 1806 2502 καὶ

228 2552 413 2613 ποσῶς
446 2550 547 2617 τῆς
580 2548 833 2618 ἀληθείας
861 2548 1140 2615 έφίκοιτο;
1176 2544 1310 2597 Οὐδὲ
1334 2544 1442 2613 γὰρ
1477 2541 1584 2594 οὐδ’
1609 2543 1657 2594 εἰ
1702 2542 1807 2603 πᾶς

228 2641 383 2708 λόγος
413 2640 495 2702 εἰς
519 2638 577 2690 ἒν
605 2639 705 2708 ήδη
726 2637 989 2698 συνέλθοι,
1014 2637 1106 2688 καὶ
1130 2634 1258 2703 μίαν
1284 2633 1598 2686 ἀποτελέσει
1623 2634 1805 2701 φωνὴν

1979 1450 2137 1524 randi
2172 1458 2221 1502 et
2250 1450 2465 1521 gloriosi
2484 1450 2763 1524 iprOphet'az
2795 1462 2844 1505 et
2891 1459 3231 1524 prwcursoris
3259 1458 3482 1516 Joannis

1981 1519 2265 1589 Baptism,
2293 1519 2604 1576 encomium.

1981 1631 2209 1686 Etiamsi
2237 1632 2404 1686 Verbi
2438 1648 2616 1702 prmco
2651 1644 2707 1687 et
2744 1649 3073 1715 praecursor.
3102 1638 3335 1693 terrenis
3387 1655 3485 1692 vo-

1910 1721 2067 1775 cibus
2103 1722 2169 1776 ad
2214 1722 2581 1777 laudationem
2634 1724 2924 1795 indigeret,
2974 1740 3083 1779 non
3121 1737 3266 1782 esset
3300 1737 3483 1783 tamen

1910 1812 2055 1879 quod
2094 1812 2149 1865 in
2182 1813 2283 1865 hac
2312 1815 2559 1866 oratione
2587 1813 2921 1867 confiderem
2955 1832 2967 1866 :
3006 1815 3117 1869 imo
3140 1818 3482 1886 propositum

1911 1909 2291 1971 argumentum
2326 1902 2603 1971 persequi,
2634 1918 2758 1956 cum
2802 1903 3139 1972 impossibile
3193 1916 3249 1960 et
3291 1908 3484 1963 absur-

1911 1992 2063 2057 dum,
2102 2001 2217 2046 tum
2246 1993 2395 2046 omni
2428 2009 2681 2048 sermone
2709 1996 2885 2065 majus
2924 2009 3065 2060 esse,
3095 2007 3473 2066 praetexerem.

1910 2083 2044 2139 Cum
2078 2093 2259 2139 autem
2288 2086 2377 2140 ille
2400 2086 2614 2141 caelitus
2638 2094 2693 2140 et
2718 2102 2746 2140 a
2772 2087 2960 2142 divino
2987 2089 3276 2160 primoque
3302 2092 3483 2147 Verbo

1912 2176 2283 2229 testimonium
2308 2191 2372 2230 ac
2405 2176 2622 2230 Iaudem
2649 2178 2943 2247 acceperit,
2969 2179 3171 2234 frustra
3199 2182 3270 2235 sit
3304 2183 3484 2237 omnis

1909 2268 2087 2323 oratio
2119 2269 2365 2337 quaesita,
2398 2268 2602 2323 frustra
2645 2269 2843 2339 lingua:
2875 2272 3208 2340 praaconium
3256 2274 3375 2343 ejus
3425 2276 3481 2328 in

1910 2360 2176 2413 honorem
2211 2360 2540 2414 adhibitum.
2571 2359 2705 2426 Quis
2736 2361 2821 2415 vel
2852 2377 3022 2415 unum
3076 2362 3210 2416 illud
3253 2364 3475 2427 dixerit,

1912 2468 1942 2505 a
1975 2467 2084 2522 quo
2122 2460 2178 2506 et
2206 2467 2313 2521 qua
2359 2454 2572 2505 ratione
2604 2454 2889 2506 veritatem
2919 2452 3085 2507 fuerit
3109 2457 3484 2509 consecutus?

1910 2543 2099 2613 Neque
2131 2543 2299 2608 enim,
2346 2543 2391 2598 si
2433 2543 2613 2598 omnis
2651 2545 2828 2599 oratio
2868 2545 2923 2598 in
2958 2544 3182 2599 delicias
3206 2546 3351 2615 ipsas
3391 2562 3482 2601 co-

1912 2643 2028 2688 acta
2064 2636 2154 2699 sit,
2191 2649 2491 2705 vocemque
2517 2636 2732 2688 unicam
2765 2635 3106 2704 splendidam
3154 2636 3261 2706 85
3286 2646 3341 2691 et
3370 2652 3484 2690 ma-

228 2726 631 2800 ).ὶτ.μπρόφωνον
670 2730 786 2798 ἃμα
826 2728 923 2780 καὶ
969 2726 1367 2796 μεγαλόφωνον,
1402 2726 1493 2777 τὸν
1530 2725 1677 2788 ἄξιον
1728 2725 1805 2794 τῷ

1909 2742 2067 2796 gnam
2106 2727 2418 2795 perfecerit,
2444 2726 2641 2780 Joanni
2663 2725 2849 2782 divino
2870 2728 3093 2782 numine
3132 2745 3294 2797 supra
3318 2745 3483 2798 quam

230 2822 511 2890 Βαπτιστῇ
540 2821 759 2873 ἔπαινον
786 2820 1032 2887 ἀποδοίη,
1058 2820 1212 2872 πάνθ’
1235 2819 1373 2887 ὑπὲρ
1406 2818 1562 2885 λόγον
1589 2817 1667 2887 τῷ
1694 2817 1809 2869 θεο-

230 2912 423 2980 λήπτῳ
465 2912 662 2980 ἔχοντι,
718 2912 893 2963 πάντα
952 2910 1167 2980 ἄληπτά
1212 2927 1269 2962 τε
1303 2910 1396 2961 καὶ
1440 2907 1804 2976 ἀπερίληπτα.

231 3001 397 3053 Ὥστε
461 3002 611 3070 αὐτῷ
669 3003 766 3070 μὲν
833 3002 1129 3071 ἀποχρῶσα
1186 3002 1342 3069 μόνη,
1405 3002 1437 3069 ὴ
1508 2997 1808 3068 Δεσποτικὴ

228 3090 431 3161 δηλαδὴ
457 3094 552 3143 καὶ
585 3092 702 3143 θεία
728 3092 898 3160 φωνὴ,
930 3088 997 3162 ἦς
1037 3093 1128 3142 καὶ
1159 3089 1371 3158 ἀληθῶς
1400 3090 1603 3149 ἐκεῖνος
1638 3087 1803 3152 ἄξιος,

229 3183 321 3232 καὶ
350 3181 419 3233 δι’
451 3182 518 3252 ῆν
548 3180 679 3251 ἄλλη
712 3183 858 3234 πᾶσα
884 3180 1035 3251 φωνὴ
1077 3180 1348 3250 ὑποχωρεί
1397 3179 1474 3248 τῷ
1508 3178 1807 3247 τηλικούτῳ

234 3274 322 3324 καὶ
347 3272 729 3337 ὑπεξίσταται.

297 3366 378 3415 Δι’
403 3363 441 3416 ἃ
470 3364 563 3414 καὶ
592 3362 739 3432 αὐτῷ
764 3379 852 3431 μοι
877 3362 1085 3431 βέλτιον
1117 3356 1255 3415 εἶναι
1279 3362 1445 3423 δοκεῖ,
1479 3361 1555 3429 μὴ
1587 3360 1803 3430 μικρὸν,

236 3456 307 3525 μὴ
336 3456 486 3524 μέγα
515 3454 851 3521 φθέγξασθαι
878 3456 970 3506 ἐπὶ
995 3454 1088 3506 τοῦ
1120 3454 1383 3522 παρόντος
1408 3468 1421 3480 ⁸
1453 3452 1527 3515 ὡς
1554 3452 1618 3504 ἂν
1651 3454 1726 3522 μή
1755 3468 1806 3505 τι

232 3546 319 3597 καὶ
340 3545 484 3609 δόξω
530 3544 791 3612 πράττειν
832 3543 1497 3614 παρακεκινδυνευμένον,
1538 3543 1693 3610 λόγον
1715 3542 1806 3595 τὸν

232 3638 361 3705 παρ’
402 3632 647 3704 ἐμαυτοῦ
669 3634 921 3688 ὑποθέσει
942 3635 1084 3688 οὕτω
1124 3635 1386 3704 μεγέθους
1409 3635 1607 3705 ἐχούσῃ
1635 3652 1805 3705 προσ-

238 3727 452 3780 ὃάλὶων
480 3765 495 3789 ,
553 3726 611 3788 ὃς
644 3727 738 3779 καὶ
771 3726 946 3788 ἄλλως
975 3724 1175 3794 φαῦλος
1207 3726 1511 3795 τυγχάνων,
1564 3725 1659 3779 νῦν
1710 3726 1803 3778 καὶ

233 3816 468 3883 μάλιστα
500 3815 562 3867 τὸ
586 3815 749 3885 μηδὲν
765 3812 903 3868 εἶναι
925 3816 1084 3880 δόξει,
1120 3818 1202 3869 ὅτι
1250 3817 1371 3886 μηδ’
1416 3819 1559 3886 ἐρεῖν
1604 3834 1657 3870 τι
1694 3816 1803 3869 τῶν

230 3908 419 3978 ἐκείνῳ
454 3908 764 3979 προσόντων
792 3908 1094 3979 δυνήσεται.
1810 3908 1813 3911 ’

294 4023 410 4075 Καὶ
438 4022 565 4090 ἐμοὶ
609 4023 705 4092 μὲν
736 4022 827 4076 διὰ
869 4022 1043 4076 ταῦτα
1069 4024 1332 4092 κρείττων
1380 4026 1412 4095 ὴ
1443 4027 1619 4096 σιωπὴ
1644 4064 1657 4087 ,
1711 4026 1803 4080 καὶ

228 4113 645 4179 λυσιτελεστέρα
677 4114 769 4165 τοῦ
802 4114 1131 4181 φθέγγεσθαι
1152 4132 1165 4147 ο
1194 4116 1312 4167 ἐπεὶ
1345 4116 1389 4168 δ’
1433 4118 1543 4185 ὁρῶ
1577 4117 1802 4181 πολλοὺς

227 4206 299 4274 τῷ
331 4205 625 4275 πράγματι
650 4205 1122 4277 δυσχεραίνοντας,
1150 4210 1242 4259 καὶ
1262 4208 1354 4261 τὸν
1374 4208 1528 4275 λόγον
1551 4209 1802 4262 ἐκκαλου-

230 4294 429 4362 μένους
455 4333 471 4356 ,
528 4295 623 4347 καὶ
681 4293 915 4363 μάλιστα
942 4295 1040 4364 τῆς
1085 4294 1196 4348 τῶν
1246 4298 1503 4362 γενεσίων
1538 4298 1801 4368 ἐνστάσης

227 4387 466 4454 ἡμέρας,
497 4387 533 4455 ἢ
559 4386 655 4438 καὶ
686 4387 857 4456 μείζω
886 4387 978 4439 τὸν
1021 4387 1263 4457 παρόντα
1310 4389 1574 4459 πεποίηκε
1615 4391 1802 4444 σύλλο-

225 4493 342 4542 γον,
374 4477 475 4529 καὶ
500 4476 569 4528 δι’
599 4476 667 4544 ἢν
689 4478 1097 4547 ὲμπαράσκευοι
1124 4479 1259 4548 πρὸς
1278 4480 1375 4548 τὴν
1401 4481 1664 4548 ἀκρόασιν
1686 4481 1803 4553 ὲλη-

224 4567 456 4621 λύθασιν
489 4567 749 4631 ἕκαστος.
789 4568 839 4621 οἳ
883 4568 980 4620 καὶ
1013 4570 1265 4638 περιττόν
1298 4586 1415 4632 πως
1454 4572 1545 4623 καὶ
1576 4572 1802 4643 ἄκαιρον

224 4662 284 4713 τὸ
314 4660 589 4730 ἡμέτερον
632 4659 873 4726 οἴονται,
924 4660 1001 4724 ὡς
1032 4662 1128 4714 καὶ
1166 4661 1235 4714 δι’
1286 4660 1517 4725 ὀνείδους
1560 4664 1798 4718 τιθένσιι·

224 4752 367 4805 δοκῶ
400 4767 493 4820 μοι
523 4750 621 4803 καὶ
652 4751 804 4820 παρὰ
826 4750 1052 4822 γνώμην
1093 4749 1253 4804 λῦσαι
1299 4752 1398 4822 τὴν
1433 4755 1664 4825 σιωπὴν,
1707 4757 1801 4811 καὶ

224 4844 313 4895 τὸν
333 4843 497 4908 λόγον
522 4881 536 4904 ,
563 4841 666 4894 κᾶν
691 4840 896 4910 φαῦλον
916 4841 1068 4905 ὄντα,
1087 4841 1269 4895 δοῦναι
1294 4847 1408 4905 τοῖς
1435 4844 1795 4916 βουλομένοις·

224 4934 300 4997 ὣς
327 4934 398 4987 ἂν
431 4933 506 5003 μὴ
534 4934 629 4985 καὶ
657 4933 951 5003 φαινοίμην
980 4932 1199 4997 τούτους
1234 4935 1593 5005 παραλυπῶν,
1622 4935 1702 5001 οἷς
1740 4941 1800 4993 τὸ

225 5024 559 5096 χαρίζεσθαι
583 5023 812 5092 βέλτιον.

299 5116 518 5177 ’Δλλως
544 5132 604 5167 τε
637 5116 731 5168 καὶ
762 5116 860 5185 τῆς
892 5116 1077 5184 φωνῆς
1101 5115 1196 5169 νῦν
1224 5118 1611 5188 προαχθείσης,
1635 5121 1800 5191 λυθῆ-

228 5225 316 5262 ναι
337 5210 484 5277 τάχα
519 5208 614 5260 καὶ
634 5206 731 5277 τὴν
768 5208 1043 5278 ἡμετέραν
1070 5209 1238 5279 ἐχρῆν
1270 5212 1361 5263 ἐπὶ
1410 5214 1583 5285 τούτῳ
1618 5217 1801 5287 φωνὴν

230 5298 464 5370 ᾅδουσαν
484 5314 544 5349 τε
566 5296 731 5351 αὑτοῦ
761 5298 827 5351 τὰ
851 5298 1123 5367 γενέθλια,
1141 5300 1237 5353 καὶ
1266 5303 1363 5371 τὴν
1391 5305 1646 5377 ὑπερφυᾶ
1675 5327 1805 5363 κατ⁹

1914 2818 2020 2871 dici
2049 2826 2227 2886 potest
2247 2817 2446 2881 amato,
2476 2816 3047 2886 incomprehensibilia
3075 2820 3257 2872 omnia
3295 2829 3351 2873 et
3383 2820 3486 2872 im-

1913 2924 2100 2961 mensa
2144 2908 2546 2977 complcctenti,
2584 2908 2776 2977 dignas
2802 2907 2993 2962 laudes
3022 2909 3305 2978 rependat.
3333 2910 3484 2964 Adeo

1915 3006 1973 3051 ut
1996 2997 2096 3066 ipsi
2124 2999 2283 3051 unica
2309 3014 2411 3051 vox
2443 2997 2695 3062 suﬂiciat,
2728 2999 3007 3053 Dominica
3055 3001 3265 3055 scilicet
3302 3011 3356 3055 et
3394 3002 3481 3056 di-

1910 3088 2055 3151 vina,
2092 3105 2199 3157 qua
2233 3105 2356 3142 cum
2383 3104 2511 3142 vere
2536 3090 2735 3159 dignus
2767 3092 2857 3154 sit,
2884 3093 3064 3147 omnis
3089 3093 3193 3146 alia
3224 3095 3345 3163 ejus
3370 3109 3483 3147 me-

1910 3179 2033 3232 ritis
2056 3180 2201 3232 cedit
2223 3189 2279 3233 et
2308 3178 2535 3233 inferior
2566 3189 2670 3234 est.

1980 3360 2343 3426 Quamobrem
2378 3362 2549 3416 satius
2582 3360 2714 3414 mihi
2744 3361 2961 3415 videtur
2984 3403 2996 3424 ,
3034 3378 3211 3431 neque
3245 3376 3476 3430 parvum

1908 3451 2134 3521 aliquid,
2166 3467 2341 3520 neque
2374 3468 2628 3521 magnum
2657 3452 2723 3506 de
2745 3452 3025 3521 proposito
3054 3463 3375 3520 argumento
3400 3452 3481 3504 lo-

1907 3545 2002 3615 qui
2033 3563 2045 3597 :
2077 3552 2137 3596 ut
2182 3559 2251 3596 ue
2295 3543 2424 3612 quid
2460 3542 2825 3611 periculosius
2862 3556 3022 3612 agere
3056 3542 3267 3604 videar,
3317 3551 3482 3595 tanta:

1907 3634 2190 3705 dignitatis
2221 3640 2541 3701 argumento
2568 3646 2874 3686 sermonem
2913 3646 2944 3684 a
2981 3630 3189 3699 meipso
3216 3632 3234 3649 '
3262 3645 3481 3684 accom—

1906 3726 2156 3787 modans,
2181 3723 2275 3792 qui
2306 3738 2430 3777 cum
2461 3722 2663 3792 alioqui
2688 3722 2760 3777 sit
2792 3723 3119 3790 incomptus,
3151 3735 3298 3774 nunc
3332 3730 3481 3774 certe

1905 3816 2117 3871 inutilis
2140 3814 2454 3879 habebitur,
2477 3813 2679 3883 quippe
2703 3814 2797 3882 qui
2820 3813 2957 3866 nihil
2992 3825 3205 3876 eorum,
3231 3826 3353 3880 qua:
3373 3811 3482 3865 sint

1906 3909 1963 3962 in
1986 3907 2215 3970 Joanne,
2245 3906 2418 3976 possit
2449 3906 2741 3974 explicare.

1978 4017 2111 4072 Mihi
2154 4017 2376 4087 quidem
2420 4026 2713 4087 propterea
2758 4018 2920 4072 silere
2965 4018 3148 4087 potius
3186 4028 3244 4073 et
3292 4019 3480 4074 utilius

1903 4125 2007 4178 est,
2033 4128 2197 4183 quam
2219 4113 2370 4183 loqui
2400 4130 2413 4166 :
2437 4129 2650 4177 verum,
2669 4129 2793 4168 cum
2818 4114 3020 4168 multos
3036 4114 3250 4168 videam
3276 4113 3331 4167 id
3358 4128 3477 4166 mo-

1900 4205 2040 4260 leste
2069 4204 2234 4269 l‘crre,
2265 4214 2323 4260 et
2353 4206 2654 4259 orationem
2690 4216 2965 4274 expetere,
3004 4206 3106 4259 hac
3134 4205 3478 4275 potissimum

1903 4296 2282 4351 nataiitiorum
2306 4295 2417 4360 die,
2454 4311 2575 4364 qua:
2612 4296 2873 4364 majorem
2909 4294 3039 4350 fecit
3074 4295 3223 4349 hunc
3251 4309 3477 4349 conses-

1905 4403 2047 4453 sum,
2111 4388 2344 4442 maxime
2393 4402 2519 4441 cum
2564 4387 2740 4455 parati
2779 4386 2847 4441 ad
2898 4387 3233 4441 audiendum
3276 4386 3477 4457 singuli

1903 4479 2284 4543 convenerint,
2329 4478 2426 4547 qui
2461 4493 2931 4547 supervacaneum
2987 4477 3392 4546 quodammodo
3422 4485 3479 4532 et

1904 4569 2349 4638 intempestivum
2405 4579 2653 4624 nostrum
2706 4569 2994 4624 consilium
3039 4568 3161 4633 rati,
3204 4569 3259 4623 id
3314 4570 3477 4624 nobis

1901 4659 2106 4727 probro
2137 4668 2448 4725 verterent;
2481 4661 2561 4715 sic
2587 4676 2786 4715 censeo
2813 4660 3135 4714 solvendum
3165 4676 3285 4715 esse
3316 4660 3473 4725 mihi,

1905 4749 1993 4802 vel
2043 4758 2243 4818 praeter
2308 4751 2644 4819 opinionem,
2694 4752 2999 4815 silentium,
3047 4758 3104 4805 et
3146 4750 3475 4814 orationem,

1906 4839 2038 4893 licet
2074 4840 2336 4910 ineptam,
2391 4842 2457 4896 ad
2500 4858 2594 4896 eos
2620 4842 2714 4911 qui
2751 4842 2996 4912 exigunt,
3031 4841 3360 4905 habendam,
3406 4857 3477 4897 ne

1907 4930 2098 4986 videar
2135 4932 2435 4997 offendere,
2472 4933 2672 5002 quibus
2702 4942 2923 5002 praestat
2950 4933 3265 5004 gratiﬁcari.

1974 5131 2042 5185 Et
2075 5147 2209 5187 vero
2252 5148 2376 5187 cum
2421 5148 2525 5187 vox
2571 5137 2930 5203 praecesserit,
2982 5136 3220 5205 oportuit
3258 5152 3476 5208 quoque

1902 5233 2094 5275 vocem
2124 5229 2366 5275 nostram
2404 5222 2560 5276 ocius
2587 5224 2747 5287 solvi,
2788 5241 2909 5295 quae
2941 5226 3187 5280 laudaret
3218 5228 3339 5297 ejus
3376 5243 3475 5282 na~

1904 5308 2099 5373 talitia,
2125 5320 2183 5365 et
2214 5321 2421 5365 natura:
2445 5312 2608 5366 modo
2637 5314 2976 5383 superiorem
3011 5315 3305 5370 adventum
3334 5332 3475 5386 prae-

230 5390 602 5460 αγγέλλουσαν
643 5390 889 5459 πρόοδον.
944 5392 1153 5445 Οὐκοῦν
1190 5393 1281 5446 διὰ
1328 5395 1500 5450 πάντα
1541 5400 1636 5452 καὶ⁵
1673 5418 1805 5471 συγ-

1910 5402 2142 5455 dicaret.
2182 5402 2303 5456 Erit
2347 5402 2531 5471 itaque
2572 5403 2701 5459 huic
2746 5406 2983 5459 sermoni
3021 5407 3282 5462 nonnulla
3318 5413 3477 5464 venia

358 5568 711 5651 Theodonreto
747 5572 1109 5651 quidemhoc
1131 5577 1442 5651 encqmium
1490 5577 1755 5631 tribuitur
1782 5578 1847 5651 in
1891 5580 2012 5633 cod.
2045 5580 2218 5635 Vatic.
2250 5583 2418 5648 1074,
2446 5596 2583 5641 teste
2621 5588 2852 5651 Allatio,
2889 5589 3010 5644 aliis
3052 5601 3230 5645 autem
3260 5592 3479 5646 videtur

235 5637 527 5721 Iheodoro
567 5637 935 5721 Daphnopataa
978 5643 1111 5721 illud
1142 5646 1533 5721 vindicandum
1568 5663 1712 5721 esse.
1751 5650 1886 5721 Vide
1919 5651 2127 5721 Fabric.
2164 5651 2299 5707 Bibl.
2343 5637 2594 5711 cr'."{di.
2621 5637 2717 5721 VI,

2749 5674 2826 5732 p.__
2856 5658 3003 5732 537A;
3024 5669 3079 5732 erit
3118 5662 3231 5725 VII,
3265 5679 3318 5732 p.
3350 5662 3475 5716 440.

234 5705 406 5788 Idem.
424 5705 740 5788 encomium
785 5705 964 5788 exstat
993 5714 1268 5788 incodi_c__e
1286 5717 1535 5788 quodam
1568 5717 1919 5775 Bibliotheca
1948 5720 2200 5775 Mediceae
2227 5705 2658 5784 Lsur'émjfiim'
2677 5705 3014 5784 i‘d’die’xﬁa’r
3027 5705 3456 5788 “imis'i'i-e'iériﬁ}

234 5777 329 5833 sed
356 5779 567 5850 absque
599 5782 884 5852 scriptoris
922 5786 1163 5840 nomine.
1196 5772 1574 5843 Videandini
1602 5772 1773 5844 Catal.

1900 5772 1922 5855 ⁷,
1948 5772 2023 5860 'pT
2041 5772 2196 5845 ιρις-
2227 5772 2762 5867 ῖῑξῐςῗὲὶίίιῖἷι-ἶεῖι-
2778 5772 3188 5853 ῑι’ἇῐὶἱιῆ⁷τῖ.““””
3368 5772 3443 5787 ’“’
3457 5772 3476 5799 ’
