4208 6440
794 333 861 394 35
2016 352 2329 412 OPERUM
2368 357 2852 419 TllEODORETl
3952 383 4023 449 35

792 450 955 509 atque
987 447 1287 506 excusatio,
1329 449 1409 499 vel
1440 449 1565 502 hinc
1590 453 1803 513 saltem,
1845 455 1988 522 quod
2029 456 2235 525 aliquid
2267 475 2358 512 ac-
2392 474 2432 522 Α

803 545 943 554 xu...“
986 532 1185 554 ~l‘-___._
1269 539 1321 554 ,I
1578 543 1608 554 ι.
1780 545 1880 554 Α-
2105 549 2117 554 -

2392 474 2432 522 Α
2467 462 2655 534 γνώμη
2688 466 2766 536 τῷ
2791 468 2932 538 λόγῳ
2963 472 3055 523 καὶ
3083 477 3411 546 παραίτησις
3440 478 3613 540 ἔσται,
3638 486 3802 552 χωρεῖ
3832 447 4024 554 (toﬁs

790 532 1191 587 commodatum
1257 539 1325 590 ad
1372 543 1710 608 propositum
1774 545 1885 615 86
1940 549 2355 617 complectatur.

789 621 942 685 Quod
964 622 1008 675 si
1036 624 1161 679 huic
1186 629 1299 681 sola
1323 645 1467 683 nunc
1489 630 1742 700 Baptista:
1767 638 2022 691 nativitas
2038 640 2358 707 exponenda

789 711 1131 782 subjiciatur,
1168 732 1359 772 ca3tera
1389 737 1517 775 vero
1559 726 2067 791 praetermittantur,
2100 731 2202 784 hoc
2243 732 2359 800 ipso

789 803 1017 859 fortasse
1048 811 1275 875 penuria
1302 812 1524 866 obtendi
1547 825 1730 882 posset
1758 834 1769 869 :
1798 820 1952 885 quasi
1981 820 2116 873 nihil
2139 838 2353 885 eorum,

788 909 909 961 qua:
924 908 1199 964 optentur,
1219 900 1399 955 dicere
1413 902 1662 969 habeam,
1683 908 1986 976 cujusmodi
2005 920 2132 965 sunt
2150 915 2353 979 omnia,

786 998 909 1050 quae
932 985 999 1039 de
1023 991 1375 1057 consequenti
1405 993 1533 1056 vita,
1558 993 1625 1049 de
1651 997 1895 1052 moribus
1913 1008 1967 1051 et
1986 1010 2161 1055 morte
2186 1003 2357 1071 ipsius

785 1072 987 1126 omissa
1027 1074 1250 1130 fuerunt
1292 1096 1303 1130 :
1348 1097 1412 1133 ex
1456 1084 1656 1150 quibus
1698 1094 1875 1140 tamen
1929 1088 2151 1143 laudum
2190 1107 2356 1162 argu-

784 1171 969 1215 menta
993 1174 1292 1234 suppetunt
1324 1170 1389 1223 iis
1426 1173 1519 1240 qui
1544 1174 1766 1230 laudare
1792 1179 2086 1232 voluerint.

855 1251 1176 1323 Quanquam
1210 1259 1276 1311 de
1301 1259 1403 1312 hoc
1438 1262 1556 1329 ipso
1587 1273 1733 1318 recte
1764 1269 1967 1321 sentire
1999 1286 2107 1323 non
2140 1272 2349 1327 videor.

780 1340 922 1407 Quid
956 1345 1124 1409 enim,
1168 1349 1269 1401 etsi
1307 1352 1453 1403 nulla
1499 1352 1591 1406 fiat
1635 1371 1817 1409 rerum
1862 1358 2090 1412 aliarum
2124 1364 2347 1427 mentio,

780 1446 963 1488 annon
1010 1436 1125 1490 haec
1170 1454 1271 1491 una
1312 1442 1444 1495 satis
1487 1447 1791 1513 argumenti
1829 1448 2080 1515 sufﬁciet,
2127 1463 2183 1507 et
2229 1456 2351 1509 illu-

778 1532 968 1586 strem,
1013 1536 1071 1579 ut
1101 1543 1197 1594 par
1220 1540 1323 1592 est,
1361 1531 1488 1586 licet
1512 1535 1583 1588 sit
1612 1538 1790 1602 unica,
1825 1538 2041 1593 dicendi
2068 1546 2348 1599 materiam

778 1615 1187 1682 suppeditabit?
1228 1620 1461 1675 Possunt
1497 1625 1753 1681 \‘ideiicet
1796 1632 2061 1697 stupenda
2087 1632 2176 1684 illa
2211 1650 2348 1700 pra:-

777 1703 929 1756 conis
963 1707 1280 1773 primordia,
1311 1711 1422 1763 sola
1452 1715 1703 1780 quamvis
1741 1716 1806 1769 ad
1842 1717 2216 1774 laudationem
2251 1740 2343 1776 ac—

2465 555 2601 623 πρὸς
2630 556 2729 626 τὴν
2762 558 3040 614 ὑπόθεσιν.
3095 562 3158 615 Εἰ
3189 565 3245 617 δὲ
3276 568 3558 637 πρόκειται
3608 571 3701 623 νῦν
3753 575 3926 645 τούτῳ
3958 581 4027 629 τὰ

2460 646 2557 708 τῆς
2606 648 2911 715 γεννήσεως
2959 652 3116 721 μόνον
3158 656 3250 707 τοῦ
3295 657 3595 711 Βαπτιστοῦ
3635 661 3847 724 διιέναι,
3885 667 3953 718 τὰ
3980 667 4025 718 δ’

2463 735 2593 787 ἄλλα
2628 737 2958 805 παραλιπεῖν
2985 783 2998 804 ,
3037 743 3129 795 καὶ
3174 744 3260 795 διὰ
3307 748 3466 800 τοῦτο
3515 750 3642 812 ἴσως
3674 755 4024 821 προσαλεῖται

2462 821 2553 871 καὶ
2583 823 2812 893 ἀπορίαν
2838 842 2850 853 ·
2884 828 2960 889 ὼς
2982 829 3131 883 οὐδὲν
3155 828 3297 900 εἶχον
3330 836 3442 903 (41)
3474 838 3579 889 τῶν
3606 842 3745 894 κατά
3770 841 4024 913 βούλησιν

2458 911 2761 979 εἰρηκέναι,
2783 910 2869 968 οἷα
2892 920 3109 973 πάντων
3137 923 3260 993 ἑξῆς
3288 928 3633 995 παρειμένων
3666 932 3758 984 xui
3791 932 3905 1001 βίου
3928 940 4022 987 xui

2455 1001 2701 1071 ἀγωγῆς,
2733 1007 3031 1072 καὶτέλους
3058 1014 3245 1076 αὑτοῦ,
3277 1015 3333 1079 ἐξ
3386 1010 3460 1069 ὧν
3508 1020 3601 1070 xui
3630 1025 3744 1085 τοῖς
3782 1026 4021 1077 ἐπαινεῖν

2459 1090 2803 1161 βουλομένοις
2833 1099 2902 1151 τὰ
2928 1101 3023 1169 τῆς
3051 1102 3324 1173 εὐφημίας
3359 1107 3647 1177 προῆκται.

2539 1272 2674 1322 Ἀλλ’
2703 1272 2760 1323 οῦ
2791 1290 2879 1342 μοι
2910 1276 3058 1329 δοκεί
3089 1280 3261 1341 καλῶς
3307 1286 3430 1350 περὶ
3460 1286 3609 1339 τοῦδε
3641 1289 4015 1359 ὑπειληφέναι.

2456 1361 2519 1411 Τί
2546 1362 2653 1431 γὰρ
2682 1366 2729 1415 εί
2769 1364 2933 1433 μηδὲν
2974 1368 3081 1421 τῶν
3123 1371 3295 1423 ἄλλων
3321 1372 3814 1444 διαμνημονεύσοις
3854 1382 4017 1433 Ἀπο-

2452 1451 2645 1520 χρήσει
2674 1452 2783 1523 γὰρ
2805 1458 3017 1519 πάντως
3039 1461 3187 1530 αὐτῷ
3210 1464 3301 1515 xu".
3336 1465 3492 1531 μόνον
3518 1468 3713 1541 δηλαδὴ
3734 1474 3793 1525 τὸ
3820 1475 4013 1544 παρόν·

2452 1541 2740 1596 πολλοστὸν
2772 1547 2870 1615 μὲν
2897 1549 2993 1617 τῆς
3029 1550 3156 1620 ὅλης
3198 1554 3505 1621 ὑποθέσεως
3548 1560 3625 1623 ὃν,
3658 1541 3917 1634 λαμπράν
3946 1568 4012 1632 δ’,

2447 1631 2521 1691 ὡς
2548 1633 2711 1696 εἰκὸς,
2748 1638 2931 1706 φέρον,
2968 1641 3059 1693 xui
3091 1643 3247 1710 μόνον
3301 1647 3424 1699 καθ’
3455 1649 3587 1702 αὐτὸ
3611 1651 3706 1721 τὴν
3745 1652 4011 1725 διήγησιν.

2462 1722 2613 1775 Ἐπεὶ
2645 1728 2733 1777 καὶ
2771 1725 2907 1781 οἶδεν
2938 1735 2970 1801 ή
3013 1734 3298 1808 θαυμαστὴ
3351 1740 3445 1792 τοῦ
3482 1744 3719 1813 κήρυκος
3766 1749 4011 1817 πρόοδος.

776 1794 995 1855 cersita,
1027 1806 1204 1849 totum
1243 1800 1509 1856 orationis
1538 1817 1920 1873 argumentum
1961 1810 2078 1861 sine
2124 1812 2230 1865 ulla
2257 1813 2341 1867 di-
2379 1797 2418 1849 Β

2960 1794 2970 1801 .
3121 1794 3133 1804 .
3288 1794 3298 1808 ,
3526 1794 3577 1813 νη
3604 1794 3717 1807 ηπ,
3773 1794 4011 1817 --_.----,.

2379 1797 2418 1849 Β
2449 1813 2539 1863 xui.
2565 1815 2699 1883 μόνη
2730 1817 2864 1887 πρὸς
2890 1822 3107 1893 μνήμην
3139 1825 3309 1889 ἰοῦσα,
3334 1828 3461 1897 ὅλην
3489 1847 3545 1881 τε
3575 1834 3856 1905 πληρῶσαι
3884 1840 4014 1891 ὑπὸ·

773 1886 1053 1952 gressione
1081 1888 1327 1958 implere.

842 2079 900 2132 In
925 2080 1069 2135 hunc
1099 2082 1264 2152 igitur
1285 2099 1558 2154 campum,
1595 2100 1860 2156 quantum
1892 2091 2035 2154 licet,
2062 2107 2160 2160 pro
2197 2094 2338 2146 virili

771 2180 944 2239 parte,
970 2184 1228 2228 excurrat
1250 2176 1447 2239 oratio,
1468 2178 1793 2247 omissisque
1818 2180 1959 2244 aliis,
1988 2197 2107 2250 qua:
2129 2182 2339 2253 singula

768 2277 945 2326 suam,
971 2266 1217 2330 utscitis,
1245 2267 1549 2321 disserendi
1577 2271 1860 2323 materiem
1881 2272 2104 2337 habent,
2124 2284 2340 2344 oportet

768 2355 1007 2421 primum
1047 2356 1113 2409 de
1144 2358 1243 2411 viri
1279 2374 1307 2411 a
1343 2359 1453 2412 Deo
1484 2360 1647 2415 atllati
1685 2363 2004 2430 parentibus
2030 2380 2337 2421 sermonem

769 2447 992 2510 habere,
1023 2449 1115 2517 qui
1149 2450 1369 2514 ruerint,
1393 2454 1670 2521 quomodo
1693 2454 1894 2508 donum
1921 2457 2052 2525 ipsis
2075 2458 2337 2514 divinitus

765 2556 828 2593 ac
861 2552 1056 2608 praeter
1074 2554 1279 2595 natura!
1301 2543 1446 2612 leges
1462 2545 1745 2598 advenerit
1769 2565 1778 2597 :
1798 2549 2121 2615 praeclarum
2142 2567 2335 2620 nempe

766 2630 894 2683 illud
922 2646 1145 2699 germen
1180 2631 1353 2686 felicis
1385 2645 1673 2701 parentum
1708 2645 1913 2703 partus,
1951 2650 2333 2693 ornamentum

763 2719 906 2772 idem
940 2736 1000 2771 ac
1033 2721 1315 2773 terminus.

836 2816 849 2828 '
875 2810 1007 2875 Quis
1044 2826 1169 2865 vero
1193 2812 1511 2865 Zachariam
1545 2823 1599 2866 ct
1630 2814 1998 2869 Elisabetltam
2026 2834 2134 2870 non
2159 2821 2329 2885 novit,

761 2901 1017 2969 conjugio
1042 2916 1105 2953 ac
1133 2901 1378 2954 moribus
1408 2902 1599 2956 iisdem
1624 2905 1963 2974 conjunctos,
1994 2907 2196 2961 virtute
2222 2925 2331 2962 non

763 2992 942 3045 minus
972 2992 1257 3046 detinctos
1291 3010 1453 3062 quam
1483 3009 1735 3062 corpore,
1765 2996 1915 3048 nullo
1948 3012 2129 3049 rerum
2162 3007 2332 3051 terre-

760 3099 954 3136 narum
984 3083 1168 3137 studio
1198 3083 1508 3152 depressos,
1556 3085 1622 3138 ad
1651 3085 1890 3140 coelestia
1925 3095 2066 3142 totos
2092 3103 2328 3157 propen—

759 3176 952 3229 dentes
984 3193 996 3227 :
1024 3191 1257 3243 quorum
1294 3176 1417 3229 vita:
1453 3176 1681 3244 puritas,
1717 3191 1951 3244 quorum
1982 3180 2226 3232 ascensio
2260 3180 2325 3232 ad

760 3267 950 3330 Deum,
982 3282 1215 3335 quorum
1240 3282 1369 3319 cura
1398 3267 1705 3329 meliorum,
1729 3275 1784 3319 et
1812 3267 2009 3320 mentis
2037 3269 2189 3335 quasi
2215 3269 2327 3322 dei-

763 3360 957 3417 :zcat'm,
992 3358 1099 3425 87
1137 3373 1371 3425 quorum
1412 3373 1534 3411 cum
1580 3358 1719 3410 inter
1752 3356 1910 3421 alios,
1958 3368 2073 3410 tum
2116 3358 2167 3410 in
2210 3360 2324 3428 ipsa

758 3447 902 3503 tribu
934 3446 1169 3516 dignitas
1199 3456 1253 3501 et
1279 3446 1539 3516 splendor
1571 3446 1797 3517 insignis
1819 3448 1891 3501 ita
1916 3448 2037 3512 fuit,
2076 3459 2133 3501 ut
2162 3460 2217 3503 et
2249 3450 2322 3503 ibi

755 3520 1069 3590 domesticis
1101 3538 1509 3591 antecellerent.

824 3630 899 3682 Ex
925 3630 1242 3698 prophetica
1273 3630 1418 3683 enim
1438 3638 1494 3683 et
1520 3630 1845 3683 sacerdotali
1865 3632 2031 3700 stirpe
2057 3634 2322 3686 oriundus

748 3729 870 3772 erat
910 3719 1231 3782 Zacharias;
1286 3719 1629 3787 prophetissa
1682 3719 1885 3788 pariter
1935 3721 2049 3789 ipsa
2099 3723 2317 3789 conjux,

752 3818 974 3880 prepter
1012 3808 1328 3863 atIinitatem
1363 3810 1607 3878 ejusdem
1646 3824 1769 3862 cum
1800 3809 1917 3863 viro
1961 3808 2238 3879 dignitatis
2265 3820 2319 3863 et

747 3900 958 3954 ordinis
982 3902 1274 3969 particeps.
1298 3899 1525 3968 Utrique
1555 3915 1655 3967 pro
1679 3900 1923 3967 simplice
1945 3900 2140 3968 duplex
2163 3901 2319 3954 clari-

749 4005 829 4046 tas
862 3992 1115 4045 elucebat
1148 4009 1158 4042 :
1200 3990 1253 4042 in
1289 3989 1420 4058 ipsis
1468 4004 1682 4041 onmem
1711 3989 1938 4058 pietatis
1967 3991 2313 4043 exercitatio-

747 4100 871 4138 nem
905 4083 1116 4137 dicercs
1138 4098 1257 4135 esse
1286 4082 1448 4143 viam,
1474 4082 1617 4134 unde
1645 4098 1836 4136 omnes
1860 4083 2097 4137 caelestis
2131 4085 2315 4152 gratiae

747 4174 872 4234 rivi,
905 4184 961 4227 ut
996 4189 1093 4242 par
1123 4184 1224 4234 est,
1255 4174 1309 4224 in
1342 4187 1436 4224 eos
1460 4171 1784 4225 deﬂuerent.

814 4265 993 4320 Unum
1019 4272 1135 4317 erat
1163 4264 1445 4324 duntaxat,
1473 4262 1618 4330 quod
1643 4263 1774 4330 ipsis
1798 4277 1865 4315 ex
1898 4263 2064 4316 animi
2090 4272 2310 4316 senten—

746 4357 820 4410 tia
846 4370 955 4408 non
983 4354 1223 4415 cederet,
1252 4369 1446 4421 nempe
1472 4369 1538 4407 eo
1560 4368 1732 4419 usque
1753 4352 1954 4407 vixisse
1976 4353 2093 4405 sine
2123 4354 2313 4407 liberis

2446 1903 2613 1967 θεσιν,
2650 1909 2741 1958 καὶ
2772 1910 2936 1977 μηδὲν
2984 1917 3476 1989 προσεπιδεομένην
3518 1921 3623 1973 τῶν
3662 1925 3831 1990 ἄλλως
3866 1947 4013 2001 παρ-

2446 1994 2720 2061 επομένων
2751 1997 2826 2066 τῷ
2856 1998 3018 2069 λόγῳ.

2515 2084 2723 2136 υὺκοῦν
2755 2104 2843 2156 μοι
2880 2092 2969 2142 xui
3009 2092 3084 2154 ὡς
3132 2094 3407 2167 ἐγχωροῦν
3449 2101 3657 2167 διεξίτω
3687 2109 3712 2158 ὁ
3738 2108 3891 2176 λόγος
3940 2114 4011 2165 τὰ

2443 2172 2569 2240 rupi
2592 2175 2813 2245 ταύτης,
2838 2178 2902 2231 τὰ
2926 2181 3061 2234 ἄλλα
3084 2182 3253 2252 δήπου
3285 2190 3502 2258 παρεὶς,
3523 2185 3595 2244 ὧν
3619 2196 3847 2251 ἕκαστον
3873 2201 4012 2254 ἰδίαν

2442 2263 2571 2331 ἔχει,
2598 2265 2671 2327 ὡς
2700 2267 2834 2331 ἴστε,
2863 2272 2955 2322 καὶ
2975 2274 3072 2343 τὴν
3100 2277 3383 2332 ὑπόθεσιν’
3415 2282 3548 2335 ἀλλὰ
3578 2285 3685 2356 γάρ
3712 2289 4011 2356 ἀναγκαῖον

2440 2351 2547 2402 τῶν
2576 2353 2667 2405 τοῦ
2705 2354 2999 2426 θεολήπτου
3036 2364 3226 2432 πρῶτα
3254 2370 3560 2441 μνησθῆναι
3587 2377 3862 2447 πατέρων.
3900 2383 4010 2435 Kui

2440 2444 2632 2500 οἵτινες
2654 2440 2821 2508 οὗτοι,
2856 2452 2943 2503 xui
2965 2452 3110 2517 ὅπως
3137 2455 3306 2526 δῶρον
3333 2460 3515 2524 αὐτοῖς
3563 2465 3765 2530 θεόθεν,
3818 2469 3913 2521 xui
3942 2472 4008 2523 οὐ

2439 2536 2577 2587 κατὰ
2609 2541 2769 2605 φύσιν
2807 2542 2864 2593 τὸ
2918 2544 3077 2595 καλὸν
3124 2547 3281 2600 τοῦτο
3331 2550 3616 2623 βλάστημα
3649 2556 3769 2623 ἔφυ,
3803 2560 4009 2630 κόσμος

2438 2624 2572 2692 ἅμα,
2609 2628 2701 2678 καὶ
2729 2629 2851 2697 ὄρος
2881 2634 3164 2699 εὐπαιδίας
3188 2641 3299 2702 τοῖς
3338 2642 3620 2708 ἐνεγκοῦσι
3651 2650 3949 2719 γινόμενον.

2518 2802 2675 2854 Ἀλλὰ
2700 2804 2783 2866 τίς
2805 2806 2905 2857 οὐκ
2937 2804 3054 2860 οἶδε’
3072 2812 3346 2882 Ζαχαρίαν
3373 2818 3465 2868 xui
3510 2820 3783 2875 Ἐλισάΰετ
3809 2865 3825 2889 ,
3876 2828 4003 2891 τοὺς

2432 2889 2752 2958 ὁμοζύγους,
2784 2896 2874 2949 καὶ
2901 2899 3255 2969 ὁμοτρόπους,
3284 2907 3376 2957 καὶ
3410 2909 3505 2977 οὐχ
3526 2906 3687 2981 ἦττον
3714 2915 3853 2967 κατὰ
3876 2918 4003 2986 ἁρεο

2431 2975 2528 3047 τὴν
2564 2982 2949 3048 συναφθέντας,
2998 2988 3201 3057 ἦκατὲι
3249 2994 3439 3063 σῶμας
3487 3001 3612 3060 τοὺς
3664 3002 3850 3070 μηδενὶ
3893 3004 4004 3057 τῶν

2435 3069 2583 3122 κάτω
2613 3075 3000 3142 καταχθέντας,
3037 3080 3150 3132 ἀλλ’
3180 3084 3332 3144 ὅλους
3367 3090 3501 3156 πρὸς
3538 3092 3603 3143 τὰ
3634 3094 3744 3146 ἄνω
3773 3113 4005 3164 μετατε-

2431 3159 2641 3225 θέντας,
2673 3156 2747 3214 ὧν
2778 3165 2810 3233 ή
2838 3166 3121 3238 κάθαρσις,
3150 3176 3241 3225 καὶ
3274 3170 3348 3227 ὧν
3374 3180 3404 3244 ἡ
3441 3180 3576 3248 πρὸς
3604 3182 3736 3236 Θεὸν
3770 3187 3999 3255 ῦζιωσις,

2430 3242 2504 3300 ὧν
2534 3250 2565 3318 ἡ
2598 3251 2705 3302 τῶν
2736 3256 3058 3323 κρειττόνων
3085 3261 3303 3333 μελέτη,
3332 3266 3424 3317 καὶ
3456 3270 3488 3337 ἡ
3514 3268 3607 3321 τοῦ
3648 3273 3738 3325 νοῦ
3778 3276 3998 3343 θέωσις,

2427 3332 2501 3391 ὧν
2527 3342 2662 3409 μετὰ
2694 3344 2802 3397 τῶν
2831 3346 3025 3410 ἄλλων,
3061 3351 3316 3408 καὶκατὰ
3343 3358 3495 3423 γένος
3528 3359 3868 3436 λαμπρότης,
3902 3373 4000 3422 xu‘.

2428 3433 2773 3500 περιφάνεια,
2812 3438 2877 3489 ἵν’
2902 3434 3002 3493 ὦσι
3036 3444 3311 3498 κάνταῦθα
3353 3450 3460 3503 τῶν
3498 3455 3616 3507 κατ’
3656 3458 3851 3522 αὐτοὺς
3880 3460 4000 3513 δια-

2426 3522 2696 3591 φέροντες.

2494 3612 2842 3709 ῖῐροφητικῆς
2868 3620 2976 3689 γὰρ
3014 3623 3104 3673 καὶ
3137 3625 3417 3695 ἱερατικῆς
3451 3632 3620 3701 φυλῆς
3660 3637 3687 3686 ὀ
3717 3638 3993 3709 Ζαχαρίας

2424 3701 2705 3772 ἐτύγχανε,
2743 3712 3028 3779 προφήτης
3064 3714 3120 3765 δὲ
3153 3716 3367 3781 πάντως
3394 3722 3486 3771 καὶ
3508 3724 3540 3790 ἡ
3565 3726 3755 3776 τούτου
3788 3730 3990 3795 ὁμόζυ-

2422 3808 2534 3856 γος,
2589 3796 2681 3846 xui
2733 3797 2832 3867 τῆς
2880 3801 3048 3871 αὐτῆς
3074 3804 3161 3856 διὰ
3206 3807 3267 3859 τὸ
3300 3810 3555 3878 συναφὲς,
3592 3812 3688 3867 xui
3728 3817 3886 3882 ἀξίας
3912 3820 3991 3889 τῷ

2420 3885 2571 3954 ἀνδρὶ
2594 3892 2944 3953 κοινωνοῦσα,
2969 3896 3061 3945 καὶ
3086 3897 3307 3962 τάξεως,
3329 3897 3408 3964 οἷς
3428 3904 3521 3955 xui.
3541 3906 3741 3974 ἀμφοῖν
3764 3908 3989 3963 διπλοῦν

2418 3975 2535 4026 ἀνθ’
2566 3979 2737 4030 ἁπλοῦ
2768 3981 2829 4032 τὸ
2858 3985 3151 4051 περιφανὲς
3177 3988 3519 4057 ἐγνωρίζετο.
3552 3993 3773 4055 Τούτοις
3803 3999 3989 4050 πᾶσαν

2416 4065 2491 4125 ὡς
2513 4067 2686 4119 εἰπεῖν
2705 4071 3007 4138 ἀσκήσασιν
3029 4074 3307 4137 εὐσεϐείας
3331 4078 3468 4140 ὁδὸν,
3493 4081 3690 4145 πάντα,
3719 4083 3793 4143 ὡς
3812 4085 3980 4150 εἰκὸς,

2418 4154 2637 4223 ἐπέρρει
2675 4158 2767 4208 καὶ
2798 4158 2863 4210 τὰ
2902 4160 3051 4229 παρὰ
3081 4164 3178 4230 τῆς
3207 4162 3412 4218 ἄνωθεν
3441 4167 3678 4236 χάριτος.

2493 4244 2584 4294 Ἓν
2615 4245 2773 4313 μόνον
2804 4243 2869 4315 ἦν
2913 4249 2971 4300 τὸ
3003 4250 3077 4319 μὴ
3109 4254 3247 4305 κατὰ
3300 4253 3553 4324 πρόθεσιν
3586 4260 3813 4325 ἐκείνοις
3841 4281 3984 4334 συμ-

2416 4332 2615 4397 ϐαῖνον,
2654 4339 2764 4405 ἡὲν
2794 4340 2970 4407 χρόνῳ
2996 4344 3233 4412 τοσουτῳ
3262 4346 3491 4400 ἀπαιδία
3529 4351 3619 4403 καὶ
3655 4353 3939 4423 στείρωσις
3966 4377 3980 4389 ο

744 4454 799 4497 et
822 4444 1055 4507 steriles,
1084 4443 1229 4511 quod
1260 4443 1401 4511 apud
1435 4443 1569 4496 alios
1601 4443 1672 4494 ita
1706 4444 2103 4496 exsecrandum
2140 4444 2308 4497 habe-
2344 4469 2383 4521 υ

2344 4469 2383 4521 D
2412 4425 2439 4475 ὃ
2470 4429 2578 4487 τοῖς
2608 4427 2707 4495 μὲν
2739 4429 2914 4492 ἄλλοις
2942 4433 3078 4500 τάχα
3102 4435 3193 4486 καὶ
3224 4437 3492 4492 ἁπευκτόν
3522 4460 3636 4504 πως
3674 4445 3847 4499 ἐδόκει
3885 4453 3982 4503 xui

743 4536 903 4588 batur
933 4543 987 4588 et
1015 4535 1308 4603 abjectum,
1342 4542 1398 4585 ut
1436 4542 1565 4585 tunc
1596 4533 1857 4601 temporis
1890 4533 2091 4600 probro
2126 4544 2306 4587 verte-

742 4637 894 4680 retur
933 4645 945 4677 :
981 4640 1292 4693 quanquam
1318 4641 1427 4677 non
1457 4633 1575 4679 erat
1595 4624 1646 4676 id
1679 4625 1813 4692 ipsis
1833 4624 2125 4678 admodum
2154 4626 2308 4680 triste

741 4734 803 4772 ac
837 4718 1161 4779 molestum;
1198 4726 1462 4769 noverant
1502 4716 1679 4777 enim,
1723 4715 1767 4767 si
1806 4715 2097 4782 quisquam
2143 4715 2303 4779 alius,

739 4811 903 4863 rebus
934 4809 1137 4862 nostris
1167 4808 1337 4861 Deum
1366 4822 1618 4875 prmesse,
1644 4814 1699 4861 et
1724 4806 2063 4875 singulorum
2097 4808 2305 4861 utilita-

740 4902 886 4955 tibus
912 4901 1199 4969 providere
1223 4916 1236 4961 ;
1256 4915 1319 4951 ex
1354 4900 1472 4967 ejus
1503 4898 1729 4951 arbitrio
1752 4907 1986 4966 tempus,
2029 4907 2299 4961 naturam,

735 4992 919 5044 omnia
947 4991 1182 5058 denique
1205 4989 1465 5058 pendere,
1488 5004 1629 5057 qua),
1673 4998 1733 5041 ut
1762 4989 1938 5040 visum
1968 4987 2153 5049 fuerit,
2194 4988 2304 5041 dis-

737 5090 923 5149 ponat,
948 5088 1245 5135 commutet
1262 5094 1324 5131 ac
1345 5078 1629 5131 subvertat
1668 5094 1679 5128 :
1718 5076 1817 5144 ipsi
1842 5074 2160 5128 facillimum
2183 5090 2303 5129 esse

732 5171 979 5224 caelibem
1016 5179 1233 5223 uterum
1262 5168 1495 5236 aperire,
1534 5175 1590 5219 et
1624 5164 1860 5227 edicere,
1898 5172 1959 5216 ut
2000 5162 2161 5216 eﬂ‘eta
2208 5177 2304 5216 na—

734 5273 879 5326 tura,
917 5270 1202 5330 postquam
1232 5267 1422 5313 exacta
1455 5266 1539 5311 est
1564 5265 1715 5319 tetas,
1742 5256 1939 5324 pariat.
1975 5253 2117 5318 Quid
2154 5254 2300 5307 enim

732 5364 842 5409 tam
882 5352 1121 5417 dilIicile,
1148 5353 1292 5421 quod
1318 5352 1429 5406 Deo
1463 5366 1569 5403 non
1596 5349 1665 5402 sit
1693 5346 2050 5402 facillimum?

2414 4516 2637 4585 ἄθυμον,
2663 4514 2749 4573 οἷα
2774 4521 2834 4573 τὸ
2870 4524 3168 4591 τηνικαῦτα
3196 4530 3285 4579 xui
3320 4531 3398 4589 εἰς
3428 4530 3626 4595 ὄνειδος
3659 4536 3822 4605 φέρον
3848 4556 3859 4567 ·
3917 4545 3979 4593 οὐ

2416 4610 2520 4680 μὴν
2549 4612 2641 4664 xui
2667 4616 2847 4676 αὐτοῖς
2886 4614 3126 4684 λυπηρὸν
3169 4617 3420 4671 τοσοῦτον
3457 4623 3546 4674 καὶ
3586 4624 3850 4697 δύσφορον
3885 4628 3978 4701 ἦν’

2409 4698 2606 4768 ᾔδεσαν
2631 4704 2739 4770 γὰρ
2762 4704 2810 4754 εἰ
2844 4704 2934 4755 καί
2964 4721 3109 4767 τινες
3133 4705 3302 4768 ἄλλοι,
3334 4709 3413 4761 δτι
3460 4712 3592 4775 Θεὸς
3628 4716 3776 4768 ἐστιν
3804 4720 3833 4769 ὁ
3862 4698 3980 4785 τοῖς

2411 4791 2698 4858 ἡμετέροις
2726 4792 3048 4856 ἐπιστατῶν,
3082 4795 3256 4848 καὶτὸ
3293 4797 3599 4854 λυσιτελοῦν
3634 4805 3864 4859 ἑκάστου
3894 4813 3979 4861 οἰ-

2412 4880 2676 4948 κονομῶν,
2708 4880 2799 4933 καὶ
2829 4880 2910 4934 ὅτι
2936 4882 3102 4935 αὐτοῦ
3136 4884 3480 4955 βουλομένου,
3508 4892 3603 4943 xui
3623 4895 3830 4963 χρόνος,
3880 4902 3980 4953 καὶ

2411 4974 2590 5039 φύσις,
2620 4972 2714 5023 καὶ
2743 4973 2917 5024 πάντα
2944 4973 3097 5040 ὁμοῦ,
3136 4976 3263 5044 παρ’
3288 4978 3315 5028 ὃ
3354 4977 3487 5046 ἔχει,
3514 4982 3607 5033 xui
3642 4983 3976 5053 ἀλλοιοῦται,

2408 5066 2500 5115 xui
2520 5064 2777 5132 τρέπεται
2797 5080 2808 5093 ο
2828 5058 2877 5131 ᾧ,
2892 5063 3074 5135 ῥᾴδιον
3098 5067 3314 5128 πάντως
3333 5072 3424 5121 xui
3446 5073 3609 5141 νηδὺν
3629 5075 3839 5145 ἄγαμον
3858 5080 3978 5151 (42)

2406 5154 2636 5221 ἀνοῖξαι,
2672 5156 2763 5208 καὶ
2798 5154 2998 5226 ἔξωρον
3035 5156 3193 5222 φύσιν
3228 5158 3347 5210 καθ’
3383 5159 3531 5230 ὥραν
3563 5163 3977 5232 βλαστάνουσαν

2402 5245 2569 5310 δεῖξαι
2593 5262 2605 5273 ·
2636 5245 2687 5298 τί
2717 5245 2825 5314 γὰρ
2854 5246 2960 5297 τῶν
2990 5246 3209 5316 ἀπόρων
3234 5249 3397 5311 ἐστὶν,
3419 5252 3445 5303 ὃ
3471 5253 3545 5323 μὴ
3568 5254 3644 5324 τῷ
3664 5256 3781 5327 Θεῷ
3810 5277 3975 5330 πορι-

2406 5340 2648 5409 μὼτατον
2673 5356 2688 5403 ;

2027 5481 2250 5539 VARI/IS
2288 5478 2683 5535 LECTIONES.

1584 5607 1603 5637 τ
1656 5621 1687 5637 ι,
1743 5619 1771 5635 ι-
1828 5601 1851 5637 Ἄ
1908 5600 1989 5637 uol
2024 5599 2191 5637 νωησΐ
2220 5597 2417 5637 «(Anq-1,
2454 5613 2505 5637 ac-
2540 5610 2590 5637 τ,
2618 5593 2667 5637 λ-
2747 5591 2785 5621 ⁸¹
2821 5591 3091 5637 EtLDrim'
3128 5591 3254 5637 hab-
3289 5593 3613 5637 εἶναινίςίρὶ-
3641 5592 3744 5637 Sed
3781 5595 3974 5637 lmn-

812 5611 857 5642 ⁵⁸
884 5610 1198 5675 Legendum
1230 5607 1311 5661 vel
1337 5607 1624 5675 ὃτιχωρεῖ.
1656 5621 1707 5655 κ.
1743 5619 1803 5680 τ..
1828 5601 1876 5651 λ.
1908 5600 1989 5679 vel
2024 5599 2191 5668 χωρεῖ
2220 5597 2421 5664 γάρτι,
2454 5613 2506 5647 x.
2540 5610 2591 5645 τ.
2618 5593 2668 5644 λ.
2747 5591 2785 5621 ιι
2942 5591 3091 5671 prior
3128 5590 3254 5644 hab.
3289 5593 3614 5675 εἶχεινβξε).
3641 5592 3744 5648 Sed
3778 5595 3970 5666 legen-

727 5683 858 5737 dum
886 5680 1103 5733 videtur
1134 5675 1300 5744 εἶχον.
1376 5678 1418 5706 ⁵⁸
1448 5677 1676 5744 ἄγαμον.
1709 5671 1851 5726 Edtt.
1894 5683 2046 5738 prior
2077 5666 2311 5721 habebat
2330 5666 2546 5733 ἄγανον.
2579 5661 2696 5717 Non
2720 5659 3093 5716 dubitawmus
3121 5660 3376 5729 amplecti
3416 5662 3728 5733 lectionem,
3756 5680 3878 5733 qua
3904 5666 3970 5723 in

730 5750 972 5820 margine
1014 5749 1250 5817 ascripta
1276 5756 1413 5802 erat.
