4208 6440
248 409 314 473 37
1393 403 1917 465 AUCTARIUM.‘
1995 404 2091 462 AD
2128 404 2283 462 TOM
2350 403 2444 460 IV.
3426 400 3497 461 38

314 518 505 582 οὕτως
536 521 569 589 ἡ
600 518 739 588 καλὴ
773 518 913 586 αῦτη
942 517 1074 579 δυὰς
1108 518 1209 569 κάν
1244 518 1353 578 τοῖς
1409 515 1659 569 δοκοῦσιν
1714 516 1823 567 ἁπ-

1997 514 2073 566 lta
2113 513 2435 581 praclarum
2474 509 2604 564 illud
2645 525 2743 578 par
2777 511 3092 581 coniugum,
3123 511 3288 565 etiam
3327 511 3382 565 in
3430 512 3497 567 iis

247 612 461 671 ευκτοίς
480 609 600 681 Θεῷ
622 611 722 663 οὐκ
755 610 893 662 ἀνίει
936 605 1349 678 εὐχαριστοῦσα,
1373 600 1417 673 ᾧ
1450 606 1658 666 καὶτὰς
1674 605 1822 658 ἑλπί-

245 705 341 765 δας
390 701 624 772 ἀνήρτα,
680 702 775 754 καὶ
825 694 887 754 οὗ
940 700 1100 770 μόνου
1150 698 1226 767 τῷ
1262 698 1560 769 βουλήματι
1605 698 1817 749 εἵπετο·

246 781 415 864 ἐχρῆν
438 796 499 848 δὲ
527 795 765 855 πάντως.
799 792 987 862 ὥσπερ
1021 794 1066 844 τ’
1094 790 1229 844 ἄλλα
1262 785 1407 861 εἶχον
1436 789 1671 859 διαφανῆ
1730 789 1824 842 καὶ

247 885 518 953 ὲπίσημα,
551 883 694 935 οὕτω
740 884 837 935 καὶ
885 882 1049 951 γονὴν
1094 880 1398 951 παράδοξον
1437 881 1612 950 σχεϊνο
1644 880 1720 941 ὼς
1758 879 1824 933 ἂν

246 975 423 1045 εχοιεν
451 974 658 1044 ταύτην
691 975 913 1045 χάριτος
940 973 1089 1042 ὃλην,
1119 971 1252 1025 ἀλλὰ
1283 972 1356 1041 μὴ
1387 970 1601 1041 φύσεως
1630 971 1821 1042 δήπου.

321 1249 395 1301 Ἣ
418 1249 508 1302 ἵνα
525 1246 587 1300 τὸ
617 1248 805 1318 μεῖζον
820 1246 978 1313 εἴπω,
997 1247 1076 1298 ὅτι
1103 1245 1224 1296 ἐπεὶ.
1249 1244 1473 1314 ἔμελλεν
1493 1244 1617 1295 ὅσον
1647 1242 1821 1308 οὔπω,

246 1343 340 1396 καὶ
391 1341 669 1413 Παρθένος
716 1342 895 1392 τεκεῖν
920 1378 935 1399 .
976 1339 1069 1391 καὶ
1118 1338 1441 1407 ὲγγάστριον
1489 1333 1581 1388 τοῦ
1628 1336 1824 1397 παντὸς

245 1430 388 1498 ἕξειν
431 1433 545 1500 (45)
575 1432 872 1500 Δεσπότην.
908 1429 974 1481 δι’
994 1422 1055 1482 οῦ
1080 1429 1139 1483 τὸ
1169 1429 1437 1499 σωτήριον
1470 1426 1662 1490 ἅπασι,
1691 1443 1824 1496 προ-

244 1522 476 1591 δραμεῖν
510 1520 619 1573 έδει
640 1520 736 1573 καὶ
768 1518 858 1570 τὸν
891 1516 1134 1589 παρόντα
1154 1517 1310 1568 τόκον
1335 1515 1397 1567 οὐ
1428 1513 1823 1585 παραπλησίως

243 1612 355 1672 τοῖς
381 1608 587 1676 ἄλλοις,
612 1606 819 1661 ἐκεῖνόν
852 1606 965 1677 (Η)
999 1623 1059 1658 τε
1087 1606 1187 1673 τὴν
1227 1605 1531 1675 παρουσίαν
1576 1601 1821 1673 μηνύειν,

239 1699 340 1752 τεαὶ
370 1699 578 1766 ἀγαθὸν
603 1697 761 1750 τοῦτο
788 1696 883 1750 τοῦ
906 1695 1115 1764 ἀγαθοῦ
1137 1695 1425 1764 τυγχάνειν
1444 1694 1717 1765 προάγγελ
1724 1711 1820 1763 μα,

246 1790 333 1845 ἵνα
366 1790 429 1843 τὸ
472 1789 616 1860 ὑπὲρ
660 1787 822 1857 φύσιν
859 1788 1040 1851 τουτὶ,
1086 1786 1147 1838 τὸ
1180 1786 1620 1857 ὑπερφυέστερον
1649 1786 1824 1837 ἐκεῖνο

1926 618 2049 673 qua:
2092 602 2350 671 videntur
2392 617 2500 655 non
2539 616 2659 656 esse
2702 600 2960 655 materies
2999 616 3244 669 precum,
3293 603 3527 671 gratias

1926 706 2087 761 agere
2123 707 2232 745 non
2257 691 2504 746 cessabat
2526 691 2657 754 Deo,
2690 706 2756 745 ex
2797 705 2908 760 quo
2940 690 3307 760 suspendebat
3343 694 3496 763 speni

1926 798 2105 847 suam,
2142 794 2197 839 et
2229 786 2386 856 cujus
2417 785 2584 839 unius
2609 785 2944 841 voluntatem
2979 783 3333 852 sequebatur.
3364 784 3497 839 0m-

1927 872 2058 928 nino
2092 874 2256 944 igitur
2289 890 2515 929 necesse
2554 881 2692 937 erat,
2748 882 2809 928 ut
2852 874 3055 944 quibus
3090 883 3283 929 uetera
3311 889 3498 931 essent

1927 966 2165 1021 illustria
2194 967 2308 1037 88
2343 977 2399 1022 et
2432 966 2686 1037 insignia,
2721 967 2927 1022 sobolis
2955 975 3113 1022 ortus
3134 976 3279 1023 esset
3309 967 3498 1022 insoli-

1927 1063 2035 1119 tus,
2071 1065 2133 1110 ut
2166 1071 2286 1110 eam
2312 1071 2421 1110 non
2453 1071 2484 1110 a
2526 1066 2720 1110 natura
2742 1097 2754 1119 ,
2787 1056 2884 1112 sed
2916 1058 3141 1113 omnino
3172 1057 3438 1113 haberent
3466 1072 3499 1111 a

1924 1148 2118 1215 gratia.

1996 1234 2168 1302 Majus
2217 1234 2422 1303 aliquid
2472 1236 2673 1296 dicam.
2710 1251 2836 1291 cum
2868 1237 3035 1309 Virgo
3067 1238 3309 1308 paritura
3350 1250 3498 1295 esset

1930 1323 2120 1388 filium,
2154 1334 2392 1394 quantus
2427 1326 2561 1380 alias
2598 1343 2761 1382 nemo
2804 1338 2970 1391 esset,
3014 1327 3274 1398 orbisque
3311 1330 3499 1384 Domi-

1926 1427 2080 1477 num,
2107 1428 2137 1466 a
2174 1429 2284 1483 quo
2310 1416 2457 1469 salus
2481 1418 2755 1481 omnibus,
2787 1426 2980 1472 uterus
3004 1419 3390 1489 complexurus
3417 1418 3499 1473 fo-

1926 1511 2030 1565 ret,
2066 1505 2312 1571 oportuit
2340 1513 2400 1558 ut
2424 1521 2663 1574 prmsens
2686 1514 2897 1577 partus,
2924 1509 3017 1578 qui
3048 1524 3157 1563 non
3188 1523 3340 1563 more
3364 1508 3499 1564 alio-

1927 1608 2050 1646 rum
2116 1592 2290 1657 ﬁeret,
2351 1597 2589 1664 praeiret,
2647 1606 2703 1652 et
2759 1597 2928 1652 futuri
2991 1598 3138 1654 illius
3201 1600 3497 1670 adventum

1925 1685 2338 1753 praenuntiarct.
2366 1685 2624 1757 Oportuit
2653 1690 2757 1744 hoc
2777 1691 2981 1745 bonum
3016 1691 3147 1746 boni
3178 1691 3327 1747 illius
3363 1707 3500 1761 pras-

1926 1777 2179 1832 nuntium
2211 1778 2507 1844 exsistere;
2550 1791 2610 1834 ut
2643 1782 2745 1837 hoc
2776 1782 2922 1852 quod
2956 1791 3074 1838 erat
3105 1791 3304 1853 praeter
3334 1795 3496 1840 natu-

246 1883 610 1953 πιστώσηται.
634 1882 745 1935 Καὶ
762 1881 971 1934 ἐκεῖθεν
999 1882 1112 1940 τοῖς
1138 1878 1478 1947 βουλομένοις
1499 1876 1590 1947 ὲξῇ
1622 1875 1708 1929 διὰ
1728 1876 1822 1930 τοῦ

1928 1881 2066 1929 ram,
2090 1867 2167 1920 illi
2192 1868 2336 1937 quod
2358 1871 2529 1923 multo
2551 1872 2719 1942 magis
2738 1882 2986 1929 naturam
3011 1874 3496 1944 superaret,fidem

242 1975 561 2047 ἀπορρήτου
608 1972 861 2043 δέχεσθαι
903 1971 966 2024 τὸ
1011 1970 1468 2042 ἀπορρητὸτερον.
1515 1967 1678 2021 Ἀλλὰ
1717 1969 1825 2040 γὰρ

242 2069 565 2133 ἀναγκαῖον,
604 2065 699 2118 καὶ
726 2065 873 2123 ὅπως
902 2065 932 2117 δ
960 2062 1261 2134 παράδοξος
1291 2057 1443 2124 οὗτος
1471 2058 1823 2130 συνετελέσθη

245 2160 401 2221 τόκος
428 2160 628 2219 εἰπεῖν,
663 2155 758 2209 καὶ
794 2157 900 2226 πρὸ
926 2154 1079 2208 τοῦδε
1112 2154 1452 2223 θεοσημεῖαι,
1490 2150 1547 2204 αἱ
1572 2152 1664 2204 καὶ
1692 2153 1825 2221 μᾶλ-

245 2252 333 2304 λον
356 2250 719 2320 φρικτότερον
741 2246 951 2312 ἔδειξαν
975 2246 1034 2299 τὸ
1062 2244 1363 2316 παραγθὲν,
1387 2245 1597 2313 καὶτῆς
1619 2245 1825 2298 ἄνωθεν

246 2340 487 2409 ἀτεχνῶς
516 2338 747 2409 δώρημα
781 2337 1019 2409 χάριτος.

326 2518 386 2569 '0
417 2516 701 2587 Ζαχαρίας
750 2515 933 2568 τοίνυν
989 2513 1261 2586 ἱερωσύνῃ
1315 2509 1701 2581 τετιμημένοςν
1754 2510 1829 2573 ὡς

247 2610 481 2679 ἔφαμεν,
522 2609 619 2660 καὶ
644 2605 742 2659 τοῦ
774 2605 905 2658 λαοῦ
936 2599 1155 2679 ᾖνόμος
1192 2603 1432 2676 ἱερεῦσιν
1459 2603 1830 2673 ὑπερευχόμε-

245 2719 356 2764 νος,
386 2700 466 2763 ὡς
496 2702 526 2753 ὁ
551 2702 651 2769 τῆς
686 2696 1072 2767 Σκηνοπηγίας
1109 2697 1411 2760 ἐνειστήκει
1448 2698 1638 2765 καιρὸς
1660 2738 1672 2761 ,
1708 2694 1827 2746 καθ’

246 2790 423 2842 δνκαὶ
444 2788 525 2858 τῷ
556 2792 804 2859 ἀρχιερεῖ
840 2786 986 2855 μόνῳ
1025 2785 1173 2837 ἔνδον
1209 2784 1433 2836 εἰσιέναι
1475 2782 1582 2835 τῶν
1622 2781 1829 2835 ἀδύτων

246 2885 454 2948 ἐφεῖτο,
488 2881 651 2945 αὑτδς
701 2880 799 2949 μὲν
838 2877 978 2930 κατὰ
1006 2876 1066 2930 τὸ
1099 2876 1404 2946 εἰθισμένον
1438 2876 1527 2928 τὸν
1556 2873 1681 2927 ναδν
1714 2874 1827 2925 είς-

248 2974 344 3026 ιὼν
382 2972 507 3042 Θεῷ
539 2962 598 3023 τε
632 2970 974 3039 ἐντυγχάνων
1003 2965 1092 3038 ἦν,
1156 2969 1249 3021 καὶ
1278 2968 1381 3047 ¹τοῦ
1444 2964 1683 3035 πλήθους
1733 2966 1829 3034 ἅφ-

248 3081 361 3116 εσιν
408 3062 793 3129 ἐξαιτούμενος
815 3079 827 3091 ·
860 3052 903 3125 ᾧ
936 3060 1028 3112 καὶ
1055 3059 1122 3111 τὰ
1148 3060 1243 3126 τῆς
1272 3058 1437 3126 εὐχῆς
1484 3057 1825 3126 ἀναφέροντι,

248 3155 485 3221 ἄγγελος
516 3152 762 3214 ὲνωπίως
796 3152 1147 3221 παρίσταται,
1180 3148 1406 3218 φοϐερὸς
1440 3148 1537 3215 μὲν
1566 3149 1712 3213 ἰδεῖν,
1742 3167 1829 3216 φο-

1928 1962 2217 2010 astrueret.
2265 1957 2417 2012 Unde
2446 1959 2636 2014 liceret
2680 1962 2765 2026 iis,
2807 1963 2898 2033 qui
2926 1964 3147 2030 vellent,
3181 1979 3247 2018 ex
3280 1966 3498 2019 occulto

1926 2048 2195 2104 occultius
2216 2050 2365 2104 aliud
2392 2052 2408 2069 ⁴
2432 2055 2668 2123 assequi.
2704 2038 2809 2110 Sed
2836 2072 3109 2127 exponere
3134 2073 3358 2115 necesse
3388 2067 3501 2124 est,

1924 2140 2204 2208 quomodo
2258 2157 2316 2195 se
2361 2142 2619 2200 habuerit
2655 2146 2997 2205 admirabilis
3052 2149 3143 2204 ille
3184 2160 3393 2220 partus,
3443 2160 3499 2206 et
3567 2152 3570 2156 λ

1925 2241 2130 2299 quanta
2162 2248 2328 2302 super
2359 2248 2425 2288 eo
2452 2244 2702 2304 portenta
2729 2240 3052 2305 acciderint,
3080 2257 3222 2311 quae,
3246 2244 3393 2314 quod
3414 2244 3496 2298 fa-

1927 2330 2075 2377 ctum
2102 2334 2206 2389 est,
2237 2325 2523 2396 ipsumque
2549 2330 2789 2385 emlestis
2813 2332 3000 2401 gratiae
3035 2332 3237 2388 donum
3263 2336 3498 2390 admira-

1930 2412 2094 2468 bilius
2122 2415 2389 2471 fecerunt.

1999 2506 2291 2563 Zacharias
2317 2509 2484 2581 igitur
2513 2528 2636 2566 cum
2662 2524 2826 2579 esset,
2858 2524 2918 2569 ut
2953 2516 3211 2582 diximus,
3240 2520 3495 2574 sacerdo-

1929 2597 2005 2650 tio
2032 2598 2343 2668 insignitus,
2382 2612 2437 2656 et
2477 2618 2578 2672 pro
2613 2605 2836 2674 populo,
2881 2615 2941 2660 ut
2977 2610 3354 2666 sacerdotibus
3380 2612 3497 2683 lege

1928 2687 2243 2742 mandatum
2275 2699 2413 2755 erat,
2452 2706 2644 2761 preces
2669 2692 2944 2759 funderet,
2976 2712 3099 2751 cum
3139 2705 3351 2769 tempus
3382 2716 3500 2756 sce-

1928 2778 2174 2847 nOpegiae
2194 2779 2431 2845 adesset,
2465 2796 2575 2850 quo
2607 2782 2708 2838 soli
2731 2800 2947 2840 summo
2981 2787 3249 2843 sacerdoti
3271 2788 3353 2844 fas
3379 2800 3503 2846 crat

1930 2865 1985 2918 in
2006 2866 2256 2920 intimum
2272 2868 2493 2938 adytum
2515 2878 2821 2938 penetrare,
2841 2888 2941 2942 pro
2963 2890 3113 2929 more
3133 2878 3395 2946 templum
3417 2878 3501 2933 in-

1928 2971 2167 3025 gressus,
2202 2968 2257 3013 ct
2288 2961 2457 3015 Deum
2499 2962 2875 3032 interpellans,
2920 2981 3021 3035 pro
3060 2968 3260 3036 populo
3282 2970 3499 3025 veniam

1928 3048 2085 3101 enixe
2140 3051 2483 3118 precabatur.
2536 3052 2673 3108 Huic
2722 3070 2913 3124 preces
2964 3057 3214 3112 offerenti
3270 3060 3502 3117 visibilis

1928 3139 2096 3192 astitit
2130 3141 2374 3209 angelus,
2412 3144 2674 3200 terribilis
2708 3146 2852 3210 visu,
2893 3148 3153 3203 terribilis
3186 3158 3241 3204 et
3264 3166 3501 3221 prasen-

247 3246 407 3315 σερος
434 3244 493 3295 δὲ
522 3244 712 3311 στῆναι
732 3243 830 3295 καὶ
851 3242 991 3309 ὕψει,
1020 3241 1247 3309 φοϐερὸς
1263 3240 1326 3302 δ’,
1351 3238 1425 3301 ὡς
1450 3239 1614 3302 εἰκὸς,
1640 3239 1826 3309 ὁμιλῆ-

1930 3229 2023 3292 tia,
2061 3244 2123 3285 ac
2156 3231 2295 3301 ipso,
2331 3242 2390 3287 ut
2427 3235 2687 3292 credibile
2716 3246 2825 3301 est,
2866 3253 3180 3309 congressu.
3216 3241 3496 3308 Zacharia,

251 3354 374 3389 σαιο
424 3336 486 3397 ὂς
533 3336 630 3388 καὶ
682 3334 760 3403 τῷ
795 3333 1037 3402 Ζαχαρία
1091 3330 1443 3400 εἰσηκοῦσθαί
1486 3340 1616 3397 φησι
1677 3330 1830 3400 παρὰ

246 3427 365 3495 Θεῷ
390 3424 692 3494 εὐχομένῳ,
727 3424 821 3477 καὶ
846 3425 945 3489 τῆς
972 3423 1209 3490 δεήσεως
1232 3421 1404 3490 πέρας
1431 3419 1548 3472 υἱοῦ
1577 3420 1830 3486 ἀπότεξις

247 3518 401 3570 ἔσται
440 3519 505 3585 τῇ
556 3515 838 3585 ὁμοζύγῳ,
866 3515 961 3566 καὶ
991 3513 1069 3581 τῷ
1096 3512 1399 3581 τικτομένῳ
1433 3512 1604 3581 ὄνομα
1646 3513 1830 3566 Ἰωάν-

246 3627 360 3678 νης,
394 3607 494 3660 καὶ
523 3607 592 3659 τὰ
615 3606 749 3660 ἄλλα
797 3606 898 3657 ὃσα
933 3604 1068 3673 πρὸς
1121 3602 1269 3673 ῥῆμα
1306 3602 1365 3653 τὸ
1399 3602 1539 3655 θεῖον
1576 3603 1829 3667 διέξεισιν

250 3699 583 3765 Εὖαγγέλιον
604 3714 616 3725 ·
646 3691 727 3759 οἷς
760 3696 853 3749 καὶ
883 3697 912 3748 6
962 3694 1236 3763 Ζαχαρίας
1281 3694 1493 3762 ἁθρόως
1520 3694 1826 3764 ὲνηχηθεὶς,

247 3792 339 3841 καὶ
366 3789 450 3857 τῷ
489 3787 779 3856 παραδόξῳ
814 3786 1205 3852 καταπλαγεὶς,
1234 3785 1295 3836 οὐ
1317 3784 1406 3836 διὰ
1434 3785 1533 3853 τὴν
1568 3788 1830 3864 φανεῖσαν

246 3881 367 3947 ὄψιν
394 3879 625 3949 (εἴθιστο
646 3879 754 3947 γὰρ
786 3877 879 3929 καὶ
901 3876 1069 3930 πάλαι
1093 3876 1241 3945 αὐτῷ
1268 3876 1335 3926 τὰ
1367 3875 1619 3944 τηλικάδε
1650 3878 1826 3946 δρᾷν),

178 3988 183 3993 δ
246 3970 358 4021 ἀλλ’
416 3970 501 4021 ὅτι
555 3970 681 4037 περὶ
731 3968 867 4020 ἄλλα
926 3967 1026 4036 μὲν
1065 3970 1099 4036 ἡ
1156 3967 1341 4035 δέησις
1374 3967 1565 4036 τούτῳ,
1615 3968 1749 4021 ἄλλα
1774 3970 1830 4023 δὲ

246 4058 590 4126 ἐπήγγελλεν
621 4058 647 4108 ὁ
676 4058 895 4127 φανείς*
922 4060 1021 4127 οὐχ
1066 4057 1283 4127 ὑπήχθη
1332 4059 1515 4123 εὐθὺς,
1549 4061 1641 4111 καὶ
1696 4061 1830 4129 πρὸς

248 4149 342 4216 τὴν
372 4149 557 4199 πίστιν
597 4148 705 4200 τῶν
737 4147 1106 4217 λαλουμένων,
1142 4149 1227 4200 ἵνα
1264 4150 1338 4218 μὴ
1370 4148 1446 4217 τῷ
1470 4149 1647 4219 ῥᾴδιος
1682 4150 1828 4214 δόξαι

250 4238 383 4307 περὶ
413 4238 513 4305 τὴν
557 4239 894 4307 παραδοχὴν,
937 4240 1082 4308 ῥᾴων
1122 4238 1249 4301 ἴσως
1297 4242 1548 4307 φανεῖται
1574 4241 1665 4292 καὶ
1705 4243 1830 4310 περὶ

248 4328 348 4398 τὴν
384 4328 484 4381 τοῦ
508 4329 831 4397 δεδεγμένον
865 4329 1140 4397 ἀποϐολήν
1163 4348 1173 4359 ·
1210 4331 1331 4382 ἐπεὶ
1366 4332 1457 4383 καὶ
1491 4332 1744 4385 εἰώθασιν
1775 4336 1827 4385 αἱ

248 4419 359 4471 τῶν
395 4418 647 4486 μεγάλων
692 4420 1032 4488 πραγμάτων
1073 4420 1368 4489 ὑπερϐολαὶ
1392 4422 1651 4491 ὀκνηροὺς
1692 4422 1830 4490 τάχα

254 4511 381 4577 περὶ
419 4510 517 4578 τὴν
545 4511 763 4576 ταχεῖαν
788 4511 961 4559 ποιεῖν
987 4510 1429 4575 συγκατάθεσιν.’

1930 3319 2126 3387 inquit,
2159 3324 2450 3379 exauditus
2482 3341 2543 3380 es
2569 3342 2598 3380 a
2627 3327 2758 3393 Deo,
2799 3338 2854 3384 et
2887 3331 3108 3399 quidem
3140 3333 3281 3388 ultra
3307 3351 3502 3405 preca-

1932 3412 2169 3477 tionem;
2215 3414 2385 3470 ﬁlinm
2422 3418 2595 3486 pariet
2629 3420 2847 3505 conju/x,
2891 3422 3131 3479 Joannes
3164 3440 3360 3480 nomen
3394 3429 3500 3483 erit

1931 3503 2121 3558 infanti
2162 3524 2173 3558 :
2211 3507 2424 3576 aliaque
2474 3509 2739 3579 subjecit,
2780 3503 2901 3591 qua:
2939 3513 3006 3567 ad
3048 3516 3275 3570 verbum
3315 3517 3499 3573 divino

1930 3604 2255 3650 enarrantur
2286 3597 2580 3677 Evangelio
2607 3611 2652 3654 ε.
2694 3599 2787 3655 His
2817 3602 3109 3659 Zacharias
3142 3606 3500 3663 vehementer

1929 3684 2233 3751 perculsus,
2258 3694 2313 3739 et
2338 3703 2396 3741 re
2423 3687 2731 3745 admirabili
2756 3692 2867 3762 89
2892 3696 3174 3760 attonitus,
3197 3712 3305 3751 non
3351 3700 3499 3769 quod

1930 3775 2108 3828 visum
2133 3776 2264 3830 illud
2290 3793 2492 3833 novum
2515 3781 2808 3849 accideret,
2836 3784 3045 3839 solebat
3064 3787 3267 3857 quippe
3287 3799 3341 3843 et
3365 3790 3500 3846 alias

1933 3865 2057 3918 talia
2099 3867 2306 3933 videre,
2362 3869 2456 3924 sed
2501 3873 2648 3940 quod
2686 3889 2810 3928 cum
2866 3876 2971 3929 alia
3019 3888 3358 3946 precaretur,
3395 3882 3500 3937 alia

1930 3960 2235 4014 nuntiasset
2266 3963 2357 4031 qui
2394 3956 2645 4033 apparuit
2677 3951 2921 4037 angelus.
2954 3970 3142 4039 Neque
3175 3989 3306 4027 vero
3340 3976 3501 4031 dictis

1933 4048 2093 4102 ﬁdem
2121 4052 2300 4105 statim
2332 4053 2538 4118 habuit,
2576 4072 2644 4111 ne
2667 4057 2823 4113 facile
2847 4069 3154 4131 susceptam
3186 4065 3499 4134 opinionem

1931 4138 2143 4193 facilius
2168 4141 2430 4211 abjecisse
2455 4144 2653 4200 deinde
2677 4148 2959 4203 videretur
2986 4169 2998 4203 :
3027 4153 3204 4207 solent
3232 4156 3378 4211 enim
3413 4174 3502 4213 res

1931 4244 2092 4297 supra
2118 4232 2339 4285 modum
2364 4235 2694 4291 excellentes
2717 4240 2781 4294 ad
2807 4243 3196 4311 promptiorem
3216 4262 3499 4303 assensum

1931 4321 2198 4377 tardiores
2223 4323 2469 4379 reddere.

322 4577 492 4648 Ὅθεν
518 4596 611 4648 καὶ
632 4599 660 4649 ὀ
685 4596 961 4666 Ζαχαρίας
982 4589 1082 4650 οὐκ
1105 4597 1337 4660 ὀκλάσας
1370 4600 1493 4662 τοὺς
1515 4596 1827 4670 λογισμοὺς,

2001 4599 2156 4655 Unde
2190 4601 2482 4659 Zacharias
2523 4605 2608 4663 his
2643 4609 2988 4663 sermonibus
3026 4612 3247 4667 minime
3278 4614 3497 4678 cedens,

249 4685 390 4737 ἀλλὰ
423 4676 811 4755 στερροτέρους
849 4686 1051 4755 μᾶλλον
1081 4686 1159 4755 τῷ
1208 4689 1418 4758 στερρῷ
1461 4690 1557 4758 τῆς
1596 4690 1830 4761 καταλή-

250 4776 400 4843 Ιζιεως
444 4776 758 4841 ἀποφαίνων
784 4793 795 4805 ο
853 4778 1388 4847 Καταγιγνώσκομαι
1428 4780 1488 4831 τὸ
1525 4782 1673 4850 παρὰ
1737 4782 1829 4834 σοῦ

250 4865 795 4935 χρησμοδοτούμενον
820 4907 833 4927 ,
887 4869 1216 4921 πυνθάνεται
1248 4871 1383 4938 πρὸς
1425 4872 1515 4923 τὸν
1560 4874 1791 4939 ἄγγελον
1814 4892 1828 4905 ’

252 4956 569 5027 πρεσσύτης
602 4956 712 5026 γὰρ
740 4957 870 5023 ἐγὼ,
903 4959 1087 5027 φησὶν,
1122 4960 1197 5022 ὡς
1227 4963 1357 5031 ὁρᾷς
1377 4979 1390 4990 ο
1430 4966 1618 5034 στεῖρα
1650 4965 1704 5017 δὲ
1737 4967 1831 5018 καὶ

250 5041 551 5120 ᾖσυνοικῶ
592 5049 828 5115 γυναικί.
867 5050 960 5101 καὶ
1001 5050 1094 5102 τοῦ
1134 5053 1327 5121 γεννᾷν
1366 5054 1717 5123 πεπαυμένη·
1751 5051 1831 5120 οἷς

251 5138 582 5208 ἀμφοτέροις
609 5139 806 5208 ἔξωρον
826 5140 886 5192 τὸ
909 5142 1170 5195 κυῖσκειν.
1202 5142 1248 5193 εἰ
1282 5144 1353 5211 μή
1380 5160 1481 5194 που
1502 5144 1634 5195 Θεοῦ
1657 5145 1829 5214 δῶρον

250 5230 311 5281 τδ
336 5229 646 5299 ἐπίτευγμα
674 5232 757 5299 εῐη
778 5247 791 5259 ·
884 5234 978 5283 καὶ
1005 5235 1165 5301 ἡμεῖς
1196 5233 1263 5286 τὰ
1300 5235 1417 5285 κατ’
1467 5235 1660 5297 αὐτοὺς
1704 5238 1831 5288 ἀνα-

255 5318 469 5383 θέντες,
498 5320 651 5372 οὑδὲν
683 5322 710 5372 ὃ
740 5337 794 5372 τι
822 5322 896 5391 μὴ
932 5321 1125 5391 ἐκείνῳ
1153 5322 1341 5374 δοκοῦν
1363 5363 1375 5384 ,
1418 5324 1511 5377 καὶ
1549 5327 1677 5394 ἡμῖν
1704 5345 1830 5380 συν⁶

254 5411 420 5464 δοκεῖ.
454 5410 643 5464 Ταῦτα
669 5410 778 5481 γὰρ
806 5414 1012 5465 ἐκεῖνον
1041 5413 1187 5475 εἰκὸς
1227 5413 1316 5468 καὶ
1338 5416 1528 5481 εἰπεῖν,
1563 5418 1655 5469 καὶ
1688 5420 1827 5473 κατὰ

1936 4688 2046 4742 imo
2089 4689 2533 4760 impenetrabiles
2567 4697 2619 4750 vi
2662 4697 3032 4769 intelligentiae
3084 4703 3444 4770 pronuntians
3483 4721 3496 4755 :

1924 4779 2050 4835 Non
2078 4781 2320 4855 intelligo
2343 4793 2497 4840 tuum
2523 4787 2826 4853 oraculum,
2860 4792 3073 4859 reponit
3094 4779 3307 4863 angelo;
3335 4810 3499 4849 senex

1932 4872 2077 4925 enim
2104 4888 2245 4937 sum,
2290 4883 2350 4930 ut
2375 4876 2566 4955 vides:
2592 4878 2813 4955 sterilis,
2841 4896 2948 4948 qua
2996 4891 3139 4947 utor,
3176 4885 3373 4954 coniux
3399 4900 3497 4955 pa-

1931 4978 2053 5019 rere
2079 4964 2272 5031 desiit;
2308 4970 2522 5039 utrique
2543 4950 2676 5025 aetas
2700 4950 3031 5041 suscipiendi
3065 4974 3269 5029 liberos
3289 4985 3502 5041 exacta,

1932 5055 2037 5109 nisi
2066 5055 2205 5110 forte
2232 5057 2283 5111 id
2319 5074 2546 5114 munere
2574 5060 2668 5115 Dei
2699 5063 2991 5130 contigerit
3022 5082 3033 5117 :
3060 5065 3146 5119 cui
3170 5080 3294 5119 cum
3318 5068 3501 5121 omnia

1934 5158 2119 5203 nostra
2152 5150 2605 5217 commiserimus,
2648 5154 2797 5210 aliud
2836 5156 2974 5210 nihil
3008 5172 3168 5225 quam
3218 5158 3363 5225 quod
3398 5159 3500 5228 ipsi

1930 5239 2203 5304 videatur,
2252 5243 2410 5297 nobis
2443 5244 2715 5314 expediet.
2753 5244 2867 5300 Hoc
2896 5247 3077 5301 dicere
3120 5256 3176 5301 et
3204 5257 3385 5302 mente
3416 5265 3505 5302 re-

1932 5339 2123 5400 putare
2148 5332 2378 5388 decebat
2398 5351 2545 5400 eum,
2567 5338 2660 5407 qui
2681 5337 2776 5394 Dei
2794 5338 3059 5410 proriheta
3081 5349 3246 5405 esset,
3261 5346 3316 5394 et
3336 5338 3501 5428 verba

1933 5421 2112 5475 divina
2145 5427 2500 5480 auscultaret.

256 5500 492 5553 διάνοιαν
526 5501 734 5572 φέρειν,
781 5500 918 5554 Θεοῦ
940 5503 1248 5584 ,προφήτην
1269 5521 1332 5572 γε
1384 5506 1531 5571 ὄντα,
1568 5507 1661 5559 καὶ
1691 5508 1824 5562 Θεοῦ
1865 5514 1976 5572 τοῖς
1999 5513 2176 5582 λόγοις
2209 5516 2550 5587 πειθόμενον.

330 5625 353 5652 ε
391 5613 525 5668 Luc.
555 5630 597 5678 ι,
631 5615 691 5668 Η
728 5629 843 5684 seq.

974 5772 975 5775 γ
1525 5712 1760 5768 νΑιιιιΕ
1804 5714 2210 5773 LECTIONES.
2294 5788 2305 5797 ν

330 5796 377 5830 ⁸³
403 5798 481 5865 ἒξ.
512 5799 827 5869 Legendum
875 5803 1094 5857 videtur
1124 5804 1287 5873 ἔχειν.
1366 5806 1409 5837 ⁸⁸
1434 5807 1516 5860 ὲκ.
1551 5805 1827 5877 Legendul

1929 5819 2023 5864 uto
2048 5811 2279 5865 ἐκείνου.
