4208 6440
673 329 741 391 39
1888 325 2203 383 OPERUM
2242 323 2727 383 THEODORETI
3846 332 3921 395 40

744 440 810 492 At
860 452 1151 506 quorsum,
1205 438 1351 491 dicat
1415 437 1646 505 aliquis,
1707 436 1995 491 Zacharias
2052 434 2252 503 popqu
2284 442 2325 494 Α

677 528 887 580 veniam
916 538 1207 595 rogaturus
1232 543 1354 580 eum
1385 526 1709 596 ingreditur,
1744 528 1837 596 qui
1868 528 2119 596 apparuit
2153 542 2249 579 an-

675 618 847 683 gelus,
874 618 1142 672 exauditae
1171 617 1503 688 precationis
1537 617 1754 687 pignus,
1788 619 1989 672 sterilis
2013 628 2247 687 partum,

676 709 963 775 praedicit?
1016 712 1204 763 Annon
1240 709 1348 762 illis
1377 709 1703 779 conjugibus
1743 710 2089 763 manifestum
2129 717 2249 762 erat

677 815 785 852 non
818 800 975 853 aliter
999 800 1170 854 venia:
1194 802 1373 853 locum
1404 814 1524 853 esse
1557 800 1824 862 futurum,
1851 805 1867 820 ‘
1893 816 2056 869 quam
2086 801 2131 854 si
2157 817 2252 854 na-

677 900 923 944 sceretur
953 892 1045 960 qui
1083 893 1273 947 salutis
1301 900 1581 945 auctorem
1614 892 1956 955 ostenderet,
1984 901 2041 945 et
2072 893 2251 944 omni-

680 984 782 1037 bus
810 984 986 1052 palam
1011 984 1385 1047 annuntiaret,
1408 984 1581 1052 ipsius
1601 992 1655 1037 et
1674 984 1903 1046 amicus,
1925 992 1981 1036 et
2005 984 2250 1045 nuntius,

678 1085 734 1129 et
773 1091 898 1137 vox,
930 1083 985 1127 et
1018 1090 1327 1143 praecursor
1350 1080 1655 1145 appellatus
1675 1077 1696 1128 ?
1719 1074 2252 1140 Quamobremjllud

680 1166 814 1220 mihi
841 1165 1084 1231 videtur,
1116 1175 1171 1220 et
1196 1168 1443 1236 apposite
1472 1168 1682 1221 dictum
1716 1168 1785 1221 ab
1809 1169 2022 1236 angelo,
2051 1175 2251 1219 etcum

682 1257 952 1325 pontiﬁcis
987 1257 1274 1327 postulatis
1305 1259 1582 1319 aptissime
1614 1273 1936 1325 congruere.

750 1430 858 1498 90
888 1431 1089 1484 Verum
1124 1431 1252 1485 huic
1276 1433 1513 1485 sermoni
1547 1448 1685 1502 opus
1709 1443 1792 1486 est
1820 1449 1885 1487 ea
1915 1435 2097 1487 omnia
2128 1434 2254 1488 sub-

677 1521 930 1590 jungere,
966 1538 1087 1590 qua:
1112 1522 1308 1577 deinde
1345 1523 1622 1577 Zachariae
1657 1524 1794 1577 dixit
1843 1525 2086 1594 angelus.
2120 1522 2256 1579 Cum

680 1610 851 1674 enim,
882 1620 940 1664 ut
964 1612 1224 1675 diximus,
1255 1615 1375 1683 ejus
1398 1613 1560 1668 dictis
1584 1629 1692 1666 non
1721 1614 1903 1666 statim
1938 1614 2253 1675 assenserit,

681 1698 775 1751 sed
798 1700 979 1752 arcani
1007 1700 1167 1769 hujus
1191 1701 1574 1768 perfectiorem
1596 1701 1873 1769 qumsierit
1892 1702 2253 1770 comprehen-

682 1788 917 1849 sionem,
966 1797 1026 1841 ut
1064 1788 1119 1841 in
1156 1789 1522 1843 recouditiore
1555 1790 1795 1858 pectoris
1830 1790 1953 1843 sinu
1994 1805 2251 1860 magnum
2284 1766 2324 1819 Β

683 1876 815 1930 illud
858 1879 1184 1933 miraculum
1230 1881 1552 1934 conclusum
1594 1880 1917 1947 deponeret,
1958 1889 2072 1933 tum
2105 1881 2254 1935 aliud

680 1969 820 2023 nihil
855 1973 1079 2041 angelus
1108 1973 1208 2026 nisi
1246 1972 1525 2026 silentium
1562 1972 1890 2041 praescribit,
1923 1979 1980 2025 et
2016 1973 2255 2042 linguam

682 2062 831 2114 vocis
879 2071 1159 2131 expertem
1217 2062 1415 2125 reddit,
1471 2062 1851 2116 demonstrans
1898 2062 2144 2125 omnino,
2198 2073 2257 2115 ut

681 2154 899 2221 opinor,
958 2170 1073 2207 rem
1100 2170 1220 2208 esse
1275 2155 1537 2225 mysterio
1590 2156 1825 2224 plenam,
1875 2164 1930 2208 et
1972 2156 2253 2224 majorem,

682 2258 844 2312 quam
878 2252 936 2295 ut
975 2252 1105 2296 tunc
1132 2259 1383 2297 sermone
1416 2253 1473 2298 et
1511 2244 1695 2312 lingua
1723 2242 2009 2312 praedicari
2050 2253 2252 2312 posset.

754 2434 1048 2488 Zacharias
1075 2433 1239 2503 igitur
1283 2449 1349 2487 ex
1383 2448 1449 2487 eo
1478 2442 1725 2501 tempore
1766 2432 2067 2501 permansit
2105 2448 2254 2486 com-

686 2525 891 2594 pressis
923 2525 1101 2589 labiis,
1137 2541 1262 2579 cum
1297 2526 1515 2579 nemine
1549 2524 1889 2593 colloquens,
1936 2539 2037 2578 nec
2067 2539 2256 2578 vocem

688 2617 964 2680 emittens,
997 2617 1100 2670 etsi
1136 2617 1401 2670 voluisset
1440 2634 1451 2668 :
1491 2615 1625 2685 quid
1657 2614 1803 2668 enim
1839 2614 1940 2683 ipsi
1969 2630 2258 2670 commune

687 2723 812 2762 eum
847 2708 1091 2776 populo?
1132 2706 1255 2775 ipsi,
1302 2707 1545 2776 inquam,
1581 2706 1675 2774 qui
1715 2720 1817 2759 usu
1856 2720 2114 2759 sensuum
2156 2706 2257 2759 sibi

689 2800 1061 2862 interdixerat,
1094 2799 1186 2868 qui
1219 2799 1460 2852 animum
1483 2798 1821 2852 abstraxerat
1855 2813 1885 2851 a
1908 2798 2260 2852 terrestribus

688 2900 737 2942 et
768 2890 988 2943 caducis
1014 2890 1197 2952 rebus,
1226 2890 1433 2957 quique
1464 2888 1787 2943 versabatur
1825 2903 1949 2942 cum
1984 2902 2261 2956 corporea:

688 2978 1028 3047 contagionis
1068 2977 1427 3047 expertibus?
1464 2974 1603 3042 Quid
1651 2992 1775 3029 cum
1817 2977 1944 3037 illis,
1993 2978 2086 3045 qui
2133 2984 2261 3031 sunt

689 3070 756 3123 ad
786 3085 987 3139 corpus
1015 3081 1071 3123 et
1095 3070 1393 3123 crassiores
1421 3083 1615 3122 sensus
1640 3068 1913 3132 conversi,
1941 3068 2144 3137 quibus
2168 3078 2261 3122 aut

690 3158 1028 3227 superﬂuum
1077 3158 1498 3227 quodammodo,
1546 3166 1640 3211 aut
1691 3157 1857 3211 etiam
1903 3158 2258 3226 impossibile,

692 3248 935 3301 divinam
970 3264 1160 3301 vocem
1202 3248 1453 3302 humanis
1498 3262 1607 3301 non
1652 3256 2061 3312 consonantem,
2107 3249 2259 3304 inso-

693 3355 843 3403 nare,
884 3339 1159 3407 verbaque
1193 3354 1386 3392 arcana
1429 3355 1492 3393 ac
1526 3338 1819 3392 ineffabilia
1844 3339 2115 3407 proferre,
2142 3355 2262 3409 qua:

692 3446 873 3499 neque
897 3445 1158 3499 percusso
1174 3446 1298 3484 aere
1323 3432 1478 3493 ﬁunt,
1496 3446 1673 3499 neque
1695 3433 1914 3501 organis
1937 3431 2005 3484 ad
2028 3431 2265 3486 forman-

695 3522 819 3574 dam
852 3538 1040 3575 voecm
1074 3521 1355 3584 institutis,
1391 3521 1485 3574 sed
1524 3522 1737 3575 silentio
1769 3523 2031 3577 interiore
2064 3532 2120 3578 et
2146 3539 2262 3578 me-

694 3612 832 3665 liore
880 3612 983 3665 alia
1028 3613 1263 3681 loquela,
1314 3613 1422 3667 illis
1460 3613 1591 3667 solis
1634 3623 1780 3678 nota,
1821 3616 1916 3684 qui
1949 3632 1979 3669 a
2014 3618 2264 3672 sensibus

696 3704 979 3768 recedunt,
1002 3716 1056 3756 et
1089 3720 1224 3772 pura
1252 3714 1433 3759 mente
1461 3720 1640 3758 rerum
1672 3705 1982 3760 divinarum
2011 3710 2264 3762 similitu-

696 3794 854 3849 dines
884 3795 1232 3864 percipiunt?
1267 3794 1397 3859 Quae
1432 3796 1514 3848 vel
1548 3796 1651 3864 ipsi
1682 3796 1991 3861 Zachariaa,
2024 3798 2127 3851 sibi
2159 3799 2265 3852 uti-

696 3903 804 3957 que
844 3887 1082 3951 conscio,
1119 3889 1276 3957 cujus
1316 3889 1531 3941 tandem
1570 3890 1957 3943 muniﬁcentiae
1994 3891 2265 3961 particeps

697 3973 872 4030 factus
894 3988 1058 4039 esset,
1086 3978 1404 4032 inconsueta
1429 3988 1606 4041 erant,
1636 3995 1760 4032 eum
1788 3980 1903 4048 ipse
1930 3980 1997 4034 ad
2024 3982 2159 4036 alios
2181 3983 2263 4036 lo-

698 4078 961 4137 queretur
990 4086 1000 4119 :
1028 4084 1135 4120 non
1169 4069 1318 4131 item,
1352 4084 1476 4121 cum
1507 4070 1722 4123 audiret
1747 4071 1939 4135 Deum,
1967 4071 2055 4126 cui
2080 4073 2265 4128 omnia

698 4170 825 4213 nota
860 4170 1007 4222 sunt,
1039 4161 1201 4214 etiam
1233 4176 1352 4230 quae
1384 4162 1577 4215 latent.

768 4250 873 4319 91
906 4250 1032 4303 Mihi
1069 4266 1203 4304 vero
1248 4251 1393 4304 aliud
1430 4252 1709 4320 quidpiam
1745 4253 1802 4307 in
1836 4261 2075 4308 mentem
2110 4271 2266 4311 revo-

702 4353 789 4396 cat
832 4341 1163 4410 stupendum
1204 4343 1478 4396 Zacliariae
1503 4344 1781 4398 silentium
1818 4363 1831 4399 :
1866 4360 2043 4417 neque
2080 4348 2132 4401 id
2165 4364 2266 4418 ego

2442 435 2577 487 Ἀλλ’
2607 438 2731 489 ὅτου
2772 439 2949 509 χάριν,
2975 442 3089 510 ἐρεῖ
3116 459 3215 504 τις,
3247 442 3275 493 ό
3311 442 3408 510 μὲν
3428 442 3699 515 Ζαχαρίας
3722 441 3921 512 ἄφεσιν

2354 525 2525 595 εἰσῄει
2555 525 2648 577 τοῦ
2684 526 2917 597 πλήθους
2946 529 3202 599 αίτήσων,
3229 533 3256 582 ό
3285 531 3340 584 δέ
3371 531 3557 600 φανεὶς
3589 532 3819 599 ἄγγελος
3850 532 3923 583 τὰ

2351 615 2459 666 τῶν
2485 617 2750 688 αίτήσεών
2776 635 2834 670 τε
2857 619 3006 689 αὑτῷ
3028 620 3191 689 φάναι
3212 621 3496 690 ήκοῦσθαι,
3515 623 3774 691 ἐχέγγυον
3797 623 3923 676 τού-

2350 723 2442 758 του
2487 708 2644 761 τόκον
2699 704 2836 760 εἶναι
2894 711 2984 764 τὸν
3013 713 3078 763 ἐκ
3106 712 3204 780 τῆς
3228 714 3480 782 στείρας;
3506 709 3584 764 Ἦ
3624 713 3780 781 δῆλον
3804 716 3924 776 τοῖς

2354 796 2621 861 συνοῦσιν,
2653 800 2734 852 ὅτι
2766 801 2866 853 οὐκ
2890 801 2955 873 ᾂν
2986 802 3160 866 ἄλλως
3181 803 3409 867 ἐκείνοις
3449 805 3549 873 τῆς
3591 805 3923 874 συγγνώμης

2353 891 2588 956 ἀπήντα,
2630 893 2677 943 εί
2724 893 2798 962 μὴ
2832 895 2859 944 ὁ
2894 895 3211 963 τικτόμενος
3234 888 3387 956 οὗτος
3436 896 3526 947 τὸν
3558 896 3651 948 ἐπὶ
3677 897 3926 966 σωτηρίᾳ,

2352 979 2553 1047 ἥκοντα
2577 981 2875 1046 ἐπεδείκνυ,
2900 984 2992 1034 καὶ
3023 983 3182 1037 αὑτὸν
3212 985 3479 1053 ἀριδήλως
3499 987 3610 1044 τοῖς
3634 989 3764 1038 πᾶσι
3788 1004 3925 1038 κατ-

2356 1070 2637 1138 ήγγελλεν,
2659 1066 2745 1122 οἷα
2770 1072 2833 1139 δὴ
2855 1072 2948 1125 καὶ
2982 1073 3135 1141 φίλος
3156 1076 3385 1139 ἐκείνου,
3427 1077 3517 1128 καὶ
3541 1076 3789 1145 ἄγγελος,
3826 1081 3925 1131 καὶ

2356 1163 2506 1230 φωνὴ
2536 1162 2916 1232 χρηματίζων,
2946 1166 3039 1218 καὶ
3068 1166 3398 1236 πρόδρομος;
3431 1168 3498 1221 δι’
3536 1168 3572 1221 ἃ
3615 1186 3704 1238 μοι
3752 1169 3921 1231 δοκεῖ,

2355 1251 2448 1299 καὶ
2476 1251 2543 1302 τὰ
2570 1251 2720 1322 παρὰ
2746 1251 2839 1303 τοῦ
2890 1254 3122 1320 ἀγγέλου
3165 1257 3465 1326 ἐπικαίρως
3515 1257 3787 1332 εἰρῆσθαι.
3824 1262 3924 1311 καὶ

2354 1344 2467 1399 τοῖς
2495 1338 2588 1390 τοῦ
2620 1341 2917 1409 ἀρχιερέως
2956 1343 3202 1411 συνᾴδειν
3234 1344 3314 1395 ὅτι
3346 1344 3600 1411 μάλιστα.

2438 1426 2597 1480 Ἀλλὰ
2618 1428 2726 1497 γὰρ
2746 1430 2862 1482 δέον
2892 1429 2973 1498 τῷ
2999 1432 3142 1501 λόγῳ
3180 1432 3511 1501 προσθεῖναι,
3536 1436 3631 1485 καὶ
3660 1436 3759 1487 ὅσα
3794 1433 3925 1503 ἐξῆς

2359 1518 2493 1587 πρὸς
2539 1518 2630 1571 τὸν
2662 1520 2939 1591 Ζαχαρίαν
2963 1520 3183 1592 εἴρηκεν
3218 1524 3247 1575 ὁ
3292 1524 3499 1589 φανείς.
3538 1523 3753 1595 Ἐπειδὴ
3786 1530 3923 1596 γὰρ,

2357 1610 2432 1671 ὼς
2486 1609 2713 1678 ἔφαμεν,
2766 1613 2839 1682 μὴ
2888 1614 3284 1684 παραχρῆμαδ
3336 1614 3593 1684 λογισμὸς
3632 1616 3778 1685 αὐτῷ
3809 1621 3925 1680 τοῖς

2360 1697 2601 1767 ῥηθεῖσιν
2622 1701 2900 1767 ἐπένευεν,
2920 1704 3032 1756 ἀλλ’
3064 1704 3442 1774 ἐντελεστέραν
3465 1704 3603 1773 τάχα
3631 1706 3806 1775 ἐξῄτει
3828 1709 3925 1760 τοῦ

2354 1792 2669 1862 ἀπορρήτου
2698 1792 2763 1862 δὴ
2781 1792 3213 1863 τὴνλκατάληψιν
3234 1836 3247 1858 ,
3282 1793 3355 1858 ὡς
3391 1796 3457 1848 ἂν
3497 1797 3589 1848 καὶ
3624 1802 3732 1861 τοῖς
3775 1800 3926 1851 ἐνδο-

2355 1884 2535 1951 τέροις
2572 1886 2672 1953 τῆς
2701 1884 2938 1946 διανοίας
2966 1885 3210 1953 ταμείοις
3241 1885 3386 1938 ἔνδον
3408 1888 3669 1955 κατάσχοι
3696 1888 3755 1942 τὸ
3781 1890 3929 1958 μέγα

2356 1971 2531 2035 τοῦτο,
2559 1972 2654 2023 καὶ
2684 1973 2997 2026 ὲναπόθοιτο
3022 1973 3155 2042 (45),
3176 1974 3301 2028 ἄλλο
3335 1974 3432 2043 μὲν
3462 1974 3611 2027 οὐδὲν
3629 1975 3763 2046 πρὸς
3779 1980 3926 2031 ἐκεῖ·

2358 2081 2444 2115 νον
2485 2066 2513 2114 ὁ
2564 2063 2793 2131 ἄγγελος
2820 2083 2832 2094 ι
2884 2067 3095 2136 σιωπὴν
3143 2067 3188 2118 δ’
3239 2067 3515 2121 ἐπιτάττει
3588 2068 3776 2139 μόνην,
3832 2074 3929 2123 καὶ

2356 2154 2656 2223 ἁφθεγξίαν
2693 2156 2794 2224 τῆς
2827 2155 3093 2227 γλώττης,
3123 2156 3317 2227 δηλῶν,
3365 2154 3540 2227 οἶμαι,
3581 2160 3791 2223 πάντως
3841 2162 3928 2213 ὅτι

2361 2246 2733 2316 μυστηριῶδες
2780 2250 2841 2300 τὸ
2893 2252 3147 2317 πρᾶγμα,
3197 2250 3291 2302 καὶ
3344 2250 3425 2302 ὅτι
3477 2253 3720 2321 κρεῖττον
3763 2252 3927 2321 λόγου

2358 2337 2513 2401 τέως,
2541 2338 2634 2390 καὶ
2663 2338 2761 2406 τῆς
2798 2338 2887 2391 διὰ
2917 2340 3163 2409 γλώττης
3201 2341 3515 2409 ἐκφάνσεως
3541 2337 3753 2411 ἀμέλειῖ

2426 2429 2539 2481 Καὶ
2576 2429 2605 2481 ὁ
2651 2432 2925 2502 Ζαχαρίας
2972 2430 3134 2501 ἔμενε
3184 2432 3246 2485 τὸ
3296 2434 3392 2484 ἀπ’
3424 2434 3631 2486 ἐκείνου
3676 2436 3744 2486 τὰ
3771 2436 3926 2506 χείλη

2358 2521 2725 2589 συμπτύσσων
2750 2562 2763 2583 ,
2814 2524 2906 2576 καὶ
2939 2523 3128 2593 μηδενὶ
3157 2523 3284 2595 μήθ’
3317 2525 3540 2593 ὁμιλῶν,
3577 2527 3712 2597 μήτε
3743 2527 3930 2597 φωνὴν

2357 2611 2702 2683 προϊέμενος,
2726 2614 2856 2675 ἴσως
2882 2614 2937 2666 δὲ
2973 2615 3066 2666 καὶ
3092 2614 3405 2684 βουλόμενος
3426 2632 3438 2643 ·
3471 2616 3524 2667 τί
3549 2617 3657 2687 γὰρ
3688 2612 3755 2688 ἦν
3778 2618 3932 2688 αὐτῷ

2359 2704 2535 2756 κοινὸν
2572 2704 2890 2773 τηνικαῦτα,
2921 2705 3016 2757 καὶ⁸
3038 2704 3116 2774 τῷ
3134 2704 3266 2775 λαῷ,
3293 2706 3372 2775 τῷ
3400 2706 3497 2776 μὲν
3525 2708 3623 2770 τὰς
3647 2709 3931 2778 αἰσθήσεις

2363 2794 2593 2865 μύσαντι
2620 2797 2743 2867 ἤδη,
2778 2797 2872 2850 καὶ
2903 2796 2995 2850 τὸν
3026 2796 3152 2849 νοῦν
3181 2797 3290 2850 τῶν
3330 2800 3478 2852 κάτω
3522 2802 3616 2853 καὶ
3652 2801 3931 2870 αἰσθητῶν

2359 2887 2662 2952 ἐκϐαλόντι,
2688 2890 2782 2940 καὶ
2808 2889 2988 2958 μόνοις
3006 2892 3117 2953 τοῖς
3141 2890 3268 2943 ἄνευ
3288 2892 3594 2961 παχύτητος
3615 2893 3891 2962 ὁμιλοῦντι
3910 2912 3927 2957 ς

2360 2977 2486 3041 Τοῖς
2536 2978 2593 3030 δέ
2646 2980 2785 3048 μετὰ
2832 2978 3079 3049 σώματος
3127 2981 3538 3050 στρεφομένοις,
3586 2984 3678 3035 καὶ
3720 2984 3932 3052 πάχους

2287 3093 2331 3151 C
2363 3068 2548 3121 ὑλικοῦ
2585 3071 2678 3122 καὶ
2728 3070 3054 3140 αἰσθήσεως,
3107 3065 3188 3134 οἷς
3235 3072 3327 3124 καὶ
3358 3072 3608 3142 περιττόν
3640 3089 3755 3133 πως
3799 3070 3867 3143 ἦν
3892 3075 3930 3144 ἢ

2365 3160 2459 3213 καὶ
2486 3158 2742 3215 ἀδύνατον
2774 3160 2914 3230 τάχα
2946 3160 3093 3214 θείαν
3135 3163 3411 3232 ἀπήχησιν
3452 3165 3686 3233 ἐνηχεῖν,
3713 3165 3807 3216 κα“ι
3838 3163 3932 3216 λό-

2363 3268 2493 3319 γους
2513 3253 2784 3323 ἀρρήτους
2806 3253 2847 3323 ἢ¹
2873 3254 2965 3305 καὶ
2998 3251 3297 3322 άλαλήτους
3328 3256 3640 3322 ἐπιφωνεῖν.
3670 3254 3707 3308 ἃ
3741 3254 3814 3324 μὴ
3833 3254 3933 3307 τοῦ

2363 3345 2739 3414 κτυπουμένου
2763 3346 2940 3414 ἀέρος,
2987 3344 3108 3414 μηδ’
3138 3344 3383 3412 ὀργάνων
3417 3346 3510 3397 ἐπὶ
3551 3346 3659 3397 τῶν
3691 3349 3933 3413 φωνούν-

2363 3454 2470 3490 των
2490 3452 2503 3465 ’
2532 3436 2644 3488 ἀλλ’
2674 3435 2971 3503 ἀφθεγξίας
2992 3437 3087 3503 τῆς
3110 3435 3275 3498 ἔνδον,
3295 3436 3389 3489 καὶ
3414 3436 3603 3499 λαλιᾶς
3624 3439 3935 3507 κρείττονος

2364 3528 2548 3599 ἄλλης,
2574 3524 2641 3598 ἦς
2678 3528 2773 3580 καὶ
2813 3528 2962 3596 μόνοι
3011 3523 3112 3579 οἷοί
3161 3526 3223 3578 τέ
3251 3526 3361 3597 (46)
3408 3528 3544 3578 εἰσιν
3570 3527 3933 3598 ἐπῃσθῆσθαι,

2366 3620 2413 3671 οἱ
2444 3618 2543 3680 τὰς
2575 3617 2852 3685 αἰσθήσεις
2903 3615 3177 3677 λείποντες
3205 3654 3220 3677 ,
3266 3616 3361 3666 καλ⁸
3388 3614 3579 3683 γυμνῷ
3610 3615 3687 3684 τῷ
3720 3614 3795 3684 νῷ
3825 3616 3935 3667 τῶν

2366 3709 2654 3778 θειοτέρων
2682 3707 2990 3776 δεδεγμένοι
3016 3703 3113 3773 τήν
3143 3705 3372 3774 μίμησιν
3390 3721 3404 3767 ;
3423 3704 3459 3757 ἃ.
3478 3704 3570 3756 καὶ
3597 3704 3673 3773 τῷ
3697 3706 3937 3775 Ζαχαρία

2366 3803 2423 3854 ἐν
2457 3798 2635 3868 ἐαυτῷ
2662 3798 2834 3866 δήπου
2878 3796 3315 3864 συναισθομένῳ,
3359 3794 3454 3846 καὶ
3490 3793 3607 3853 οἵας
3636 3794 3940 3862 τηνικαῦτα

2365 3893 2462 3959 τῆς
2489 3888 2899 3960 μεγαλοδωρεᾶς
2930 3887 3127 3954 ἠξίωτο
3152 3927 3166 3950 ,
3220 3884 3523 3955 ἀνομίλητα
3565 3881 3633 3955 ἦν
3680 3884 3819 3947 τέως
3868 3885 3941 3938 τὰ,

2369 3981 2506 4049 πρὸς
2546 3977 2788 4038 ἐκείνους
2842 3973 3022 4044 ἐαυτῷ
3079 3972 3502 4045 προσλαλοῦντι,
3536 3974 3630 4024 καὶ
3664 3973 3740 4042 μὴ
3772 3974 3938 4026 ἀκού.

2370 4086 2521 4122 σαντι
2546 4067 2707 4129 Θεοῦ,
2742 4060 2787 4133 ᾧ
2813 4067 2992 4120 πάντα
3024 4065 3266 4132 γνωστὰ,
3312 4066 3408 4118 καὶ
3439 4065 3507 4118 τὰ
3532 4064 3724 4133 ἄδηλα.

2450 4240 2603 4309 Ἐμοὶ
2642 4239 2697 4291 δέ
2723 4238 2818 4291 καὶ
2844 4237 2971 4290 ἄλλο
2996 4235 3208 4288 δίδωσιν
3235 4237 3433 4287 ἐννοεῖν
3465 4237 3497 4304 ἡ
3542 4234 3635 4287 τοῦ
3668 4236 3940 4304 Ζαχαρίου

2371 4329 2668 4401 παράδοξος
2699 4330 2875 4397 σιωπή
2899 4345 2912 4359 ο
2948 4327 3055 4379 οὐδ’
3078 4326 3209 4379 αὐτὸ
3241 4321 3393 4394 οἶμαι
3421 4326 3638 4377 ἔλαττον
3660 4323 3753 4375 τοῦ
3802 4340 3939 4393 προ-

703 4432 885 4501 priore
904 4431 1163 4501 mysterio
1187 4432 1387 4495 minus,
1424 4447 1601 4500 neque
1621 4432 1914 4488 mediocris
1941 4436 2126 4503 gratia:
2156 4436 2271 4504 ple-

2331 4433 2345 4480 )
2369 4421 2548 4490 τέρου,
2577 4420 2682 4471 οὐδ’
2715 4418 2901 4486 ὀλίγης
2928 4415 3191 4484 τυγχάνον
3214 4414 3314 4483 τῆς
3340 4416 3559 4483 χάριτος
3585 4431 3599 4445 ’
3645 4413 3759 4504 ἕ-στι
3784 4414 3828 4465 δ’
3863 4414 3940 4476 ὡς

704 4538 833 4576 num
871 4522 1140 4575 existimo.
1168 4522 1245 4575 Ita
1280 4537 1443 4590 porro
1470 4562 1483 4584 ,
1522 4532 1583 4576 ut
1624 4523 1813 4591 paucis
1851 4524 2051 4586 dicam,
2087 4541 2145 4580 se
2177 4540 2265 4579 res

707 4614 904 4678 habet;
930 4630 1053 4667 cum
1092 4614 1181 4666 ille
1213 4613 1467 4667 sacerdos
1497 4613 1721 4667 vixisset
1752 4614 1807 4667 in
1834 4616 2004 4669 veteri
2038 4615 2181 4684 lege.
2211 4628 2267 4672 et

705 4705 937 4759 Aaronis
972 4703 1274 4757 sacerdotio
1308 4706 1325 4721 ‘
1358 4702 1548 4756 fuisset
1599 4712 1842 4767 ornatus,
1885 4713 1939 4758 et
1977 4715 2268 4775 utrumque

710 4798 813 4870 (lex
847 4811 1041 4865 nempe
1071 4804 1126 4849 et
1157 4792 1543 4863 sacerdotium)
1591 4810 1698 4848 non
1733 4795 1959 4849 deberet
1985 4811 2092 4849 non
2121 4797 2268 4851 desi-

709 4903 859 4945 nere,
884 4886 1186 4953 futuraeque
1204 4885 1386 4954 gratia:
1414 4884 1607 4939 cedere
1634 4903 1648 4950 ;
1694 4885 1978 4955 utriusque
2004 4890 2269 4943 cessatio-

710 4993 854 5038 nem,
904 4984 1114 5028 mutum
1158 4974 1453 5036 silentium,
1495 4990 1598 5027 vox
1635 4975 1955 5042 tempestive
1992 4978 2266 5041 restituta,

713 5074 1115 5122 ittucescentem
1152 5066 1408 5135 gratiam,
1457 5074 1510 5119 et
1558 5080 1681 5118 cum
1718 5066 1942 5119 Joannis
1986 5068 2269 5122 nativitate

711 5155 1088 5209 advenientem
1122 5161 1475 5223 repraesentat
1502 5170 1514 5205 :
1541 5169 1644 5221 qua
1670 5155 1842 5223 gratia
1870 5169 2060 5208 verum
2091 5171 2271 5210 sacer-

712 5249 942 5307 dotium,
978 5263 1087 5300 non
1118 5263 1217 5315 per
1251 5245 1473 5300 umbras
1508 5260 1571 5298 ac
1606 5244 1824 5313 ﬁguras,
1876 5246 1969 5300 sed
2002 5254 2189 5315 aperte
2219 5253 2276 5298 et

715 5339 911 5407 palam,
946 5351 1070 5389 cum
1109 5336 1175 5388 iis
1202 5349 1322 5404 quae
1346 5341 1500 5387 erant
1532 5334 1776 5387 involuta
1799 5333 2018 5387 silentio
2046 5332 2276 5386 demon-

715 5438 945 5495 stratur;
985 5429 1181 5481 horum
1227 5424 1389 5481 ﬁnem
1428 5442 1552 5481 cum
1586 5426 1913 5495 prmvideret
1953 5425 2249 5479 Zacharias

2372 4517 2429 4567 ἐν
2457 4513 2622 4581 ὀλίγῳ
2650 4510 2805 4563 τοῦτο
2835 4511 3007 4562 εἰπεῖν
3030 4527 3042 4540 ·
3066 4509 3253 4577 ἐπειδὴ
3283 4510 3389 4575 γὰρ
3415 4511 3441 4560 ό
3468 4507 3608 4575 ἱερὸς
3629 4500 3782 4568 οὗτος
3800 4506 3942 4575 ἀνὴρ

2373 4606 2521 4673 νόμῳ
2554 4600 2864 4654 συνεϐιοῦτο
2904 4598 3135 4668 παλαιῷ,
3176 4600 3269 4651 καὶ
3294 4598 3557 4667 ἱερωσύνῃ
3588 4596 3843 4665 τετίμητο
3870 4600 3941 4663 τῇ

2376 4695 2517 4750 κατὰ
2543 4694 2634 4747 τὸν
2671 4690 2901 4761 Ἀαρὼν,
2936 4690 3157 4760 ἔμελλον
3194 4688 3238 4740 δ’
3266 4690 3388 4741 ὅσον
3414 4687 3566 4740 οὔπω
3609 4688 3704 4739 καὶ
3732 4687 3943 4738 πεπαῦ-

2379 4786 2501 4839 σθαι
2536 4784 2843 4854 ἀμφότερα,
2866 4784 2961 4835 καὶ
2990 4785 3056 4852 τῇ
3096 4781 3363 4851 μελλούσῃ
3404 4781 3567 4845 εἴξειν
3602 4779 3803 4849 χάριτι,
3839 4779 3943 4847 τὴν

2379 4877 2586 4930 παῦλαν
2637 4874 2909 4944 ἑκατέρων
2959 4875 2993 4943 ἡ
3029 4872 3177 4925 τοῦδε
3207 4874 3532 4941 παρίστησιν
3579 4871 3868 4939 άφθεγξία,
3907 4874 3944 4941 ἢ

2378 4974 2470 5024 καὶ
2508 4968 2649 5022 κατὰ
2682 4968 2870 5038 καιρὸν
2902 4968 3085 5021 λέλυτο
3111 4967 3270 5020 πάλιν
3300 4966 3398 5035 τῆς
3426 4965 3667 5034 χάριτος,
3687 4964 3787 5032 ήδη
3812 4964 3944 5015 ἀνα-

2378 5061 2660 5130 φανείσης,
2688 5060 2780 5112 καὶ
2816 5061 2881 5129 τῇ
2914 5058 3008 5110 τοῦ
3065 5058 3308 5111 Ἰωάννου
3353 5056 3601 5124 γεννήσει
3648 5054 3946 5124 συνεκδρα-

2381 5152 2606 5222 μοὺσης,
2642 5150 2758 5220 μεθ’
2782 5149 2895 5219 ἅμα
2924 5148 3017 5202 καὶ
3043 5151 3140 5219 τῆς
3165 5146 3395 5217 ἀληθοῦς
3423 5146 3740 5217 ἱερωσύνης,
3758 5145 3944 5197 οὐκέτι

2375 5243 2449 5305 ὡς
2487 5241 2548 5293 τὸ
2588 5241 2716 5311 πρὶν
2767 5238 3007 5301 σκιωδῶς
3041 5239 3073 5309 ἡ
3120 5236 3386 5301 τυπικῶς,
3431 5236 3545 5289 ἀλλ’
3571 5235 3819 5303 ἐκφανῶς
3849 5238 3948 5289 καὶ
3980 5250 3991 5260 ·

2376 5331 2585 5402 τρανῶς
2613 5332 2681 5384 τὰ
2712 5328 3045 5400 σεσιγημένα
3071 5327 3361 5399 δηλούσης·
3395 5320 3469 5379 ὧν
3491 5326 3584 5380 καὶ
3611 5325 3948 5401 όνΖαχαρίας

2376 5423 2474 5492 τὴν
2508 5422 2727 5477 ἔκϐασιν
2760 5422 2928 5493 δήπου
2960 5420 3299 5491 αἰσθόμενος,
3330 5419 3389 5472 οὐ
3440 5414 3825 5489 μυστηριωδῶς
3850 5416 3949 5468 οὐ-

1980 5576 2211 5631 νΑΒΙΛΞ
2256 5574 2661 5631 LECTIONES.

786 5715 834 5747 ⁵⁵
850 5714 1161 5786 Legendum
1194 5715 1412 5770 videtur
1450 5714 1778 5768 ὲναποθεῖτο.
1854 5715 1899 5744 ⁸⁸
1922 5712 2067 5766 Edit.
2112 5710 2284 5780 prior,
2319 5712 2365 5762 οἱ
2401 5710 2534 5765 οἵτε.
