4208 6440
223 344 284 407 ιιι
1288 314 1293 318 “
1350 330 1794 391 AUCTARIUM

1894 354 1923 365 -
1957 330 2057 390 ΑΙ)
2094 330 2269 391 TOM.
2312 333 2405 392 IV.
3413 333 3483 396 (2

222 444 306 495 δὲν
343 442 551 512 ἑαυτῷ,
579 444 697 496 ἀλλ’
728 444 999 514 ἁριδήλως
1035 444 1127 496 καὶ
1157 442 1374 516 γλώσσῃ
1408 445 1555 515 ξένῃ.
1587 445 1681 498 καὶ
1704 444 1795 497 λα-

1903 458 2013 497 non
2060 443 2299 499 obscure
2345 458 2553 507 secum,
2589 443 2686 498 sed
2737 443 2884 498 clare
2920 459 3061 498 nova
3096 453 3160 499 et
3199 444 3482 515 eloquenti

222 534 468 603 λιστέρα.
491 535 658 588 ὁπότε
686 536 784 588 καὶ
812 537 978 605 ἐχρῆν
997 541 1066 590 τὰ
1098 534 1376 605 παράδοξα
1411 536 1799 604 ἀνεφθέγξατο,

219 624 671 694 δηλῶνέντεῦθεν
695 630 778 681 ὅτι
806 629 868 680 οὐ
892 631 1050 700 σιγᾷν
1074 629 1172 691 δεῖ,
1196 628 1307 682 οὐδ’
1329 630 1388 681 ἐν
1412 628 1650 690 διανοίας
1669 628 1803 698 κρύ-

220 732 373 770 πτειν
408 721 607 787 μυχοῖς
629 719 765 773 Θεοῦ
788 722 1112 790 παρουσίαν,
1140 721 1236 774 καὶ
1251 720 1350 791 τὴν
1372 722 1459 783 είς
1478 719 1802 790 ἀνθρώπους

218 808 382 861 αὐτοῦ
424 810 726 880 ἐπιδημίαν
754 812 846 865 καὶ
873 812 1096 866 κάθοδον
1116 829 1132 845 ο
1162 812 1301 866 ἀλλὰ
1324 811 1495 865 ταῦτα
1523 811 1620 881 μὲν
1643 811 1801 865 ὕστε-

219 918 309 971 ρον
325 918 340 933 ’
372 902 463 953 ὅτε
485 902 581 954 καὶ
604 903 705 973 τὴν
734 904 976 972 ἀφωνίαν
998 903 1386 967 ἁποδάλλεται,
1412 904 1507 959 καὶ
1528 904 1596 958 τὰ
1629 904 1802 974 ὑπερ⁴

219 992 323 1061 φυῆ
362 994 525 1046 ταυτὶ
557 994 855 1062 φθέγγεται
877 1035 891 1059 ,
928 995 1081 1058 τέλος
1111 996 1155 1027 ⁵⁷
1178 996 1236 1049 δέ
1275 995 1374 1065 τῆς
1404 997 1615 1066 σιωπῆς
1650 994 1801 1063 γίνε-

215 1099 303 1135 ται
329 1122 345 1147 ,
382 1086 453 1153 ἣν
478 1084 911 1157 ἐπικαιροτάτην
939 1085 1119 1155 ἐαυτῷ
1159 1086 1274 1157 ᾔδει
1297 1103 1310 1116 ’
1351 1087 1446 1138 καὶ
1481 1088 1592 1149 τοῖς
1625 1086 1803 1156 πράγ-

218 1189 349 1242 μασι
402 1172 609 1245 δηλαδή
669 1176 980 1247 πρόσφορον
1030 1171 1138 1228 εἶδε
1176 1175 1244 1228 ⁸⁸.
1294 1175 1403 1228 Καὶ
1453 1174 1602 1229 ἄλλοι
1657 1174 1802 1238 τινὲς

218 1260 324 1317 εἷεν
367 1268 419 1317 οἱ
454 1267 585 1336 περὶ
615 1267 717 1336 τῆς
748 1268 916 1321 αὐτοῦ
962 1270 1005 1301 ⁸⁸
1046 1268 1257 1337 σιωπῆς
1300 1267 1469 1335 λόγοι,
1522 1266 1681 1320 ῐδοιεν
1734 1267 1801 1320 ἂν

218 1357 264 1407 οἱ
288 1355 400 1407 τῶν
437 1356 706 1425 μειζόνων
744 1359 979 1412 ἐπόπται
1010 1361 1103 1413 καὶ
1127 1359 1348 1427 μύσται,
1376 1358 1471 1411 καὶ
1503 1354 1585 1422 οἷς
1617 1360 1645 1411 ὁ
1674 1356 1799 1421 νοῦς

217 1445 697 1517 διαδατικώτερος,
737 1449 861 1519 ἐμοὶ
881 1449 924 1502 δ’
952 1450 981 1503 ὁ
1014 1448 1172 1516 λόγος
1194 1447 1401 1517 ἐχέσθω
1440 1445 1687 1517 ὕστερον.

278 1537 351 1589 Τὸ
375 1538 471 1589 ἀπ’
493 1539 708 1593 ἐκείνου
738 1540 920 1593 τοίνυν
950 1540 1168 1610 καιροῦ,
1200 1540 1295 1591 καὶ
1327 1542 1358 1608 ή
1399 1536 1700 1601 Ἐλισάδετ,
1720 1537 1796 1600 ὡς

215 1629 384 1680 ἅπασι
414 1628 599 1699 δῆλον,
636 1631 974 1685 συλλαϐοῦσα
1011 1632 1104 1684 τὸν
1159 1632 1413 1701 Ἰωάννην
1434 1672 1447 1694 ,
1480 1630 1584 1699 τήν
1611 1645 1672 1681 τε
1696 1645 1797 1697 γα-

214 1718 373 1787 στέρα
406 1719 550 1787 πρὸς
576 1719 743 1787 δγκον
783 1719 929 1790 ἐώρα
951 1719 1416 1791 ἐξαιρο[υ]μένην,
1456 1722 1550 1773 καὶ
1580 1723 1638 1773 ἐν
1666 1719 1798 1773 θαύ-

1903 535 2109 605 lingua,
2155 549 2283 588 cum
2318 548 2457 604 opus
2481 544 2663 600 esset,
2714 534 3061 590 incredibilia
3096 536 3314 591 locutus
3343 545 3431 592 est
3462 554 3478 591 :

1905 628 2035 683 hinc
2068 628 2353 683 declamas
2386 642 2499 681 non
2533 627 2841 692 tacendam,
2878 642 3059 697 neque
3094 628 3153 682 in
3188 628 3355 683 animi
3386 644 3482 698 pc-

1902 717 2207 773 netralibus
2237 718 2630 773 recludendam
2661 720 2904 775 esse'Dei
2936 720 3306 790 praesentiam,
3335 710 3482 793 ejus-

1902 824 2009 879 que
2042 810 2110 863 ad
2147 810 2397 865 homines
2441 825 2724 865 accessum
2770 819 2827 865 et
2860 811 3181 866 adventum.
3218 811 3325 867 Sed
3366 813 3482 868 haec

1902 898 2122 967 quidem
2158 908 2367 969 postea,
2409 915 2535 955 cum
2574 899 2789 970 abjeota
2820 901 3201 956 taciturnitate
3242 901 3481 956 admira-

1902 990 2033 1045 bilia
2065 991 2157 1045 ille
2193 992 2459 1061 loquitur,
2489 991 2616 1046 finis
2634 1000 2835 1046 autem
2877 993 3170 1061 impositus
3196 1002 3290 1048 est
3312 994 3479 1049 silen-

1901 1084 2000 1148 tio,
2023 1084 2172 1154 quod
2198 1084 2304 1139 sibi
2330 1084 2573 1140 maxime
2596 1085 3008 1154 tempestivum,
3025 1101 3098 1141 ac
3132 1086 3298 1141 rebus
3325 1101 3482 1141 com—

1900 1174 2126 1228 modum
2157 1182 2404 1229 noverat.
2427 1174 2547 1227 Alia
2571 1188 2790 1244 quoque
2808 1173 2885 1228 .de
2912 1173 3020 1228 hoc
3044 1174 3267 1230 siientio
3292 1188 3483 1232 essent

1900 1265 2155 1329 dicenda,
2188 1266 2282 1319 sed
2306 1266 2548 1319 viderint
2582 1267 2658 1320 illi
2686 1267 2955 1336 majorum
2984 1268 3372 1337 mysteriorum
3396 1268 3482 1321 in-

1899 1367 2203 1427 spectares,
2245 1365 2302 1412 et
2334 1358 2537 1427 quibus
2559 1366 2644 1412 est
2682 1374 2838 1413 mens
2877 1359 3294 1428 penetrantior‘;
3342 1360 3478 1414 mihi

1899 1466 2033 1506 vero
2065 1466 2247 1506 sermo
2274 1452 2509 1505 ulterius
2532 1451 2816 1520 procedat.

1968 1543 2051 1596 Ex
2070 1557 2139 1597 eo
2168 1550 2418 1611 tempore
2450 1540 2766 1597 Elisabetba
2793 1542 3058 1596 Joannem
3080 1583 3095 1607 ,
3120 1552 3191 1596 ut
3220 1543 3480 1597 omnibus

1897 1632 2092 1700 liquet,
2121 1631 2394 1701 concepit,
2430 1632 2615 1685 alvum
2652 1631 2876 1685 videbat
2908 1631 3388 1697 intumescentem,
3421 1643 3479 1688 et

1900 1720 1957 1774 in
1979 1735 2046 1774 eo
2071 1721 2337 1773 miraculo
2365 1735 2649 1789 nunquam
2675 1735 2785 1773 non
2814 1722 3176 1789 expendebat,
3201 1722 3310 1791 92
3335 1738 3476 1792 quo-

215 1825 337 1876 ματι
357 1808 420 1861 τὸ
441 1809 568 1861 κατ’
590 1811 759 1880 αὐτὴν
779 1812 880 1863 οὑκ
902 1809 1063 1879 ἔληγε
1094 1811 1389 1879 ποιουμένη
1410 1810 1526 1873 πῶς
1550 1812 1582 1882 ή
1607 1810 1795 1878 ἄγονος

1898 1810 2062 1865 modo
2088 1811 2391 1865 liberorum
2433 1826 2632 1880 expers
2659 1826 2724 1866 ac
2759 1827 2887 1865 vere
2926 1812 3130 1866 sterilis
3162 1813 3228 1866 ad
3257 1823 3477 1883 partum

214 1900 301 1950 καὶ
324 1900 574 1969 ἀτεχνῶς
601 1903 790 1969 στεῖρα
819 1901 956 1971 πρὸς
987 1901 1149 1972 γονὴν
1198 1901 1470 1972 άνήόησεν
1511 1903 1613 1972 ήδη
1638 1920 1650 1932 ·
1699 1902 1793 1955 καὶ

215 1990 405 2057 μαστοὶ
431 1992 484 2043 οἱ
516 1990 819 2061 κατάξηροι
850 1994 1043 2063 κομιδῇ
1079 1992 1222 2061 γάλα
1242 1994 1501 2046 άνέδοσαν
1534 1993 1670 2065 πρὸς
1694 1993 1792 2062 θη-

212 2082 325 2152 λήν,
390 2083 495 2134 οὐκ
550 2083 889 2153 ἐπιχαρίτως
940 2083 1121 2153 μόνον,
1154 2083 1291 2137 ἀλλὰ
1326 2085 1420 2137 καὶ
1458 2084 1695 2154 ήδίστως
1726 2086 1792 2154 τῇ

212 2174 474 2245 παρήλικι
507 2176 912 2246 ἐμφαινόμενα,
936 2170 1018 2238 οἷς
1044 2176 1136 2228 καὶ
1176 2176 1308 2228 Θεὸν
1343 2174 1668 2246 ἐμεγάλυνε,
1705 2175 1795 2228 τὸν

216 2267 367 2334 μόνον
397 2268 630 2321 δυνατὸν
659 2268 728 2321 τὰ
752 2266 893 2320 οὕτω
930 2268 1145 2337 μεγάλα
1173 2272 1579 2340 τερατουργεῖν.

289 2358 444 2411 Ἐπεὶ
476 2360 535 2411 δὲ
576 2360 782 2429 ταύτην
811 2360 903 2413 καὶ
932 2360 1087 2424 ἕκτος
1123 2360 1308 2430 μηνῶν
1334 2361 1434 2429 τῆς
1480 2359 1794 2431 συλλήψεως

214 2446 383 2520 εἶχεν,
424 2454 460 2521 ή
506 2451 602 2504 τοῦ
658 2452 862 2522 Κυρίου
909 2453 1093 2523 μήτηρ
1137 2453 1280 2505 οὕτω
1318 2452 1517 2521 δεῆσαν
1563 2452 1609 2483 ⁸⁰
1658 2453 1793 2522 πρὸς

212 2542 303 2611 τὴν
332 2543 555 2610 ἐκείνης
600 2542 908 2609 ἀφικνεῖται
950 2542 1163 2595 οἰκίαν·
1209 2536 1298 2595 οἷα
1338 2542 1575 2608 ὑπόγυον
1610 2543 1654 2574 ⁵¹
1699 2543 1794 2595 καὶ

214 2633 341 2703 αὑτὴ
382 2634 479 2686 τον
521 2632 661 2702 πρὸς
702 2631 797 2685 τοῦ
837 2631 1070 2700 ἀγγέλου
1115 2632 1405 2702 ἀσπασμὸν
1456 2631 1655 2701 ἔχουσα
1698 2633 1793 2685 καὶ

212 2724 337 2777 Θεοῦ
366 2725 464 2776 τοῦ
490 2725 775 2794 ἀχωρήτου
805 2726 863 2777 ἐν
894 2722 1047 2794 νηδύϊ
1085 2724 1385 2793 εἰσοίκησιν
1409 2762 1425 2786 ,
1470 2719 1538 2795 ἦς
1569 2724 1665 2777 καὶ
1691 2722 1791 2792 τήν

214 2818 513 2887 παρουσίαν
560 2818 619 2868 ἐν
686 2815 862 2886 κοιλίᾳ
920 2815 1123 2885 ταύτης
1180 2815 1503 2884 αἰσθόμενος
1560 2814 1716 2882 γόνος
1744 2813 1791 2843 ⁸³

214 2909 404 2978 σκιρτᾷ
431 2907 584 2960 ἔνδον
618 2907 725 2960 τῶν
760 2907 1031 2979 μητρῴων
1066 2906 1348 2977 θαλάμων,
1377 2905 1474 2975 ήδύ
1498 2923 1550 2958 τι
1585 2904 1791 2959 ἐκεῖθεν

214 3002 634 3070 καὶὰπὸρρητον
669 2998 1007 3070 προμηνύει,
1052 2998 1235 3051 δίδωσι
1266 2997 1579 3068 παραυτίκα
1621 2996 1789 3065 φθέγ-

214 3093 399 3156 ξασθαι
447 3093 549 3162 τὴν
601 3091 816 3162 μητέρα
849 3091 910 3144 οὐ
954 3092 1141 3160 κοινήν
1174 3108 1295 3143 τινα
1334 3090 1431 3157 ,καὶ
1471 3089 1588 3142 οἵαν
1626 3090 1789 3159 φθέγ-

215 3151 351 3248 ξαιτο
378 3185 445 3237 ἄν
468 3151 549 3246 τις
582 3151 846 3253 φθογγήν.
871 3182 1060 3236 Καίτοι
1086 3151 1281 3253 μικρὸν
1308 3152 1428 3235 οὐδὲ
1456 3151 1788 3247 τοῦτοίάλλὰ
1814 3151 1857 3210 C

216 3278 398 3347 καινὴν
430 3276 702 3340 ἐκτόπως,
739 3277 833 3328 καὶ
860 3274 1173 3344 θειοτέραν,
1221 3276 1314 3328 καὶ
1340 3274 1407 3345 ἣν
1448 3272 1595 3338 ἄξιος
1629 3276 1789 3344 μόνος

214 3374 408 3433 ἐκεῖνος
438 3371 667 3440 ἡχῆσαι,
696 3369 725 3420 6
754 3368 849 3421 καὶ
892 3370 1051 3438 μόνος
1082 3368 1341 3437 χωρήσας
1375 3368 1481 3439 πρὸ
1524 3367 1631 3421 τῶν
1667 3367 1791 3420 ὠδί-

213 3481 307 3515 νων
335 3463 406 3515 τὰ
438 3462 700 3533 ὑπερφυῆ
738 3462 832 3515 καὶ
864 3458 1362 3529 θεοληπτικώτατα.

274 3555 509 3625 Μητέρα
572 3554 681 3625 γὰρ
734 3553 940 3624 Κυρίου
997 3555 1030 3623 ή
1082 3552 1362 3604 Ἐλισὰὅετ
1419 3554 1518 3624 τὴν
1579 3556 1712 3623 πρδς
1744 3554 1789 3587 u

212 3648 369 3717 αὐτὴν
397 3648 647 3717 ἥκουσαν
669 3645 878 3708 λευκῶς
915 3646 1305 3716 προαγγέλλει·
1331 3644 1483 3697 οὔπω
1523 3646 1582 3698 τὸ
1613 3648 1789 3717 παρά-

212 3738 346 3802 δοξόν
391 3754 543 3789 τισιν
588 3736 967 3805 ἐγνωσμένον·
1010 3738 1103 3789 καὶ
1145 3737 1442 3806 εὐφημίαις
1494 3738 1788 3806 μακαρίζει

210 3832 296 3900 τὴν
322 3830 401 3892 ὡς
430 3828 653 3896 ἀληθῶς
677 3829 978 3898 μακαρίαν,
1000 3827 1094 3879 καὶ
1113 3826 1300 3890 ἄλλαις
1321 3829 1544 3898 ρήσεσιν
1569 3830 1792 3897 ἐξυμνεί

209 3920 535 3990 κρείττοσιν,
576 3914 640 3988 ἧς
698 3918 792 3969 κα)⁵
816 3916 913 3986 τὴν
946 3915 1129 3983 ἄφιξιν
1182 3916 1322 3986 ὑπὲρ
1352 3916 1551 3986 ἑαυτὴν
1587 3917 1787 3986 δηλαδὴ

206 4012 437 4081 τίθησιν,
468 4009 642 4073 οὕτως
667 4008 897 4079 ἐχούσης
918 4009 987 4061 τὰ
1011 4010 1301 4079 νικητήρια
1324 4008 1463 4061 κατὰ
1485 4009 1687 4078 πάσης,
1713 4008 1788 4071 ὡς

204 4106 396 4165 εἰπεῖν,
432 4102 672 4169 φύσεως.
731 4100 892 4153 Ἀλλὰ
923 4100 1142 4167 γλῶσσα
1201 4099 1301 4169 μὲν
1339 4102 1440 4169 τῆς
1502 4099 1784 4152 Ἐλισάὸετ

206 4196 385 4264 ἐκείνη
429 4193 699 4262 ἐτύγχανε
722 4236 736 4259 ,
777 4193 873 4245 τοῦ
904 4193 949 4245 δ’
975 4195 1033 4245 ἐν
1061 4194 1260 4263 γαστρὶ
1300 4192 1601 4261 φερομένου
1629 4193 1723 4245 καὶ
1751 4196 1782 4263 ὴ

204 4287 437 4358 δήλωσις
466 4286 726 4355 μάλιστα,
756 4284 848 4339 καὶ
885 4286 919 4354 ή
959 4284 1297 4354 πρνὶρῤησις,
1353 4283 1446 4335 καὶ
1485 4284 1519 4353 ή
1560 4282 1695 4352 ἄλλη
1730 4283 1788 4335 ἐν

203 4380 409 4441 τούτοις
432 4380 575 4448 ὑπὲρ
605 4377 910 4447 κατάληψιν
945 4375 1228 4444 ἕκφανσις.

1891 1903 2252 1973 juvenescere
2294 1903 2578 1971 coepisset,
2623 1910 2680 1957 et
2719 1903 2887 1957 ubera
2932 1918 3159 1972 prorsus
3193 1905 3348 1961 arida
3393 1907 3479 1962 lac

1897 1993 2209 2051 sufficerent
2246 1995 2302 2048 in
2330 1996 2566 2064 papillis.
2616 1995 2741 2051 Haec
2768 2010 2878 2050 non
2910 1997 2977 2050 ad
3007 1997 3234 2066 gratiam
3275 2000 3473 2065 solum,

1896 2087 1991 2141 sed
2015 2086 2181 2140 etiam
2206 2085 2275 2140 ad
2299 2100 2565 2139 summam
2583 2086 2983 2155 jucunditatem
3002 2087 3055 2141 in
3079 2089 3311 2144 muliere
3324 2090 3478 2145 senio

1897 2178 2143 2234 confecta
2184 2185 2594 2248 apparuerunt,
2640 2178 2786 2233 unde
2830 2187 2884 2233 et
2928 2182 3101 2238 Deum
3144 2182 3475 2247 extollebat,

1896 2270 1989 2340 qui
2014 2279 2198 2339 posset
2236 2286 2379 2325 unus
2403 2278 2552 2323 tanta
2586 2270 2833 2341 prodigia
2857 2271 3093 2326 efﬁcere.

1963 2361 2101 2415 Cum
2119 2371 2301 2416 autem
2327 2369 2542 2415 sextum
2567 2378 2596 2415 a
2621 2370 2888 2431 conceptu
2915 2377 3159 2416 mensem
3183 2363 3475 2433 attigisset,

1895 2465 2017 2503 eam
2050 2449 2267 2504 Domini
2296 2459 2493 2513 mater,
2528 2459 2587 2504 ut
2626 2453 2933 2520 (cognatam
2972 2448 3050 2520 et)
3084 2449 3244 2503 enixe
3278 2449 3477 2519 depre—

1896 2552 2134 2607 cantem,
2163 2543 2309 2598 domi
2348 2560 2461 2599 suae
2500 2544 2709 2608 invisit,
2747 2559 2944 2613 nempe
2983 2544 3149 2613 paulo
3182 2552 3474 2614 postquam

1896 2634 1967 2689 ab
2000 2635 2195 2705 angelo
2226 2634 2460 2688 salutata
2489 2634 2661 2688 Deum
2705 2634 3035 2689 immensum
3077 2644 3239 2688 utero
3272 2649 3477 2691 conce-

1894 2725 2091 2794 pisset,
2120 2725 2280 2795 cujus
2312 2728 2659 2794 praesentiam
2690 2725 2870 2780 infans
2912 2741 3038 2780 cum
3064 2724 3119 2778 in
3148 2735 3341 2780 ventre
3366 2727 3477 2781 Eli-

1896 2817 2141 2872 sabethaa
2169 2819 2501 2888 perciperet,
2531 2818 2589 2872 in
2627 2818 2892 2872 maternis
2923 2816 3231 2872 visceribus
3270 2820 3473 2885 exsilit,

1892 2918 1950 2966 et
1989 2910 2119 2966 hinc
2150 2911 2458 2981 jucundum
2491 2910 2749 2980 quiddam
2791 2925 2855 2965 ac
2901 2909 3179 2965 ineffabile
3219 2926 3478 2980 praenun-

1896 3005 2040 3059 tians
2064 3003 2157 3057 dat
2185 3004 2347 3057 matri
2382 3004 2647 3058 continuo
2680 3019 2803 3072 qua:
2832 3003 3112 3072 loquatur,
3148 3019 3261 3058 non
3292 3011 3476 3062 tamen

1900 3096 2180 3150 communi
2199 3110 2351 3159 voce,
2386 3095 2564 3164 qualis
2590 3095 2729 3149 solet
2751 3094 3028 3163 usurpari.
3054 3094 3242 3164 Neque
3262 3111 3392 3149 vero
3418 3096 3475 3150 id

1896 3188 2018 3242 leve
2049 3195 2151 3251 est,
2178 3202 2307 3242 cum
2334 3186 2535 3240 mirum
2565 3186 2621 3239 in
2654 3185 2878 3240 modum
2908 3201 3099 3240 vocem
3128 3186 3334 3240 tribuat
3359 3201 3478 3240 oln-

1892 3279 2025 3332 nino
2050 3294 2268 3343 novant,
2301 3279 2600 3342 caelestem,
2633 3285 2688 3331 et
2709 3292 2871 3346 quam
2902 3293 3047 3332 unus
3076 3277 3191 3346 ipse
3225 3277 3472 3346 proferre

1892 3380 2194 3434 mercatur,
2231 3370 2323 3438 qui
2368 3377 2495 3423 ante
2524 3368 2717 3422 matris
2756 3377 2970 3438 partum
3014 3367 3268 3423 sublimia
3303 3376 3361 3423 et
3392 3368 3476 3422 di-

1890 3463 2016 3516 vina
2044 3462 2349 3532 intelligere
2372 3461 2563 3515 valuit.

1962 3555 2188 3608 Matrem
2227 3555 2375 3609 enim
2412 3553 2629 3606 Domini
2672 3552 2989 3608 Elisabetba
3035 3551 3103 3606 ad
3156 3568 3213 3606 se
3248 3553 3475 3606 venien-

1892 3658 2002 3702 tem
2030 3652 2045 3667 ‘
2072 3655 2262 3715 aperte
2290 3645 2634 3715 pronuntiat,
2665 3662 2788 3700 cum
2813 3646 3021 3699 nemini
3054 3643 3236 3698 adhuc
3260 3659 3346 3698 res
3368 3644 3473 3698 mi-

1893 3738 2078 3792 rabilis
2124 3744 2271 3791 esset
2325 3737 2565 3806 cognita,
2624 3737 2886 3790 laudibus
2929 3737 3145 3791 beatam
3191 3734 3473 3804 praxdicat,

1891 3845 2013 3899 quas
2038 3844 2165 3883 vere
2187 3829 2347 3882 beata
2378 3838 2518 3891 erat,
2551 3827 2778 3896 aliisque
2803 3827 3093 3896 praeconiis
3120 3826 3475 3880 excellentio-

1891 3922 2047 3975 ribus
2070 3936 2191 3975 eam
2215 3920 2448 3982 extollit,
2477 3920 2633 3989 cujus
2665 3920 2967 3973 adventum
2998 3917 3213 3971 meritis
3241 3917 3356 3971 suis
3384 3932 3476 3971 su-

1891 4012 2164 4081 periorem
2187 4019 2365 4080 putat,
2395 4009 2600 4079 quippe
2640 4025 2762 4079 qua:
2792 4009 2860 4062 de
2893 4016 3024 4069 tota,
3063 4015 3123 4060 ut
3148 4007 3223 4059 ita
3257 4007 3473 4075 loquar,

1891 4114 2086 4158 natura
2133 4104 2588 4172 triumphaverat.
2639 4102 2847 4171 Lingua
2893 4101 3120 4171 quidem
3158 4100 3265 4153 fuit
3297 4099 3477 4154 Eliss-

1892 4198 2091 4261 bethaa,
2120 4196 2348 4251 Joannis
2371 4209 2504 4248 vero
2533 4203 2689 4248 utero
2718 4194 2960 4248 conclusi
2987 4192 3221 4247 maxime
3247 4191 3478 4246 demon-

1890 4286 2081 4339 stratio
2108 4285 2518 4354 pnedictioque,
2558 4292 2614 4337 et
2643 4282 3280 4352 incomprehensibilium
3321 4296 3476 4336 arca-

1891 4392 2088 4430 norum
2113 4376 2425 4446 patefactio.

272 4464 430 4538 Ἐγὼ
483 4469 542 4522 δὲ
570 4470 705 4529 τέως
745 4468 844 4537 τὴν
882 4466 1142 4537 σύλληψιν
1190 4466 1328 4536 ὑπὲρ
1368 4464 1574 4518 ἔννοιαν
1622 4466 1781 4536 ἔχων,

1957 4469 2061 4539 93
2075 4468 2211 4523 Cum
2228 4484 2355 4539 ergo
2371 4467 2791 4522 hactenushanc
2804 4469 3220 4538 conceptionem
3241 4483 3475 4524 censue—

203 4565 289 4617 καὶ
316 4565 423 4633 οὐχ
454 4558 565 4625 οἷος
600 4559 673 4613 ὢν
699 4560 759 4613 τὸ
796 4558 997 4629 ταύτης
1044 4560 1288 4628 ἀνευρεῖν
1320 4557 1523 4626 μεῖξον,
1551 4557 1645 4609 νῦν
1672 4557 1783 4609 ὦσ-

203 4675 300 4729 περ
333 4654 632 4724 ὁφειμένον
672 4670 724 4706 τι
766 4653 826 4704 τὸ
856 4653 975 4703 κατ’
1006 4650 1242 4719 ἐκείνην,
1295 4650 1389 4701 καὶ
1433 4650 1493 4701 οὐ
1531 4648 1785 4702 τοσοῦτον

204 4747 315 4817 ἕχον
359 4746 634 4817 μεγέθους
663 4743 751 4796 διὰ
789 4743 850 4794 τὸ
884 4742 1059 4811 παρόν
1105 4757 1194 4811 μοι
1241 4741 1406 4805 δοκεῖ,
1439 4740 1466 4792 ὃ
1510 4740 1650 4810 τάχα
1691 4739 1785 4794 καὶ

203 4841 350 4903 ἄλλος
376 4856 463 4901 τις
491 4837 676 4900 πάθοι,
711 4835 787 4905 τῷ
816 4832 1117 4905 τηλικούτῳ
1143 4832 1521 4893 κατασεισθεὶς
1550 4833 1646 4901 τὴν
1671 4831 1786 4885 διά-

204 4950 364 4986 νοιαν.
399 4930 467 4983 Τί
505 4930 613 4999 γὰρ
642 4928 706 4982 ἂν
744 4928 837 4982 καὶ
865 4929 942 4992 είς
985 4925 1287 4997 ὑπερὸολήν
1329 4925 1406 4994 τῷ
1433 4924 1656 4996 τοιούτῳ
1699 4926 1785 4993 ἐξ-

208 5022 423 5092 ισωθείη
445 5040 459 5088 ;
483 5022 690 5092 Βρέφος
717 5020 1065 5091 ἐγγαστριον,
1098 5016 1295 5087 βρέφος
1325 5016 1779 5087 άτελεσφόρητον,

207 5116 401 5187 βρέφος
429 5114 595 5167 ἀκατέ
607 5128 834 5182 ργαστον
854 5111 1070 5181 κομιδῇ,
1105 5112 1268 5180 μήπω
1288 5108 1499 5162 τελείαν
1521 5108 1617 5178 τὴν
1643 5109 1782 5179 σύμ-

208 5210 364 5283 πηξιν
413 5207 635 5274 εἰληφὸς
677 5208 743 5273 ⁸⁸,
795 5208 961 5278 μήπω
1004 5205 1103 5268 τὰς
1153 5204 1436 5273 αἰσθήσεις
1479 5203 1599 5273 ἕχον
1646 5204 1782 5274 πρός

207 5318 253 5357 τι
298 5301 472 5369 σαφὲς
528 5301 875 5371 ἐγνωσμένας
907 5339 922 5363 ,
979 5298 1057 5351 ἔτι
1105 5296 1493 5366 διακεχυμένον
1560 5296 1617 5350 ἐν
1669 5298 1782 5359 τοῖς

1892 4561 1995 4613 rim
2027 4560 2355 4629 cogitatione
2391 4560 2757 4629 superiorem,
2787 4576 2888 4614 nec
2923 4561 3198 4628 potuerim
3223 4561 3475 4616 invenire

1892 4653 2193 4723 quidquam
2224 4653 2340 4722 ipsa
2388 4652 2585 4721 majus,
2627 4665 2776 4704 nunc
2799 4650 2943 4719 quod
2979 4650 3045 4704 de
3095 4650 3211 4720 ipsa
3266 4650 3471 4705 dictum

1893 4751 1997 4807 est,
2025 4742 2325 4795 demissum
2355 4750 2409 4795 et
2444 4742 2621 4811 impar
2665 4742 2940 4805 existimo,
2969 4751 3197 4811 propter
3237 4742 3290 4796 id
3325 4742 3473 4811 quod

1899 4850 2139 4905 praesens
2171 4842 2275 4898 est,
2309 4834 2456 4903 quod
2489 4834 2720 4889 fortasse
2753 4836 2919 4889 etiam
2962 4835 3146 4903 quivis
3171 4834 3312 4888 alius
3356 4834 3475 4888 ani«

1892 4941 2039 4979 mum
2073 4924 2176 4979 sibi
2216 4925 2458 4979 inducat.
2485 4924 2626 4991 Quid
2660 4927 2806 4979 enim
2844 4942 2968 4980 cum
3018 4927 3183 4997 hujus
3220 4928 3471 4982 miraculi

1888 5017 2207 5087 praestantia
2236 5017 2624 5085 comparetur?
2648 5016 2827 5072 infans
2854 5018 2909 5071 in
2939 5028 3116 5082 utero,
3155 5017 3334 5073 infans
3368 5018 3471 5072 ad.

1888 5108 1996 5163 huc
2029 5108 2401 5178 imperfectus,
2436 5107 2615 5162 infans
2654 5109 2887 5163 necdum
2916 5109 3140 5163 omnino
3180 5110 3468 5175 formatus,

1885 5203 2131 5256 nondum
2169 5202 2472 5256 absolutam
2509 5201 2948 5269 compactionem
2996 5210 3302 5265 assecutus,
3329 5217 3474 5255 non-

1887 5295 2015 5349 dum
2046 5294 2300 5349 sensibus
2334 5292 2402 5347 ad
2442 5292 2814 5363 cognitionem
2849 5293 3171 5359 instructus,
3205 5293 3387 5347 adhuc
3414 5291 3473 5346 in

1483 5473 1721 5530 VARI/E3
1762 5470 2164 5529 LECTIONES.

270 5601 316 5635 δ’
339 5599 515 5659 τέλος.
548 5597 697 5653 Edit.
747 5595 901 5667 prior
922 5593 1096 5667 fégng,
1131 5591 1282 5667 quod
1307 5592 1363 5647 in
1409 5590 1561 5667 τέλος
1600 5597 1814 5667 mutare
1859 5602 1982 5667 non_
2018 5587 2417 5667 dubitavimus.
2490 5587 2535 5621 “
2560 5581 2709 5667 εἶδε..
2746 5586 2957 5667 Mallem
3000 5580 3150 5667 die;
3278 5584 3469 5667 αὐτοῦ.

212 5670 351 5727 ﬁdit.
396 5655 586 5740 prior,
628 5655 841 5740 ἐαυέοῇ.
920 5655 1205 5740 “being-xu
1252 5660 1732 5740 lauto-legendum
1781 5668 1903 5740 esse
1941 5658 2227 5740 δεηθεῖσα
2263 5658 2453 5740 "_Ed._
2491 5659 2644 5740 prior
2689 5658 2967 5725 ὑπόγυιον.
3013 5657 3086 5740 ι⁸¹
3111 5655 3467 5740 Εᾶὶι.ηι)ι·ἰοῐ·,

213 5725 415 5811 γένος.’
462 5740 508 5773 ⁵³
531 5725 689 5809 πρός.
724 5736 871 5791 Edit.
899 5725 1086 5806 prior.
1104 5733 1199 5797 ὡς.
1274 5732 1319 5766 ’θ
1345 5725 1673 5804 ΕᾱὶΓριΊοι·
1700 5728 1957 5812 babcbat
1990 5727 2249 5801 είληφὼς,
2279 5737 2335 5787 et
2369 5725 2569 5787 deinde
2591 5728 2731 5801 ἔχων
2761 5756 2830 5771 --
2856 5727 3142 5800 τυγχάνων
3166 5754 3233 5766 -
3255 5725 3339 5783 ὃν.

533 5854 804 5918 Panos.
839 5851 958 5915 Gn.
996 5850 1318 5917 LXXXIV.

3100 5843 3137 5902 2
