4208 6440
694 329 760 392 43
1915 316 2230 377 OPERUM
2268 316 2356 375 ΤΗ

2284 314 2722 375 l‘HEODORET
2729 314 2755 373 Ι
3872 313 3946 379 44

695 440 956 496 maternis
986 436 1287 492 visceribus
1313 434 1548 489 molliter
1596 432 1763 497 situs,
1803 433 1982 486 adhuc
2012 432 2155 486 fetus
2184 432 2266 484 in-
2298 441 2338 493 Α

2298 441 2338 493 Α
2371 431 2698 500 σπλάγχνοις
2736 431 3023 499 τυγχάνον,
3069 428 3149 482 ἔτι
3182 428 3570 501 ἀδιάρθρωτον,
3609 430 3637 482 6
3680 431 3773 485 καὶ
3815 432 3944 502 μηδ’

695 529 902 595 formis,
934 529 1028 599 qui
1054 536 1275 596 propter
1302 526 1555 580 fortuitos
1586 532 1797 579 naturae
1825 524 2051 579 abortus
2082 523 2267 577 nullus

695 631 972 683 censetur,
1003 619 1098 688 qui
1146 618 1386 673 nondum
1417 616 1717 687 quidquam
1766 626 1869 681 est,
1905 631 2007 670 nec
2054 624 2267 670 certum

694 710 840 781 quod
895 708 1117 763 futurus
1175 708 1264 763 sit.
1315 705 1431 759 Hoc
1484 721 1651 775 porro
1707 704 2031 758 miraculum
2094 704 2269 773 majus

695 818 858 873 quam
906 810 966 856 ut
1000 801 1232 864 ratione,
1261 798 1467 862 animo,
1506 813 1571 853 ac
1616 796 1868 851 sensibus
1906 795 2266 864 percipiatur,

697 895 934 965 quodam
966 891 1128 946 modo
1166 906 1235 944 ex
1264 891 1545 958 insperato
1566 888 1743 941 visum
1768 894 1874 940 cst.

766 984 908 1050 Quid
940 982 1117 1037 dicam
1146 981 1213 1035 de
1242 988 1391 1035 tanta
1419 979 1620 1050 gratia,
1652 992 1817 1047 quam
1850 974 2087 1046 accepit,
2119 991 2269 1045 quae-

698 1091 805 1146 que
834 1075 936 1129 fuit
963 1075 1191 1128 insuetae
1215 1073 1362 1127 illius
1390 1070 1771 1126 exsultationis
1804 1084 1992 1133 causa,
2022 1078 2078 1122 et
2101 1068 2270 1121 mira-

698 1166 950 1220 culorum
997 1162 1340 1233 przenuntia?
1368 1160 1735 1226 Quamobrem
1776 1159 1960 1213 omnia
2008 1157 2271 1210 miracula

698 1272 959 1327 superare
990 1256 1125 1310 mihi
1153 1254 1369 1308 videtur
1394 1252 1500 1306 hoc
1531 1251 1885 1315 miraculum,
1915 1256 1971 1304 et
2004 1264 2124 1303 esse
2156 1263 2273 1301 om—

698 1348 873 1411 nium,
924 1360 1045 1415 qua:
1085 1345 1228 1398 facta
1272 1342 1497 1407 fuerint,
1544 1342 1779 1395 maxime
1821 1338 2203 1393 admirandum
2254 1354 2269 1391 :

700 1453 918 1492 omnem
950 1437 1096 1490 enim
1121 1445 1452 1500 creaturam,
1483 1434 1596 1488 sive
1624 1432 1987 1497 materialem,
2018 1432 2132 1486 sive
2159 1430 2274 1500 spi-

702 1529 980 1591 ritualem,
1006 1526 1119 1581 sive
1173 1526 1473 1589 cmlestem,
1510 1524 1624 1578 sive
1656 1531 1954 1586 terrenam,
1997 1520 2180 1591 rapuit
2217 1520 2274 1573 in

701 1628 1002 1689 stuporem,
1038 1628 1099 1673 ut
1143 1619 1277 1672 nihil
1328 1618 1399 1672 sit
1448 1615 1799 1685 quantumvis
1835 1615 2045 1668 illustre
2070 1621 2124 1667 et
2156 1612 2274 1666 exi-

701 1712 893 1775 mium,
928 1710 1075 1778 quod
1102 1709 1230 1762 huic
1256 1707 1493 1762 conferri
1532 1714 1719 1777 queat.

778 1801 1051 1857 Cancrum
1107 1816 1233 1855 cum
1294 1800 1673 1870 praescriptum
1724 1799 1952 1869 hujusce
2001 1796 2277 1852 natalibus
2308 1790 2349 1843 Β

706 1904 919 1961 tempus
954 1892 1195 1955 advenit,
1225 1900 1280 1945 et
1311 1906 1479 1945 suave
1531 1890 1667 1944 illud
1698 1904 1839 1943 onus
1876 1888 2278 1943 admirabiliter

703 1984 863 2038 solvit
890 1993 1079 2052 partus
1100 1983 1337 2047 dolores,
1358 1982 1451 2052 qui
1485 1997 1595 2036 non
1627 1981 1897 2035 minorem
1920 1981 2120 2035 mentis
2149 1994 2276 2048 per-

706 2074 1108 2138 turbationem,
1165 2088 1329 2142 quam
1385 2072 1632 2126 dolorem
1689 2071 1963 2132 efferunt,
2018 2078 2074 2124 et
2121 2069 2277 2123 volu-

706 2166 869 2235 ptatis
912 2179 1133 2220 usuram
1169 2165 1420 2229 solvunt;
1457 2178 1650 2217 omnes
1691 2162 1893 2215 licebat
1929 2160 2147 2225 videre,
2181 2160 2276 2229 qui

705 2272 874 2326 puero
915 2272 1105 2311 recens
1130 2263 1260 2309 nato
1291 2255 1697 2324 gratularentur
1719 2294 1733 2318 ,
1755 2252 1866 2324 94
1883 2262 1939 2307 et
1978 2253 2031 2306 in
2060 2252 2275 2306 laudem

705 2348 926 2403 infantis
971 2346 1293 2416 prodeuntis
1326 2347 1381 2400 in
1427 2346 1627 2409 lucem,
1672 2346 1909 2416 linguam
1978 2345 2275 2400 solverent.

774 2463 1043 2529 Quocirca
1075 2462 1281 2532 majore
1318 2462 1519 2532 gaudio
1558 2462 1813 2531 perfusus
1846 2459 2161 2523 Zacharias,
2196 2458 2279 2513 di-

707 2555 833 2609 vino
870 2555 1097 2609 numine
1137 2554 1309 2625 magis
1350 2553 1587 2619 atllatur,
1615 2562 1671 2607 et
1709 2554 1888 2607 soluto
1925 2552 2125 2621 lingua:
2158 2550 2279 2604 vin-

704 2644 851 2708 culo,
888 2644 1045 2712 pueri
1081 2657 1428 2713 progressum
1466 2642 1614 2695 clara
1642 2650 1697 2695 et
1727 2643 2013 2711 plusquam
2040 2640 2277 2693 humana

707 2738 722 2754 '
750 2751 885 2790 voce
917 2735 1242 2804 praedicans,
1280 2736 1443 2806 hujus
1475 2738 1703 2807 gratiam
1745 2734 2006 2788 omnibus
2050 2732 2281 2787 manife-

706 2835 842 2881 stam
872 2825 1040 2880 facit:
1069 2841 1196 2879 eum
1237 2826 1383 2879 enim
1425 2836 1481 2880 et
1521 2825 1785 2880 Altissimi
1834 2824 2179 2894 prophetam,
2223 2822 2281 2878 et

707 2931 1099 2989 praecursorem
1129 2916 1367 2982 Domini,
1400 2925 1457 2972 et
1499 2915 1667 2971 Verbi
1701 2929 1910 2977 vocem,
1937 2921 1993 2967 et
2036 2913 2158 2968 aliis
2207 2913 2279 2967 ti-

708 3011 836 3065 tulis
866 3009 1301 3081 gratulabundus
1324 3009 1643 3078 compellat;
1667 3007 1895 3062 Joannis
1917 3021 2046 3060 vero
2079 3020 2279 3061 nomen

2369 516 2505 573 εἷναί
2537 539 2621 573 πω
2640 521 2786 573 δοκεῖ
2811 520 2897 572 διὰ
2920 521 2985 573 τά
3010 521 3110 589 τῆς
3139 520 3355 588 φύσεως
3385 522 3527 591 τάχα
3553 521 3899 593 ἀμϐλώματα
3923 540 3940 556 -

2366 613 2520 665 τοῦτο
2570 612 2631 665 τὸ
2680 612 2842 681 μηδὲν
2880 611 3052 680 δήπου
3084 611 3167 675 ὃν,
3222 611 3344 681 μηδ’
3379 614 3662 682 ἐμφαῖνον,
3695 614 3725 666 ὅ
3762 630 3817 666 τι
3845 613 3944 666 καὶ

2368 701 2520 754 ἔσται
2556 702 2693 771 ἄρα,
2742 701 2899 754 τοῦτο
2934 700 3119 771 θαῦμά
3164 718 3283 765 πως
3326 702 3498 771 ἄφνω,
3540 704 3633 756 καὶ
3674 703 3942 778 λογισμοῦ

2368 796 2635 864 κρεῖττον,
2666 794 2759 846 καὶ
2783 791 2896 857 νοῦ,
2929 794 3022 847 καὶ
3046 794 3348 863 αἰσθήσεων
3372 794 3549 865 ῶφθη.

2440 970 2552 1023 Καὶ
2574 970 2710 1041 πρός
2744 988 2806 1039 γε
2840 970 3051 1036 τούτοις
3083 972 3178 1029 καὶ
3208 975 3368 1047 χάριν
3402 976 3722 1049 δεδεγμένον
3748 980 3949 1034 τοσαύο

2370 1077 2487 1131 την,
2520 1063 2640 1132 ἧτις
2668 1064 2817 1133 αὐτῴ
2848 1064 3061 1132 γέγονε,
3105 1067 3201 1119 καὶ
3236 1067 3331 1120 τοῦ
3372 1071 3678 1140 παραδόξου
3720 1075 3950 1143 σκιρτή-

2376 1170 2541 1223 ματος
2581 1154 2854 1225 πρόξενος,
2888 1157 2981 1209 καὶ
3008 1155 3116 1210 τῶν
3146 1158 3436 1227 ὑπερφυῶν
3473 1162 3696 1215 ἐκείνων
3731 1166 3949 1234 προάγ-

2371 1242 2547 1310 γελος.
2582 1245 2680 1297 Διά
2715 1245 2889 1298 ταῦτά
2920 1263 3008 1314 μοι
3040 1250 3133 1301 καὶ
3166 1249 3225 1302 τὸ
3259 1249 3443 1320 θαῦμα
3472 1252 3611 1322 ὑπὲρ
3642 1254 3826 1323 θαῦμα
3856 1255 3950 1308 δο-

2374 1336 2478 1397 κεῖ,
2515 1336 2607 1387 καὶ
2644 1336 2754 1388 τῶν
2799 1337 3016 1390 πώποτε
3057 1341 3438 1417 γεγενημένων
3469 1343 3529 1394 τὸ
3561 1344 3951 1413 θαυμαστόταη

2374 1440 2493 1478 τον·
2528 1426 2685 1479 τοῦτο
2718 1430 2826 1497 γάρ
2866 1430 3009 1483 ἐστιν
3039 1430 3068 1484 ὃ
3093 1432 3187 1485 καὶ
3211 1433 3404 1503 ὑλικὴν
3433 1433 3612 1501 φύσιν,
3642 1436 3737 1488 καὶ
3759 1436 3949 1501 ἄῦλον,

2377 1514 2469 1568 καὶ
2509 1516 2683 1569 κτίσιν
2731 1518 2829 1586 τήν
2867 1534 2924 1570 τε
2965 1518 3078 1574 ἀνω
3109 1523 3287 1575 πᾶσαν
3328 1523 3423 1576 καὶ
3474 1523 3574 1592 τὴν
3620 1526 3770 1578 κάτω
3811 1526 3952 1595 πρὸς

2375 1605 2639 1676 ἔκπληξιν
2667 1609 3007 1679 ἀνεκίνησεν,
3043 1612 3119 1674 ὡς
3155 1613 3277 1682 μηδ’
3313 1614 3459 1682 ἔχειν
3495 1615 3659 1682 οὕτω,
3707 1619 3800 1669 καὶ
3844 1632 3954 1668 πα-

2379 1694 2662 1764 ραϐάλοιεν
2699 1697 2761 1749 τὸ
2787 1696 2927 1750 οὕτω
2958 1699 3101 1769 μέγα
3127 1701 3221 1753 καὶ
3252 1702 3601 1771 ἐξοχώτατον.

2460 1787 2618 1841 Ἀλλά
2647 1789 2754 1859 γὰρ
2775 1791 2896 1842 ἐπεὶ
2918 1790 3103 1843 λοιπὸν
3132 1793 3227 1844 καὶ
3252 1794 3280 1846 6
3298 1796 3733 1864 ἀποτεταγμένος
3759 1798 3956 1869 καιρὸς

2378 1884 2476 1951 τῆς
2528 1881 2622 1934 τοῦ
2654 1883 2971 1953 τηλικούτου
3024 1888 3331 1956 γεννήσεως
3374 1883 3501 1959 ἧκε,
3539 1890 3634 1942 καὶ
3684 1892 3712 1942 6
3744 1889 3955 1958 γλυκὺς

2378 1969 2529 2037 οὗτος
2555 1975 2750 2044 φόρτος
2777 1976 2876 2040 τὰς
2904 1978 3099 2041 ὠδῖνας
3129 1978 3248 2031 ἔλυε
3278 1979 3617 2050 παραδόξως,
3654 1983 3716 2035 οὐ
3746 1983 3954 2035 λυπού-

2380 2082 2478 2128 σας
2528 2066 2726 2136 μᾶλλον
2772 2068 2804 2138 ἢ
2851 2069 3218 2139 ἀφραινούσας
3248 2069 3314 2133 ⁸⁵,
3352 2070 3445 2122 καὶ
3474 2071 3666 2142 ἡδονὴν
3712 2074 3954 2143 άρῤητον

2379 2158 2762 2228 προξενούσας,
2793 2155 2860 2231 ἦν
2895 2161 3020 2213 ίδεῖν
3050 2161 3257 2223 πάντας
3287 2162 3380 2212 καὶ
3407 2160 3483 2231 τῷ
3510 2162 3753 2231 τεχθέντι
3788 2164 3953 2217 εὐθυ-

2382 2249 2703 2316 μουμένους,
2730 2250 2823 2300 καὶ
2848 2248 3097 2316 γλῶσσαν
3129 2249 3373 2320 εὔφημον
3405 2250 3482 2321 τῷ
3510 2252 3589 2315 είς
3619 2251 3731 2322 φῶς
3763 2253 3956 2323 ἡκοντι

2380 2338 2576 2408 παιδίῳ
2614 2340 2963 2410 ὲπαφιέντας.

2450 2454 2600 2524 Παρὸ
2628 2454 2691 2525 δὴ
2737 2457 2891 2509 καὶὸ
2922 2458 3196 2527 Ζαχαρίας
3238 2460 3497 2530 μειζόνως
3540 2462 3636 2531 τῆς
3686 2460 3956 2529 εὐθυμίας

2381 2545 2768 2616 ὑποπλησθεὶς,
2806 2546 2991 2610 ἔνθους
3022 2565 3080 2600 τε
3113 2551 3320 2617 γίνεται
3358 2551 3558 2621 μᾶλλον
3580 2592 3594 2617 ,
3625 2550 3720 2605 καὶ
3750 2551 3840 2604 τὸν
3871 2552 3959 2605 δε-

2382 2636 2516 2705 σμὸν
2546 2636 2663 2690 λύει
2699 2637 2797 2707 τῆς
2828 2637 3094 2708 γλώττης,
3128 2641 3356 2714 λαμπρᾷ
3394 2643 3598 2716 δηλαδὴ
3640 2645 3733 2697 καί
3766 2644 3957 2700 ἐνθεα-

2383 2730 2538 2798 στικῇ
2568 2732 2716 2799 φωνῇ
2748 2728 2841 2781 τοῦ
2876 2731 3067 2795 παιδὸς
3111 2732 3395 2803 κηρύττων
3424 2734 3521 2805 τὴν
3552 2736 3808 2807 πρόοδον,
3859 2737 3959 2791 καὶ

2381 2818 2515 2871 πᾶσι
2562 2823 2845 2889 καταφανῆ
2878 2820 2975 2891 τὴν
3020 2821 3174 2875 τοῦδε
3216 2824 3374 2894 χάριν
3421 2825 3591 2879 ποιῶν
3618 2840 3631 2855 ’
3667 2829 3960 2899 προφήτην

2381 2910 2489 2980 γὰρ
2515 2908 2608 2962 τοῦ
2660 2910 2937 2979 Ὑψίστου,
2964 2913 3056 2964 καὶ
3082 2914 3387 2984 πρόδρομον
3412 2914 3506 2967 τοῦ
3538 2917 3829 2982 Δεσπότου,
3864 2918 3959 2971 καὶ

2380 3002 2474 3055 τοῦ
2506 3003 2678 3069 Λόγου
2710 3002 2912 3073 φωνὴν,
2944 3005 3039 3057 καὶ
3072 3005 3249 3059 πάντα
3278 3006 3346 3058 τά
3377 3007 3511 3060 ἄλλα
3538 3007 3726 3065 τοῦτον
3757 3010 3959 3078 ἐπιχα-

708 3100 871 3155 modo
919 3100 1077 3168 plane
1139 3100 1343 3154 eximio
1390 3099 1467 3152 illi
1531 3099 1788 3153 distincte
1851 3097 2104 3165 imponit,
2159 3112 2349 3174 qutec

2308 3118 2349 3174 ε
2385 3093 2547 3165 ρίτως
2600 3095 2882 3161 ἀποκαλεῖ,
2946 3095 3134 3165 κλῆσίν
3193 3113 3252 3150 τε
3297 3093 3364 3151 αὖ
3423 3100 3613 3152 τούτου
3663 3100 3960 3168 ὑπερφυῶς

707 3192 1055 3262 compellatio
1104 3191 1323 3261 populis
1367 3192 1619 3255 salutem,
1650 3199 1703 3243 et
1762 3189 2076 3243 futurorum
2112 3188 2283 3241 bono-

712 3299 830 3338 rum
857 3283 1270 3352 przedictionem
1312 3282 1600 3352 significat.

781 3495 896 3550 Hoc
923 3495 1173 3564 pnejixit
1206 3504 1261 3547 et
1289 3493 1578 3563 praecinuit
1613 3493 1924 3557 Zacharias,
1952 3494 2102 3546 hunc
2127 3493 2283 3562 quasi

712 3594 927 3654 partum
960 3583 1098 3637 sacri
1144 3583 1291 3636 illius
1323 3582 1523 3636 silentii
1563 3582 1885 3653 mysterium
1923 3583 2117 3636 edidit.
2149 3584 2285 3638 Hinc

711 3674 908 3729 silendi
932 3675 1000 3729 ad
1031 3683 1246 3743 tempus
1268 3674 1651 3728 necessitatem
1674 3673 1962 3743 oportebat
2002 3674 2055 3727 in
2094 3690 2284 3729 vocem

712 3775 1076 3836 opportunam
1120 3766 1462 3830 commutari,
1491 3766 1855 3834 omnibusque
1898 3774 2089 3820 notum
2143 3766 2283 3831 ﬁeri,

709 3856 845 3926 legis
890 3855 1112 3924 quidem
1159 3855 1484 3919 sacerdotii,
1539 3862 1975 3924 casterarumque
2021 3870 2285 3910 caeremo-

710 3946 924 3999 niarum
974 3955 1220 4001 veterum
1260 3948 1743 4000 commutationem
1788 3962 1851 4001 ac
1888 3946 2071 4013 finem,
2100 3948 2287 4019 gratia:

714 4054 842 4093 vero
879 4038 1173 4093 adventum
1208 4045 1264 4091 et
1292 4036 1714 4091 declarationem
1750 4035 2058 4090 advenisse.

782 4233 908 4287 llaec
933 4232 1225 4287 Zacharias
1256 4233 1402 4287 clara
1442 4248 1598 4297 voce,
1629 4249 1738 4303 quo
1769 4241 2012 4303 tempore
2038 4250 2288 4289 necessa-

2385 3185 2713 3254 διεμφαίνει,
2749 3186 2840 3237 καὶ
2885 3186 3137 3256 Ἰωάννην
3168 3188 3439 3258 ἀριδήλως
3465 3191 3892 3260 προσονομάζει,
3930 3192 3960 3243 6

2388 3275 2661 3345 σωτηρίαν
2706 3278 2818 3340 τοῖς
2867 3277 3014 3341 λαοῖς
3048 3280 3173 3350 ὲνση
3185 3280 3387 3350 μαίνει,
3414 3282 3510 3334 καὶ
3544 3283 3652 3335 τῶν
3686 3284 3961 3351 ἐσομένων

2386 3366 2605 3433 ἀγαθῶν
2636 3367 2885 3437 μήνυσιν.

2458 3477 2674 3531 Τούτων
2707 3480 2733 3530 6
2758 3480 3030 3551 Ζαχαρίας
3061 3482 3155 3534 καὶ
3193 3483 3600 3555 προαγορευτὴς
3628 3483 3720 3537 καὶ
3749 3486 3962 3555 προκή-

2388 3568 2505 3640 ρυξ,
2535 3571 2628 3622 καὶ
2656 3570 2812 3625 τοῦτο
2832 3572 2928 3642 τῆς
2960 3574 3367 3644 μυστηριώδους
3393 3574 3557 3628 αὐτοῦ
3589 3578 3797 3647 σιωπῆς
3821 3578 3961 3646 ἀγα-

2388 3661 2497 3725 θὸν,
2532 3662 2605 3725 ὡς
2631 3663 2796 3727 εἰκὸς,
2833 3664 3106 3735 μαίευμαο
3158 3665 3264 3719 ἔδει
3317 3667 3427 3737 γάρ
3479 3667 3643 3720 αὐτοῦ
3678 3668 3776 3739 τὴν
3821 3669 3964 3722 κατά

2388 3754 2577 3822 καιρὸν
2623 3754 2943 3823 άφθεγξίαν,
2994 3758 3074 3819 είς
3120 3757 3341 3827 φθέγμα
3382 3760 3763 3830 εὐκαιρότερον
3799 3761 3963 3829 ἀμει-

2389 3843 2605 3912 φθῆναι,
2634 3845 2728 3896 καὶ
2762 3846 3027 3917 γνωρίσαι
3078 3850 3263 3913 πᾶσιν,
3295 3850 3376 3902 ὅτι
3408 3849 3503 3902 καὶ
3529 3850 3713 3919 νόμου,
3748 3852 3843 3903 καὶ
3888 3854 3965 3904 ἱε-

2391 3934 2659 4005 ρωσύνης,
2698 3937 2791 3988 καὶ
2827 3937 3043 3989 πάντων
3082 3937 3191 3990 τῶν
3221 3937 3465 3991 παλαιῶν
3494 3940 3782 4009 μετάθεσις
3809 3941 3963 3994 ἔσται

2284 4079 2289 4085 ,
2388 4028 2481 4079 καὶ
2538 4027 2739 4091 παῦλα,
2795 4028 2893 4097 τῆς
2950 4028 3003 4080 δὲ
3051 4028 3270 4100 χάριτος
3313 4029 3596 4092 ὲπέλευσις
3649 4030 3740 4081 καὶ
3794 4031 3963 4098 φανέ-

2393 4134 2575 4188 ρωσις.

2461 4231 2643 4300 Ταῦτα
2689 4235 2715 4286 6
2746 4232 3018 4304 Ζαχαρίας
3064 4233 3246 4304 τρανῷ
3277 4233 3354 4304 τῷ
3408 4234 3722 4305 φθέγματι,
3755 4235 3877 4287 καθ’
3908 4236 3965 4289 ὃν

714 4324 855 4377 rium
913 4334 1064 4386 erat,
1114 4324 1398 4392 praedixit;
1437 4324 1551 4377 haec
1595 4324 1834 4378 Joannes
1885 4325 2004 4393 ejus
2046 4325 2188 4379 filius
2236 4334 2291 4379 et

2392 4320 2498 4373 ἔδει
2527 4322 2715 4392 καιρὸν
2739 4322 3164 4393 προηγόρευσεν,
3209 4323 3379 4376 ταῦτα
3426 4324 3678 4394 Ἰωάννης
3716 4327 3744 4378 6
3770 4326 3964 4379 τούτου

715 4415 848 4468 vidit
869 4423 925 4467 et
948 4414 1200 4468 manibus
1227 4415 1650 4483 tractavitjuxta
1680 4416 2020 4484 cognominis
2039 4415 2285 4479 effatum,
2323 4446 2363 4497 ο

2323 4446 2363 4497 D
2394 4415 2541 4475 παῖς,
2568 4413 2664 4464 καὶ
2691 4412 2934 4483 ἑώρακεν
2964 4413 3085 4483 ήδη,
3121 4416 3216 4467 καὶ
3249 4418 3435 4485 χερσὶν
3464 4415 3780 4486 ἐψηλάφησε
3822 4418 3965 4469 κατά

712 4503 971 4556 omnibus
996 4502 1235 4555 divinam
1274 4503 1620 4570 praesentiam
1666 4504 2019 4568 annuntians,
2044 4512 2099 4557 et
2123 4519 2287 4560 verus

719 4593 877 4649 Verbi
921 4592 1171 4661 minister
1217 4592 1414 4647 factus.
1441 4592 1627 4662 Neque
1678 4593 1825 4648 enim
1862 4594 2006 4648 ullus
2044 4610 2284 4665 unquam

714 4685 865 4739 visus
895 4694 997 4747 est,
1035 4683 1129 4752 qui
1162 4684 1247 4737 vel
1280 4683 1474 4737 salutis
1504 4685 1610 4738 iter
1644 4694 1994 4749 monstraret,
2024 4685 2110 4739 vel
2143 4687 2285 4740 viam

714 4788 965 4842 asperam
1010 4773 1066 4826 in
1111 4764 1329 4841 planam
1360 4782 1618 4837 verteret,
1653 4774 1881 4843 perinde
1921 4790 1984 4829 ac
2016 4776 2286 4830 maximus

717 4866 806 4918 ille
838 4874 892 4918 et
928 4863 1267 4917 admirabilis
1302 4878 1638 4931 praecursor,
1672 4865 1826 4934 cujus
1868 4866 1980 4919 vita
2009 4874 2064 4919 et
2105 4881 2286 4920 sermo

718 4965 878 5009 tanta:
923 4956 1024 5008 fuit
1065 4954 1322 5008 omnibus
1374 4953 1735 5017 venerationi,
1784 4965 1845 5007 ut
1896 4969 2152 5024 magnum
2190 4956 2291 5008 ali-

716 5047 847 5115 quid
893 5046 1188 5115 unicuique
1238 5046 1540 5110 videretur,
1570 5047 1614 5099 si
1652 5046 1719 5099 ad
1752 5062 1879 5100 eum
1921 5046 2150 5116 pr0pius
2194 5063 2287 5100 ac-

717 5138 956 5198 cederet,
982 5145 1036 5189 et
1077 5139 1391 5205 loquentem
1420 5136 1611 5190 audire
1656 5137 1967 5204 sineretur;
2003 5138 2111 5206 95
2144 5137 2288 5190 unde

719 5229 772 5283 in
800 5229 1045 5281 animum
1072 5226 1554 5290 inducebant,eum
1582 5243 1701 5282 esse
1726 5228 1957 5282 fortasse
1985 5228 2288 5293 Christum,

720 5334 878 5387 quem
902 5319 967 5373 ad
1006 5318 1256 5372 homines
1274 5319 1488 5373 venisse
1511 5319 1915 5373 existimabant.

790 5425 1155 5491 Quamobrem
1204 5435 1284 5481 tot
1331 5443 1393 5482 ac
1437 5437 1587 5483 tanta
1624 5430 1873 5501 prodigia
1919 5440 2046 5485 ante
2081 5440 2136 5486 et
2169 5442 2293 5501 post

2392 4504 2481 4556 τὸν
2509 4503 2843 4575 συνώνυμον,
2872 4505 3007 4558 πᾶσί
3036 4523 3093 4559 τε
3125 4505 3223 4577 τὴν
3264 4506 3411 4559 θείαν
3446 4507 3832 4575 καταγγέλλων
3864 4509 3966 4575 ἐμ-

2394 4596 2638 4662 φάνειαν,
2667 4596 2760 4649 καὶ
2783 4596 3062 4667 ὑπηρέτης
3087 4595 3181 4650 τοῦ
3205 4597 3378 4665 Λόγου
3408 4598 3699 4668 γενόμενος
3722 4598 3965 4667 γνήσιος.

2393 4687 2528 4739 Οὐδὲ
2566 4685 2674 4756 γὰρ
2707 4688 2877 4757 ἐφάνη
2905 4705 2988 4750 τις
3013 4686 3185 4749 οὕτως
3216 4689 3248 4760 ἣ
3277 4689 3374 4758 τὴν
3414 4688 3691 4752 σώζουσαν
3724 4689 3973 4757 ὑφηγοῦ-ι

2397 4794 2577 4847 μενος,
2608 4776 2796 4847 ἣ.ὁδὸν
2827 4777 2923 4847 τὴν
2955 4779 3212 4847 τραχεῖαν
3260 4778 3531 4830 καθιστῶν
3559 4776 3799 4843 εὔθετον,
3836 4779 3911 4840 ὡς
3942 4781 3972 4831 6

2394 4866 2692 4936 πάμμεγας
2732 4858 2907 4929 οὗτος,
2936 4869 3029 4920 καὶ
3061 4868 3494 4938 ἁξιοθαύμαστος
3518 4862 3579 4920 οὗ
3606 4868 3700 4921 καὶ
3731 4868 3844 4937 βίος
3875 4872 3972 4923 καὶ

2390 4958 2546 5025 λόγος
2577 4961 2666 5011 ἐπὶ
2687 4959 2936 5011 τοσοῦτον
2965 4961 3130 5012 πᾶσιν
3159 4960 3454 5029 αἰδέσιμος,
3484 4960 3557 5021 ὡς
3589 4959 3729 5030 μέγα
3756 4960 3973 5031 ἑκάστῳ

2391 5050 2649 5120 νομίζειν,
2682 5050 2855 5103 καὶτὸ
2888 5052 3045 5120 μόνον
3074 5052 3327 5120 γενέσθαι
3354 5052 3543 5104 τούτου
3571 5055 3628 5103 έν
3658 5050 3773 5125 χρῷ
3790 5053 3857 5116 ⁸⁸,
3876 5054 3973 5106 καὶ

2394 5139 2679 5205 πυθέσθαι,
2728 5141 2783 5192 εί
2819 5157 2871 5193 τι
2906 5141 2998 5193 καὶ
3040 5141 3297 5211 βούλοιτο,
3346 5142 3488 5210 παρὸ
3526 5141 3619 5193 καὶ
3670 5144 3726 5193 έν
3761 5142 3973 5209 ἑαυτοῖς

2394 5230 2563 5296 δόξαι,
2600 5231 2758 5285 αὐτὸν
2790 5227 2929 5284 εἶναι
2972 5232 3235 5302 δήπουθεν
3265 5232 3355 5285 τὸν
3404 5232 3638 5302 Χριστὸν
3679 5232 3739 5285 ὃν
3761 5233 3842 5295 είς
3872 5233 3969 5285 ἀν-

2401 5321 2428 5373 θ
2436 5322 2651 5392 ρώπους
2678 5322 2962 5390 ἀφίξεσθαι
2992 5322 3175 5393 ᾤοντο.

2470 5436 2568 5487 Διὰ
2596 5436 2767 5490 ταῦτα
2787 5440 2924 5493 τοῖαι
2960 5438 3055 5492 καὶ
3086 5438 3343 5494 τοσαῦται
3378 5440 3717 5511 θεοσημεῖαι,
3741 5438 3835 5491 καὶ
3866 5441 3971 5511 πρὸ

2002 5589 2234 5644 ῩΛΒΙΑΞ
2274 5590 2675 5649 LECTIONES.

794 5723 1170 5793 "Legendum
1209 5726 1427 5781 Videtur
1456 5724 1814 5795 ἁφρενούσας.
1894 5726 1938 5758 ⁵⁸
1968 5690 2281 5795 Legendum
2325 5724 2543 5783 videtur
2580 5722 2743 5799 χορῷ.
