4208 6440
221 394 284 456 ts
1305 365 1882 469 AUCTARIUMn—
1921 391 2019 450 AD
2054 392 2232 450 TOM.
2278 395 2369 451 Iv.
3405 389 3474 450 ιδ

216 511 308 575 της
335 509 671 576 γεννήσεως,
703 508 797 560 καὶ
840 507 975 576 μετὰ
1006 505 1104 576 τὴν
1152 505 1404 574 γέννησιν
1434 504 1526 556 ἐπὶ
1566 501 1644 572 τῷ
1675 501 1792 554 θεο-

1901 501 2074 570 ipsius
2107 504 2452 558 nativitatem
2486 505 2758 558 divinitus
2784 515 3000 558 ostensa
3034 511 3182 567 sunt,
3217 504 3475 556 utomnia

215 599 616 666 ληπτικωτάτῳ
665 594 1009 665 προέϐησαν·
1055 595 1130 656 ὡς
1178 592 1244 646 ἂν
1274 591 1386 661 ἔχοι
1420 583 1576 652 οὗτος
1620 589 1795 642 πάντα

215 689 370 740 καινᾶ
403 688 498 739 καὶ
529 685 906 754 ἐξηλλαγμένα
931 701 941 713 ·
968 686 1027 746 ὃς
1047 700 1108 750 γε
1146 682 1429 752 περιουσίᾳ
1459 682 1793 748 Πνευματος,

217 782 379 850 μήπω
411 779 541 850 μηδ’
569 778 746 832 αὐτῶν
777 776 999 845 ἀφεθεὶς
1033 771 1108 828 ὧν
1140 775 1395 827 ἐνειλεῖτο
1442 771 1792 841 σπαργάνων,

213 871 306 940 τὴν
332 869 542 940 ἔρημον
573 870 734 932 εὐθὺς
758 869 979 940 ᾤκησεν
1011 866 1279 936 ἀσκεπὴς,
1317 865 1566 926 ἀνέστιος
1587 903 1601 926 ,
1633 862 1795 931 ἄτρο-

215 979 330 1029 φος,
360 961 459 1012 καὶ
490 960 600 1013 τῶν
623 960 977 1030 ἀνθρωπίνων
1003 958 1138 1021 ὅλως
1166 957 1448 1026 τυγχάνων
1479 955 1798 1026 ἀπρόσψαυ-

214 1069 356 1113 στος.
412 1052 502 1114 Ὠς
536 1051 647 1120 γὰρ
675 1051 728 1101 εί
773 1066 857 1111 τις
889 1048 1147 1118 ἄσαρκος,
1186 1048 1220 1116 ἢ
1258 1046 1460 1116 μᾶλλον
1500 1045 1574 1106 ὡς
1621 1044 1674 1096 εἴ
1714 1060 1793 1105 τις

212 1142 269 1204 ἐξ
296 1142 534 1212 οὐρανοῦ
558 1142 712 1209 ἥκων
739 1139 992 1206 ἄγγελος,
1023 1138 1165 1190 οὕτω
1193 1139 1286 1190 καὶ
1311 1136 1519 1206 διαίτης
1545 1131 1681 1206 εἶχε,
1705 1135 1798 1188 καὶ

213 1234 326 1302 βίου
360 1233 497 1284 αὐτὸ
530 1232 690 1301 μόνον
721 1231 920 1293 ἀΰλου,
963 1231 1050 1282 ἵνα
1094 1228 1168 1298 μὴ
1196 1229 1324 1301 δόξῃ
1375 1231 1518 1297 τάχα
1544 1228 1674 1299 ὕλης
1707 1229 1797 1280 καὶ

213 1325 414 1393 φθορᾶς
432 1324 741 1394 ἄνθρωπος,
759 1315 819 1374 οὗ
839 1322 1014 1374 πάντα
1028 1324 1273 1392 κρεῖττον
1291 1320 1475 1390 ἧκατὰ
1492 1320 1791 1389 ἄνθρωπον.

281 1416 390 1467 Καὶ
443 1415 633 1484 ἔμοιγε
689 1413 826 1484 πρὸς
871 1415 1091 1484 μνήμην
1137 1412 1340 1465 τούτων
1392 1413 1420 1464 ό
1476 1411 1631 1480 λόγος
1681 1410 1794 1474 ἰὼν,

211 1506 464 1558 ἐϐούλετο
496 1506 607 1574 ἄρα
638 1505 733 1557 καὶ
756 1504 1048 1574 ἄναμέρος,
1077 1503 1154 1564 ὡς
1184 1501 1412 1554 ἕκαστον
1443 1501 1554 1570 ἔχει
1581 1501 1793 1563 διιέναι,

213 1595 322 1657 πῶς
352 1590 512 1657 οὗτος
545 1595 740 1664 κομιδῇ
778 1595 970 1662 νήπιος
997 1591 1092 1656 ὢν,
1126 1593 1220 1646 καὶ
1254 1591 1507 1660 ἀγκαλῶν
1543 1591 1795 1660 δεόμενος

211 1685 518 1752 μητρικῶν,
565 1685 664 1754 τὴν
697 1683 892 1752 ἄφιλον
937 1682 1154 1752 ἐκείνην
1184 1685 1278 1736 καὶ
1327 1685 1582 1754 τραχεῖαν
1625 1681 1796 1734 εἵλετο

213 1776 453 1841 ἀγωγὴν,
469 1775 562 1826 τὸν
585 1774 815 1844 ἄμικτον
839 1772 973 1843 βίον,
994 1772 1084 1826 τὸν
1101 1773 1485 1842 ἀκοινώνητον,
1510 1772 1604 1824 καὶ
1630 1771 1794 1839 ὲσχά-

1899 607 2038 645 nova
2084 600 2140 644 et
2170 594 2433 648 inusitata
2473 595 2701 650 haberet
2731 595 2842 656 ille,
2882 595 2974 664 qui
2997 595 3238 664 Spiritus
3269 593 3473 656 afﬂatu,

1899 683 2145 735 nondum
2176 699 2244 736 ex
2271 685 2356 748 iis,
2395 686 2601 753 quibus
2633 687 2914 740 involutus
2936 693 3074 748 erat,
3115 685 3301 740 fasciis
3325 699 3476 738 exso-

1898 775 2069 838 lutus,
2091 790 2334 830 eremum
2370 778 2555 831 statim
2585 779 2815 832 incoluit
2844 779 2962 831 sine
2985 784 3154 840 tecto,
3179 777 3298 830 sine
3326 776 3472 840 foco,

1899 867 2019 918 sine
2066 866 2211 931 cibo,
2263 868 2386 921 sino
2431 868 2544 922 ullo
2591 884 2714 923 cum
2757 869 3080 922 hominibus
3116 869 3470 922 commercio.

1899 957 2033 1010 Nam
2061 959 2212 1013 velut
2236 961 2420 1013 carnis
2445 976 2661 1029 expers,
2688 970 2782 1014 aut
2805 963 2988 1030 potius
3027 961 3255 1030 angelus
3278 976 3308 1015 e
3333 960 3474 1015 caalo

1901 1045 2188 1118 delapsus,
2221 1051 2428 1104 victum
2465 1059 2521 1104 et
2564 1051 2728 1104 vitam
2759 1051 3022 1106 duntaxat
3054 1051 3475 1105 immaterialem

1901 1137 2110 1203 habuit,
2161 1150 2222 1194 ut
2281 1157 2390 1194 non
2428 1141 2711 1196 videretur
2757 1141 2921 1194 homo
2957 1143 3197 1197 materia:
3247 1152 3305 1197 et
3347 1158 3474 1196 cor-

1902 1232 2142 1296 ruptioni
2195 1232 2482 1298 obnoxius,
2511 1235 2668 1306 cujus
2725 1235 2910 1288 omnia
2977 1249 3138 1302 supra
3195 1234 3474 1288 hominem

1897 1322 2100 1377 forent.

1973 1414 2104 1468 Mihi
2143 1415 2362 1484 quidem
2391 1418 2510 1470 haec
2545 1418 2808 1471 memoria
2851 1420 3116 1487 repetenti
3162 1416 3330 1470 subiit
3363 1417 3477 1470 sin-

1899 1503 2023 1569 gula
2048 1519 2148 1573 per
2177 1515 2361 1573 partes
2387 1507 2620 1560 dicendo
2647 1509 2927 1576 persequi,
2950 1508 3226 1576 quomodo
3250 1507 3341 1560 ille
3357 1521 3476 1559 om-

1897 1594 2032 1648 nino
2071 1595 2270 1660 infans,
2297 1606 2352 1650 et
2394 1597 2658 1652 maternis
2686 1598 2830 1652 ulnis
2879 1598 3148 1668 indigens,
3198 1598 3474 1666 ingratum

1897 1695 1954 1740 et
1981 1701 2239 1755 asperum
2264 1689 2599 1752 institutum,
2629 1705 2692 1744 ac
2718 1690 2885 1743 vitam
2910 1689 3134 1742 humani
3164 1692 3178 1708 ‘
3209 1687 3476 1742 consortii

1898 1777 2292 1845 societatisque
2320 1788 2602 1846 expertem
2622 1789 2677 1833 et
2709 1781 2934 1833 omnino
2960 1779 3259 1834 solitariam
3291 1780 3474 1855 elege-

211 1882 313 1926 τως
358 1843 695 1936 μονότροπον
728 1883 741 1894 ·
779 1866 944 1916 πόσον
977 1880 1035 1916 τε
1067 1864 1159 1916 τὸν
1207 1865 1400 1933 χρόνον
1430 1861 1572 1914 οὔτω
1621 1860 1792 1930 διῆξε,

1902 1867 2004 1931 rit;
2042 1843 2308 1936 quantum
2357 1843 2622 1938 temporis
2654 1871 2728 1924 ita
2765 1870 2933 1925 fuerit
2964 1879 3232 1934 versatus,
3269 1872 3340 1924 ab
3359 1843 3476 1924 dm-

215 1957 376 2024 μηδὲν
408 1958 538 2026 μήτ’
563 1957 621 2008 ἐν
658 1953 830 2026 ἀώρῳ
863 1959 928 2025 τῇ
955 1954 1158 2026 ἡλικίᾳ,
1196 1954 1320 2025 μήτ’
1347 1956 1427 2017 είς
1465 1954 1605 2023 ἥϐην
1620 1954 1791 2024 ἥκων,

216 2048 343 2117 πρός
375 2063 426 2097 τι
475 2046 583 2099 τῶν
617 2047 975 2117 ἀνθρωπίνων
1021 2047 1379 2109 ὲπικλισθεὶς,
1415 2045 1532 2108 πῶς
1566 2063 1622 2098 τε
1654 2047 1795 2099 κατὰ

211 2139 344 2189 θεῖον
370 2138 760 2208 χρηματισμὸν
781 2138 858 2208 τῷ
896 2139 1134 2209 Ἰορδάνῃ
1163 2138 1519 2206 ὲπεφοίτησεν
1547 2140 1604 2190 ἐν
1636 2137 1794 2190 ὑστέ-

211 2248 305 2299 ρῳ,
336 2231 506 2299 ἡνίκα
529 2231 626 2283 καὶ
650 2230 866 2300 πρῶτον
897 2233 1010 2292 τοῖς
1038 2226 1346 2298 ἀνθρώποις
1369 2228 1562 2298 ἐφάνη,
1590 2228 1710 2281 τίνα
1735 2244 1793 2278 τε

210 2318 270 2391 ἦν
297 2321 332 2374 ἄ
366 2325 480 2384 τοῖς
505 2322 658 2383 λαοῖς
689 2321 966 2390 βαπτίζων
997 2321 1388 2390 παρηγγυᾶτο’
1434 2321 1528 2372 καὶ
1565 2319 1625 2372 τὸ
1653 2319 1792 2372 πάν-

211 2431 311 2464 των
346 2412 809 2482 παραδοξότατον,
845 2391 963 2474 τῖὦς
1007 2414 1102 2466 καὶ
1148 2412 1308 2464 αὑτὸν
1355 2414 1413 2464 έν
1458 2415 1569 2474 τοῖς
1599 2411 1790 2464 ὕδασιν

212 2506 472 2558 ὲίὰπτισε
507 2506 601 2558 τὸν
632 2507 928 2574 Δεσπότην,
959 2507 1202 2574 κορυφῆς
1230 2504 1330 2572 τῆς
1359 2504 1550 2556 τούτου
1573 2503 1791 2572 ἁψάμε-

212 2614 310 2659 νος,
344 2598 663 2650 τελευταῖον
697 2597 813 2660 πῶς
841 2598 930 2649 διὰ
951 2598 1040 2648 τὸν
1063 2597 1340 2666 Δεσπότην
1374 2595 1468 2647 καὶ
1494 2595 1590 2665 τὴν
1617 2596 1792 2648 οὶκίαν

210 2692 518 2760 ἑκτέτμητο
559 2690 820 2759 κεφαλὴν,
849 2684 916 2760 ἦς
955 2689 1050 2741 καὶ
1089 2689 1148 2741 τὸ
1188 2689 1416 2755 ἀσελγὲς
1448 2689 1623 2740 έκεῖνο
1659 2705 1790 2740 κατ-

204 2781 498 2848 ωρχήσατο
521 2779 724 2848 κόριον.

272 2870 464 2922 Ταῦτα
496 2867 590 2922 οὖν
619 2871 798 2924 καὶτὰ
823 2869 902 2922 ἔτι
925 2869 1114 2923 τούτου
1147 2870 1316 2940 μείζω
1343 2869 1436 2923 καὶ
1463 2869 1788 2938 ὑψηλότερα,

205 2963 338 3030 εἴγε
379 2962 476 3012 καὶ
506 2960 786 3031 ἐνεχώρει,
832 2960 1045 3026 ἐξεῖπεν
1071 2963 1099 3014 ὁ
1139 2961 1293 3027 λόγος
1325 2961 1418 3012 καὶ
1453 2961 1791 3030 παρεστήσα-

206 3072 282 3119 το,
320 3055 488 3117 αὐτός
516 3071 577 3105 τε
611 3054 772 3122 ἡδίων
802 3055 867 3122 τῇ
899 3051 1102 3105 τούτων
1141 3052 1422 3120 γινόμενος
1459 3053 1666 3122 μνήμῃ,
1698 3051 1788 3102 καὶ

1899 1957 2062 2012 nibus
2084 1958 2248 2012 rebus
2272 1959 2548 2024 humanis,
2577 1975 2699 2013 cum
2729 1960 2784 2014 in
2807 1963 2982 2030 prima
3014 1964 3254 2026 aetatula,
3284 1961 3474 2015 tumin

1891 2050 2185 2120 juventute
2220 2060 2541 2118 separatus;
2579 2051 2856 2119 quomodo
2881 2053 3036 2121 juxta
3076 2053 3325 2106 divinum
3352 2067 3477 2105 ora-

1896 2143 2081 2196 culum
2123 2142 2191 2195 ad
2240 2141 2534 2197 Jordanem
2585 2145 2785 2199 deinde
2817 2145 3050 2208 venerit,
3087 2143 3181 2197 ubi
3238 2145 3476 2213 primum

1897 2232 2214 2286 hominibus
2255 2234 2405 2287 visus
2439 2244 2553 2298 est;
2584 2251 2704 2303 quae
2735 2235 2940 2289 fuerint
2981 2237 3093 2300 illa,
3135 2252 3257 2305 qua:
3297 2236 3479 2305 bapti-

1897 2339 2027 2377 zans
2052 2324 2270 2393 populis
2303 2324 2687 2390 denuntiaret;
2722 2335 2798 2390 et,
2854 2327 3001 2395 quod
3052 2327 3211 2381 ﬁdem
3252 2344 3472 2383 omnem

1895 2423 2140 2482 superat,
2164 2415 2443 2482 quomodo
2484 2415 2540 2470 in
2567 2418 2726 2486 aquis
2759 2418 2935 2486 ipsum
2971 2418 3261 2472 Dominum
3289 2419 3472 2488 bapti-

1903 2506 2129 2569 zaverit,
2165 2507 2395 2577 ejusque
2423 2518 2588 2578 caput
2621 2509 2891 2579 tetigerit;
2928 2510 3164 2579 denique
3196 2510 3474 2581 quomodo

1895 2607 2122 2666 propter
2145 2588 2443 2653 Dominum
2481 2615 2583 2653 suo
2618 2601 2735 2668 ipse
2776 2600 3038 2654 multatus
3066 2599 3234 2655 fuerit
3270 2601 3470 2670 capite,

1894 2691 2052 2758 cujus
2082 2704 2246 2743 causa
2279 2705 2480 2758 procax
2501 2691 2681 2760 puella
2703 2692 3013 2746 saltaret-at.

1965 2861 2088 2917 Haec
2121 2873 2177 2917 et
2213 2862 2319 2916 alia
2352 2865 2558 2934 majora
2607 2864 3038 2936 sublimioraque
3059 2907 3073 2933 ,
3111 2867 3160 2922 si
3191 2867 3273 2922 fas
3303 2875 3472 2933 esset,

1893 2953 2130 3008 dicendo
2166 2954 2278 3025 96
2305 2966 2734 3025 persequeretur
2765 2958 2880 3013 hzec
2908 2958 3083 3013 oratio
3115 2974 3257 3023 mea,
3290 2967 3470 3014 tanta-

1894 3061 2126 3114 rumque
2162 3062 2345 3100 rerum
2378 3050 2897 3104 commemoratione
2929 3049 3149 3104 suavior
3172 3049 3347 3114 ﬁeret,
3370 3065 3472 3105 nec

209 3145 432 3214 ἁκροαίς
456 3141 725 3210 φιλοθέοις
753 3142 850 3210 οὐχ
868 3142 1066 3212 ἥκιστα
1089 3142 1466 3212 χαριζόμενος.
1504 3141 1641 3192 Ἀλλ’
1671 3142 1789 3192 ἐπεὶ

1898 3137 2170 3206 religiosis
2219 3139 2447 3192 auribus
2496 3156 2690 3208 parum
2731 3142 3164 3212 gratiﬁcaretur;
3222 3141 3318 3196 sed
3365 3141 3470 3197 ista

206 3237 395 3305 ἑτέρου
428 3237 525 3288 καὶ
555 3236 714 3303 λόγου
746 3235 860 3287 ἐστὶ
895 3234 985 3287 καὶ
1009 3235 1198 3303 καιροῦ
1231 3235 1296 3286 τὰ
1325 3233 1570 3295 τοιαῦτα,
1601 3231 1792 3285 καθότι

205 3329 295 3380 καὶ
338 3329 650 3396 ἀρχόμενος
690 3327 789 3396 ήδη
824 3329 850 3377 ὁ
888 3325 1040 3392 λόγος
1083 3327 1325 3395 εἰρήκει,
1377 3324 1531 3376 οὐδὲν
1560 3323 1700 3386 τέως
1735 3328 1792 3377 ὲν

207 3421 277 3490 τῷ
316 3420 556 3489 παρόντι
608 3423 739 3488 περὶ
783 3422 1005 3476 ἐκείνων
1055 3423 1190 3491 ἐρεῖ,
1246 3420 1406 3490 μόνον
1450 3419 1646 3491 δηλαδὴ
1683 3419 1792 3472 τῶν

210 3513 344 3564 κατὰ
379 3512 482 3580 τὴν
522 3511 777 3581 γέννησιν
815 3512 1183 3582 μεμνημένος,
1219 3511 1449 3564 καὶτῶν
1492 3511 1633 3563 κατὰ
1661 3511 1798 3563 ταύο

208 3617 300 3668 την
341 3602 596 3670 τεράτων
635 3601 728 3653 καὶ⁵
778 3600 1124 3670 θαυμασίων,
1179 3602 1274 3670 οὐχ
1313 3601 1453 3652 ὥστε
1492 3601 1585 3652 καὶ
1617 3601 1790 3651 εἰπεῖν

207 3710 252 3744 τι
279 3691 568 3745 κάνταῦθα
599 3692 776 3761 (τοῦτο
800 3694 926 3761 γὰρ,
948 3693 1021 3753 ὡς
1041 3693 1176 3757 ῐστε,
1207 3692 1301 3743 καὶ
1333 3691 1543 3760 φθάσας
1573 3690 1788 3760 πρῶτος

207 3784 517 3851 ἐδηλωσεν),
566 3782 674 3836 ἀλλ’
701 3783 840 3835 ὥστε
879 3783 970 3835 τδν
1001 3783 1163 3836 πόθον
1200 3782 1556 3846 ἐνδείξασθαι,
1599 3784 1694 3835 καὶ
1723 3786 1791 3834 τὰ

208 3871 301 3939 τῆς
342 3871 561 3942 ἡμέρας
591 3873 891 3941 ὲνσημᾶναι
922 3873 1257 3943 χαρμόσυνα.

274 3964 394 4016 Νῦν
435 3964 546 4032 γᾶρ
575 3964 651 4026 ὡς
679 3964 895 4033 ἀληθῶς
926 3966 1076 4018 πᾶσα
1103 3965 1288 4018 θάλλει
1313 3966 1529 4035 καρδία,
1562 3968 1654 4020 καὶ
1677 3969 1788 4029 τοῖς

205 4055 293 4107 τοῦ
341 4055 644 4124 θἐολήπτου
703 4057 990 4126 συνήδεται
1041 4057 1339 4124 γενεσίοις·
1388 4057 1481 4110 νῦν
1528 4059 1788 4128 μειδίαμα

205 4147 298 4214 τὴν
329 4146 568 4198 ἑκάστου
607 4146 804 4217 ψυχὴν,
851 4147 946 4199 καὶ
983 4149 1289 4219 εὐφροσύνη
1326 4149 1652 4219 κατείληφεν
1692 4150 1789 4220 ἄρ-

207 4241 366 4305 ρητος
393 4255 407 4267 ·
439 4237 535 4288 νῦν
563 4238 742 4308 χαίρει
778 4238 874 4290 καὶ
894 4239 994 4305 ὃση
1030 4239 1138 4291 τῶν
1168 4239 1345 4292 dmum:
1369 4240 1549 4308 φύσις,
1573 4244 1665 4293 καὶ
1688 4244 1784 4312 ὅση

206 4329 291 4378 τδν
325 4329 444 4380 ἄνω
477 4328 654 4398 χῶρον
682 4331 840 4395 οἰκεῖ,
869 4330 964 4382 καὶ
985 4331 1084 4400 ὅση
1116 4331 1206 4384 τὸν
1231 4331 1380 4384 κάτω
1403 4333 1510 4402 ἄρα
1537 4333 1628 4385 καὶ
1660 4334 1788 4384 ὑπο-

207 4419 439 4486 χθόνιον,
480 4419 567 4474 διὰ
605 4421 702 4490 τὴν
751 4423 1050 4492 μέλλουσαν
1083 4424 1298 4477 ἔσεσθαι
1339 4425 1611 4495 σωτηρίαν
1647 4425 1786 4477 ἄπα-

1895 3243 2203 3283 sermonem
2253 3229 2443 3293 alium,
2493 3231 2659 3295 aliud,
2703 3241 2764 3286 ut
2806 3233 2969 3303 hujus
3016 3233 3279 3288 orationis
3310 3233 3470 3287 initio

1894 3319 2144 3373 dicebam
2164 3360 2178 3383 ,
2208 3328 2424 3387 tempus
2468 3323 2712 3391 exigunt.
2743 3325 2890 3378 Nihil
2921 3340 2988 3377 ex
3032 3325 3140 3379 illis
3175 3325 3466 3394 attingam,

1891 3427 2082 3468 eorum
2112 3412 2376 3465 duntaxat
2414 3427 2536 3480 quae
2579 3414 2646 3467 ad
2680 3415 3022 3471 nativitatem
3071 3417 3368 3486 pertinent,
3413 3424 3472 3470 et

1892 3507 2267 3577 prodigiorum
2321 3511 2484 3572 atque
2519 3508 2910 3563 miraculorum
2944 3525 3066 3579 qua:
3105 3517 3217 3562 tum
3256 3509 3472 3564 accide-

1892 3606 2040 3660 runt,
2078 3614 2320 3664 memor;
2349 3615 2461 3654 non
2489 3599 2636 3670 quod
2673 3599 2776 3652 ista
2799 3610 3096 3655 retractare
3120 3600 3305 3665 velim,
3324 3617 3465 3669 quze,

1892 3697 1952 3740 ut
1995 3688 2166 3751 scitis,
2204 3704 2330 3757 pars
2358 3690 2640 3744 'orationis
2675 3692 2827 3758 prior
2886 3691 3193 3761 occupavit,
3243 3690 3338 3745 sed
3389 3692 3469 3745 sic

1891 3781 2174 3833 ostendam
2211 3795 2452 3834 amorem
2475 3822 2489 3846 ,
2530 3790 2586 3835 et
2615 3797 2798 3836 meum
2834 3782 2902 3836 de
2941 3782 3046 3836 hoc
3079 3782 3168 3837 die
3205 3784 3465 3853 gaudium

1888 3871 2223 3940 significabo.

1958 3963 2117 4017 Nunc
2137 3978 2300 4032 quam
2315 3964 2600 4018 verissime
2624 3963 2998 4018 exhilarantur
3010 3965 3256 4018 omnium
3277 3965 3464 4030 corda,

1889 4065 1946 4110 et
1996 4056 2222 4110 Joannis
2259 4057 2540 4111 natalibus
2586 4057 2957 4126 gratulantur;
3006 4073 3151 4112 nunc
3205 4059 3468 4111 uniuscuo

1886 4147 2086 4215 jusque
2139 4146 2322 4200 sinum
2367 4147 2617 4200 hilaritas
2666 4155 2722 4200 et
2785 4148 3043 4216 gaudium
3097 4149 3465 4204 inenarrabile

1889 4235 2185 4303 complevit
2223 4253 2234 4288 :
2279 4251 2428 4290 nunc
2455 4237 2682 4306 singula:
2705 4247 2914 4292 naturae
2943 4239 3278 4306 spirituales,
3303 4250 3466 4309 quot.

1889 4333 2023 4393 quot
2045 4325 2325 4380 cmlestem
2357 4327 2634 4395 regionem
2666 4327 2932 4393 incolunt,
2969 4339 3025 4384 et
3050 4339 3319 4399 quotquot
3348 4331 3463 4386 sive

1890 4424 2084 4479 terras,
2144 4416 2258 4470 sive
2310 4416 2515 4471 inferos
2553 4418 2896 4482 inhabitant,
2930 4429 3154 4490 propter
3207 4421 3460 4488 salutem,

207 4527 322 4563 σιν·
361 4512 492 4580 ἄρτι
530 4511 590 4563 τὸ
629 4513 721 4564 ἀπ’
752 4513 944 4576 αίῶνος
983 4514 1340 4584 σεσιγημένον
1379 4517 1672 4584 μυστήριον
1699 4518 1783 4568 έκ-

1892 4521 2011 4573 quae
2051 4506 2177 4560 inde
2228 4507 2284 4560 in
2319 4522 2510 4562 omnes
2563 4509 2726 4564 debet
2775 4511 3106 4575 redundare,
3143 4512 3396 4566 laetantur
3444 4531 3460 4568 :

203 4600 541 4654 καλύπτεται
569 4617 582 4631 ·
630 4602 755 4672 ἄρτι
796 4606 824 4656 ὁ
875 4605 1167 4675 μονογενὴς
1209 4605 1304 4658 τοῦ
1341 4605 1475 4659 Θεοῦ
1509 4607 1656 4673 Υἱὸς,
1690 4608 1783 4659 καὶ

205 4694 324 4756 Υἱὸς
358 4695 655 4764 ἀνθρώπου
686 4695 892 4761 γίνεται
919 4697 1265 4766 ἀπορρήτως.

270 4850 434 4917 Ἀρτι
462 4850 685 4916 ἄγγελοι
716 4852 824 4912 τοῖς
847 4849 1151 4920 ἀνθρώποις
1185 4853 1561 4922 συνάπτονται,
1595 4858 1687 4909 καὶ
1713 4855 1782 4909 τὰ

205 4943 324 5010 πρὶν
348 4941 617 4992 διεστῶτα
650 4943 728 5002 είς
777 4941 834 4992 ἒν
872 4941 1314 5012 συνεισέρχεται·
1355 4946 1528 4998 πάντα
1561 4947 1668 5017 γὰρ
1712 4948 1781 5001 τὰ

205 5034 435 5102 κρείττω
476 5035 543 5102 τῇ
581 5031 677 5083 τοῦ
708 5033 1022 5103 Προδρόμου
1069 5037 1348 5106 συντρέχει
1386 5039 1653 5108 γεννήσει,
1688 5040 1779 5092 καὶ

203 5125 364 5176 αὑτοῦ
422 5126 492 5194 τῇ
537 5123 782 5195 προσόδῳ
835 5126 941 5178 πᾶν
977 5124 1031 5176 εῐ
1065 5143 1118 5177 τι
1160 5128 1463 5194 κάλλιστον,
1497 5130 1600 5200 ἤδη
1641 5148 1779 5200 συμ-

202 5215 478 5284 πρόεισινο
532 5215 757 5277 εἰκότως
803 5215 931 5285 ἄρα,
981 5219 1076 5270 καὶ
1122 5217 1190 5270 τὰ
1233 5223 1354 5272 κατ’
1392 5222 1554 5274 αὑτὸν
1599 5225 1776 5277 πάντα

202 5305 383 5368 καινὰ,
415 5307 512 5359 καὶ
545 5305 803 5375 σύλληψις
832 5307 969 5376 ἅμα,
1003 5309 1095 5362 καὶ
1126 5309 1396 5380 γέννησις,
1437 5315 1530 5365 καὶ
1561 5315 1772 5386 ἀγωγὴ,

202 5397 289 5446 καί
321 5396 457 5463 βίος,
486 5396 578 5448 καὶ
599 5397 697 5448 ὅσα
727 5397 858 5451 ἄλλα
890 5399 983 5451 ἐπὶ
1010 5399 1185 5471 τούτῳ
1214 5402 1531 5474 παραδόξως
1559 5421 1773 5458 συνετε-

203 5483 383 5554 λέσθη.

267 5575 478 5628 Οὐκοῦν
523 5577 710 5646 μηδεὶς
752 5578 998 5646 στυγνὸς,
1033 5580 1220 5650 μηδεὶς
1270 5585 1541 5657 κατηφὴς,
1587 5589 1776 5659 μηδεὶς

395 5667 674 5730 κατωπὸς,
713 5668 806 5722 τοῦ
853 5673 1118 5742 παρόντος
1177 5678 1451 5748 μετεχέτω
1491 5679 1770 5749 συλλόγου.

217 5756 367 5810 Ἀλλὰ
414 5762 507 5812 καὶ
555 5759 734 5831 ψυχῆς
790 5762 946 5818 ἀνίαν
998 5766 1092 5819 καὶ
1142 5765 1388 5839 σώματος
1444 5771 1770 5838 ἀποτιναξά-

1889 4612 2035 4650 nunc
2059 4597 2441 4652 absconditum
2484 4615 2516 4652 a
2560 4601 2760 4655 sarculo
2802 4603 3121 4673 mysterium
3153 4605 3458 4671 revelatur;

1888 4703 2036 4742 nunc
2063 4689 2381 4757 unigenitus
2407 4691 2503 4745 Dei
2545 4691 2715 4747 Filius
2764 4694 2821 4746 fit
2859 4693 3121 4748 ineffabili
3169 4697 3332 4750 modo
3374 4698 3462 4752 Fi-

1887 4779 1994 4833 lius
2026 4781 2284 4836 hominis.

1956 4871 2074 4926 Jam
2117 4875 2295 4943 angeli
2329 4891 2452 4930 cum
2484 4877 2801 4932 hominibus
2834 4874 3274 4951 conjunguntur,
3311 4892 3367 4937 et
3403 4884 3457 4937 in

1887 4975 2065 5014 unum.
2079 4962 2434 5027 conveniunt,
2455 4981 2576 5033 qua:
2608 4967 2760 5034 prius
2779 4978 2939 5022 erant
2957 4970 3296 5026 dissitaznam
3318 4973 3458 5042 opti-

1885 5065 1972 5103 ma
2001 5067 2231 5120 quaeque
2261 5069 2383 5107 cum
2408 5055 2770 5112 Praecursoris
2795 5061 3068 5116 natalibus
3087 5074 3448 5128 concurrunt,

1882 5150 1938 5196 et
1971 5157 2096 5194 cum
2119 5144 2239 5213 ejus
2263 5144 2501 5199 adventu
2538 5148 3002 5205 excellentissima
3031 5167 3260 5222 quaeque
3291 5154 3453 5208 simul

1885 5233 2202 5302 confluunt;
2233 5252 2332 5290 nec
2360 5237 2638 5293 immerito
2663 5256 2790 5295 sane
2814 5242 3014 5306 omnia,
3040 5260 3161 5312 qua:
3188 5246 3254 5298 ad
3277 5248 3452 5315 ipsum

1885 5325 2180 5392 pertinent,
2209 5343 2346 5381 nova
2379 5338 2527 5394 sunt,
2561 5343 2880 5400 conceptus,
2918 5335 3208 5398 nativitas,
3236 5337 3452 5391 institu-

1883 5424 2021 5481 tum,
2059 5419 2182 5472 vitae
2226 5435 2433 5488 genus,
2469 5430 2524 5474 et
2577 5422 2679 5475 alia
2712 5438 2832 5491 qua:
2887 5424 2940 5477 in
2987 5425 3103 5494 ipso
3148 5427 3341 5486 mirum
3374 5429 3452 5483 in

1885 5508 2107 5562 modum
2136 5509 2376 5577 perfecta
2405 5521 2551 5566 sunt.

1951 5598 2146 5653 Nullus
2173 5598 2339 5669 igitur
2366 5603 2662 5667 austerior,
2689 5605 2872 5659 nullus
2894 5604 3077 5674 pusilli
3111 5606 3298 5672 animi,
3323 5607 3448 5662 nul-

1880 5687 1965 5741 lus
1994 5688 2205 5743 tristior
2225 5689 2297 5744 sit
2324 5690 2488 5762 hujus
2517 5695 2785 5749 orationis
2806 5696 3110 5766 particeps:
3142 5697 3236 5751 sed
3272 5698 3364 5766 qui
3393 5706 3449 5752 et

1879 5778 2046 5834 animi
2085 5789 2140 5836 et
2195 5783 2477 5852 corporis‘
2509 5800 2802 5842 mmrorem
2841 5787 2949 5858 97
2981 5787 3201 5862 abjecit,
3227 5787 3451 5847 accedat
