  <div class='ocr_page' id='page_1' title='image "/cluster/home/n/w/nwhite01/storage/ocr_20150623/84/nnc1.0114605970/033.png"; bbox 0 0 4208 6440; ppageno 0'>
   <div class='ocr_carea' id='block_1_1' title="bbox 663 326 2265 406">
    <p class='ocr_par' dir='ltr' id='par_1_1' title="bbox 663 332 2265 406">
     <span class='ocr_line' id='line_1_1' title="bbox 663 332 2265 406; baseline -0.01 0"><span class='ocrx_word' id='word_1_1' title='bbox 663 343 730 406; x_wconf 71' lang='grc'><strong>47</strong></span> <span class='ocrx_word' id='word_1_2' title='bbox 1868 333 2182 394; x_wconf 83' lang='lat' dir='ltr'><strong>OPERUM</strong></span> <span class='ocrx_word' id='word_1_3' title='bbox 2258 332 2265 351; x_wconf 92' lang='lat'><em>&#39;</em></span> 
     </span>
    </p>
   </div>
   <div class='ocr_carea' id='block_1_2' title="bbox 2368 326 3944 406">
    <p class='ocr_par' dir='ltr' id='par_1_2' title="bbox 2368 326 3944 391">
     <span class='ocr_line' id='line_1_2' title="bbox 2368 326 3944 391; baseline -0.001 -2"><span class='ocrx_word' id='word_1_4' title='bbox 2368 327 2746 391; x_wconf 82' lang='lat' dir='ltr'><strong>EODORETI</strong></span> <span class='ocrx_word' id='word_1_5' title='bbox 3870 326 3944 389; x_wconf 77' lang='grc'><strong>48</strong></span> 
     </span>
    </p>
   </div>
   <div class='ocr_carea' id='block_1_3' title="bbox 660 439 2265 522">
    <p class='ocr_par' dir='ltr' id='par_1_3' title="bbox 660 446 2249 522">
     <span class='ocr_line' id='line_1_3' title="bbox 660 446 2249 522; baseline -0.006 -13"><span class='ocrx_word' id='word_1_6' title='bbox 660 457 773 520; x_wconf 81' lang='lat' dir='ltr'><strong>ille,</strong></span> <span class='ocrx_word' id='word_1_7' title='bbox 800 454 1041 508; x_wconf 78' lang='lat' dir='ltr'><strong>celebret</strong></span> <span class='ocrx_word' id='word_1_8' title='bbox 1066 450 1333 522; x_wconf 63' lang='lat' dir='ltr'><strong>praeconis</strong></span> <span class='ocrx_word' id='word_1_9' title='bbox 1352 446 1574 513; x_wconf 77' lang='lat' dir='ltr'><strong>natalia,</strong></span> <span class='ocrx_word' id='word_1_10' title='bbox 1604 454 1657 501; x_wconf 91' lang='lat' dir='ltr'><strong>et</strong></span> <span class='ocrx_word' id='word_1_11' title='bbox 1685 446 1830 503; x_wconf 88' lang='lat' dir='ltr'><strong>diem</strong></span> <span class='ocrx_word' id='word_1_12' title='bbox 1848 448 1995 502; x_wconf 86' lang='lat' dir='ltr'><strong>hunc</strong></span> <span class='ocrx_word' id='word_1_13' title='bbox 2030 448 2249 502; x_wconf 82' lang='lat' dir='ltr'><strong>faustis-</strong></span> 
     </span>
    </p>
   </div>
   <div class='ocr_carea' id='block_1_4' title="bbox 2368 439 3941 522">
    <p class='ocr_par' dir='ltr' id='par_1_4' title="bbox 2368 439 3941 515">
     <span class='ocr_line' id='line_1_4' title="bbox 2368 439 3941 515; baseline 0.002 -22"><span class='ocrx_word' id='word_1_14' title='bbox 2368 459 2534 506; x_wconf 70' lang='grc' dir='ltr'>ιενος,</span> <span class='ocrx_word' id='word_1_15' title='bbox 2563 444 2736 506; x_wconf 78' lang='grc' dir='ltr'>οὕτως</span> <span class='ocrx_word' id='word_1_16' title='bbox 2764 441 2949 496; x_wconf 76' lang='grc' dir='ltr'>εἰσίτω</span> <span class='ocrx_word' id='word_1_17' title='bbox 2983 439 3257 513; x_wconf 82' lang='grc' dir='ltr'>ἐορτάσων</span> <span class='ocrx_word' id='word_1_18' title='bbox 3285 440 3378 496; x_wconf 89' lang='grc' dir='ltr'><strong>τοῦ</strong></span> <span class='ocrx_word' id='word_1_19' title='bbox 3415 442 3657 515; x_wconf 80' lang='grc' dir='ltr'><strong>κήρυκος</strong></span> <span class='ocrx_word' id='word_1_20' title='bbox 3685 444 3755 496; x_wconf 77' lang='grc' dir='ltr'>τὰ</span> <span class='ocrx_word' id='word_1_21' title='bbox 3775 448 3941 512; x_wconf 61' lang='grc' dir='ltr'>γενέη</span> 
     </span>
    </p>
   </div>
   <div class='ocr_carea' id='block_1_5' title="bbox 663 540 2249 615">
    <p class='ocr_par' dir='ltr' id='par_1_5' title="bbox 663 540 2249 615">
     <span class='ocr_line' id='line_1_5' title="bbox 663 540 2249 615; baseline -0.004 -15"><span class='ocrx_word' id='word_1_22' title='bbox 663 548 864 600; x_wconf 89' lang='lat' dir='ltr'><strong>simum</strong></span> <span class='ocrx_word' id='word_1_23' title='bbox 921 545 1197 615; x_wconf 73' lang='lat' dir='ltr'><strong>pnndicct.</strong></span> <span class='ocrx_word' id='word_1_24' title='bbox 1256 542 1399 609; x_wconf 78' lang='lat' dir='ltr'><strong>Quid</strong></span> <span class='ocrx_word' id='word_1_25' title='bbox 1452 540 1598 594; x_wconf 90' lang='lat' dir='ltr'><strong>enim</strong></span> <span class='ocrx_word' id='word_1_26' title='bbox 1656 542 1836 613; x_wconf 78' lang='lat' dir='ltr'><strong>majus</strong></span> <span class='ocrx_word' id='word_1_27' title='bbox 1886 542 1953 596; x_wconf 91' lang='lat' dir='ltr'><strong>ad</strong></span> <span class='ocrx_word' id='word_1_28' title='bbox 2015 541 2249 596; x_wconf 81' lang='lat' dir='ltr'><strong>delicias</strong></span> 
     </span>
    </p>
   </div>
   <div class='ocr_carea' id='block_1_6' title="bbox 664 634 2249 707">
    <p class='ocr_par' dir='ltr' id='par_1_6' title="bbox 664 634 2249 707">
     <span class='ocr_line' id='line_1_6' title="bbox 664 634 2249 707; baseline -0.005 -12"><span class='ocrx_word' id='word_1_29' title='bbox 664 641 891 702; x_wconf 70' lang='lat' dir='ltr'><strong>afferat,</strong></span> <span class='ocrx_word' id='word_1_30' title='bbox 946 654 1069 693; x_wconf 85' lang='lat' dir='ltr'><strong>eum</strong></span> <span class='ocrx_word' id='word_1_31' title='bbox 1129 635 1500 707; x_wconf 83' lang='lat' dir='ltr'><strong>pulcherrima</strong></span> <span class='ocrx_word' id='word_1_32' title='bbox 1532 648 1784 703; x_wconf 62' lang='lat' dir='ltr'><strong>quasque,</strong></span> <span class='ocrx_word' id='word_1_33' title='bbox 1839 644 1895 689; x_wconf 90' lang='lat' dir='ltr'><strong>et</strong></span> <span class='ocrx_word' id='word_1_34' title='bbox 1927 634 2249 688; x_wconf 85' lang='lat' dir='ltr'><strong>suavissima</strong></span> 
     </span>
    </p>
   </div>
   <div class='ocr_carea' id='block_1_7' title="bbox 664 722 2246 799">
    <p class='ocr_par' dir='ltr' id='par_1_7' title="bbox 664 722 2246 799">
     <span class='ocr_line' id='line_1_7' title="bbox 664 722 2246 799; baseline -0.005 -16"><span class='ocrx_word' id='word_1_35' title='bbox 664 744 891 799; x_wconf 57' lang='lat' dir='ltr'><strong>(piaeque</strong></span> <span class='ocrx_word' id='word_1_36' title='bbox 936 726 1441 797; x_wconf 82' lang='lat' dir='ltr'><strong>perfectissimaque</strong></span> <span class='ocrx_word' id='word_1_37' title='bbox 1488 722 1545 775; x_wconf 92' lang='lat' dir='ltr'><strong>in</strong></span> <span class='ocrx_word' id='word_1_38' title='bbox 1591 738 1763 775; x_wconf 89' lang='lat' dir='ltr'><strong>unum</strong></span> <span class='ocrx_word' id='word_1_39' title='bbox 1819 731 2009 776; x_wconf 88' lang='lat' dir='ltr'><strong>coacta</strong></span> <span class='ocrx_word' id='word_1_40' title='bbox 2042 722 2246 788; x_wconf 77' lang='lat' dir='ltr'><strong>videat,</strong></span> 
     </span>
    </p>
   </div>
   <div class='ocr_carea' id='block_1_8' title="bbox 662 816 2108 890">
    <p class='ocr_par' dir='ltr' id='par_1_8' title="bbox 662 816 2108 890">
     <span class='ocr_line' id='line_1_8' title="bbox 662 816 2108 890; baseline -0.003 -15"><span class='ocrx_word' id='word_1_41' title='bbox 662 821 866 890; x_wconf 85' lang='lat' dir='ltr'><strong>quibus</strong></span> <span class='ocrx_word' id='word_1_42' title='bbox 898 820 1118 874; x_wconf 89' lang='lat' dir='ltr'><strong>divinus</strong></span> <span class='ocrx_word' id='word_1_43' title='bbox 1142 820 1232 874; x_wconf 88' lang='lat' dir='ltr'><strong>ille</strong></span> <span class='ocrx_word' id='word_1_44' title='bbox 1268 820 1611 889; x_wconf 68' lang='lat' dir='ltr'><strong>praenuntius</strong></span> <span class='ocrx_word' id='word_1_45' title='bbox 1649 820 1953 874; x_wconf 86' lang='lat' dir='ltr'><strong>instructus</strong></span> <span class='ocrx_word' id='word_1_46' title='bbox 1984 816 2108 871; x_wconf 84' lang='lat' dir='ltr'><strong>est?</strong></span> 
     </span>
    </p>
   </div>
   <div class='ocr_carea' id='block_1_9' title="bbox 639 970 2252 1045">
    <p class='ocr_par' dir='ltr' id='par_1_9' title="bbox 639 970 2252 1045">
     <span class='ocr_line' id='line_1_9' title="bbox 639 970 2252 1045; baseline -0.002 -13"><span class='ocrx_word' id='word_1_47' title='bbox 639 970 643 975; x_wconf 57' lang='grc'><strong><em>⁷</em></strong></span> <span class='ocrx_word' id='word_1_48' title='bbox 735 975 873 1032; x_wconf 89' lang='lat' dir='ltr'><strong>Cum</strong></span> <span class='ocrx_word' id='word_1_49' title='bbox 899 976 1065 1045; x_wconf 82' lang='lat' dir='ltr'><strong>igitur</strong></span> <span class='ocrx_word' id='word_1_50' title='bbox 1100 982 1172 1039; x_wconf 89' lang='lat' dir='ltr'><strong>te,</strong></span> <span class='ocrx_word' id='word_1_51' title='bbox 1198 976 1516 1031; x_wconf 77' lang='lat' dir='ltr'><strong>beatissime</strong></span> <span class='ocrx_word' id='word_1_52' title='bbox 1543 977 1877 1043; x_wconf 64' lang='lat' dir='ltr'><strong>Prmcursor,</strong></span> <span class='ocrx_word' id='word_1_53' title='bbox 1908 977 1986 1032; x_wconf 89' lang='lat' dir='ltr'><strong>sic</strong></span> <span class='ocrx_word' id='word_1_54' title='bbox 2018 975 2120 1031; x_wconf 81' lang='lat' dir='ltr'><strong>via:</strong></span> <span class='ocrx_word' id='word_1_55' title='bbox 2150 975 2252 1030; x_wconf 91' lang='lat' dir='ltr'><strong>du-</strong></span> 
     </span>
    </p>
   </div>
   <div class='ocr_carea' id='block_1_10' title="bbox 666 1048 2254 1136">
    <p class='ocr_par' dir='ltr' id='par_1_10' title="bbox 666 1048 2254 1136">
     <span class='ocr_line' id='line_1_10' title="bbox 666 1048 2254 1136; baseline 0 -15"><span class='ocrx_word' id='word_1_56' title='bbox 666 1081 787 1121; x_wconf 85' lang='lat' dir='ltr'><strong>cem</strong></span> <span class='ocrx_word' id='word_1_57' title='bbox 831 1080 895 1120; x_wconf 87' lang='lat' dir='ltr'><strong>ac</strong></span> <span class='ocrx_word' id='word_1_58' title='bbox 926 1064 1233 1136; x_wconf 85' lang='lat' dir='ltr'><strong>principem</strong></span> <span class='ocrx_word' id='word_1_59' title='bbox 1266 1048 1698 1130; x_wconf 43' lang='lat' dir='ltr'><strong>&#39;ornaverimus,</strong></span> <span class='ocrx_word' id='word_1_60' title='bbox 1734 1065 1835 1119; x_wconf 88' lang='lat' dir='ltr'><strong>abs</strong></span> <span class='ocrx_word' id='word_1_61' title='bbox 1868 1076 1920 1121; x_wconf 90' lang='lat' dir='ltr'><strong>te</strong></span> <span class='ocrx_word' id='word_1_62' title='bbox 1967 1066 2040 1122; x_wconf 90' lang='lat' dir='ltr'><strong>sit</strong></span> <span class='ocrx_word' id='word_1_63' title='bbox 2094 1067 2254 1121; x_wconf 90' lang='lat' dir='ltr'><strong>nobis</strong></span> 
     </span>
    </p>
   </div>
   <div class='ocr_carea' id='block_1_11' title="bbox 664 1158 2255 1229">
    <p class='ocr_par' dir='ltr' id='par_1_11' title="bbox 664 1158 2255 1229">
     <span class='ocr_line' id='line_1_11' title="bbox 664 1158 2255 1229; baseline 0.001 -16"><span class='ocrx_word' id='word_1_64' title='bbox 664 1158 878 1223; x_wconf 66' lang='lat' dir='ltr'><strong>laetitia,</strong></span> <span class='ocrx_word' id='word_1_65' title='bbox 906 1158 1087 1212; x_wconf 89' lang='lat' dir='ltr'><strong>omnis</strong></span> <span class='ocrx_word' id='word_1_66' title='bbox 1118 1174 1245 1229; x_wconf 84' lang='lat' dir='ltr'><strong>spes</strong></span> <span class='ocrx_word' id='word_1_67' title='bbox 1270 1167 1325 1213; x_wconf 91' lang='lat' dir='ltr'><strong>et</strong></span> <span class='ocrx_word' id='word_1_68' title='bbox 1356 1159 1642 1222; x_wconf 79' lang='lat' dir='ltr'><strong>auxilium,</strong></span> <span class='ocrx_word' id='word_1_69' title='bbox 1666 1167 1864 1228; x_wconf 68' lang='lat' dir='ltr'><strong>prazsto</strong></span> <span class='ocrx_word' id='word_1_70' title='bbox 1889 1160 1983 1224; x_wconf 89' lang='lat' dir='ltr'><strong>sis,</strong></span> <span class='ocrx_word' id='word_1_71' title='bbox 2007 1166 2255 1214; x_wconf 89' lang='lat' dir='ltr'><strong>amantes</strong></span> 
     </span>
    </p>
   </div>
   <div class='ocr_carea' id='block_1_12' title="bbox 666 1251 2256 1322">
    <p class='ocr_par' dir='ltr' id='par_1_12' title="bbox 666 1251 2256 1322">
     <span class='ocr_line' id='line_1_12' title="bbox 666 1251 2256 1322; baseline 0.002 -18"><span class='ocrx_word' id='word_1_72' title='bbox 666 1263 719 1305; x_wconf 83' lang='lat' dir='ltr'><strong>te</strong></span> <span class='ocrx_word' id='word_1_73' title='bbox 774 1251 1017 1315; x_wconf 88' lang='lat' dir='ltr'><strong>redama,</strong></span> <span class='ocrx_word' id='word_1_74' title='bbox 1059 1260 1115 1306; x_wconf 92' lang='lat' dir='ltr'><strong>et</strong></span> <span class='ocrx_word' id='word_1_75' title='bbox 1170 1252 1379 1306; x_wconf 88' lang='lat' dir='ltr'><strong>intimis</strong></span> <span class='ocrx_word' id='word_1_76' title='bbox 1437 1252 1604 1306; x_wconf 86' lang='lat' dir='ltr'><strong>animi</strong></span> <span class='ocrx_word' id='word_1_77' title='bbox 1653 1253 1911 1307; x_wconf 91' lang='lat' dir='ltr'><strong>sensibus</strong></span> <span class='ocrx_word' id='word_1_78' title='bbox 1968 1268 2094 1322; x_wconf 84' lang='lat' dir='ltr'><strong>erga</strong></span> <span class='ocrx_word' id='word_1_79' title='bbox 2152 1268 2256 1307; x_wconf 89' lang='lat' dir='ltr'><strong>nos</strong></span> 
     </span>
    </p>
   </div>
   <div class='ocr_carea' id='block_1_13' title="bbox 665 1344 2252 1413">
    <p class='ocr_par' dir='ltr' id='par_1_13' title="bbox 665 1344 2252 1413">
     <span class='ocr_line' id='line_1_13' title="bbox 665 1344 2252 1413; baseline -0.001 -14"><span class='ocrx_word' id='word_1_80' title='bbox 665 1354 1002 1406; x_wconf 87' lang='lat' dir='ltr'><strong>commotus,</strong></span> <span class='ocrx_word' id='word_1_81' title='bbox 1024 1361 1136 1399; x_wconf 90' lang='lat' dir='ltr'><strong>non</strong></span> <span class='ocrx_word' id='word_1_82' title='bbox 1162 1352 1350 1398; x_wconf 88' lang='lat' dir='ltr'><strong>nostra</strong></span> <span class='ocrx_word' id='word_1_83' title='bbox 1378 1352 1594 1413; x_wconf 89' lang='lat' dir='ltr'><strong>reputa,</strong></span> <span class='ocrx_word' id='word_1_84' title='bbox 1622 1359 1724 1398; x_wconf 92' lang='lat' dir='ltr'><strong>nec</strong></span> <span class='ocrx_word' id='word_1_85' title='bbox 1747 1359 1862 1408; x_wconf 90' lang='lat' dir='ltr'><strong>eas,</strong></span> <span class='ocrx_word' id='word_1_86' title='bbox 1886 1344 2088 1413; x_wconf 88' lang='lat' dir='ltr'><strong>quibus</strong></span> <span class='ocrx_word' id='word_1_87' title='bbox 2112 1359 2252 1413; x_wconf 92' lang='lat' dir='ltr'><strong>quo-</strong></span> 
     </span>
    </p>
   </div>
   <div class='ocr_carea' id='block_1_14' title="bbox 668 1435 2256 1507">
    <p class='ocr_par' dir='ltr' id='par_1_14' title="bbox 668 1435 2256 1507">
     <span class='ocr_line' id='line_1_14' title="bbox 668 1435 2256 1507; baseline -0.002 -16"><span class='ocrx_word' id='word_1_88' title='bbox 668 1437 799 1492; x_wconf 90' lang='lat' dir='ltr'><strong>tidie</strong></span> <span class='ocrx_word' id='word_1_89' title='bbox 827 1438 1196 1507; x_wconf 83' lang='lat' dir='ltr'><strong>implicamur,</strong></span> <span class='ocrx_word' id='word_1_90' title='bbox 1232 1436 1573 1505; x_wconf 83' lang='lat' dir='ltr'><strong>iniquitates,</strong></span> <span class='ocrx_word' id='word_1_91' title='bbox 1601 1435 1695 1491; x_wconf 89' lang='lat' dir='ltr'><strong>sed</strong></span> <span class='ocrx_word' id='word_1_92' title='bbox 1713 1435 2256 1491; x_wconf 87' lang='lat' dir='ltr'><strong>commiserationem</strong></span> 
     </span>
    </p>
   </div>
   <div class='ocr_carea' id='block_1_15' title="bbox 665 1528 2258 1585">
    <p class='ocr_par' dir='ltr' id='par_1_15' title="bbox 665 1528 2258 1585">
     <span class='ocr_line' id='line_1_15' title="bbox 665 1528 2258 1585; baseline 0.001 -3"><span class='ocrx_word' id='word_1_93' title='bbox 665 1530 986 1584; x_wconf 82' lang='lat' dir='ltr'><strong>errantibus</strong></span> <span class='ocrx_word' id='word_1_94' title='bbox 1010 1530 1231 1585; x_wconf 74' lang='lat' dir='ltr'><strong>exhibe.</strong></span> <span class='ocrx_word' id='word_1_95' title='bbox 1270 1528 1353 1584; x_wconf 83' lang='lat' dir='ltr'><strong>Ad</strong></span> <span class='ocrx_word' id='word_1_96' title='bbox 1380 1530 1673 1584; x_wconf 86' lang='lat' dir='ltr'><strong>arbitrium</strong></span> <span class='ocrx_word' id='word_1_97' title='bbox 1696 1529 1869 1584; x_wconf 86' lang='lat' dir='ltr'><strong>babes</strong></span> <span class='ocrx_word' id='word_1_98' title='bbox 1896 1530 1997 1584; x_wconf 87' lang='lat' dir='ltr'><strong>tibi</strong></span> <span class='ocrx_word' id='word_1_99' title='bbox 2024 1544 2258 1584; x_wconf 88' lang='lat' dir='ltr'><strong>consen—</strong></span> 
     </span>
    </p>
   </div>
   <div class='ocr_carea' id='block_1_16' title="bbox 669 1620 2258 1691">
    <p class='ocr_par' dir='ltr' id='par_1_16' title="bbox 669 1620 2258 1691">
     <span class='ocr_line' id='line_1_16' title="bbox 669 1620 2258 1691; baseline -0.001 -16"><span class='ocrx_word' id='word_1_100' title='bbox 669 1623 898 1677; x_wconf 81' lang='lat' dir='ltr'><strong>tientem</strong></span> <span class='ocrx_word' id='word_1_101' title='bbox 929 1622 1242 1687; x_wconf 89' lang='lat' dir='ltr'><strong>Dominum,</strong></span> <span class='ocrx_word' id='word_1_102' title='bbox 1281 1622 1376 1691; x_wconf 86' lang='lat' dir='ltr'><strong>qui</strong></span> <span class='ocrx_word' id='word_1_103' title='bbox 1402 1622 1561 1675; x_wconf 89' lang='lat' dir='ltr'><strong>nobis</strong></span> <span class='ocrx_word' id='word_1_104' title='bbox 1583 1622 1876 1686; x_wconf 83' lang='lat' dir='ltr'><strong>condonet,</strong></span> <span class='ocrx_word' id='word_1_105' title='bbox 1901 1621 1945 1675; x_wconf 91' lang='lat' dir='ltr'><strong>si</strong></span> <span class='ocrx_word' id='word_1_106' title='bbox 1969 1620 2101 1690; x_wconf 90' lang='lat' dir='ltr'><strong>quid</strong></span> <span class='ocrx_word' id='word_1_107' title='bbox 2132 1636 2258 1689; x_wconf 84' lang='lat' dir='ltr'><strong>per-</strong></span> 
     </span>
    </p>
   </div>
   <div class='ocr_carea' id='block_1_17' title="bbox 666 1712 2254 1783">
    <p class='ocr_par' dir='ltr' id='par_1_17' title="bbox 666 1712 2254 1783">
     <span class='ocr_line' id='line_1_17' title="bbox 666 1712 2254 1783; baseline 0.004 -22"><span class='ocrx_word' id='word_1_108' title='bbox 666 1728 855 1782; x_wconf 79' lang='lat' dir='ltr'><strong>peram</strong></span> <span class='ocrx_word' id='word_1_109' title='bbox 880 1713 1058 1782; x_wconf 85' lang='lat' dir='ltr'><strong>egisse</strong></span> <span class='ocrx_word' id='word_1_110' title='bbox 1083 1712 1400 1778; x_wconf 84' lang='lat' dir='ltr'><strong>videamur;</strong></span> <span class='ocrx_word' id='word_1_111' title='bbox 1428 1712 1594 1783; x_wconf 86' lang='lat' dir='ltr'><strong>hujus</strong></span> <span class='ocrx_word' id='word_1_112' title='bbox 1621 1712 1773 1767; x_wconf 84' lang='lat' dir='ltr'><strong>enim</strong></span> <span class='ocrx_word' id='word_1_113' title='bbox 1797 1728 1858 1767; x_wconf 88' lang='lat' dir='ltr'><strong>es</strong></span> <span class='ocrx_word' id='word_1_114' title='bbox 1891 1713 2123 1777; x_wconf 89' lang='lat' dir='ltr'><strong>amicus,</strong></span> <span class='ocrx_word' id='word_1_115' title='bbox 2150 1712 2254 1767; x_wconf 89' lang='lat' dir='ltr'><strong>Ba-</strong></span> 
     </span>
    </p>
   </div>
   <div class='ocr_carea' id='block_1_18' title="bbox 2352 533 3941 606">
    <p class='ocr_par' dir='ltr' id='par_1_18' title="bbox 2352 533 3941 606">
     <span class='ocr_line' id='line_1_18' title="bbox 2352 533 3941 606; baseline 0.003 -21"><span class='ocrx_word' id='word_1_116' title='bbox 2352 533 2494 597; x_wconf 85' lang='grc' dir='ltr'>θλια,</span> <span class='ocrx_word' id='word_1_117' title='bbox 2532 535 2625 587; x_wconf 79' lang='grc' dir='ltr'>καὶ</span> <span class='ocrx_word' id='word_1_118' title='bbox 2672 535 3057 606; x_wconf 88' lang='grc' dir='ltr'>πανηγυρίσων</span> <span class='ocrx_word' id='word_1_119' title='bbox 3092 537 3194 604; x_wconf 83' lang='grc' dir='ltr'>τῆς</span> <span class='ocrx_word' id='word_1_120' title='bbox 3223 534 3438 605; x_wconf 80' lang='grc' dir='ltr'>ἡμέρας</span> <span class='ocrx_word' id='word_1_121' title='bbox 3474 534 3543 588; x_wconf 83' lang='grc' dir='ltr'><strong>τά</strong></span> <span class='ocrx_word' id='word_1_122' title='bbox 3578 537 3941 605; x_wconf 75' lang='grc' dir='ltr'><strong>χαριστήρια.</strong></span> 
     </span>
    </p>
   </div>
   <div class='ocr_carea' id='block_1_19' title="bbox 2351 626 3943 698">
    <p class='ocr_par' dir='ltr' id='par_1_19' title="bbox 2351 626 3943 698">
     <span class='ocr_line' id='line_1_19' title="bbox 2351 626 3943 698; baseline 0.003 -21"><span class='ocrx_word' id='word_1_123' title='bbox 2351 626 2417 679; x_wconf 91' lang='grc' dir='ltr'>Τί</span> <span class='ocrx_word' id='word_1_124' title='bbox 2459 627 2566 697; x_wconf 83' lang='grc' dir='ltr'><strong>γὰρ</strong></span> <span class='ocrx_word' id='word_1_125' title='bbox 2605 627 2700 681; x_wconf 78' lang='grc' dir='ltr'>καὶ</span> <span class='ocrx_word' id='word_1_126' title='bbox 2746 628 2931 698; x_wconf 76' lang='grc' dir='ltr'>μεῖζον</span> <span class='ocrx_word' id='word_1_127' title='bbox 2978 629 3058 692; x_wconf 82' lang='grc' dir='ltr'><strong>είς</strong></span> <span class='ocrx_word' id='word_1_128' title='bbox 3098 627 3294 698; x_wconf 78' lang='grc' dir='ltr'>ἡδονὴν</span> <span class='ocrx_word' id='word_1_129' title='bbox 3337 628 3610 698; x_wconf 86' lang='grc' dir='ltr'>κομιεῖταί</span> <span class='ocrx_word' id='word_1_130' title='bbox 3644 644 3728 690; x_wconf 88' lang='grc' dir='ltr'><strong>τις</strong></span> <span class='ocrx_word' id='word_1_131' title='bbox 3776 628 3943 682; x_wconf 84' lang='grc' dir='ltr'>πάνθ’</span> 
     </span>
    </p>
   </div>
   <div class='ocr_carea' id='block_1_20' title="bbox 2351 717 3945 790">
    <p class='ocr_par' dir='ltr' id='par_1_20' title="bbox 2351 717 3945 790">
     <span class='ocr_line' id='line_1_20' title="bbox 2351 717 3945 790; baseline 0 -19"><span class='ocrx_word' id='word_1_132' title='bbox 2351 718 2492 789; x_wconf 79' lang='grc' dir='ltr'>ὁρῶν</span> <span class='ocrx_word' id='word_1_133' title='bbox 2521 717 2617 771; x_wconf 90' lang='grc' dir='ltr'><strong>νῦν</strong></span> <span class='ocrx_word' id='word_1_134' title='bbox 2640 718 2710 771; x_wconf 85' lang='grc' dir='ltr'>τὰ</span> <span class='ocrx_word' id='word_1_135' title='bbox 2754 720 3015 773; x_wconf 88' lang='grc' dir='ltr'>κάλλιστα</span> <span class='ocrx_word' id='word_1_136' title='bbox 3057 719 3194 790; x_wconf 72' lang='grc' dir='ltr'>ἅμα,</span> <span class='ocrx_word' id='word_1_137' title='bbox 3223 720 3318 773; x_wconf 74' lang='grc' dir='ltr'>καὶ</span> <span class='ocrx_word' id='word_1_138' title='bbox 3347 719 3561 790; x_wconf 78' lang='grc' dir='ltr'>ἥδιστα,</span> <span class='ocrx_word' id='word_1_139' title='bbox 3603 720 3697 773; x_wconf 82' lang='grc' dir='ltr'>καὶ</span> <span class='ocrx_word' id='word_1_140' title='bbox 3726 719 3945 772; x_wconf 79' lang='grc' dir='ltr'>λυσιτε-</span> 
     </span>
    </p>
   </div>
   <div class='ocr_carea' id='block_1_21' title="bbox 2353 809 3939 883">
    <p class='ocr_par' dir='ltr' id='par_1_21' title="bbox 2353 809 3939 883">
     <span class='ocr_line' id='line_1_21' title="bbox 2353 809 3939 883; baseline 0.001 -22"><span class='ocrx_word' id='word_1_141' title='bbox 2353 809 2584 863; x_wconf 87' lang='grc' dir='ltr'>λέστατα</span> <span class='ocrx_word' id='word_1_142' title='bbox 2616 810 2695 874; x_wconf 77' lang='grc' dir='ltr'><strong>εἰς</strong></span> <span class='ocrx_word' id='word_1_143' title='bbox 2724 810 2782 863; x_wconf 83' lang='grc' dir='ltr'>ἓν</span> <span class='ocrx_word' id='word_1_144' title='bbox 2813 812 3157 877; x_wconf 77' lang='grc' dir='ltr'><strong>συνελθόντα,</strong></span> <span class='ocrx_word' id='word_1_145' title='bbox 3191 811 3285 866; x_wconf 68' lang='grc' dir='ltr'>καὶ</span> <span class='ocrx_word' id='word_1_146' title='bbox 3317 811 3563 882; x_wconf 78' lang='grc' dir='ltr'><strong>μηνυτὴν</strong></span> <span class='ocrx_word' id='word_1_147' title='bbox 3606 811 3803 883; x_wconf 74' lang='grc' dir='ltr'>ἔχοντα</span> <span class='ocrx_word' id='word_1_148' title='bbox 3837 812 3939 865; x_wconf 72' lang='grc' dir='ltr'>καὶ</span> 
     </span>
    </p>
   </div>
   <div class='ocr_carea' id='block_1_22' title="bbox 2355 903 3186 976">
    <p class='ocr_par' dir='ltr' id='par_1_22' title="bbox 2355 903 3186 976">
     <span class='ocr_line' id='line_1_22' title="bbox 2355 903 3186 976; baseline 0.005 -21"><span class='ocrx_word' id='word_1_149' title='bbox 2355 904 2693 975; x_wconf 78' lang='grc' dir='ltr'><strong>προάγγελον</strong></span> <span class='ocrx_word' id='word_1_150' title='bbox 2724 903 2817 956; x_wconf 72' lang='grc' dir='ltr'>τὸν</span> <span class='ocrx_word' id='word_1_151' title='bbox 2854 903 3150 976; x_wconf 83' lang='grc' dir='ltr'>θεόληπτον</span> <span class='ocrx_word' id='word_1_152' title='bbox 3172 923 3186 973; x_wconf 89' lang='grc'><strong>;</strong></span> 
     </span>
    </p>
   </div>
   <div class='ocr_carea' id='block_1_23' title="bbox 2436 989 3943 1070">
    <p class='ocr_par' dir='ltr' id='par_1_23' title="bbox 2436 989 3943 1070">
     <span class='ocr_line' id='line_1_23' title="bbox 2436 989 3943 1070; baseline 0.004 -25"><span class='ocrx_word' id='word_1_153' title='bbox 2436 993 2600 1047; x_wconf 81' lang='grc' dir='ltr'>Ἀλλά</span> <span class='ocrx_word' id='word_1_154' title='bbox 2630 993 2796 1064; x_wconf 86' lang='grc' dir='ltr'>γάρ⁸⁷</span> <span class='ocrx_word' id='word_1_155' title='bbox 2827 994 2949 1047; x_wconf 72' lang='grc' dir='ltr'>ἐπεὶ</span> <span class='ocrx_word' id='word_1_156' title='bbox 2999 994 3081 1057; x_wconf 87' lang='grc' dir='ltr'>σὲ,</span> <span class='ocrx_word' id='word_1_157' title='bbox 3114 989 3162 1049; x_wconf 78' lang='grc' dir='ltr'><strong>ὦ</strong></span> <span class='ocrx_word' id='word_1_158' title='bbox 3207 994 3597 1068; x_wconf 83' lang='grc' dir='ltr'>μακαριώτατε</span> <span class='ocrx_word' id='word_1_159' title='bbox 3630 997 3943 1070; x_wconf 84' lang='grc' dir='ltr'>Πρόδρομε,</span> 
     </span>
    </p>
   </div>
   <div class='ocr_carea' id='block_1_24' title="bbox 2353 1082 3947 1158">
    <p class='ocr_par' dir='ltr' id='par_1_24' title="bbox 2353 1082 3947 1158">
     <span class='ocr_line' id='line_1_24' title="bbox 2353 1082 3947 1158; baseline 0.003 -22"><span class='ocrx_word' id='word_1_160' title='bbox 2353 1082 2496 1137; x_wconf 76' lang='grc' dir='ltr'>οὕτω</span> <span class='ocrx_word' id='word_1_161' title='bbox 2540 1086 2636 1138; x_wconf 78' lang='grc' dir='ltr'>καὶ</span> <span class='ocrx_word' id='word_1_162' title='bbox 2688 1085 2881 1156; x_wconf 81' lang='grc' dir='ltr'><strong>ὁδηγὸν</strong></span> <span class='ocrx_word' id='word_1_163' title='bbox 2931 1087 3025 1139; x_wconf 73' lang='grc' dir='ltr'>καὶ</span> <span class='ocrx_word' id='word_1_164' title='bbox 3083 1087 3326 1158; x_wconf 80' lang='grc' dir='ltr'>ἀρχηγὸν</span> <span class='ocrx_word' id='word_1_165' title='bbox 3366 1089 3425 1141; x_wconf 81' lang='grc' dir='ltr'><strong>ἐν</strong></span> <span class='ocrx_word' id='word_1_166' title='bbox 3470 1090 3586 1151; x_wconf 82' lang='grc' dir='ltr'>τοῖς</span> <span class='ocrx_word' id='word_1_167' title='bbox 3629 1088 3947 1158; x_wconf 77' lang='grc' dir='ltr'>κρείττοσιν</span> 
     </span>
    </p>
   </div>
   <div class='ocr_carea' id='block_1_25' title="bbox 2356 1175 3945 1251">
    <p class='ocr_par' dir='ltr' id='par_1_25' title="bbox 2356 1175 3945 1251">
     <span class='ocr_line' id='line_1_25' title="bbox 2356 1175 3945 1251; baseline 0.003 -22"><span class='ocrx_word' id='word_1_168' title='bbox 2356 1175 2789 1247; x_wconf 86' lang='grc' dir='ltr'>ἐπλουτήσαμεν,</span> <span class='ocrx_word' id='word_1_169' title='bbox 2828 1177 2924 1230; x_wconf 81' lang='grc' dir='ltr'>καὶ</span> <span class='ocrx_word' id='word_1_170' title='bbox 2961 1177 3114 1249; x_wconf 83' lang='grc' dir='ltr'>παρὰ</span> <span class='ocrx_word' id='word_1_171' title='bbox 3148 1178 3242 1231; x_wconf 88' lang='grc' dir='ltr'><strong>σοῦ</strong></span> <span class='ocrx_word' id='word_1_172' title='bbox 3272 1180 3407 1249; x_wconf 77' lang='grc' dir='ltr'>ἡμῖν</span> <span class='ocrx_word' id='word_1_173' title='bbox 3449 1180 3546 1233; x_wconf 72' lang='grc' dir='ltr'>καὶ</span> <span class='ocrx_word' id='word_1_174' title='bbox 3575 1178 3735 1251; x_wconf 76' lang='grc' dir='ltr'>ἡδονὴ</span> <span class='ocrx_word' id='word_1_175' title='bbox 3766 1181 3945 1244; x_wconf 78' lang='grc' dir='ltr'>πᾶσα,</span> 
     </span>
    </p>
   </div>
   <div class='ocr_carea' id='block_1_26' title="bbox 2356 1268 3943 1342">
    <p class='ocr_par' dir='ltr' id='par_1_26' title="bbox 2356 1268 3943 1342">
     <span class='ocr_line' id='line_1_26' title="bbox 2356 1268 3943 1342; baseline 0.002 -21"><span class='ocrx_word' id='word_1_176' title='bbox 2356 1270 2450 1322; x_wconf 75' lang='grc' dir='ltr'>καὶ</span> <span class='ocrx_word' id='word_1_177' title='bbox 2480 1268 2659 1333; x_wconf 73' lang='grc' dir='ltr'>ἐλπὶς,</span> <span class='ocrx_word' id='word_1_178' title='bbox 2710 1270 2803 1321; x_wconf 71' lang='grc' dir='ltr'>καὶ</span> <span class='ocrx_word' id='word_1_179' title='bbox 2854 1268 3094 1339; x_wconf 85' lang='grc' dir='ltr'>βοήθεια,</span> <span class='ocrx_word' id='word_1_180' title='bbox 3131 1270 3352 1342; x_wconf 87' lang='grc' dir='ltr'>φάνηθι,</span> <span class='ocrx_word' id='word_1_181' title='bbox 3395 1272 3489 1324; x_wconf 78' lang='grc' dir='ltr'>καὶ</span> <span class='ocrx_word' id='word_1_182' title='bbox 3521 1273 3686 1335; x_wconf 80' lang='grc' dir='ltr'>αὐτὸς</span> <span class='ocrx_word' id='word_1_183' title='bbox 3713 1274 3943 1326; x_wconf 82' lang='grc' dir='ltr'>ἀντιπο-</span> 
     </span>
    </p>
   </div>
   <div class='ocr_carea' id='block_1_27' title="bbox 2358 1353 3950 1431">
    <p class='ocr_par' dir='ltr' id='par_1_27' title="bbox 2358 1353 3950 1431">
     <span class='ocr_line' id='line_1_27' title="bbox 2358 1353 3950 1431; baseline 0.006 -25"><span class='ocrx_word' id='word_1_184' title='bbox 2358 1353 2467 1407; x_wconf 82' lang='grc' dir='ltr'><strong>θῶν</strong></span> <span class='ocrx_word' id='word_1_185' title='bbox 2495 1355 2623 1419; x_wconf 82' lang='grc' dir='ltr'>τοὺς</span> <span class='ocrx_word' id='word_1_186' title='bbox 2652 1355 2975 1420; x_wconf 82' lang='grc' dir='ltr'>ποθοῦντας,</span> <span class='ocrx_word' id='word_1_187' title='bbox 3009 1358 3106 1411; x_wconf 77' lang='grc' dir='ltr'>καὶ</span> <span class='ocrx_word' id='word_1_188' title='bbox 3138 1361 3400 1429; x_wconf 80' lang='grc' dir='ltr'>χρηστοῖς</span> <span class='ocrx_word' id='word_1_189' title='bbox 3427 1360 3555 1430; x_wconf 81' lang='grc' dir='ltr'>περὶ</span> <span class='ocrx_word' id='word_1_190' title='bbox 3583 1361 3733 1431; x_wconf 77' lang='grc' dir='ltr'>ἡμᾶς</span> <span class='ocrx_word' id='word_1_191' title='bbox 3758 1360 3950 1415; x_wconf 89' lang='grc' dir='ltr'>κινού-</span> 
     </span>
    </p>
   </div>
   <div class='ocr_carea' id='block_1_28' title="bbox 2361 1447 3951 1522">
    <p class='ocr_par' dir='ltr' id='par_1_28' title="bbox 2361 1447 3951 1522">
     <span class='ocr_line' id='line_1_28' title="bbox 2361 1447 3951 1522; baseline 0.005 -24"><span class='ocrx_word' id='word_1_192' title='bbox 2361 1463 2520 1517; x_wconf 88' lang='grc' dir='ltr'>μενος</span> <span class='ocrx_word' id='word_1_193' title='bbox 2550 1447 2899 1516; x_wconf 80' lang='grc' dir='ltr'>σπλάγχνοις,</span> <span class='ocrx_word' id='word_1_194' title='bbox 2928 1447 3004 1518; x_wconf 79' lang='grc' dir='ltr'>μὴ</span> <span class='ocrx_word' id='word_1_195' title='bbox 3032 1448 3101 1502; x_wconf 85' lang='grc' dir='ltr'><strong>τά</strong></span> <span class='ocrx_word' id='word_1_196' title='bbox 3135 1450 3383 1521; x_wconf 80' lang='grc' dir='ltr'>ἡμέτερα</span> <span class='ocrx_word' id='word_1_197' title='bbox 3405 1449 3777 1520; x_wconf 79' lang='grc' dir='ltr'>λογιζόμενος,</span> <span class='ocrx_word' id='word_1_198' title='bbox 3820 1453 3951 1522; x_wconf 80' lang='grc' dir='ltr'>μηδ’</span> 
     </span>
    </p>
   </div>
   <div class='ocr_carea' id='block_1_29' title="bbox 2357 1534 3951 1612">
    <p class='ocr_par' dir='ltr' id='par_1_29' title="bbox 2357 1534 3951 1612">
     <span class='ocr_line' id='line_1_29' title="bbox 2357 1534 3951 1612; baseline 0.002 -19"><span class='ocrx_word' id='word_1_199' title='bbox 2357 1534 2439 1603; x_wconf 78' lang='grc' dir='ltr'>οἷς</span> <span class='ocrx_word' id='word_1_200' title='bbox 2468 1539 2591 1593; x_wconf 85' lang='grc' dir='ltr'>καθ’</span> <span class='ocrx_word' id='word_1_201' title='bbox 2624 1541 2841 1610; x_wconf 75' lang='grc' dir='ltr'>ἡμέραν</span> <span class='ocrx_word' id='word_1_202' title='bbox 2876 1541 3288 1612; x_wconf 83' lang='grc' dir='ltr'>συνειλήμμεθα</span> <span class='ocrx_word' id='word_1_203' title='bbox 3329 1541 3673 1611; x_wconf 73' lang='grc' dir='ltr'>αἰτιάμασιν,</span> <span class='ocrx_word' id='word_1_204' title='bbox 3716 1544 3856 1596; x_wconf 82' lang='grc' dir='ltr'>ἀλλὰ</span> <span class='ocrx_word' id='word_1_205' title='bbox 3883 1544 3951 1596; x_wconf 83' lang='grc' dir='ltr'>τὸ</span> 
     </span>
    </p>
   </div>
   <div class='ocr_carea' id='block_1_30' title="bbox 2360 1631 3953 1705">
    <p class='ocr_par' dir='ltr' id='par_1_30' title="bbox 2360 1631 3953 1705">
     <span class='ocr_line' id='line_1_30' title="bbox 2360 1631 3953 1705; baseline 0.002 -21"><span class='ocrx_word' id='word_1_206' title='bbox 2360 1632 2452 1685; x_wconf 80' lang='grc' dir='ltr'><strong>σὺν</strong></span> <span class='ocrx_word' id='word_1_207' title='bbox 2483 1631 2767 1702; x_wconf 84' lang='grc' dir='ltr'>συμπαθὲς</span> <span class='ocrx_word' id='word_1_208' title='bbox 2795 1632 2891 1685; x_wconf 75' lang='grc' dir='ltr'>καὶ</span> <span class='ocrx_word' id='word_1_209' title='bbox 2925 1633 3252 1701; x_wconf 84' lang='grc' dir='ltr'>σφάλλουσιν</span> <span class='ocrx_word' id='word_1_210' title='bbox 3286 1634 3715 1704; x_wconf 84' lang='grc' dir='ltr'>ἐνδεικνύμενος.</span> <span class='ocrx_word' id='word_1_211' title='bbox 3758 1636 3953 1705; x_wconf 85' lang='grc' dir='ltr'>Ἔχεις</span> 
     </span>
    </p>
   </div>
   <div class='ocr_carea' id='block_1_31' title="bbox 2357 1721 3953 1795">
    <p class='ocr_par' dir='ltr' id='par_1_31' title="bbox 2357 1721 3953 1795">
     <span class='ocr_line' id='line_1_31' title="bbox 2357 1721 3953 1795; baseline 0.001 -19"><span class='ocrx_word' id='word_1_212' title='bbox 2357 1722 2465 1794; x_wconf 81' lang='grc' dir='ltr'><strong>γὰρ</strong></span> <span class='ocrx_word' id='word_1_213' title='bbox 2549 1721 2873 1793; x_wconf 82' lang='grc' dir='ltr'>βουλόμενος</span> <span class='ocrx_word' id='word_1_214' title='bbox 2940 1723 3258 1777; x_wconf 86' lang='grc' dir='ltr'>ἐπινεύοντα</span> <span class='ocrx_word' id='word_1_215' title='bbox 3324 1724 3417 1778; x_wconf 79' lang='grc' dir='ltr'>τὸν</span> <span class='ocrx_word' id='word_1_216' title='bbox 3472 1725 3751 1795; x_wconf 85' lang='grc' dir='ltr'>Δεσπότην</span> <span class='ocrx_word' id='word_1_217' title='bbox 3780 1765 3794 1789; x_wconf 90' lang='grc'><strong>,</strong></span> <span class='ocrx_word' id='word_1_218' title='bbox 3853 1726 3953 1777; x_wconf 75' lang='grc' dir='ltr'>καὶ</span> 
     </span>
    </p>
   </div>
   <div class='ocr_carea' id='block_1_32' title="bbox 666 1802 2265 1886">
    <p class='ocr_par' dir='ltr' id='par_1_32' title="bbox 666 1804 2261 1874">
     <span class='ocr_line' id='line_1_32' title="bbox 666 1804 2261 1874; baseline 0.002 -18"><span class='ocrx_word' id='word_1_219' title='bbox 666 1805 854 1873; x_wconf 82' lang='lat' dir='ltr'><strong>ptista,</strong></span> <span class='ocrx_word' id='word_1_220' title='bbox 890 1820 1196 1874; x_wconf 65' lang='lat' dir='ltr'><strong>praecursor</strong></span> <span class='ocrx_word' id='word_1_221' title='bbox 1223 1812 1279 1859; x_wconf 89' lang='lat' dir='ltr'><strong>et</strong></span> <span class='ocrx_word' id='word_1_222' title='bbox 1311 1804 1610 1873; x_wconf 86' lang='lat' dir='ltr'><strong>propheta;</strong></span> <span class='ocrx_word' id='word_1_223' title='bbox 1638 1819 1765 1858; x_wconf 91' lang='lat' dir='ltr'><strong>eum</strong></span> <span class='ocrx_word' id='word_1_224' title='bbox 1800 1804 2012 1858; x_wconf 64' lang='lat' dir='ltr'><strong>caeteris</strong></span> <span class='ocrx_word' id='word_1_225' title='bbox 2046 1812 2102 1859; x_wconf 89' lang='lat' dir='ltr'><strong>et</strong></span> <span class='ocrx_word' id='word_1_226' title='bbox 2125 1804 2261 1859; x_wconf 89' lang='lat' dir='ltr'><strong>libe-</strong></span> 
     </span>
    </p>
   </div>
   <div class='ocr_carea' id='block_1_33' title="bbox 2368 1802 3948 1886">
    <p class='ocr_par' dir='ltr' id='par_1_33' title="bbox 2368 1813 3948 1886">
     <span class='ocr_line' id='line_1_33' title="bbox 2368 1813 3948 1886; baseline 0.002 -20"><span class='ocrx_word' id='word_1_227' title='bbox 2368 1813 2589 1882; x_wconf 76' lang='grc' dir='ltr'>ἀφιέντα</span> <span class='ocrx_word' id='word_1_228' title='bbox 2620 1815 2773 1885; x_wconf 78' lang='grc' dir='ltr'>ἡμῖν,</span> <span class='ocrx_word' id='word_1_229' title='bbox 2797 1815 2851 1867; x_wconf 76' lang='grc' dir='ltr'>εἷ</span> <span class='ocrx_word' id='word_1_230' title='bbox 2865 1832 2918 1867; x_wconf 90' lang='grc' dir='ltr'><strong>τι</strong></span> <span class='ocrx_word' id='word_1_231' title='bbox 2952 1815 3026 1885; x_wconf 80' lang='grc' dir='ltr'>μὴ</span> <span class='ocrx_word' id='word_1_232' title='bbox 3051 1814 3144 1868; x_wconf 76' lang='grc' dir='ltr'>καὶ</span> <span class='ocrx_word' id='word_1_233' title='bbox 3162 1814 3388 1878; x_wconf 89' lang='grc' dir='ltr'>δεόντως</span> <span class='ocrx_word' id='word_1_234' title='bbox 3410 1815 3735 1884; x_wconf 82' lang='grc' dir='ltr'>φαινοίμεθα</span> <span class='ocrx_word' id='word_1_235' title='bbox 3765 1814 3948 1886; x_wconf 84' lang='grc' dir='ltr'>πράτ-</span> 
     </span>
    </p>
   </div>
   <div class='ocr_carea' id='block_1_34' title="bbox 668 1897 2256 1968">
    <p class='ocr_par' dir='ltr' id='par_1_34' title="bbox 668 1897 2256 1968">
     <span class='ocr_line' id='line_1_34' title="bbox 668 1897 2256 1968; baseline 0.002 -18"><span class='ocrx_word' id='word_1_236' title='bbox 668 1898 785 1952; x_wconf 90' lang='lat' dir='ltr'><strong>rius</strong></span> <span class='ocrx_word' id='word_1_237' title='bbox 810 1906 865 1953; x_wconf 88' lang='lat' dir='ltr'><strong>et</strong></span> <span class='ocrx_word' id='word_1_238' title='bbox 881 1897 1248 1952; x_wconf 82' lang='lat' dir='ltr'><strong>conﬁdentius</strong></span> <span class='ocrx_word' id='word_1_239' title='bbox 1272 1897 1569 1967; x_wconf 89' lang='lat' dir='ltr'><strong>alloqueris</strong></span> <span class='ocrx_word' id='word_1_240' title='bbox 1599 1914 1612 1950; x_wconf 90' lang='lat'><strong>:</strong></span> <span class='ocrx_word' id='word_1_241' title='bbox 1641 1897 1865 1951; x_wconf 85' lang='lat' dir='ltr'><strong>auditur</strong></span> <span class='ocrx_word' id='word_1_242' title='bbox 1884 1898 2256 1968; x_wconf 86' lang='lat' dir='ltr'><strong>interpellatio</strong></span> 
     </span>
    </p>
   </div>
   <div class='ocr_carea' id='block_1_35' title="bbox 670 1989 2255 2060">
    <p class='ocr_par' dir='ltr' id='par_1_35' title="bbox 670 1989 2255 2060">
     <span class='ocr_line' id='line_1_35' title="bbox 670 1989 2255 2060; baseline 0.001 -16"><span class='ocrx_word' id='word_1_243' title='bbox 670 2000 781 2053; x_wconf 87' lang='lat' dir='ltr'><strong>tua,</strong></span> <span class='ocrx_word' id='word_1_244' title='bbox 810 1999 866 2044; x_wconf 88' lang='lat' dir='ltr'><strong>et</strong></span> <span class='ocrx_word' id='word_1_245' title='bbox 918 2005 1110 2060; x_wconf 88' lang='lat' dir='ltr'><strong>preces</strong></span> <span class='ocrx_word' id='word_1_246' title='bbox 1157 1990 1277 2045; x_wconf 90' lang='lat' dir='ltr'><strong>sine</strong></span> <span class='ocrx_word' id='word_1_247' title='bbox 1322 1990 1490 2045; x_wconf 91' lang='lat' dir='ltr'><strong>ullius</strong></span> <span class='ocrx_word' id='word_1_248' title='bbox 1520 1989 1833 2046; x_wconf 88' lang='lat' dir='ltr'><strong>interventu</strong></span> <span class='ocrx_word' id='word_1_249' title='bbox 1867 1990 1931 2046; x_wconf 88' lang='lat' dir='ltr'><strong>ad</strong></span> <span class='ocrx_word' id='word_1_250' title='bbox 1962 2006 2127 2047; x_wconf 88' lang='lat' dir='ltr'><strong>aures</strong></span> <span class='ocrx_word' id='word_1_251' title='bbox 2157 1992 2255 2046; x_wconf 84' lang='lat' dir='ltr'><strong>Dei</strong></span> 
     </span>
    </p>
   </div>
   <div class='ocr_carea' id='block_1_36' title="bbox 667 2081 2255 2155">
    <p class='ocr_par' dir='ltr' id='par_1_36' title="bbox 667 2081 2255 2155">
     <span class='ocr_line' id='line_1_36' title="bbox 667 2081 2255 2155; baseline 0.001 -19"><span class='ocrx_word' id='word_1_252' title='bbox 667 2083 850 2137; x_wconf 77' lang='lat' dir='ltr'><strong>sta‘jm</strong></span> <span class='ocrx_word' id='word_1_253' title='bbox 916 2082 1204 2137; x_wconf 87' lang='lat' dir='ltr'><strong>accedunt.</strong></span> <span class='ocrx_word' id='word_1_254' title='bbox 1258 2081 1535 2138; x_wconf 67' lang='lat' dir='ltr'><strong>Caeterum</strong></span> <span class='ocrx_word' id='word_1_255' title='bbox 1586 2098 1688 2153; x_wconf 90' lang='lat' dir='ltr'><strong>pro</strong></span> <span class='ocrx_word' id='word_1_256' title='bbox 1750 2083 1912 2137; x_wconf 88' lang='lat' dir='ltr'><strong>nobis</strong></span> <span class='ocrx_word' id='word_1_257' title='bbox 1974 2100 2255 2155; x_wconf 87' lang='lat' dir='ltr'><strong>nunquam</strong></span> 
     </span>
    </p>
   </div>
   <div class='ocr_carea' id='block_1_37' title="bbox 667 2174 2254 2247">
    <p class='ocr_par' dir='ltr' id='par_1_37' title="bbox 667 2174 2254 2247">
     <span class='ocr_line' id='line_1_37' title="bbox 667 2174 2254 2247; baseline 0.003 -19"><span class='ocrx_word' id='word_1_258' title='bbox 667 2190 851 2231; x_wconf 86' lang='lat' dir='ltr'><strong>cesses</strong></span> <span class='ocrx_word' id='word_1_259' title='bbox 883 2174 1199 2244; x_wconf 90' lang='lat' dir='ltr'><strong>deprecari;</strong></span> <span class='ocrx_word' id='word_1_260' title='bbox 1239 2190 1360 2244; x_wconf 84' lang='lat' dir='ltr'><strong>quae</strong></span> <span class='ocrx_word' id='word_1_261' title='bbox 1403 2174 1563 2229; x_wconf 89' lang='lat' dir='ltr'><strong>nobis</strong></span> <span class='ocrx_word' id='word_1_262' title='bbox 1614 2174 1967 2241; x_wconf 90' lang='lat' dir='ltr'><strong>conducunt,</strong></span> <span class='ocrx_word' id='word_1_263' title='bbox 2002 2176 2254 2247; x_wconf 90' lang='lat' dir='ltr'><strong>impetra,</strong></span> 
     </span>
    </p>
   </div>
   <div class='ocr_carea' id='block_1_38' title="bbox 670 2266 2257 2331">
    <p class='ocr_par' dir='ltr' id='par_1_38' title="bbox 670 2266 2257 2331">
     <span class='ocr_line' id='line_1_38' title="bbox 670 2266 2257 2331; baseline 0.003 -13"><span class='ocrx_word' id='word_1_264' title='bbox 670 2277 731 2322; x_wconf 88' lang='lat' dir='ltr'><strong>nt</strong></span> <span class='ocrx_word' id='word_1_265' title='bbox 760 2267 1088 2323; x_wconf 84' lang='lat' dir='ltr'><strong>clementem</strong></span> <span class='ocrx_word' id='word_1_266' title='bbox 1113 2268 1287 2322; x_wconf 91' lang='lat' dir='ltr'><strong>Deum</strong></span> <span class='ocrx_word' id='word_1_267' title='bbox 1308 2266 1630 2331; x_wconf 85' lang='lat' dir='ltr'><strong>habeamus,</strong></span> <span class='ocrx_word' id='word_1_268' title='bbox 1657 2273 1713 2321; x_wconf 89' lang='lat' dir='ltr'><strong>et</strong></span> <span class='ocrx_word' id='word_1_269' title='bbox 1740 2266 1794 2320; x_wconf 91' lang='lat' dir='ltr'><strong>in</strong></span> <span class='ocrx_word' id='word_1_270' title='bbox 1828 2266 2018 2322; x_wconf 73' lang='lat' dir='ltr'><strong>futuro</strong></span> <span class='ocrx_word' id='word_1_271' title='bbox 2052 2268 2257 2323; x_wconf 68' lang='lat' dir='ltr'><strong>saeculo</strong></span> 
     </span>
    </p>
   </div>
   <div class='ocr_carea' id='block_1_39' title="bbox 671 2359 2256 2432">
    <p class='ocr_par' dir='ltr' id='par_1_39' title="bbox 671 2359 2256 2432">
     <span class='ocr_line' id='line_1_39' title="bbox 671 2359 2256 2432; baseline 0.001 -19"><span class='ocrx_word' id='word_1_272' title='bbox 671 2361 852 2431; x_wconf 87' lang='lat' dir='ltr'><strong>ipsum</strong></span> <span class='ocrx_word' id='word_1_273' title='bbox 909 2374 1290 2430; x_wconf 85' lang='lat' dir='ltr'><strong>assequamur,</strong></span> <span class='ocrx_word' id='word_1_274' title='bbox 1325 2360 1419 2428; x_wconf 89' lang='lat' dir='ltr'><strong>qui</strong></span> <span class='ocrx_word' id='word_1_275' title='bbox 1454 2359 1782 2429; x_wconf 88' lang='lat' dir='ltr'><strong>promissam</strong></span> <span class='ocrx_word' id='word_1_276' title='bbox 1836 2359 1997 2415; x_wconf 92' lang='lat' dir='ltr'><strong>nobis</strong></span> <span class='ocrx_word' id='word_1_277' title='bbox 2028 2360 2256 2432; x_wconf 76' lang='lat' dir='ltr'><strong>gloriam</strong></span> 
     </span>
    </p>
   </div>
   <div class='ocr_carea' id='block_1_40' title="bbox 670 2451 2260 2518">
    <p class='ocr_par' dir='ltr' id='par_1_40' title="bbox 670 2451 2260 2518">
     <span class='ocr_line' id='line_1_40' title="bbox 670 2451 2260 2518; baseline 0.001 -11"><span class='ocrx_word' id='word_1_278' title='bbox 670 2452 961 2518; x_wconf 87' lang='lat' dir='ltr'><strong>concedat,</strong></span> <span class='ocrx_word' id='word_1_279' title='bbox 992 2452 1048 2506; x_wconf 91' lang='lat' dir='ltr'><strong>in</strong></span> <span class='ocrx_word' id='word_1_280' title='bbox 1087 2451 1308 2507; x_wconf 82' lang='lat' dir='ltr'><strong>Christo</strong></span> <span class='ocrx_word' id='word_1_281' title='bbox 1330 2451 1464 2507; x_wconf 85' lang='lat' dir='ltr'><strong>Jesu</strong></span> <span class='ocrx_word' id='word_1_282' title='bbox 1492 2452 1725 2506; x_wconf 90' lang='lat' dir='ltr'><strong>Domino</strong></span> <span class='ocrx_word' id='word_1_283' title='bbox 1750 2460 1964 2517; x_wconf 90' lang='lat' dir='ltr'><strong>nostro,</strong></span> <span class='ocrx_word' id='word_1_284' title='bbox 2000 2469 2109 2508; x_wconf 92' lang='lat' dir='ltr'><strong>una</strong></span> <span class='ocrx_word' id='word_1_285' title='bbox 2134 2469 2260 2508; x_wconf 90' lang='lat' dir='ltr'><strong>cum</strong></span> 
     </span>
    </p>
   </div>
   <div class='ocr_carea' id='block_1_41' title="bbox 673 2543 2263 2615">
    <p class='ocr_par' dir='ltr' id='par_1_41' title="bbox 673 2543 2263 2615">
     <span class='ocr_line' id='line_1_41' title="bbox 673 2543 2263 2615; baseline 0.004 -20"><span class='ocrx_word' id='word_1_286' title='bbox 673 2543 1007 2599; x_wconf 70' lang='lat' dir='ltr'><strong>\‘ivificatorc</strong></span> <span class='ocrx_word' id='word_1_287' title='bbox 1054 2544 1286 2615; x_wconf 87' lang='lat' dir='ltr'><strong>Spiritu,</strong></span> <span class='ocrx_word' id='word_1_288' title='bbox 1336 2559 1485 2599; x_wconf 90' lang='lat' dir='ltr'><strong>nunc</strong></span> <span class='ocrx_word' id='word_1_289' title='bbox 1527 2552 1585 2599; x_wconf 87' lang='lat' dir='ltr'><strong>et</strong></span> <span class='ocrx_word' id='word_1_290' title='bbox 1628 2559 1864 2615; x_wconf 89' lang='lat' dir='ltr'><strong>semper,</strong></span> <span class='ocrx_word' id='word_1_291' title='bbox 1892 2552 1950 2600; x_wconf 90' lang='lat' dir='ltr'><strong>et</strong></span> <span class='ocrx_word' id='word_1_292' title='bbox 1975 2545 2032 2600; x_wconf 89' lang='lat' dir='ltr'><strong>in</strong></span> <span class='ocrx_word' id='word_1_293' title='bbox 2062 2547 2263 2601; x_wconf 70' lang='lat' dir='ltr'><strong>saecula</strong></span> 
     </span>
    </p>
   </div>
   <div class='ocr_carea' id='block_1_42' title="bbox 671 2633 1235 2690">
    <p class='ocr_par' dir='ltr' id='par_1_42' title="bbox 671 2633 1235 2690">
     <span class='ocr_line' id='line_1_42' title="bbox 671 2633 1235 2690; baseline -0.002 -1"><span class='ocrx_word' id='word_1_294' title='bbox 671 2634 1019 2690; x_wconf 63' lang='lat' dir='ltr'><strong>saeculorum.</strong></span> <span class='ocrx_word' id='word_1_295' title='bbox 1038 2633 1235 2688; x_wconf 86' lang='lat' dir='ltr'><strong>Amen.</strong></span> 
     </span>
    </p>
   </div>
   <div class='ocr_carea' id='block_1_43' title="bbox 2362 1902 3952 1973">
    <p class='ocr_par' dir='ltr' id='par_1_43' title="bbox 2362 1902 3952 1973">
     <span class='ocr_line' id='line_1_43' title="bbox 2362 1902 3952 1973; baseline -0.001 -16"><span class='ocrx_word' id='word_1_296' title='bbox 2362 1920 2579 1967; x_wconf 86' lang='grc' dir='ltr'>τοντες·</span> <span class='ocrx_word' id='word_1_297' title='bbox 2614 1904 2680 1955; x_wconf 81' lang='grc' dir='ltr'>σὺ</span> <span class='ocrx_word' id='word_1_298' title='bbox 2730 1902 2838 1973; x_wconf 84' lang='grc' dir='ltr'><strong>γὰρ</strong></span> <span class='ocrx_word' id='word_1_299' title='bbox 2884 1902 3074 1956; x_wconf 91' lang='grc' dir='ltr'>τούτου</span> <span class='ocrx_word' id='word_1_300' title='bbox 3121 1904 3218 1957; x_wconf 77' lang='grc' dir='ltr'>καὶ</span> <span class='ocrx_word' id='word_1_301' title='bbox 3266 1904 3443 1973; x_wconf 84' lang='grc' dir='ltr'>φίλος,</span> <span class='ocrx_word' id='word_1_302' title='bbox 3492 1904 3587 1957; x_wconf 75' lang='grc' dir='ltr'>καὶ</span> <span class='ocrx_word' id='word_1_303' title='bbox 3622 1903 3952 1973; x_wconf 78' lang='grc' dir='ltr'>βαπτιστὴς,</span> 
     </span>
    </p>
   </div>
   <div class='ocr_carea' id='block_1_44' title="bbox 2363 1995 3955 2069">
    <p class='ocr_par' dir='ltr' id='par_1_44' title="bbox 2363 1995 3955 2069">
     <span class='ocr_line' id='line_1_44' title="bbox 2363 1995 3955 2069; baseline 0.001 -21"><span class='ocrx_word' id='word_1_304' title='bbox 2363 1997 2457 2049; x_wconf 76' lang='grc' dir='ltr'>καὶ</span> <span class='ocrx_word' id='word_1_305' title='bbox 2490 1995 2815 2067; x_wconf 82' lang='grc' dir='ltr'>πρόδρομος,</span> <span class='ocrx_word' id='word_1_306' title='bbox 2853 1997 2948 2047; x_wconf 72' lang='grc' dir='ltr'>καὶ</span> <span class='ocrx_word' id='word_1_307' title='bbox 2992 1995 3313 2069; x_wconf 81' lang='grc' dir='ltr'>προφήτης,</span> <span class='ocrx_word' id='word_1_308' title='bbox 3347 1997 3445 2049; x_wconf 70' lang='grc' dir='ltr'>καὶ</span> <span class='ocrx_word' id='word_1_309' title='bbox 3476 1995 3570 2049; x_wconf 84' lang='grc' dir='ltr'><strong>σοῦ</strong></span> <span class='ocrx_word' id='word_1_310' title='bbox 3607 1998 3640 2067; x_wconf 81' lang='grc' dir='ltr'>ἡ</span> <span class='ocrx_word' id='word_1_311' title='bbox 3677 1997 3813 2067; x_wconf 71' lang='grc' dir='ltr'>πρὸς</span> <span class='ocrx_word' id='word_1_312' title='bbox 3853 1996 3955 2049; x_wconf 74' lang='grc' dir='ltr'><strong>αὐο·</strong></span> 
     </span>
    </p>
   </div>
   <div class='ocr_carea' id='block_1_45' title="bbox 2363 2085 3947 2159">
    <p class='ocr_par' dir='ltr' id='par_1_45' title="bbox 2363 2085 3947 2159">
     <span class='ocr_line' id='line_1_45' title="bbox 2363 2085 3947 2159; baseline 0.001 -20"><span class='ocrx_word' id='word_1_313' title='bbox 2363 2086 2457 2140; x_wconf 81' lang='grc' dir='ltr'>τὸν</span> <span class='ocrx_word' id='word_1_314' title='bbox 2498 2085 2779 2159; x_wconf 76' lang='grc' dir='ltr'>παρρησία</span> <span class='ocrx_word' id='word_1_315' title='bbox 2826 2086 3028 2156; x_wconf 77' lang='grc' dir='ltr'>μείζων</span> <span class='ocrx_word' id='word_1_316' title='bbox 3074 2088 3189 2150; x_wconf 80' lang='grc' dir='ltr'>τοῖς</span> <span class='ocrx_word' id='word_1_317' title='bbox 3235 2087 3398 2154; x_wconf 81' lang='grc' dir='ltr'>ὅλοις,</span> <span class='ocrx_word' id='word_1_318' title='bbox 3432 2087 3528 2140; x_wconf 58' lang='grc' dir='ltr'><strong>καὶ⁸</strong></span> <span class='ocrx_word' id='word_1_319' title='bbox 3574 2088 3947 2158; x_wconf 83' lang='grc' dir='ltr'>άπαράθετος,</span> 
     </span>
    </p>
   </div>
   <div class='ocr_carea' id='block_1_46' title="bbox 2364 2176 3955 2249">
    <p class='ocr_par' dir='ltr' id='par_1_46' title="bbox 2364 2176 3955 2249">
     <span class='ocr_line' id='line_1_46' title="bbox 2364 2176 3955 2249; baseline 0.001 -19"><span class='ocrx_word' id='word_1_320' title='bbox 2364 2177 2431 2230; x_wconf 83' lang='grc' dir='ltr'><strong>δι’</strong></span> <span class='ocrx_word' id='word_1_321' title='bbox 2461 2177 2530 2248; x_wconf 74' lang='grc' dir='ltr'>ἦν</span> <span class='ocrx_word' id='word_1_322' title='bbox 2557 2193 2639 2229; x_wconf 83' lang='grc' dir='ltr'><strong>σοι</strong></span> <span class='ocrx_word' id='word_1_323' title='bbox 2675 2176 2822 2247; x_wconf 71' lang='grc' dir='ltr'>καὶὴ</span> <span class='ocrx_word' id='word_1_324' title='bbox 2855 2176 3094 2242; x_wconf 72' lang='grc' dir='ltr'>ἔντευξις</span> <span class='ocrx_word' id='word_1_325' title='bbox 3125 2178 3387 2249; x_wconf 83' lang='grc' dir='ltr'>άκουστὴ,</span> <span class='ocrx_word' id='word_1_326' title='bbox 3421 2179 3518 2231; x_wconf 79' lang='grc' dir='ltr'>καὶ</span> <span class='ocrx_word' id='word_1_327' title='bbox 3545 2180 3577 2249; x_wconf 78' lang='grc' dir='ltr'><strong>ή</strong></span> <span class='ocrx_word' id='word_1_328' title='bbox 3602 2177 3786 2248; x_wconf 84' lang='grc' dir='ltr'>δέησις</span> <span class='ocrx_word' id='word_1_329' title='bbox 3810 2178 3955 2248; x_wconf 76' lang='grc' dir='ltr'>άμε-</span> 
     </span>
    </p>
   </div>
   <div class='ocr_carea' id='block_1_47' title="bbox 2370 2262 3958 2340">
    <p class='ocr_par' dir='ltr' id='par_1_47' title="bbox 2370 2262 3958 2340">
     <span class='ocr_line' id='line_1_47' title="bbox 2370 2262 3958 2340; baseline 0.001 -19"><span class='ocrx_word' id='word_1_330' title='bbox 2370 2285 2483 2332; x_wconf 89' lang='grc' dir='ltr'>σος,</span> <span class='ocrx_word' id='word_1_331' title='bbox 2520 2269 2611 2321; x_wconf 76' lang='grc' dir='ltr'>καὶ</span> <span class='ocrx_word' id='word_1_332' title='bbox 2649 2270 2728 2331; x_wconf 87' lang='grc' dir='ltr'><strong>εἰς</strong></span> <span class='ocrx_word' id='word_1_333' title='bbox 2762 2262 2877 2321; x_wconf 80' lang='grc' dir='ltr'>ὦτα</span> <span class='ocrx_word' id='word_1_334' title='bbox 2905 2267 3045 2321; x_wconf 85' lang='grc' dir='ltr'>Θεοῦ</span> <span class='ocrx_word' id='word_1_335' title='bbox 3094 2269 3329 2339; x_wconf 87' lang='grc' dir='ltr'>μάλιστα</span> <span class='ocrx_word' id='word_1_336' title='bbox 3377 2269 3671 2327; x_wconf 86' lang='grc' dir='ltr'>πίπτουσα.</span> <span class='ocrx_word' id='word_1_337' title='bbox 3714 2268 3807 2340; x_wconf 85' lang='grc' dir='ltr'>Μὴ</span> <span class='ocrx_word' id='word_1_338' title='bbox 3859 2263 3958 2322; x_wconf 80' lang='grc' dir='ltr'>οὖν</span> 
     </span>
    </p>
   </div>
   <div class='ocr_carea' id='block_1_48' title="bbox 2367 2359 3953 2435">
    <p class='ocr_par' dir='ltr' id='par_1_48' title="bbox 2367 2359 3953 2435">
     <span class='ocr_line' id='line_1_48' title="bbox 2367 2359 3953 2435; baseline -0.002 -20"><span class='ocrx_word' id='word_1_339' title='bbox 2367 2361 2603 2426; x_wconf 84' lang='grc' dir='ltr'>ἐλλίποις</span> <span class='ocrx_word' id='word_1_340' title='bbox 2634 2359 2820 2415; x_wconf 81' lang='grc' dir='ltr'>λοιπὸν</span> <span class='ocrx_word' id='word_1_341' title='bbox 2851 2360 2991 2432; x_wconf 82' lang='grc' dir='ltr'>ὑπὲρ</span> <span class='ocrx_word' id='word_1_342' title='bbox 3015 2361 3217 2415; x_wconf 89' lang='grc' dir='ltr'>δούλων</span> <span class='ocrx_word' id='word_1_343' title='bbox 3248 2361 3591 2435; x_wconf 78' lang='grc' dir='ltr'>πρεσϐεύων,</span> <span class='ocrx_word' id='word_1_344' title='bbox 3627 2362 3723 2415; x_wconf 74' lang='grc' dir='ltr'>καὶ</span> <span class='ocrx_word' id='word_1_345' title='bbox 3752 2360 3821 2414; x_wconf 85' lang='grc' dir='ltr'><strong>τά</strong></span> <span class='ocrx_word' id='word_1_346' title='bbox 3853 2360 3953 2412; x_wconf 83' lang='grc' dir='ltr'>λυ-</span> 
     </span>
    </p>
   </div>
   <div class='ocr_carea' id='block_1_49' title="bbox 2371 2451 3957 2525">
    <p class='ocr_par' dir='ltr' id='par_1_49' title="bbox 2371 2451 3957 2525">
     <span class='ocr_line' id='line_1_49' title="bbox 2371 2451 3957 2525; baseline -0.002 -17"><span class='ocrx_word' id='word_1_347' title='bbox 2371 2454 2554 2525; x_wconf 86' lang='grc' dir='ltr'>σιτελῆ</span> <span class='ocrx_word' id='word_1_348' title='bbox 2590 2454 2723 2524; x_wconf 81' lang='grc' dir='ltr'>ἡμῖν</span> <span class='ocrx_word' id='word_1_349' title='bbox 2760 2453 3165 2523; x_wconf 77' lang='grc' dir='ltr'>ἐξαιτούμενος,</span> <span class='ocrx_word' id='word_1_350' title='bbox 3208 2454 3286 2517; x_wconf 87' lang='grc' dir='ltr'>ὼς</span> <span class='ocrx_word' id='word_1_351' title='bbox 3326 2452 3394 2507; x_wconf 77' lang='grc' dir='ltr'>ἂν</span> <span class='ocrx_word' id='word_1_352' title='bbox 3432 2454 3529 2507; x_wconf 72' lang='grc' dir='ltr'>καὶ</span> <span class='ocrx_word' id='word_1_353' title='bbox 3572 2453 3705 2506; x_wconf 78' lang='grc' dir='ltr'>Θεὸν</span> <span class='ocrx_word' id='word_1_354' title='bbox 3746 2451 3957 2522; x_wconf 85' lang='grc' dir='ltr'>εὐμενῆ</span> 
     </span>
    </p>
   </div>
   <div class='ocr_carea' id='block_1_50' title="bbox 2372 2542 3959 2621">
    <p class='ocr_par' dir='ltr' id='par_1_50' title="bbox 2372 2542 3959 2621">
     <span class='ocr_line' id='line_1_50' title="bbox 2372 2542 3959 2621; baseline -0.002 -23"><span class='ocrx_word' id='word_1_355' title='bbox 2372 2545 2657 2621; x_wconf 82' lang='grc' dir='ltr'>σχοίημεν,</span> <span class='ocrx_word' id='word_1_356' title='bbox 2688 2546 2783 2597; x_wconf 76' lang='grc' dir='ltr'>καὶ</span> <span class='ocrx_word' id='word_1_357' title='bbox 2811 2544 2975 2598; x_wconf 86' lang='grc' dir='ltr'>αὐτοῦ</span> <span class='ocrx_word' id='word_1_358' title='bbox 3008 2545 3247 2617; x_wconf 80' lang='grc' dir='ltr'>Χριστοῦ</span> <span class='ocrx_word' id='word_1_359' title='bbox 3265 2546 3313 2578; x_wconf 82' lang='grc'>⁸⁸</span> <span class='ocrx_word' id='word_1_360' title='bbox 3344 2546 3404 2600; x_wconf 89' lang='grc' dir='ltr'><strong>ἐν</strong></span> <span class='ocrx_word' id='word_1_361' title='bbox 3444 2544 3520 2617; x_wconf 85' lang='grc' dir='ltr'><strong>τῷ</strong></span> <span class='ocrx_word' id='word_1_362' title='bbox 3561 2544 3809 2616; x_wconf 87' lang='grc' dir='ltr'>μέλλοντι</span> <span class='ocrx_word' id='word_1_363' title='bbox 3856 2542 3959 2595; x_wconf 87' lang='grc' dir='ltr'>τύ-</span> 
     </span>
    </p>
   </div>
   <div class='ocr_carea' id='block_1_51' title="bbox 2372 2637 3961 2711">
    <p class='ocr_par' dir='ltr' id='par_1_51' title="bbox 2372 2637 3961 2711">
     <span class='ocr_line' id='line_1_51' title="bbox 2372 2637 3961 2711; baseline -0.002 -20"><span class='ocrx_word' id='word_1_364' title='bbox 2372 2654 2584 2711; x_wconf 88' lang='grc' dir='ltr'>χοιμεν,</span> <span class='ocrx_word' id='word_1_365' title='bbox 2617 2637 2897 2707; x_wconf 85' lang='grc' dir='ltr'>βασιλείαν</span> <span class='ocrx_word' id='word_1_366' title='bbox 2927 2639 3064 2708; x_wconf 72' lang='grc' dir='ltr'>ἡμῖν</span> <span class='ocrx_word' id='word_1_367' title='bbox 3094 2638 3193 2709; x_wconf 76' lang='grc' dir='ltr'>τὴν</span> <span class='ocrx_word' id='word_1_368' title='bbox 3227 2638 3647 2710; x_wconf 75' lang='grc' dir='ltr'>ἐπηγγελμένην</span> <span class='ocrx_word' id='word_1_369' title='bbox 3681 2639 3961 2708; x_wconf 80' lang='grc' dir='ltr'>παρέχον-</span> 
     </span>
    </p>
   </div>
   <div class='ocr_carea' id='block_1_52' title="bbox 671 2725 3960 2803">
    <p class='ocr_par' dir='ltr' id='par_1_52' title="bbox 671 2725 3960 2803">
     <span class='ocr_line' id='line_1_52' title="bbox 671 2725 3960 2803; baseline 0.001 -23"><span class='ocrx_word' id='word_1_370' title='bbox 671 2745 782 2791; x_wconf 80' lang='grc' dir='ltr'>τος,</span> <span class='ocrx_word' id='word_1_371' title='bbox 837 2730 894 2780; x_wconf 92' lang='grc' dir='ltr'><strong>ἐν</strong></span> <span class='ocrx_word' id='word_1_372' title='bbox 922 2726 1143 2798; x_wconf 81' lang='grc' dir='ltr'>Χριστῷ</span> <span class='ocrx_word' id='word_1_373' title='bbox 1181 2725 1354 2798; x_wconf 81' lang='grc' dir='ltr'>Ἰησοῦ</span> <span class='ocrx_word' id='word_1_374' title='bbox 1402 2728 1592 2798; x_wconf 79' lang='grc' dir='ltr'>Κυρίῳ</span> <span class='ocrx_word' id='word_1_375' title='bbox 1641 2726 1802 2797; x_wconf 81' lang='grc' dir='ltr'>ἡμῶν</span> <span class='ocrx_word' id='word_1_376' title='bbox 1855 2728 1972 2799; x_wconf 73' lang='grc' dir='ltr'>ἄμα</span> <span class='ocrx_word' id='word_1_377' title='bbox 2010 2728 2087 2802; x_wconf 77' lang='grc' dir='ltr'>τῷ</span> <span class='ocrx_word' id='word_1_378' title='bbox 2136 2730 2385 2803; x_wconf 80' lang='grc' dir='ltr'>ζωοποιῷ</span> <span class='ocrx_word' id='word_1_379' title='bbox 2425 2728 2725 2800; x_wconf 85' lang='grc' dir='ltr'>Πνεύματι,</span> <span class='ocrx_word' id='word_1_380' title='bbox 2759 2728 2853 2783; x_wconf 87' lang='grc' dir='ltr'><strong>νῦν</strong></span> <span class='ocrx_word' id='word_1_381' title='bbox 2898 2729 2995 2783; x_wconf 73' lang='grc' dir='ltr'>καὶ</span> <span class='ocrx_word' id='word_1_382' title='bbox 3026 2730 3115 2784; x_wconf 83' lang='grc' dir='ltr'>άεὶ</span> <span class='ocrx_word' id='word_1_383' title='bbox 3145 2731 3240 2785; x_wconf 78' lang='grc' dir='ltr'>καὶ</span> <span class='ocrx_word' id='word_1_384' title='bbox 3280 2732 3361 2793; x_wconf 81' lang='grc' dir='ltr'><strong>είς</strong></span> <span class='ocrx_word' id='word_1_385' title='bbox 3411 2731 3540 2794; x_wconf 79' lang='grc' dir='ltr'>τοὺς</span> <span class='ocrx_word' id='word_1_386' title='bbox 3595 2730 3799 2793; x_wconf 76' lang='grc' dir='ltr'>αἰῶνας</span> <span class='ocrx_word' id='word_1_387' title='bbox 3847 2730 3960 2784; x_wconf 86' lang='grc' dir='ltr'><strong>τῶν</strong></span> 
     </span>
    </p>
   </div>
   <div class='ocr_carea' id='block_1_53' title="bbox 673 2819 1144 2892">
    <p class='ocr_par' dir='ltr' id='par_1_53' title="bbox 673 2819 1144 2892">
     <span class='ocr_line' id='line_1_53' title="bbox 673 2819 1144 2892; baseline 0.004 -20"><span class='ocrx_word' id='word_1_388' title='bbox 673 2819 906 2873; x_wconf 82' lang='grc' dir='ltr'>αἰώνων.</span> <span class='ocrx_word' id='word_1_389' title='bbox 951 2821 1007 2871; x_wconf 80' lang='grc' dir='ltr'>Ἀ</span> <span class='ocrx_word' id='word_1_390' title='bbox 1018 2821 1144 2892; x_wconf 89' lang='grc' dir='ltr'>μήν.</span> 
     </span>
    </p>
   </div>
   <div class='ocr_carea' id='block_1_54' title="bbox 676 2931 2269 3010">
    <p class='ocr_par' dir='ltr' id='par_1_54' title="bbox 676 2931 2269 3010">
     <span class='ocr_line' id='line_1_54' title="bbox 676 2931 2269 3010; baseline 0.005 -23"><span class='ocrx_word' id='word_1_391' title='bbox 676 2932 791 3004; x_wconf 78' lang='lat'><strong>98</strong></span> <span class='ocrx_word' id='word_1_392' title='bbox 818 2931 903 2988; x_wconf 80' lang='lat' dir='ltr'><strong>Ea:</strong></span> <span class='ocrx_word' id='word_1_393' title='bbox 928 2931 1230 2989; x_wconf 80' lang='lat' dir='ltr'><strong>Theodoreti</strong></span> <span class='ocrx_word' id='word_1_394' title='bbox 1256 2935 1584 3010; x_wconf 60' lang='lat' dir='ltr'><strong>sermonibus</strong></span> <span class='ocrx_word' id='word_1_395' title='bbox 1605 2939 1833 3010; x_wconf 83' lang='lat' dir='ltr'><strong>quinque</strong></span> <span class='ocrx_word' id='word_1_396' title='bbox 1849 2939 1903 2994; x_wconf 76' lang='lat' dir='ltr'><strong>in</strong></span> <span class='ocrx_word' id='word_1_397' title='bbox 1923 2937 1979 2995; x_wconf 90' lang='lat' dir='ltr'><strong>S.</strong></span> <span class='ocrx_word' id='word_1_398' title='bbox 2004 2938 2269 2995; x_wconf 80' lang='lat' dir='ltr'><strong>Joannem</strong></span> 
     </span>
    </p>
   </div>
   <div class='ocr_carea' id='block_1_55' title="bbox 1244 3004 1697 3078">
    <p class='ocr_par' dir='ltr' id='par_1_55' title="bbox 1244 3004 1697 3078">
     <span class='ocr_line' id='line_1_55' title="bbox 1244 3004 1697 3078; baseline 0 -17"><span class='ocrx_word' id='word_1_399' title='bbox 1244 3004 1697 3078; x_wconf 55' lang='lat' dir='ltr'><strong>Chrysostomu&#39;m.</strong></span> 
     </span>
    </p>
   </div>
   <div class='ocr_carea' id='block_1_56' title="bbox 2379 2940 3961 3013">
    <p class='ocr_par' dir='ltr' id='par_1_56' title="bbox 2379 2940 3961 3013">
     <span class='ocr_line' id='line_1_56' title="bbox 2379 2940 3961 3013; baseline -0.001 -17"><span class='ocrx_word' id='word_1_400' title='bbox 2379 2942 2757 3013; x_wconf 77' lang='grc' dir='ltr'>Θεοδωρήτου</span> <span class='ocrx_word' id='word_1_401' title='bbox 2807 2942 2875 2995; x_wconf 82' lang='grc' dir='ltr'><strong>ἐκ</strong></span> <span class='ocrx_word' id='word_1_402' title='bbox 2930 2940 3047 2995; x_wconf 83' lang='grc' dir='ltr'>τῶν</span> <span class='ocrx_word' id='word_1_403' title='bbox 3087 2949 3129 2995; x_wconf 81' lang='grc' dir='ltr'>ε’</span> <span class='ocrx_word' id='word_1_404' title='bbox 3166 2942 3362 3011; x_wconf 72' lang='grc' dir='ltr'>λόγων</span> <span class='ocrx_word' id='word_1_405' title='bbox 3400 2944 3490 3007; x_wconf 73' lang='grc' dir='ltr'>εἰς</span> <span class='ocrx_word' id='word_1_406' title='bbox 3520 2941 3626 2995; x_wconf 83' lang='grc' dir='ltr'><strong>τὸν</strong></span> <span class='ocrx_word' id='word_1_407' title='bbox 3658 2941 3728 2994; x_wconf 78' lang='grc' dir='ltr'><strong>ἐν</strong></span> <span class='ocrx_word' id='word_1_408' title='bbox 3765 2941 3961 3010; x_wconf 69' lang='grc' dir='ltr'>ἁγίοις</span> 
     </span>
    </p>
   </div>
   <div class='ocr_carea' id='block_1_57' title="bbox 2709 3013 3634 3081">
    <p class='ocr_par' dir='ltr' id='par_1_57' title="bbox 2709 3013 3634 3081">
     <span class='ocr_line' id='line_1_57' title="bbox 2709 3013 3634 3081; baseline -0.003 -13"><span class='ocrx_word' id='word_1_409' title='bbox 2709 3013 2998 3081; x_wconf 77' lang='grc' dir='ltr'><strong>Ἰωάννην</strong></span> <span class='ocrx_word' id='word_1_410' title='bbox 3040 3014 3148 3066; x_wconf 83' lang='grc' dir='ltr'>τὸν</span> <span class='ocrx_word' id='word_1_411' title='bbox 3179 3013 3634 3081; x_wconf 81' lang='grc' dir='ltr'>Χρυσόστομον.</span> 
     </span>
    </p>
   </div>
   <div class='ocr_carea' id='block_1_58' title="bbox 1835 3184 2825 3254">
    <p class='ocr_par' dir='ltr' id='par_1_58' title="bbox 1835 3184 2825 3254">
     <span class='ocr_line' id='line_1_58' title="bbox 1835 3184 2825 3254; baseline 0.001 -15"><span class='ocrx_word' id='word_1_412' title='bbox 1835 3184 1915 3239; x_wconf 76' lang='lat' dir='ltr'><strong>Ex</strong></span> <span class='ocrx_word' id='word_1_413' title='bbox 1953 3184 2132 3244; x_wconf 82' lang='lat' dir='ltr'><strong>Photii</strong></span> <span class='ocrx_word' id='word_1_414' title='bbox 2168 3188 2511 3254; x_wconf 79' lang='lat' dir='ltr'><strong>Bibliotheca,</strong></span> <span class='ocrx_word' id='word_1_415' title='bbox 2545 3187 2667 3242; x_wconf 90' lang='lat' dir='ltr'><strong>cod.</strong></span> <span class='ocrx_word' id='word_1_416' title='bbox 2702 3187 2825 3241; x_wconf 75' lang='grc'>275.</span> 
     </span>
    </p>
   </div>
   <div class='ocr_carea' id='block_1_59' title="bbox 752 3348 2341 3431">
    <p class='ocr_par' dir='ltr' id='par_1_59' title="bbox 752 3348 2341 3431">
     <span class='ocr_line' id='line_1_59' title="bbox 752 3348 2341 3431; baseline 0.005 -27"><span class='ocrx_word' id='word_1_417' title='bbox 752 3348 911 3405; x_wconf 80' lang='lat' dir='ltr'><strong>Lecti</strong></span> <span class='ocrx_word' id='word_1_418' title='bbox 950 3362 1080 3421; x_wconf 79' lang='lat' dir='ltr'><strong>sunt</strong></span> <span class='ocrx_word' id='word_1_419' title='bbox 1115 3368 1421 3419; x_wconf 86' lang='lat' dir='ltr'><strong>sermones,</strong></span> <span class='ocrx_word' id='word_1_420' title='bbox 1457 3370 1597 3424; x_wconf 87' lang='lat' dir='ltr'><strong>quos</strong></span> <span class='ocrx_word' id='word_1_421' title='bbox 1641 3356 1837 3411; x_wconf 90' lang='lat' dir='ltr'><strong>beatus</strong></span> <span class='ocrx_word' id='word_1_422' title='bbox 1887 3357 2272 3412; x_wconf 89' lang='lat' dir='ltr'><strong>Theodoretus</strong></span> <span class='ocrx_word' id='word_1_423' title='bbox 2300 3374 2341 3431; x_wconf 74' lang='grc' dir='ltr'>ο</span> 
     </span>
    </p>
   </div>
   <div class='ocr_carea' id='block_1_60' title="bbox 680 3433 2261 3519">
    <p class='ocr_par' dir='ltr' id='par_1_60' title="bbox 680 3433 2261 3519">
     <span class='ocr_line' id='line_1_60' title="bbox 680 3433 2261 3519; baseline 0.003 -21"><span class='ocrx_word' id='word_1_424' title='bbox 680 3443 737 3498; x_wconf 91' lang='lat' dir='ltr'><strong>in</strong></span> <span class='ocrx_word' id='word_1_425' title='bbox 796 3451 1045 3498; x_wconf 88' lang='lat' dir='ltr'><strong>sanctum</strong></span> <span class='ocrx_word' id='word_1_426' title='bbox 1090 3433 1360 3502; x_wconf 81' lang='lat' dir='ltr'><strong>Joannem</strong></span> <span class='ocrx_word' id='word_1_427' title='bbox 1408 3446 1863 3519; x_wconf 76' lang='lat' dir='ltr'><strong>Chnysostomum</strong></span> <span class='ocrx_word' id='word_1_428' title='bbox 1911 3450 2261 3519; x_wconf 86' lang='lat' dir='ltr'><strong>composuit:</strong></span> 
     </span>
    </p>
   </div>
   <div class='ocr_carea' id='block_1_61' title="bbox 681 3533 2268 3607">
    <p class='ocr_par' dir='ltr' id='par_1_61' title="bbox 681 3533 2268 3607">
     <span class='ocr_line' id='line_1_61' title="bbox 681 3533 2268 3607; baseline 0.004 -21"><span class='ocrx_word' id='word_1_429' title='bbox 681 3548 746 3586; x_wconf 84' lang='lat' dir='ltr'><strong>ex</strong></span> <span class='ocrx_word' id='word_1_430' title='bbox 782 3533 845 3588; x_wconf 91' lang='lat' dir='ltr'><strong>iis</strong></span> <span class='ocrx_word' id='word_1_431' title='bbox 874 3534 1143 3589; x_wconf 86' lang='lat' dir='ltr'><strong>hactenus</strong></span> <span class='ocrx_word' id='word_1_432' title='bbox 1166 3536 1414 3605; x_wconf 89' lang='lat' dir='ltr'><strong>quinque</strong></span> <span class='ocrx_word' id='word_1_433' title='bbox 1447 3544 1659 3591; x_wconf 84' lang='lat' dir='ltr'><strong>tantum</strong></span> <span class='ocrx_word' id='word_1_434' title='bbox 1696 3537 2120 3602; x_wconf 86' lang='lat' dir='ltr'><strong>vidimus,unde</strong></span> <span class='ocrx_word' id='word_1_435' title='bbox 2146 3554 2268 3607; x_wconf 73' lang='lat' dir='ltr'><strong>qua:</strong></span> 
     </span>
    </p>
   </div>
   <div class='ocr_carea' id='block_1_62' title="bbox 683 3625 1430 3696">
    <p class='ocr_par' dir='ltr' id='par_1_62' title="bbox 683 3625 1430 3696">
     <span class='ocr_line' id='line_1_62' title="bbox 683 3625 1430 3696; baseline 0 -18"><span class='ocrx_word' id='word_1_436' title='bbox 683 3633 990 3695; x_wconf 85' lang='lat' dir='ltr'><strong>sequuntur</strong></span> <span class='ocrx_word' id='word_1_437' title='bbox 1019 3625 1430 3696; x_wconf 87' lang='lat' dir='ltr'><strong>descripsimus.</strong></span> 
     </span>
    </p>
   </div>
   <div class='ocr_carea' id='block_1_63' title="bbox 752 3806 2269 3879">
    <p class='ocr_par' dir='ltr' id='par_1_63' title="bbox 752 3806 2269 3879">
     <span class='ocr_line' id='line_1_63' title="bbox 752 3806 2269 3879; baseline 0.004 -21"><span class='ocrx_word' id='word_1_438' title='bbox 752 3806 1007 3876; x_wconf 86' lang='lat' dir='ltr'><strong>Quinque</strong></span> <span class='ocrx_word' id='word_1_439' title='bbox 1050 3823 1370 3863; x_wconf 91' lang='lat' dir='ltr'><strong>sermonum</strong></span> <span class='ocrx_word' id='word_1_440' title='bbox 1412 3809 1626 3879; x_wconf 90' lang='lat' dir='ltr'><strong>primus</strong></span> <span class='ocrx_word' id='word_1_441' title='bbox 1657 3809 1878 3865; x_wconf 90' lang='lat' dir='ltr'><strong>videtur</strong></span> <span class='ocrx_word' id='word_1_442' title='bbox 1923 3810 2091 3864; x_wconf 89' lang='lat' dir='ltr'><strong>alium</strong></span> <span class='ocrx_word' id='word_1_443' title='bbox 2121 3809 2269 3879; x_wconf 82' lang='lat' dir='ltr'><strong>prio-</strong></span> 
     </span>
    </p>
   </div>
   <div class='ocr_carea' id='block_1_64' title="bbox 684 3898 2269 3972">
    <p class='ocr_par' dir='ltr' id='par_1_64' title="bbox 684 3898 2269 3972">
     <span class='ocr_line' id='line_1_64' title="bbox 684 3898 2269 3972; baseline 0.002 -21"><span class='ocrx_word' id='word_1_444' title='bbox 684 3913 802 3952; x_wconf 86' lang='lat' dir='ltr'><strong>rem</strong></span> <span class='ocrx_word' id='word_1_445' title='bbox 836 3898 1025 3967; x_wconf 87' lang='lat' dir='ltr'><strong>sequi,</strong></span> <span class='ocrx_word' id='word_1_446' title='bbox 1058 3906 1151 3953; x_wconf 89' lang='lat' dir='ltr'><strong>aut</strong></span> <span class='ocrx_word' id='word_1_447' title='bbox 1184 3908 1333 3955; x_wconf 86' lang='lat' dir='ltr'><strong>certe</strong></span> <span class='ocrx_word' id='word_1_448' title='bbox 1373 3916 1503 3970; x_wconf 88' lang='lat' dir='ltr'><strong>pars</strong></span> <span class='ocrx_word' id='word_1_449' title='bbox 1545 3901 1781 3972; x_wconf 84' lang='lat' dir='ltr'><strong>alicujus</strong></span> <span class='ocrx_word' id='word_1_450' title='bbox 1821 3916 1962 3970; x_wconf 69' lang='lat' dir='ltr'><strong>esse.</strong></span> <span class='ocrx_word' id='word_1_451' title='bbox 1998 3900 2269 3956; x_wconf 68' lang='lat' dir='ltr'><strong>Caeterum</strong></span> 
     </span>
    </p>
   </div>
   <div class='ocr_carea' id='block_1_65' title="bbox 687 3991 2273 4064">
    <p class='ocr_par' dir='ltr' id='par_1_65' title="bbox 687 3991 2273 4064">
     <span class='ocr_line' id='line_1_65' title="bbox 687 3991 2273 4064; baseline 0.004 -23"><span class='ocrx_word' id='word_1_452' title='bbox 687 3997 886 4044; x_wconf 90' lang='lat' dir='ltr'><strong>tractat</strong></span> <span class='ocrx_word' id='word_1_453' title='bbox 910 3991 1188 4059; x_wconf 90' lang='lat' dir='ltr'><strong>quomodo</strong></span> <span class='ocrx_word' id='word_1_454' title='bbox 1212 3992 1491 4064; x_wconf 81' lang='lat' dir='ltr'><strong>(Joannes)</strong></span> <span class='ocrx_word' id='word_1_455' title='bbox 1517 4002 1779 4048; x_wconf 87' lang='lat' dir='ltr'><strong>evocatus</strong></span> <span class='ocrx_word' id='word_1_456' title='bbox 1810 3993 2273 4063; x_wconf 88' lang='lat' dir='ltr'><strong>Constantinopo-</strong></span> 
     </span>
    </p>
   </div>
   <div class='ocr_carea' id='block_1_66' title="bbox 684 4081 2272 4156">
    <p class='ocr_par' dir='ltr' id='par_1_66' title="bbox 684 4081 2272 4156">
     <span class='ocr_line' id='line_1_66' title="bbox 684 4081 2272 4156; baseline 0.003 -22"><span class='ocrx_word' id='word_1_457' title='bbox 684 4081 781 4134; x_wconf 88' lang='lat' dir='ltr'><strong>lim</strong></span> <span class='ocrx_word' id='word_1_458' title='bbox 823 4082 1384 4153; x_wconf 81' lang='lat' dir='ltr'><strong>venerit,ipsiusque</strong></span> <span class='ocrx_word' id='word_1_459' title='bbox 1431 4086 1882 4156; x_wconf 86' lang='lat' dir='ltr'><strong>archiepiscopus</strong></span> <span class='ocrx_word' id='word_1_460' title='bbox 1939 4085 2272 4139; x_wconf 87' lang='lat' dir='ltr'><strong>constitutus</strong></span> 
     </span>
    </p>
   </div>
   <div class='ocr_carea' id='block_1_67' title="bbox 686 4172 2274 4246">
    <p class='ocr_par' dir='ltr' id='par_1_67' title="bbox 686 4172 2274 4246">
     <span class='ocr_line' id='line_1_67' title="bbox 686 4172 2274 4246; baseline 0.003 -21"><span class='ocrx_word' id='word_1_461' title='bbox 686 4173 758 4226; x_wconf 89' lang='lat' dir='ltr'><strong>sit</strong></span> <span class='ocrx_word' id='word_1_462' title='bbox 796 4190 809 4225; x_wconf 90' lang='lat'><strong>:</strong></span> <span class='ocrx_word' id='word_1_463' title='bbox 844 4172 1121 4242; x_wconf 92' lang='lat' dir='ltr'><strong>quomodo</strong></span> <span class='ocrx_word' id='word_1_464' title='bbox 1164 4174 1571 4246; x_wconf 87' lang='lat' dir='ltr'><strong>presbyterium</strong></span> <span class='ocrx_word' id='word_1_465' title='bbox 1602 4184 1660 4231; x_wconf 90' lang='lat' dir='ltr'><strong>et</strong></span> <span class='ocrx_word' id='word_1_466' title='bbox 1694 4192 1972 4231; x_wconf 91' lang='lat' dir='ltr'><strong>summum</strong></span> <span class='ocrx_word' id='word_1_467' title='bbox 2017 4175 2274 4230; x_wconf 88' lang='lat' dir='ltr'><strong>sacerdo-</strong></span> 
     </span>
    </p>
   </div>
   <div class='ocr_carea' id='block_1_68' title="bbox 686 4263 2273 4334">
    <p class='ocr_par' dir='ltr' id='par_1_68' title="bbox 686 4263 2273 4334">
     <span class='ocr_line' id='line_1_68' title="bbox 686 4263 2273 4334; baseline 0.001 -16"><span class='ocrx_word' id='word_1_468' title='bbox 686 4263 826 4318; x_wconf 88' lang='lat' dir='ltr'><strong>tium</strong></span> <span class='ocrx_word' id='word_1_469' title='bbox 858 4263 925 4317; x_wconf 90' lang='lat' dir='ltr'><strong>ad</strong></span> <span class='ocrx_word' id='word_1_470' title='bbox 958 4264 1242 4334; x_wconf 89' lang='lat' dir='ltr'><strong>antiquam</strong></span> <span class='ocrx_word' id='word_1_471' title='bbox 1286 4281 1537 4320; x_wconf 88' lang='lat' dir='ltr'><strong>normam</strong></span> <span class='ocrx_word' id='word_1_472' title='bbox 1591 4268 1740 4321; x_wconf 90' lang='lat' dir='ltr'><strong>omni</strong></span> <span class='ocrx_word' id='word_1_473' title='bbox 1784 4265 1969 4320; x_wconf 87' lang='lat' dir='ltr'><strong>studio</strong></span> <span class='ocrx_word' id='word_1_474' title='bbox 2014 4281 2273 4320; x_wconf 89' lang='lat' dir='ltr'><strong>revocare</strong></span> 
     </span>
    </p>
   </div>
   <div class='ocr_carea' id='block_1_69' title="bbox 687 4357 2274 4429">
    <p class='ocr_par' dir='ltr' id='par_1_69' title="bbox 687 4357 2274 4429">
     <span class='ocr_line' id='line_1_69' title="bbox 687 4357 2274 4429; baseline 0 -20"><span class='ocrx_word' id='word_1_475' title='bbox 687 4365 920 4412; x_wconf 88' lang='lat' dir='ltr'><strong>conatus</strong></span> <span class='ocrx_word' id='word_1_476' title='bbox 970 4357 1081 4411; x_wconf 90' lang='lat' dir='ltr'><strong>sit:</strong></span> <span class='ocrx_word' id='word_1_477' title='bbox 1116 4374 1239 4427; x_wconf 68' lang='lat' dir='ltr'><strong>qua:</strong></span> <span class='ocrx_word' id='word_1_478' title='bbox 1280 4367 1473 4413; x_wconf 89' lang='lat' dir='ltr'><strong>contra</strong></span> <span class='ocrx_word' id='word_1_479' title='bbox 1521 4357 1752 4417; x_wconf 83' lang='lat' dir='ltr'><strong>Gainam</strong></span> <span class='ocrx_word' id='word_1_480' title='bbox 1799 4372 2100 4429; x_wconf 86' lang='lat' dir='ltr'><strong>generosus</strong></span> <span class='ocrx_word' id='word_1_481' title='bbox 2136 4361 2148 4374; x_wconf 86' lang='lat'>&#39;</span> <span class='ocrx_word' id='word_1_482' title='bbox 2182 4357 2274 4410; x_wconf 88' lang='lat' dir='ltr'><strong>ille</strong></span> 
     </span>
    </p>
   </div>
   <div class='ocr_carea' id='block_1_70' title="bbox 688 4448 2275 4521">
    <p class='ocr_par' dir='ltr' id='par_1_70' title="bbox 688 4448 2275 4521">
     <span class='ocr_line' id='line_1_70' title="bbox 688 4448 2275 4521; baseline -0.001 -17"><span class='ocrx_word' id='word_1_483' title='bbox 688 4449 947 4513; x_wconf 88' lang='lat' dir='ltr'><strong>Joannes,</strong></span> <span class='ocrx_word' id='word_1_484' title='bbox 977 4465 1128 4504; x_wconf 91' lang='lat' dir='ltr'><strong>nunc</strong></span> <span class='ocrx_word' id='word_1_485' title='bbox 1173 4466 1235 4503; x_wconf 92' lang='lat' dir='ltr'><strong>os</strong></span> <span class='ocrx_word' id='word_1_486' title='bbox 1284 4450 1569 4521; x_wconf 67' lang='lat' dir='ltr'><strong>ferocienti</strong></span> <span class='ocrx_word' id='word_1_487' title='bbox 1614 4448 1934 4512; x_wconf 89' lang='lat' dir='ltr'><strong>occludens,</strong></span> <span class='ocrx_word' id='word_1_488' title='bbox 1976 4463 2123 4503; x_wconf 92' lang='lat' dir='ltr'><strong>nunc</strong></span> <span class='ocrx_word' id='word_1_489' title='bbox 2175 4463 2275 4517; x_wconf 87' lang='lat' dir='ltr'><strong>pro</strong></span> 
     </span>
    </p>
   </div>
   <div class='ocr_carea' id='block_1_71' title="bbox 690 4539 2273 4615">
    <p class='ocr_par' dir='ltr' id='par_1_71' title="bbox 690 4539 2273 4615">
     <span class='ocr_line' id='line_1_71' title="bbox 690 4539 2273 4615; baseline -0.001 -21"><span class='ocrx_word' id='word_1_490' title='bbox 690 4542 970 4595; x_wconf 89' lang='lat' dir='ltr'><strong>communi</strong></span> <span class='ocrx_word' id='word_1_491' title='bbox 1029 4541 1347 4611; x_wconf 64' lang='lat' dir='ltr'><strong>reipublicae</strong></span> <span class='ocrx_word' id='word_1_492' title='bbox 1398 4542 1622 4615; x_wconf 90' lang='lat' dir='ltr'><strong>negotio</strong></span> <span class='ocrx_word' id='word_1_493' title='bbox 1679 4542 1953 4612; x_wconf 83' lang='lat' dir='ltr'><strong>legatione</strong></span> <span class='ocrx_word' id='word_1_494' title='bbox 2016 4539 2273 4609; x_wconf 83' lang='lat' dir='ltr'><strong>fungens,</strong></span> 
     </span>
    </p>
   </div>
   <div class='ocr_carea' id='block_1_72' title="bbox 692 4631 2322 4709">
    <p class='ocr_par' dir='ltr' id='par_1_72' title="bbox 692 4631 2322 4709">
     <span class='ocr_line' id='line_1_72' title="bbox 692 4631 2322 4709; baseline -0.001 -24"><span class='ocrx_word' id='word_1_495' title='bbox 692 4631 906 4701; x_wconf 77' lang='lat' dir='ltr'><strong>peregit</strong></span> <span class='ocrx_word' id='word_1_496' title='bbox 939 4650 951 4683; x_wconf 93' lang='lat'>:</span> <span class='ocrx_word' id='word_1_497' title='bbox 985 4631 1264 4709; x_wconf 90' lang='lat' dir='ltr'><strong>quomodo</strong></span> <span class='ocrx_word' id='word_1_498' title='bbox 1293 4631 1516 4687; x_wconf 88' lang='lat' dir='ltr'><strong>tandem</strong></span> <span class='ocrx_word' id='word_1_499' title='bbox 1570 4632 1775 4687; x_wconf 91' lang='lat' dir='ltr'><strong>invidia</strong></span> <span class='ocrx_word' id='word_1_500' title='bbox 1821 4631 2149 4687; x_wconf 86' lang='lat' dir='ltr'><strong>sententiam</strong></span> <span class='ocrx_word' id='word_1_501' title='bbox 2183 4646 2277 4685; x_wconf 76' lang='lat' dir='ltr'><strong>ex-</strong></span> <span class='ocrx_word' id='word_1_502' title='bbox 2316 4662 2322 4669; x_wconf 89' lang='lat'><strong><em>-</em></strong></span> 
     </span>
    </p>
   </div>
   <div class='ocr_carea' id='block_1_73' title="bbox 2458 3354 3961 3428">
    <p class='ocr_par' dir='ltr' id='par_1_73' title="bbox 2458 3354 3961 3428">
     <span class='ocr_line' id='line_1_73' title="bbox 2458 3354 3961 3428; baseline -0.003 -16"><span class='ocrx_word' id='word_1_503' title='bbox 2458 3356 2800 3427; x_wconf 77' lang='grc' dir='ltr'>Ἀνεγνὼσθη</span> <span class='ocrx_word' id='word_1_504' title='bbox 2829 3356 2893 3410; x_wconf 75' lang='grc' dir='ltr'><strong>ἐκ</strong></span> <span class='ocrx_word' id='word_1_505' title='bbox 2921 3357 3031 3410; x_wconf 80' lang='grc' dir='ltr'><strong>τῶν</strong></span> <span class='ocrx_word' id='word_1_506' title='bbox 3056 3354 3148 3410; x_wconf 78' lang='grc' dir='ltr'><strong>τοῦ</strong></span> <span class='ocrx_word' id='word_1_507' title='bbox 3192 3355 3465 3425; x_wconf 81' lang='grc' dir='ltr'>μακαρίου</span> <span class='ocrx_word' id='word_1_508' title='bbox 3490 3354 3837 3428; x_wconf 83' lang='grc' dir='ltr'>Θεοδωρήτου</span> <span class='ocrx_word' id='word_1_509' title='bbox 3871 3355 3961 3409; x_wconf 80' lang='grc' dir='ltr'>λό-</span> 
     </span>
    </p>
   </div>
   <div class='ocr_carea' id='block_1_74' title="bbox 2376 3445 3965 3518">
    <p class='ocr_par' dir='ltr' id='par_1_74' title="bbox 2376 3445 3965 3518">
     <span class='ocr_line' id='line_1_74' title="bbox 2376 3445 3965 3518; baseline 0.003 -21"><span class='ocrx_word' id='word_1_510' title='bbox 2376 3463 2510 3514; x_wconf 90' lang='grc' dir='ltr'>γων,</span> <span class='ocrx_word' id='word_1_511' title='bbox 2542 3446 2636 3509; x_wconf 83' lang='grc' dir='ltr'>οὓς</span> <span class='ocrx_word' id='word_1_512' title='bbox 2677 3448 2756 3509; x_wconf 77' lang='grc' dir='ltr'><strong>εἰς</strong></span> <span class='ocrx_word' id='word_1_513' title='bbox 2784 3446 2874 3500; x_wconf 86' lang='grc' dir='ltr'>τὸν</span> <span class='ocrx_word' id='word_1_514' title='bbox 2910 3448 2980 3509; x_wconf 52' lang='grc' dir='ltr'><strong>ἐν,</strong></span> <span class='ocrx_word' id='word_1_515' title='bbox 3003 3446 3181 3514; x_wconf 84' lang='grc' dir='ltr'>ἁγίοις</span> <span class='ocrx_word' id='word_1_516' title='bbox 3223 3445 3480 3514; x_wconf 84' lang='grc' dir='ltr'>Ἰωάννην</span> <span class='ocrx_word' id='word_1_517' title='bbox 3516 3446 3607 3498; x_wconf 82' lang='grc' dir='ltr'>τὸν</span> <span class='ocrx_word' id='word_1_518' title='bbox 3648 3449 3965 3518; x_wconf 84' lang='grc' dir='ltr'>Χρυσόστο-</span> 
     </span>
    </p>
   </div>
   <div class='ocr_carea' id='block_1_75' title="bbox 2380 3529 3964 3607">
    <p class='ocr_par' dir='ltr' id='par_1_75' title="bbox 2380 3529 3964 3607">
     <span class='ocr_line' id='line_1_75' title="bbox 2380 3529 3964 3607; baseline 0.003 -19"><span class='ocrx_word' id='word_1_519' title='bbox 2380 3552 2479 3603; x_wconf 90' lang='grc' dir='ltr'><strong>μον</strong></span> <span class='ocrx_word' id='word_1_520' title='bbox 2507 3536 2835 3599; x_wconf 73' lang='grc' dir='ltr'>συνετάξατο</span> <span class='ocrx_word' id='word_1_521' title='bbox 2860 3576 2874 3600; x_wconf 93' lang='grc'><strong>,</strong></span> <span class='ocrx_word' id='word_1_522' title='bbox 2910 3529 2985 3589; x_wconf 84' lang='grc' dir='ltr'>ὧν</span> <span class='ocrx_word' id='word_1_523' title='bbox 3013 3538 3174 3605; x_wconf 83' lang='grc' dir='ltr'>ἡμεῖς</span> <span class='ocrx_word' id='word_1_524' title='bbox 3207 3535 3369 3589; x_wconf 84' lang='grc' dir='ltr'>πέντε</span> <span class='ocrx_word' id='word_1_525' title='bbox 3400 3536 3538 3599; x_wconf 83' lang='grc' dir='ltr'>τέως</span> <span class='ocrx_word' id='word_1_526' title='bbox 3561 3536 3606 3568; x_wconf 69' lang='grc'>⁸⁸</span> <span class='ocrx_word' id='word_1_527' title='bbox 3640 3537 3823 3607; x_wconf 76' lang='grc' dir='ltr'>ἴδομεν</span> <span class='ocrx_word' id='word_1_528' title='bbox 3850 3578 3865 3600; x_wconf 89' lang='grc'><strong>,</strong></span> <span class='ocrx_word' id='word_1_529' title='bbox 3903 3538 3964 3605; x_wconf 79' lang='grc' dir='ltr'>ἐξ</span> 
     </span>
    </p>
   </div>
   <div class='ocr_carea' id='block_1_76' title="bbox 2378 3620 3963 3702">
    <p class='ocr_par' dir='ltr' id='par_1_76' title="bbox 2378 3620 3963 3702">
     <span class='ocr_line' id='line_1_76' title="bbox 2378 3620 3963 3702; baseline 0.001 -23"><span class='ocrx_word' id='word_1_530' title='bbox 2378 3620 2453 3679; x_wconf 80' lang='grc' dir='ltr'><strong>ὧν</strong></span> <span class='ocrx_word' id='word_1_531' title='bbox 2486 3627 2581 3680; x_wconf 89' lang='grc' dir='ltr'><strong>καί</strong></span> <span class='ocrx_word' id='word_1_532' title='bbox 2608 3644 2761 3691; x_wconf 83' lang='grc' dir='ltr'>τινας</span> <span class='ocrx_word' id='word_1_533' title='bbox 2794 3626 3024 3695; x_wconf 80' lang='grc' dir='ltr'>ἐκλογὰς</span> <span class='ocrx_word' id='word_1_534' title='bbox 3070 3627 3169 3690; x_wconf 88' lang='grc' dir='ltr'>τὰς</span> <span class='ocrx_word' id='word_1_535' title='bbox 3200 3628 3650 3697; x_wconf 82' lang='grc' dir='ltr'>ὑποτεταγμένας</span> <span class='ocrx_word' id='word_1_536' title='bbox 3677 3645 3963 3702; x_wconf 86' lang='grc' dir='ltr'>παρεγρα-</span> 
     </span>
    </p>
   </div>
   <div class='ocr_carea' id='block_1_77' title="bbox 2376 3718 2620 3788">
    <p class='ocr_par' dir='ltr' id='par_1_77' title="bbox 2376 3718 2620 3788">
     <span class='ocr_line' id='line_1_77' title="bbox 2376 3718 2620 3788; baseline 0 -15"><span class='ocrx_word' id='word_1_537' title='bbox 2376 3718 2620 3788; x_wconf 73' lang='grc' dir='ltr'>ψάμεθα.</span> 
     </span>
    </p>
   </div>
   <div class='ocr_carea' id='block_1_78' title="bbox 2450 3809 3962 3882">
    <p class='ocr_par' dir='ltr' id='par_1_78' title="bbox 2450 3809 3962 3882">
     <span class='ocr_line' id='line_1_78' title="bbox 2450 3809 3962 3882; baseline 0.003 -19"><span class='ocrx_word' id='word_1_538' title='bbox 2450 3810 2569 3863; x_wconf 81' lang='grc' dir='ltr'>’Ότι</span> <span class='ocrx_word' id='word_1_539' title='bbox 2606 3809 2715 3863; x_wconf 90' lang='grc' dir='ltr'><strong>τῶν</strong></span> <span class='ocrx_word' id='word_1_540' title='bbox 2746 3811 2906 3865; x_wconf 84' lang='grc' dir='ltr'>πέντε</span> <span class='ocrx_word' id='word_1_541' title='bbox 2937 3812 3111 3880; x_wconf 85' lang='grc' dir='ltr'>λόγων</span> <span class='ocrx_word' id='word_1_542' title='bbox 3136 3812 3165 3864; x_wconf 84' lang='grc' dir='ltr'>ὁ</span> <span class='ocrx_word' id='word_1_543' title='bbox 3196 3811 3435 3882; x_wconf 88' lang='grc' dir='ltr'>πρῶτος,</span> <span class='ocrx_word' id='word_1_544' title='bbox 3466 3810 3627 3866; x_wconf 79' lang='grc' dir='ltr'>ἄλλον</span> <span class='ocrx_word' id='word_1_545' title='bbox 3658 3809 3767 3881; x_wconf 82' lang='grc' dir='ltr'>πρὸ</span> <span class='ocrx_word' id='word_1_546' title='bbox 3792 3812 3962 3867; x_wconf 81' lang='grc' dir='ltr'>αὐτοῦ</span> 
     </span>
    </p>
   </div>
   <div class='ocr_carea' id='block_1_79' title="bbox 2378 3901 3964 3975">
    <p class='ocr_par' dir='ltr' id='par_1_79' title="bbox 2378 3901 3964 3975">
     <span class='ocr_line' id='line_1_79' title="bbox 2378 3901 3964 3975; baseline 0.003 -20"><span class='ocrx_word' id='word_1_547' title='bbox 2378 3902 2526 3955; x_wconf 85' lang='grc' dir='ltr'>δοκεῖ</span> <span class='ocrx_word' id='word_1_548' title='bbox 2552 3902 2824 3972; x_wconf 83' lang='grc' dir='ltr'>δέχεσθαι,</span> <span class='ocrx_word' id='word_1_549' title='bbox 2858 3903 2890 3972; x_wconf 81' lang='grc' dir='ltr'>ἢ</span> <span class='ocrx_word' id='word_1_550' title='bbox 2941 3903 3105 3973; x_wconf 82' lang='grc' dir='ltr'>μέρος</span> <span class='ocrx_word' id='word_1_551' title='bbox 3147 3903 3313 3957; x_wconf 85' lang='grc' dir='ltr'>αὑτοῦ</span> <span class='ocrx_word' id='word_1_552' title='bbox 3348 3901 3487 3955; x_wconf 75' lang='grc' dir='ltr'>εἶναι</span> <span class='ocrx_word' id='word_1_553' title='bbox 3511 3921 3524 3933; x_wconf 91' lang='grc'><strong>·</strong></span> <span class='ocrx_word' id='word_1_554' title='bbox 3567 3904 3706 3974; x_wconf 85' lang='grc' dir='ltr'>πλὴν</span> <span class='ocrx_word' id='word_1_555' title='bbox 3735 3905 3964 3975; x_wconf 75' lang='grc' dir='ltr'>διαλαμ-</span> 
     </span>
    </p>
   </div>
   <div class='ocr_carea' id='block_1_80' title="bbox 2381 3992 3965 4063">
    <p class='ocr_par' dir='ltr' id='par_1_80' title="bbox 2381 3992 3965 4063">
     <span class='ocr_line' id='line_1_80' title="bbox 2381 3992 3965 4063; baseline 0.001 -18"><span class='ocrx_word' id='word_1_556' title='bbox 2381 3992 2569 4057; x_wconf 82' lang='grc' dir='ltr'>ϐάνει,</span> <span class='ocrx_word' id='word_1_557' title='bbox 2610 3994 2733 4047; x_wconf 78' lang='grc' dir='ltr'>ὅθεν</span> <span class='ocrx_word' id='word_1_558' title='bbox 2780 4010 2840 4046; x_wconf 89' lang='grc' dir='ltr'><strong>τε</strong></span> <span class='ocrx_word' id='word_1_559' title='bbox 2882 3994 3219 4063; x_wconf 85' lang='grc' dir='ltr'>μετάκλητος</span> <span class='ocrx_word' id='word_1_560' title='bbox 3267 3994 3347 4057; x_wconf 75' lang='grc' dir='ltr'><strong>εἰς</strong></span> <span class='ocrx_word' id='word_1_561' title='bbox 3391 3994 3965 4048; x_wconf 81' lang='grc' dir='ltr'>Κωνσταντινούπολιν</span> 
     </span>
    </p>
   </div>
   <div class='ocr_carea' id='block_1_81' title="bbox 2379 4079 3966 4157">
    <p class='ocr_par' dir='ltr' id='par_1_81' title="bbox 2379 4079 3966 4157">
     <span class='ocr_line' id='line_1_81' title="bbox 2379 4079 3966 4157; baseline 0.001 -21"><span class='ocrx_word' id='word_1_562' title='bbox 2379 4079 2504 4157; x_wconf 78' lang='grc' dir='ltr'>ἧκε,</span> <span class='ocrx_word' id='word_1_563' title='bbox 2538 4083 2634 4137; x_wconf 66' lang='grc' dir='ltr'>καὶ</span> <span class='ocrx_word' id='word_1_564' title='bbox 2671 4084 2821 4146; x_wconf 85' lang='grc' dir='ltr'>ὅπως</span> <span class='ocrx_word' id='word_1_565' title='bbox 2847 4084 3016 4153; x_wconf 78' lang='grc' dir='ltr'>αὐτῆς</span> <span class='ocrx_word' id='word_1_566' title='bbox 3047 4084 3335 4154; x_wconf 83' lang='grc' dir='ltr'>ἀρχιερεὺς</span> <span class='ocrx_word' id='word_1_567' title='bbox 3363 4084 3622 4154; x_wconf 83' lang='grc' dir='ltr'>κατέστη,</span> <span class='ocrx_word' id='word_1_568' title='bbox 3650 4085 3740 4137; x_wconf 73' lang='grc' dir='ltr'>καὶ</span> <span class='ocrx_word' id='word_1_569' title='bbox 3768 4084 3843 4147; x_wconf 84' lang='grc' dir='ltr'>ὡς</span> <span class='ocrx_word' id='word_1_570' title='bbox 3864 4085 3966 4154; x_wconf 83' lang='grc' dir='ltr'>τὴν</span> 
     </span>
    </p>
   </div>
   <div class='ocr_carea' id='block_1_82' title="bbox 2385 4172 3967 4247">
    <p class='ocr_par' dir='ltr' id='par_1_82' title="bbox 2385 4172 3967 4247">
     <span class='ocr_line' id='line_1_82' title="bbox 2385 4172 3967 4247; baseline 0.003 -23"><span class='ocrx_word' id='word_1_571' title='bbox 2385 4172 2706 4243; x_wconf 84' lang='grc' dir='ltr'>ἱερωσύνην,</span> <span class='ocrx_word' id='word_1_572' title='bbox 2756 4174 2851 4238; x_wconf 55' lang='grc' dir='ltr'><strong>καί⁷</strong></span> <span class='ocrx_word' id='word_1_573' title='bbox 2879 4172 3316 4244; x_wconf 83' lang='grc' dir='ltr'>ἀρχιερωσύνην,</span> <span class='ocrx_word' id='word_1_574' title='bbox 3350 4173 3431 4236; x_wconf 82' lang='grc' dir='ltr'><strong>είς</strong></span> <span class='ocrx_word' id='word_1_575' title='bbox 3476 4174 3569 4227; x_wconf 81' lang='grc' dir='ltr'>τὸν</span> <span class='ocrx_word' id='word_1_576' title='bbox 3602 4176 3829 4247; x_wconf 82' lang='grc' dir='ltr'>ἀρχαῖον</span> <span class='ocrx_word' id='word_1_577' title='bbox 3869 4176 3967 4229; x_wconf 84' lang='grc' dir='ltr'>κό-</span> 
     </span>
    </p>
   </div>
   <div class='ocr_carea' id='block_1_83' title="bbox 2385 4264 3968 4337">
    <p class='ocr_par' dir='ltr' id='par_1_83' title="bbox 2385 4264 3968 4337">
     <span class='ocr_line' id='line_1_83' title="bbox 2385 4264 3968 4337; baseline 0 -21"><span class='ocrx_word' id='word_1_578' title='bbox 2385 4279 2519 4334; x_wconf 88' lang='grc' dir='ltr'>σμον</span> <span class='ocrx_word' id='word_1_579' title='bbox 2542 4264 2836 4331; x_wconf 80' lang='grc' dir='ltr'>ἐπανάγειν</span> <span class='ocrx_word' id='word_1_580' title='bbox 2863 4264 3123 4333; x_wconf 82' lang='grc' dir='ltr'>ἐπειρᾶτο</span> <span class='ocrx_word' id='word_1_581' title='bbox 3143 4264 3346 4334; x_wconf 83' lang='grc' dir='ltr'>σπουδῇ</span> <span class='ocrx_word' id='word_1_582' title='bbox 3375 4265 3524 4337; x_wconf 83' lang='grc' dir='ltr'>πάσῃ</span> <span class='ocrx_word' id='word_1_583' title='bbox 3548 4281 3561 4296; x_wconf 86' lang='grc'><strong>·</strong></span> <span class='ocrx_word' id='word_1_584' title='bbox 3586 4267 3681 4320; x_wconf 70' lang='grc' dir='ltr'>καὶ</span> <span class='ocrx_word' id='word_1_585' title='bbox 3704 4266 3802 4318; x_wconf 82' lang='grc' dir='ltr'>ὅσα</span> <span class='ocrx_word' id='word_1_586' title='bbox 3830 4265 3968 4337; x_wconf 77' lang='grc' dir='ltr'>πρὸς</span> 
     </span>
    </p>
   </div>
   <div class='ocr_carea' id='block_1_84' title="bbox 2382 4354 3969 4425">
    <p class='ocr_par' dir='ltr' id='par_1_84' title="bbox 2382 4354 3969 4425">
     <span class='ocr_line' id='line_1_84' title="bbox 2382 4354 3969 4425; baseline 0.001 -17"><span class='ocrx_word' id='word_1_587' title='bbox 2382 4356 2583 4410; x_wconf 83' lang='grc' dir='ltr'>Γαῖναν</span> <span class='ocrx_word' id='word_1_588' title='bbox 2614 4355 2683 4419; x_wconf 73' lang='grc' dir='ltr'><strong>⁸ο,</strong></span> <span class='ocrx_word' id='word_1_589' title='bbox 2723 4355 2882 4407; x_wconf 82' lang='grc' dir='ltr'>τοῦτο</span> <span class='ocrx_word' id='word_1_590' title='bbox 2916 4355 3014 4423; x_wconf 82' lang='grc' dir='ltr'>μὲν</span> <span class='ocrx_word' id='word_1_591' title='bbox 3040 4355 3067 4405; x_wconf 84' lang='grc' dir='ltr'>ὁ</span> <span class='ocrx_word' id='word_1_592' title='bbox 3094 4357 3341 4423; x_wconf 86' lang='grc' dir='ltr'>γενναῖος</span> <span class='ocrx_word' id='word_1_593' title='bbox 3373 4354 3741 4425; x_wconf 79' lang='grc' dir='ltr'>ἐπιστομίζων</span> <span class='ocrx_word' id='word_1_594' title='bbox 3783 4357 3969 4409; x_wconf 80' lang='grc' dir='ltr'>Ἰωάν-</span> 
     </span>
    </p>
   </div>
   <div class='ocr_carea' id='block_1_85' title="bbox 2384 4447 3969 4519">
    <p class='ocr_par' dir='ltr' id='par_1_85' title="bbox 2384 4447 3969 4519">
     <span class='ocr_line' id='line_1_85' title="bbox 2384 4447 3969 4519; baseline -0.001 -18"><span class='ocrx_word' id='word_1_595' title='bbox 2384 4466 2503 4518; x_wconf 86' lang='grc' dir='ltr'>νης,</span> <span class='ocrx_word' id='word_1_596' title='bbox 2553 4447 2709 4501; x_wconf 84' lang='grc' dir='ltr'>τοῦτο</span> <span class='ocrx_word' id='word_1_597' title='bbox 2736 4447 2792 4500; x_wconf 85' lang='grc' dir='ltr'><strong>δέ</strong></span> <span class='ocrx_word' id='word_1_598' title='bbox 2832 4447 2970 4519; x_wconf 79' lang='grc' dir='ltr'>ὑπὲρ</span> <span class='ocrx_word' id='word_1_599' title='bbox 3010 4447 3119 4500; x_wconf 89' lang='grc' dir='ltr'><strong>τῶν</strong></span> <span class='ocrx_word' id='word_1_600' title='bbox 3157 4448 3353 4501; x_wconf 83' lang='grc' dir='ltr'>κοινῶν</span> <span class='ocrx_word' id='word_1_601' title='bbox 3391 4449 3489 4517; x_wconf 84' lang='grc' dir='ltr'><strong>τῆς</strong></span> <span class='ocrx_word' id='word_1_602' title='bbox 3536 4448 3813 4510; x_wconf 83' lang='grc' dir='ltr'>πολιτείας</span> <span class='ocrx_word' id='word_1_603' title='bbox 3853 4447 3969 4499; x_wconf 90' lang='grc' dir='ltr'>δια-</span> 
     </span>
    </p>
   </div>
   <div class='ocr_carea' id='block_1_86' title="bbox 2385 4538 3969 4609">
    <p class='ocr_par' dir='ltr' id='par_1_86' title="bbox 2385 4538 3969 4609">
     <span class='ocr_line' id='line_1_86' title="bbox 2385 4538 3969 4609; baseline -0.001 -18"><span class='ocrx_word' id='word_1_604' title='bbox 2385 4539 2819 4609; x_wconf 75' lang='grc' dir='ltr'>πρεσϐευόμενος</span> <span class='ocrx_word' id='word_1_605' title='bbox 2847 4538 3188 4609; x_wconf 62' lang='grc' dir='ltr'>πραγμάτων</span> <span class='ocrx_word' id='word_1_606' title='bbox 3215 4539 3542 4609; x_wconf 82' lang='grc' dir='ltr'>διεπράξατο</span> <span class='ocrx_word' id='word_1_607' title='bbox 3561 4555 3574 4569; x_wconf 72' lang='grc'><strong><em>⁸</em></strong></span> <span class='ocrx_word' id='word_1_608' title='bbox 3610 4539 3706 4590; x_wconf 77' lang='grc' dir='ltr'>καὶ</span> <span class='ocrx_word' id='word_1_609' title='bbox 3731 4538 3808 4601; x_wconf 82' lang='grc' dir='ltr'>ὡς</span> <span class='ocrx_word' id='word_1_610' title='bbox 3835 4538 3969 4607; x_wconf 87' lang='grc' dir='ltr'>φθό-</span> 
     </span>
    </p>
   </div>
   <div class='ocr_carea' id='block_1_87' title="bbox 2385 4629 3972 4702">
    <p class='ocr_par' dir='ltr' id='par_1_87' title="bbox 2385 4629 3972 4702">
     <span class='ocr_line' id='line_1_87' title="bbox 2385 4629 3972 4702; baseline 0 -19"><span class='ocrx_word' id='word_1_611' title='bbox 2385 4647 2473 4694; x_wconf 89' lang='grc' dir='ltr'><strong>νος</strong></span> <span class='ocrx_word' id='word_1_612' title='bbox 2505 4630 2653 4700; x_wconf 83' lang='grc' dir='ltr'>αύτῷ</span> <span class='ocrx_word' id='word_1_613' title='bbox 2686 4631 2784 4701; x_wconf 84' lang='grc' dir='ltr'>τὴν</span> <span class='ocrx_word' id='word_1_614' title='bbox 2816 4630 3117 4702; x_wconf 81' lang='grc' dir='ltr'>ὑπερορίαν</span> <span class='ocrx_word' id='word_1_615' title='bbox 3148 4631 3191 4662; x_wconf 83' lang='grc'>⁶¹</span> <span class='ocrx_word' id='word_1_616' title='bbox 3220 4630 3544 4701; x_wconf 81' lang='grc' dir='ltr'>ἐψηφίσατο.</span> <span class='ocrx_word' id='word_1_617' title='bbox 3570 4630 3679 4683; x_wconf 81' lang='grc' dir='ltr'>Καί</span> <span class='ocrx_word' id='word_1_618' title='bbox 3707 4647 3831 4683; x_wconf 90' lang='grc' dir='ltr'>τινα</span> <span class='ocrx_word' id='word_1_619' title='bbox 3860 4629 3972 4683; x_wconf 88' lang='grc' dir='ltr'><strong>τῶν</strong></span> 
     </span>
    </p>
   </div>
   <div class='ocr_carea' id='block_1_88' title="bbox 692 4717 2265 4794">
    <p class='ocr_par' dir='ltr' id='par_1_88' title="bbox 692 4722 2265 4794">
     <span class='ocr_line' id='line_1_88' title="bbox 692 4722 2265 4794; baseline 0.001 -18"><span class='ocrx_word' id='word_1_620' title='bbox 692 4722 801 4777; x_wconf 82' lang='lat' dir='ltr'><strong>silii</strong></span> <span class='ocrx_word' id='word_1_621' title='bbox 827 4722 883 4776; x_wconf 89' lang='lat' dir='ltr'><strong>in</strong></span> <span class='ocrx_word' id='word_1_622' title='bbox 904 4738 1031 4776; x_wconf 88' lang='lat' dir='ltr'><strong>eum</strong></span> <span class='ocrx_word' id='word_1_623' title='bbox 1078 4723 1324 4792; x_wconf 90' lang='lat' dir='ltr'><strong>protulit.</strong></span> <span class='ocrx_word' id='word_1_624' title='bbox 1350 4722 1476 4779; x_wconf 67' lang='grc' dir='ltr'>ΙΙωο</span> <span class='ocrx_word' id='word_1_625' title='bbox 1518 4732 1574 4777; x_wconf 91' lang='lat' dir='ltr'><strong>et</strong></span> <span class='ocrx_word' id='word_1_626' title='bbox 1615 4724 1721 4779; x_wconf 90' lang='lat' dir='ltr'><strong>alia</strong></span> <span class='ocrx_word' id='word_1_627' title='bbox 1760 4740 1884 4794; x_wconf 67' lang='lat' dir='ltr'><strong>qua:</strong></span> <span class='ocrx_word' id='word_1_628' title='bbox 1933 4724 2019 4778; x_wconf 90' lang='lat' dir='ltr'><strong>vir</strong></span> <span class='ocrx_word' id='word_1_629' title='bbox 2057 4730 2265 4779; x_wconf 71' lang='lat' dir='ltr'><strong>sanctus</strong></span> 
     </span>
    </p>
   </div>
   <div class='ocr_carea' id='block_1_89' title="bbox 2368 4717 3970 4794">
    <p class='ocr_par' dir='ltr' id='par_1_89' title="bbox 2391 4717 3970 4791">
     <span class='ocr_line' id='line_1_89' title="bbox 2391 4717 3970 4791; baseline 0.001 -20"><span class='ocrx_word' id='word_1_630' title='bbox 2391 4720 2551 4791; x_wconf 84' lang='grc' dir='ltr'>μέχρι</span> <span class='ocrx_word' id='word_1_631' title='bbox 2576 4721 2762 4784; x_wconf 80' lang='grc' dir='ltr'>τέλους</span> <span class='ocrx_word' id='word_1_632' title='bbox 2793 4721 3023 4790; x_wconf 84' lang='grc' dir='ltr'>ἱστορῶν</span> <span class='ocrx_word' id='word_1_633' title='bbox 3058 4719 3137 4790; x_wconf 82' lang='grc' dir='ltr'>τῷ</span> <span class='ocrx_word' id='word_1_634' title='bbox 3170 4719 3443 4790; x_wconf 85' lang='grc' dir='ltr'>θεσπεσίῳ</span> <span class='ocrx_word' id='word_1_635' title='bbox 3476 4720 3632 4791; x_wconf 74' lang='grc' dir='ltr'>ἀνδρὶ</span> <span class='ocrx_word' id='word_1_636' title='bbox 3672 4717 3970 4790; x_wconf 82' lang='grc' dir='ltr'>διηνυσμέ-</span> 
     </span>
    </p>
   </div>
   <div class='ocr_carea' id='block_1_90' title="bbox 693 4811 2277 4886">
    <p class='ocr_par' dir='ltr' id='par_1_90' title="bbox 693 4811 2277 4886">
     <span class='ocr_line' id='line_1_90' title="bbox 693 4811 2277 4886; baseline 0.001 -21"><span class='ocrx_word' id='word_1_637' title='bbox 693 4812 946 4881; x_wconf 78' lang='lat' dir='ltr'><strong>perfecit,</strong></span> <span class='ocrx_word' id='word_1_638' title='bbox 996 4812 1064 4865; x_wconf 87' lang='lat' dir='ltr'><strong>ad</strong></span> <span class='ocrx_word' id='word_1_639' title='bbox 1102 4811 1263 4867; x_wconf 82' lang='lat' dir='ltr'><strong>linem</strong></span> <span class='ocrx_word' id='word_1_640' title='bbox 1326 4829 1502 4883; x_wconf 89' lang='lat' dir='ltr'><strong>usque</strong></span> <span class='ocrx_word' id='word_1_641' title='bbox 1560 4829 1793 4869; x_wconf 90' lang='lat' dir='ltr'><strong>narrans</strong></span> <span class='ocrx_word' id='word_1_642' title='bbox 1827 4812 2277 4886; x_wconf 87' lang='lat' dir='ltr'><strong>(Theodoretus),</strong></span> 
     </span>
    </p>
   </div>
   <div class='ocr_carea' id='block_1_91' title="bbox 694 4904 2101 4976">
    <p class='ocr_par' dir='ltr' id='par_1_91' title="bbox 694 4904 2101 4976">
     <span class='ocr_line' id='line_1_91' title="bbox 694 4904 2101 4976; baseline 0.001 -19"><span class='ocrx_word' id='word_1_643' title='bbox 694 4905 867 4958; x_wconf 86' lang='lat' dir='ltr'><strong>multa</strong></span> <span class='ocrx_word' id='word_1_644' title='bbox 893 4904 1273 4970; x_wconf 87' lang='lat' dir='ltr'><strong>nihilominus,</strong></span> <span class='ocrx_word' id='word_1_645' title='bbox 1305 4906 1416 4961; x_wconf 90' lang='lat' dir='ltr'><strong>imo</strong></span> <span class='ocrx_word' id='word_1_646' title='bbox 1451 4906 1687 4975; x_wconf 89' lang='lat' dir='ltr'><strong>plurima</strong></span> <span class='ocrx_word' id='word_1_647' title='bbox 1709 4906 2101 4976; x_wconf 85' lang='lat' dir='ltr'><strong>praetermittit.</strong></span> 
     </span>
    </p>
   </div>
   <div class='ocr_carea' id='block_1_92' title="bbox 764 4993 2283 5065">
    <p class='ocr_par' dir='ltr' id='par_1_92' title="bbox 764 4993 2283 5065">
     <span class='ocr_line' id='line_1_92' title="bbox 764 4993 2283 5065; baseline 0.003 -20"><span class='ocrx_word' id='word_1_648' title='bbox 764 4993 869 5060; x_wconf 84' lang='lat' dir='ltr'><strong>Qui</strong></span> <span class='ocrx_word' id='word_1_649' title='bbox 917 4994 1168 5063; x_wconf 88' lang='lat' dir='ltr'><strong>sequitur</strong></span> <span class='ocrx_word' id='word_1_650' title='bbox 1204 4994 1402 5049; x_wconf 88' lang='lat' dir='ltr'><strong>breves</strong></span> <span class='ocrx_word' id='word_1_651' title='bbox 1434 4994 1646 5064; x_wconf 87' lang='lat' dir='ltr'><strong>aliquas</strong></span> <span class='ocrx_word' id='word_1_652' title='bbox 1690 4993 1901 5059; x_wconf 88' lang='lat' dir='ltr'><strong>laudes,</strong></span> <span class='ocrx_word' id='word_1_653' title='bbox 1933 4993 2122 5049; x_wconf 87' lang='lat' dir='ltr'><strong>brevis</strong></span> <span class='ocrx_word' id='word_1_654' title='bbox 2166 4996 2283 5065; x_wconf 85' lang='lat' dir='ltr'><strong>ipse</strong></span> 
     </span>
    </p>
   </div>
   <div class='ocr_carea' id='block_1_93' title="bbox 2389 4810 3895 4883">
    <p class='ocr_par' dir='ltr' id='par_1_93' title="bbox 2389 4810 3895 4883">
     <span class='ocr_line' id='line_1_93' title="bbox 2389 4810 3895 4883; baseline -0.002 -17"><span class='ocrx_word' id='word_1_655' title='bbox 2389 4830 2516 4878; x_wconf 88' lang='grc' dir='ltr'>νων,</span> <span class='ocrx_word' id='word_1_656' title='bbox 2547 4811 2615 4865; x_wconf 81' lang='grc' dir='ltr'><strong>τά</strong></span> <span class='ocrx_word' id='word_1_657' title='bbox 2644 4813 2835 4876; x_wconf 82' lang='grc' dir='ltr'>πολλὰ,</span> <span class='ocrx_word' id='word_1_658' title='bbox 2874 4811 3072 4883; x_wconf 81' lang='grc' dir='ltr'>μᾶλλον</span> <span class='ocrx_word' id='word_1_659' title='bbox 3094 4810 3149 4863; x_wconf 84' lang='grc' dir='ltr'>δὲ</span> <span class='ocrx_word' id='word_1_660' title='bbox 3174 4810 3242 4863; x_wconf 86' lang='grc' dir='ltr'>τὰ</span> <span class='ocrx_word' id='word_1_661' title='bbox 3275 4810 3501 4865; x_wconf 80' lang='grc' dir='ltr'>πλεῖστα</span> <span class='ocrx_word' id='word_1_662' title='bbox 3533 4811 3895 4881; x_wconf 75' lang='grc' dir='ltr'>παρατρέχει.</span> 
     </span>
    </p>
   </div>
   <div class='ocr_carea' id='block_1_94' title="bbox 2474 4986 3971 5060">
    <p class='ocr_par' dir='ltr' id='par_1_94' title="bbox 2474 4986 3971 5060">
     <span class='ocr_line' id='line_1_94' title="bbox 2474 4986 3971 5060; baseline -0.003 -17"><span class='ocrx_word' id='word_1_663' title='bbox 2474 4991 2532 5043; x_wconf 90' lang='lat'><strong>&#39;0</strong></span> <span class='ocrx_word' id='word_1_664' title='bbox 2563 4990 2620 5043; x_wconf 84' lang='grc' dir='ltr'>δὲ</span> <span class='ocrx_word' id='word_1_665' title='bbox 2658 4990 2855 5060; x_wconf 78' lang='grc' dir='ltr'>ἐφεξῆς</span> <span class='ocrx_word' id='word_1_666' title='bbox 2895 4990 3053 5059; x_wconf 84' lang='grc' dir='ltr'>λόγος</span> <span class='ocrx_word' id='word_1_667' title='bbox 3095 4990 3352 5052; x_wconf 78' lang='grc' dir='ltr'>ἐπαίνους</span> <span class='ocrx_word' id='word_1_668' title='bbox 3390 4988 3541 5050; x_wconf 83' lang='grc' dir='ltr'>τινάς</span> <span class='ocrx_word' id='word_1_669' title='bbox 3578 4986 3971 5058; x_wconf 84' lang='grc' dir='ltr'>ὀλιγοστίχους,</span> 
     </span>
    </p>
   </div>
   <div class='ocr_carea' id='block_1_95' title="bbox 695 5077 2265 5151">
    <p class='ocr_par' dir='ltr' id='par_1_95' title="bbox 695 5082 2265 5147">
     <span class='ocr_line' id='line_1_95' title="bbox 695 5082 2265 5147; baseline 0 -9"><span class='ocrx_word' id='word_1_670' title='bbox 695 5082 954 5147; x_wconf 86' lang='lat' dir='ltr'><strong>absolvit,</strong></span> <span class='ocrx_word' id='word_1_671' title='bbox 986 5083 1154 5137; x_wconf 91' lang='lat' dir='ltr'><strong>ducto</strong></span> <span class='ocrx_word' id='word_1_672' title='bbox 1179 5082 1306 5137; x_wconf 89' lang='lat' dir='ltr'><strong>inde</strong></span> <span class='ocrx_word' id='word_1_673' title='bbox 1344 5082 1575 5138; x_wconf 81' lang='lat' dir='ltr'><strong>exordio</strong></span> <span class='ocrx_word' id='word_1_674' title='bbox 1601 5101 1613 5135; x_wconf 89' lang='lat'><strong>:</strong></span> <span class='ocrx_word' id='word_1_675' title='bbox 1642 5082 1848 5137; x_wconf 79' lang='lat' dir='ltr'><strong>Iterum</strong></span> <span class='ocrx_word' id='word_1_676' title='bbox 1883 5083 2028 5137; x_wconf 76' lang='lat' dir='ltr'><strong>nobis</strong></span> <span class='ocrx_word' id='word_1_677' title='bbox 2056 5082 2265 5138; x_wconf 67' lang='lat' dir='ltr'><strong>Joanni:</strong></span> 
     </span>
    </p>
   </div>
   <div class='ocr_carea' id='block_1_96' title="bbox 2368 5077 3975 5151">
    <p class='ocr_par' dir='ltr' id='par_1_96' title="bbox 2394 5077 3975 5151">
     <span class='ocr_line' id='line_1_96' title="bbox 2394 5077 3975 5151; baseline -0.003 -16"><span class='ocrx_word' id='word_1_678' title='bbox 2394 5082 2489 5135; x_wconf 78' lang='grc' dir='ltr'>καὶ</span> <span class='ocrx_word' id='word_1_679' title='bbox 2526 5082 2689 5144; x_wconf 83' lang='grc' dir='ltr'>αὐτὸς</span> <span class='ocrx_word' id='word_1_680' title='bbox 2730 5080 3063 5151; x_wconf 87' lang='grc' dir='ltr'>ὀλιγόστιχος</span> <span class='ocrx_word' id='word_1_681' title='bbox 3113 5080 3222 5144; x_wconf 83' lang='grc' dir='ltr'><strong>ῶν,</strong></span> <span class='ocrx_word' id='word_1_682' title='bbox 3270 5077 3628 5151; x_wconf 86' lang='grc' dir='ltr'>διαπεραίνει,</span> <span class='ocrx_word' id='word_1_683' title='bbox 3670 5079 3975 5150; x_wconf 84' lang='grc' dir='ltr'>ἀρχόμενος</span> 
     </span>
    </p>
   </div>
   <div class='ocr_carea' id='block_1_97' title="bbox 698 5175 1281 5230">
    <p class='ocr_par' dir='ltr' id='par_1_97' title="bbox 698 5175 1281 5230">
     <span class='ocr_line' id='line_1_97' title="bbox 698 5175 1281 5230; baseline -0.002 0"><span class='ocrx_word' id='word_1_684' title='bbox 698 5175 956 5230; x_wconf 65' lang='lat' dir='ltr'><strong>meritoria</strong></span> <span class='ocrx_word' id='word_1_685' title='bbox 983 5184 1281 5229; x_wconf 83' lang='lat' dir='ltr'><strong>revocatur.</strong></span> 
     </span>
    </p>
   </div>
   <div class='ocr_carea' id='block_1_98' title="bbox 772 5266 2288 5339">
    <p class='ocr_par' dir='ltr' id='par_1_98' title="bbox 772 5266 2288 5339">
     <span class='ocr_line' id='line_1_98' title="bbox 772 5266 2288 5339; baseline -0.001 -17"><span class='ocrx_word' id='word_1_686' title='bbox 772 5266 993 5322; x_wconf 88' lang='lat' dir='ltr'><strong>Tertius</strong></span> <span class='ocrx_word' id='word_1_687' title='bbox 1039 5266 1419 5322; x_wconf 86' lang='lat' dir='ltr'><strong>laudationum</strong></span> <span class='ocrx_word' id='word_1_688' title='bbox 1452 5266 1601 5339; x_wconf 82' lang='lat' dir='ltr'><strong>leges</strong></span> <span class='ocrx_word' id='word_1_689' title='bbox 1634 5276 1879 5337; x_wconf 83' lang='lat' dir='ltr'><strong>superat.</strong></span> <span class='ocrx_word' id='word_1_690' title='bbox 1930 5266 2160 5322; x_wconf 69' lang='lat' dir='ltr'><strong>Praestat</strong></span> <span class='ocrx_word' id='word_1_691' title='bbox 2190 5283 2288 5321; x_wconf 90' lang='lat' dir='ltr'><strong>au-</strong></span> 
     </span>
    </p>
   </div>
   <div class='ocr_carea' id='block_1_99' title="bbox 2396 5167 3812 5241">
    <p class='ocr_par' dir='ltr' id='par_1_99' title="bbox 2396 5167 3812 5241">
     <span class='ocr_line' id='line_1_99' title="bbox 2396 5167 3812 5241; baseline -0.001 -14"><span class='ocrx_word' id='word_1_692' title='bbox 2396 5167 2500 5227; x_wconf 81' lang='grc' dir='ltr'>ὧδε</span> <span class='ocrx_word' id='word_1_693' title='bbox 2520 5188 2533 5203; x_wconf 88' lang='grc'><strong>·</strong></span> <span class='ocrx_word' id='word_1_694' title='bbox 2573 5172 2764 5227; x_wconf 76' lang='grc' dir='ltr'><em>Πάλιν</em></span> <span class='ocrx_word' id='word_1_695' title='bbox 2786 5170 2934 5241; x_wconf 77' lang='grc' dir='ltr'><strong>ἡμῖν</strong></span> <span class='ocrx_word' id='word_1_696' title='bbox 2979 5170 3269 5225; x_wconf 81' lang='grc' dir='ltr'>Ἰωάννου</span> <span class='ocrx_word' id='word_1_697' title='bbox 3296 5169 3364 5223; x_wconf 84' lang='grc' dir='ltr'>τὸ</span> <span class='ocrx_word' id='word_1_698' title='bbox 3388 5171 3812 5240; x_wconf 77' lang='grc' dir='ltr'>μνημόσυνον.</span> 
     </span>
    </p>
   </div>
   <div class='ocr_carea' id='block_1_100' title="bbox 2479 5261 3981 5336">
    <p class='ocr_par' dir='ltr' id='par_1_100' title="bbox 2479 5261 3981 5336">
     <span class='ocr_line' id='line_1_100' title="bbox 2479 5261 3981 5336; baseline -0.005 -17"><span class='ocrx_word' id='word_1_699' title='bbox 2479 5266 2539 5319; x_wconf 83' lang='grc' dir='ltr'>Ὀ</span> <span class='ocrx_word' id='word_1_700' title='bbox 2558 5265 2615 5318; x_wconf 85' lang='grc' dir='ltr'>δὲ</span> <span class='ocrx_word' id='word_1_701' title='bbox 2643 5266 2779 5336; x_wconf 81' lang='grc' dir='ltr'>μετὰ</span> <span class='ocrx_word' id='word_1_702' title='bbox 2806 5265 3013 5330; x_wconf 87' lang='grc' dir='ltr'>τοῦτον,</span> <span class='ocrx_word' id='word_1_703' title='bbox 3047 5261 3339 5334; x_wconf 79' lang='grc' dir='ltr'>ἐγκωμίων</span> <span class='ocrx_word' id='word_1_704' title='bbox 3367 5262 3465 5333; x_wconf 82' lang='grc' dir='ltr'>μὲν</span> <span class='ocrx_word' id='word_1_705' title='bbox 3493 5261 3586 5314; x_wconf 76' lang='grc' dir='ltr'>καὶ</span> <span class='ocrx_word' id='word_1_706' title='bbox 3612 5261 3775 5323; x_wconf 73' lang='grc' dir='ltr'>αὐτὸς</span> <span class='ocrx_word' id='word_1_707' title='bbox 3814 5261 3981 5331; x_wconf 84' lang='grc' dir='ltr'>ὑπερ-</span> 
     </span>
    </p>
   </div>
   <div class='ocr_carea' id='block_1_101' title="bbox 1984 5439 2667 5498">
    <p class='ocr_par' dir='ltr' id='par_1_101' title="bbox 1984 5439 2667 5498">
     <span class='ocr_line' id='line_1_101' title="bbox 1984 5439 2667 5498; baseline 0 -2"><span class='ocrx_word' id='word_1_708' title='bbox 1984 5439 2216 5497; x_wconf 62' lang='grc' dir='ltr'>νΑῐιιιΕ</span> <span class='ocrx_word' id='word_1_709' title='bbox 2256 5440 2553 5498; x_wconf 79' lang='lat' dir='ltr'><strong>LECTION</strong></span> <span class='ocrx_word' id='word_1_710' title='bbox 2563 5441 2667 5497; x_wconf 90' lang='lat' dir='ltr'><strong>ES.</strong></span> 
     </span>
    </p>
   </div>
   <div class='ocr_carea' id='block_1_102' title="bbox 774 5581 3983 5659">
    <p class='ocr_par' dir='ltr' id='par_1_102' title="bbox 774 5581 3983 5659">
     <span class='ocr_line' id='line_1_102' title="bbox 774 5581 3983 5659; baseline -0.002 -19"><span class='ocrx_word' id='word_1_711' title='bbox 774 5588 824 5621; x_wconf 85' lang='lat'><strong>&quot;’</strong></span> <span class='ocrx_word' id='word_1_712' title='bbox 857 5588 1018 5640; x_wconf 75' lang='grc' dir='ltr'>Ἀλλὰ</span> <span class='ocrx_word' id='word_1_713' title='bbox 1053 5587 1180 5659; x_wconf 78' lang='grc' dir='ltr'>γὰρ,</span> <span class='ocrx_word' id='word_1_714' title='bbox 1218 5604 1271 5640; x_wconf 85' lang='grc' dir='ltr'><strong>κ.</strong></span> <span class='ocrx_word' id='word_1_715' title='bbox 1304 5602 1355 5641; x_wconf 87' lang='grc' dir='ltr'><strong>τ.</strong></span> <span class='ocrx_word' id='word_1_716' title='bbox 1385 5585 1435 5639; x_wconf 79' lang='grc' dir='ltr'><strong>λ.</strong></span> <span class='ocrx_word' id='word_1_717' title='bbox 1467 5584 1539 5659; x_wconf 74' lang='lat' dir='ltr'><strong>Ut</strong></span> <span class='ocrx_word' id='word_1_718' title='bbox 1564 5584 1886 5659; x_wconf 82' lang='lat' dir='ltr'><strong>tota__hujus_</strong></span> <span class='ocrx_word' id='word_1_719' title='bbox 1915 5583 2185 5659; x_wconf 75' lang='lat' dir='ltr'><strong>orationis</strong></span> <span class='ocrx_word' id='word_1_720' title='bbox 2211 5583 2427 5659; x_wconf 82' lang='lat' dir='ltr'><strong>indoles</strong></span> <span class='ocrx_word' id='word_1_721' title='bbox 2454 5601 2485 5639; x_wconf 91' lang='lat' dir='ltr'><strong>a</strong></span> <span class='ocrx_word' id='word_1_722' title='bbox 2509 5584 2840 5659; x_wconf 85' lang='lat' dir='ltr'><strong>politissimo</strong></span> <span class='ocrx_word' id='word_1_723' title='bbox 2883 5584 3219 5659; x_wconf 81' lang='lat' dir='ltr'><strong>Theodoreti</strong></span> <span class='ocrx_word' id='word_1_724' title='bbox 3256 5583 3479 5655; x_wconf 86' lang='lat' dir='ltr'><strong>ingenio</strong></span> <span class='ocrx_word' id='word_1_725' title='bbox 3501 5581 3835 5659; x_wconf 72' lang='lat' dir='ltr'><strong>et_mas_eu_la</strong></span> <span class='ocrx_word' id='word_1_726' title='bbox 3862 5581 3983 5650; x_wconf 76' lang='lat' dir='ltr'><strong>ejus</strong></span> 
     </span>
    </p>
   </div>
   <div class='ocr_carea' id='block_1_103' title="bbox 705 5651 3952 5729">
    <p class='ocr_par' dir='ltr' id='par_1_103' title="bbox 705 5651 3952 5729">
     <span class='ocr_line' id='line_1_103' title="bbox 705 5651 3952 5729; baseline -0.003 -14"><span class='ocrx_word' id='word_1_727' title='bbox 705 5659 1021 5729; x_wconf 85' lang='lat' dir='ltr'><strong>eloquentia</strong></span> <span class='ocrx_word' id='word_1_728' title='bbox 1056 5651 1142 5712; x_wconf 74' lang='lat' dir='ltr'><strong>est</strong></span> <span class='ocrx_word' id='word_1_729' title='bbox 1170 5672 1334 5727; x_wconf 90' lang='lat' dir='ltr'><strong>quam</strong></span> <span class='ocrx_word' id='word_1_730' title='bbox 1349 5656 1600 5729; x_wconf 71' lang='lat' dir='ltr'><strong>maxime</strong></span> <span class='ocrx_word' id='word_1_731' title='bbox 1633 5651 1836 5729; x_wconf 73' lang='lat' dir='ltr'><strong>alie_na_.</strong></span> <span class='ocrx_word' id='word_1_732' title='bbox 1872 5654 1950 5709; x_wconf 89' lang='lat' dir='ltr'><strong>ita</strong></span> <span class='ocrx_word' id='word_1_733' title='bbox 1988 5654 2239 5729; x_wconf 78' lang='lat' dir='ltr'><strong>epilogus</strong></span> <span class='ocrx_word' id='word_1_734' title='bbox 2284 5651 2572 5729; x_wconf 45' lang='lat' dir='ltr'><strong>iste_sal‘is</strong></span> <span class='ocrx_word' id='word_1_735' title='bbox 2619 5655 2989 5729; x_wconf 68' lang='lat' dir='ltr'><strong>recentiorem</strong></span> <span class='ocrx_word' id='word_1_736' title='bbox 3039 5651 3370 5729; x_wconf 63' lang='lat' dir='ltr'><strong>scriptorem</strong></span> <span class='ocrx_word' id='word_1_737' title='bbox 3417 5653 3630 5729; x_wconf 91' lang='lat' dir='ltr'><strong>prodit_._</strong></span> <span class='ocrx_word' id='word_1_738' title='bbox 3673 5652 3758 5729; x_wconf 72' lang='lat'><strong>_”_</strong></span> <span class='ocrx_word' id='word_1_739' title='bbox 3775 5651 3952 5729; x_wconf 55' lang='lat' dir='ltr'><strong>Lege!)</strong></span> 
     </span>
    </p>
   </div>
   <div class='ocr_carea' id='block_1_104' title="bbox 709 5725 2257 5797">
    <p class='ocr_par' dir='ltr' id='par_1_104' title="bbox 709 5725 2257 5797">
     <span class='ocr_line' id='line_1_104' title="bbox 709 5725 2257 5797; baseline -0.005 -11"><span class='ocrx_word' id='word_1_740' title='bbox 709 5725 841 5786; x_wconf 80' lang='lat' dir='ltr'><strong>dum</strong></span> <span class='ocrx_word' id='word_1_741' title='bbox 875 5729 1094 5783; x_wconf 84' lang='lat' dir='ltr'><strong>videtur</strong></span> <span class='ocrx_word' id='word_1_742' title='bbox 1137 5725 1395 5797; x_wconf 76' lang='grc' dir='ltr'>χρηστοῦ.</span> <span class='ocrx_word' id='word_1_743' title='bbox 1473 5727 1517 5758; x_wconf 83' lang='grc'><strong>⁵⁹</strong></span> <span class='ocrx_word' id='word_1_744' title='bbox 1539 5726 1696 5789; x_wconf 85' lang='grc' dir='ltr'>τέως.</span> <span class='ocrx_word' id='word_1_745' title='bbox 1728 5725 2089 5797; x_wconf 67' lang='lat' dir='ltr'><strong>Edit._prior,</strong></span> <span class='ocrx_word' id='word_1_746' title='bbox 2124 5743 2257 5788; x_wconf 84' lang='grc' dir='ltr'>πως.</span> 
     </span>
    </p>
   </div>
   <div class='ocr_carea' id='block_1_105' title="bbox 2336 5721 3980 5795">
    <p class='ocr_par' dir='ltr' id='par_1_105' title="bbox 2336 5721 3980 5795">
     <span class='ocr_line' id='line_1_105' title="bbox 2336 5721 3980 5795; baseline -0.003 -15"><span class='ocrx_word' id='word_1_747' title='bbox 2336 5726 2631 5781; x_wconf 81' lang='lat' dir='ltr'><strong>&quot;&#39;Photius</strong></span> <span class='ocrx_word' id='word_1_748' title='bbox 2655 5740 2709 5795; x_wconf 89' lang='lat' dir='ltr'><strong>p.</strong></span> <span class='ocrx_word' id='word_1_749' title='bbox 2740 5741 2815 5795; x_wconf 12' lang='lat' dir='ltr'><strong>m7.</strong></span> <span class='ocrx_word' id='word_1_750' title='bbox 2854 5721 3257 5793; x_wconf 57' lang='lat' dir='ltr'><strong>1511mm,</strong></span> <span class='ocrx_word' id='word_1_751' title='bbox 3292 5726 3349 5778; x_wconf 88' lang='lat' dir='ltr'><strong>in</strong></span> <span class='ocrx_word' id='word_1_752' title='bbox 3385 5721 3555 5794; x_wconf 82' lang='lat' dir='ltr'><strong>marg.</strong></span> <span class='ocrx_word' id='word_1_753' title='bbox 3591 5724 3810 5779; x_wconf 78' lang='grc' dir='ltr'>ῐάῖνᾶν.</span> <span class='ocrx_word' id='word_1_754' title='bbox 3846 5721 3980 5778; x_wconf 80' lang='lat' dir='ltr'><strong>Vide</strong></span> 
     </span>
    </p>
   </div>
   <div class='ocr_carea' id='block_1_106' title="bbox 713 5794 2873 5873">
    <p class='ocr_par' dir='ltr' id='par_1_106' title="bbox 713 5794 2873 5873">
     <span class='ocr_line' id='line_1_106' title="bbox 713 5794 2873 5873; baseline -0.003 -16"><span class='ocrx_word' id='word_1_755' title='bbox 713 5815 903 5873; x_wconf 77' lang='lat' dir='ltr'><strong>supra,</strong></span> <span class='ocrx_word' id='word_1_756' title='bbox 930 5804 971 5856; x_wconf 89' lang='grc' dir='ltr'><strong>ι.</strong></span> <span class='ocrx_word' id='word_1_757' title='bbox 994 5799 1091 5866; x_wconf 78' lang='grc' dir='ltr'><strong>ΙΙΙ,</strong></span> <span class='ocrx_word' id='word_1_758' title='bbox 1125 5794 1364 5870; x_wconf 57' lang='lat'><strong>[511071.</strong></span> <span class='ocrx_word' id='word_1_759' title='bbox 1443 5798 1485 5830; x_wconf 79' lang='grc'><strong>⁶¹</strong></span> <span class='ocrx_word' id='word_1_760' title='bbox 1523 5798 1747 5868; x_wconf 86' lang='grc' dir='ltr'>ύπερορ.</span> <span class='ocrx_word' id='word_1_761' title='bbox 1792 5794 1929 5851; x_wconf 81' lang='lat' dir='ltr'><strong>Ibid.</strong></span> <span class='ocrx_word' id='word_1_762' title='bbox 1975 5796 2031 5851; x_wconf 90' lang='lat' dir='ltr'><strong>in</strong></span> <span class='ocrx_word' id='word_1_763' title='bbox 2090 5810 2258 5868; x_wconf 86' lang='lat' dir='ltr'><strong>marg.</strong></span> <span class='ocrx_word' id='word_1_764' title='bbox 2311 5794 2737 5867; x_wconf 52' lang='grc' dir='ltr'>ὑπεροψίανρΗ.</span> <span class='ocrx_word' id='word_1_765' title='bbox 2781 5794 2873 5869; x_wconf 27' lang='grc' dir='ltr'>δι.-</span> 
     </span>
    </p>
   </div>
  </div>
