4208 6440
212 416 279 484 ιθ
1319 408 1788 472 AUCTARIUM.
1826 427 1890 440 —
1932 405 2029 464 AD
2063 404 2233 462 ron.
2287 403 2376 461 IV.
3404 395 3472 458 5o

213 534 429 602 έρχεται
460 527 688 598 νόμους·
721 523 967 596 διαφέρει
1004 522 1061 579 δὲ
1086 522 1195 577 τῶν
1229 521 1335 593 πρὸ
1368 520 1533 575 αὐτοῦ
1563 524 1631 592 τῇ
1662 519 1792 573 καλ-

1906 525 1999 569 ιο.ις
2033 514 2313 583 prioribus
2344 512 2635 566 verborum
2658 515 2714 563 et
2740 506 3137 565 sententiarum
3171 506 3471 576 pulchritu-

211 624 333 693 λονῇ
360 620 473 675 τῶν
499 638 560 674 τε
586 618 869 691 ῥημάτων,
900 617 993 669 καὶ
1023 615 1133 668 τῶν
1160 613 1451 685 νοημάτων
1472 629 1484 641 ·
1519 610 1799 683 προοιμιά-

212 712 358 777 ζεται
381 711 442 765 δὲ
478 710 656 763 οὕτω·
694 706 1093 775 Πολυστόμου
1135 703 1254 771 τὴν
1290 701 1610 770 παροῦσαν
1647 698 1798 756 ὑπό-

212 806 381 858 θεσιν
427 802 765 870 σάλπιγγος
804 798 1120 867 δεομένην,
1161 797 1233 850 έν
1264 792 1509 863 παιδικῇ
1535 798 1652 847 νῦν
1683 790 1798 859 ὀρῶ

211 891 700 946 κινδυνεύουσαν
751 888 1017 957 γλώττῃ·
1076 885 1173 939 καὶ
1240 883 1466 949 κάλλος
1510 881 1795 948 ἀθλητοῦ,

207 983 453 1051 μυρίαις
504 980 1004 1050 συγγραφόμενον
1056 977 1313 1044 τέχναις,
1367 974 1612 1031 ἀσθενεῖ
1658 973 1797 1037 νῦν,

211 1076 294 1139 εὶς
341 1072 589 1140 γραφὴν
628 1069 761 1139 ἐμοὶ
821 1068 1063 1138 τεχνίτῃ
1110 1069 1526 1135 προκείμενον.
1579 1063 1652 1116 Τὸ
1700 1062 1799 1132 μὲν

214 1163 504 1233 προοίμιον
547 1159 789 1213 τοιοῦτον
829 1177 841 1187 ·
900 1161 1118 1224 Ἄλλος
1160 1157 1351 1211 αὑτὸν
1377 1155 1541 1209 ἓλκει
1570 1152 1799 1221 βοηθὸν

216 1253 645 1323 ἁρπαζόμενος,
679 1252 871 1317 ἄλλος
892 1251 1067 1306 καλεῖ
1082 1248 1467 1317 δικαζόμενος
1485 1246 1796 1310 σύνδικον,

217 1346 403 1410 ἄλλος
466 1341 712 1406 πεινῶν,
767 1342 920 1410 ὑπὲρ
959 1338 1186 1409 τροφῆς
1238 1339 1507 1400 ίκετεύει,
1551 1335 1796 1408 γυμνός,

216 1436 367 1502 ὑπὲρ
417 1434 774 1503 ἐνδύματος,
812 1434 1007 1497 ἄλλος
1059 1430 1245 1485 αὑτὸν
1284 1429 1553 1495 ἀποδύει,
1610 1429 1801 1493 ἄλλος

220 1524 477 1589 πενθῶν,
517 1528 606 1592 είς
638 1524 1029 1591 παράκλησιν
1065 1522 1253 1577 δεῖται
1273 1540 1285 1552 ·
1325 1521 1564 1589 δεσμῶν
1601 1518 1801 1587 ἕτερος

220 1617 608 1685 ἀπολυθῆναι
638 1615 797 1681 βοᾷ·
846 1614 1011 1668 ἕλκει
1068 1631 1156 1679 τις
1197 1612 1377 1667 αὐτὸν
1417 1611 1607 1675 ἄλλος
1653 1608 1802 1676 πρὸς

218 1709 419 1760 νόσων
443 1705 794 1772 ἐπίσκεψιν,
822 1702 997 1769 ξένος
1024 1702 1178 1756 αἰτεῖ
1195 1700 1581 1770 καταγώγιον,
1602 1699 1801 1767 ἔτερος

216 1796 536 1866 παραστὰς
590 1794 777 1864 χρέως
829 1795 1126 1862 ὀδύρεται·
1160 1794 1352 1859 ἄλλος
1387 1793 1661 1859 ἐπόπτην
1703 1792 1802 1844 καὶ

1898 609 2046 662 diue.
2083 607 2173 660 Sic
2205 605 2397 674 incipit
2436 650 2441 653 .
2481 604 2588 658 Viri
2614 603 2942 657 disertissimi
2977 600 3336 654 laudationem
3361 614 3477 670 qua:

1896 698 2051 767 99t
2096 698 2160 750 ba
2203 695 2473 765 'ndigeret,
2500 692 2693 765 puerili
2728 698 3052 762 prepositam
3096 690 3291 760 lingua:
3335 691 3475 759 peri-

1898 792 2074 845 clitari
2103 790 2250 845 video
2325 786 2767 857 quemadmodum
2801 794 2849 838 et
2881 786 3029 836 decu.
3065 782 3299 848 σηιελδ,
3331 799 3384 835 m
3410 780 3478 834 lle

1898 901 2013 936 cum
2046 880 2287 949 artiﬁciis
2329 880 2644 948 descriptum
2684 878 2811 931 mihi
2850 892 2987 929 nunc
3019 874 3274 929 imbecillo
3301 877 3477 928 animo

1901 974 2096 1042 artiﬁci
2132 974 2202 1027 ad
2254 972 2650 1026 describendum
2690 971 3036 1042 prepositum.
3086 967 3175 1022 Sic
3214 983 3273 1021 se
3312 967 3478 1021 habet

1900 1066 2257 1131 Prommium,
2296 1071 2608 1135 sequuntur
2636 1064 2739 1118 ista
2764 1104 2776 1115 .
2806 1061 2954 1117 Alius
3001 1060 3157 1115 illum
3183 1060 3396 1129 rapiens
3424 1059 3477 1110 in

1902 1156 2163 1211 auxilium
2201 1158 2399 1221 trahit;
2432 1154 2572 1208 alius
2612 1156 2668 1207 in
2706 1155 2798 1223 jus
2836 1169 3027 1206 vocans
3062 1160 3344 1221 patronum
3377 1150 3480 1202 im-

1903 1245 2111 1315 plorat;
2163 1244 2301 1299 alius
2347 1244 2621 1315 famelicus
2665 1243 2865 1304 cibum,
2905 1242 3072 1293 nudus
3098 1249 3284 1293 vestem
3327 1246 3477 1302 orat;

1903 1336 2041 1391 alius
2088 1336 2241 1390 illum
2284 1337 2457 1400 exuit;
2515 1332 2654 1387 alius
2697 1331 2882 1385 dolens
2928 1329 3336 1384 consolationem
3390 1345 3480 1398 pc-

1904 1431 1996 1493 tit;
2040 1429 2179 1483 alius
2226 1427 2448 1482 vinculis
2495 1424 2691 1480 exsolvi
2736 1430 3016 1494 precatur;
3053 1420 3190 1473 alias
3230 1420 3299 1473 ad
3338 1434 3482 1471 mor-

1904 1520 2087 1573 borum
2118 1519 2495 1588 inspectionem
2530 1518 2705 1586 ipsum
2741 1514 2932 1578 trahit;
2964 1513 3272 1583 peregrinus
3307 1510 3480 1578 hospi-

1905 1612 2038 1663 tium
2089 1612 2319 1681 ﬂagitat,
2354 1615 2494 1662 astat
2536 1606 2672 1661 alius
2725 1605 2953 1659 debitum
2986 1604 3302 1676 deplorans,
3346 1604 3484 1658 alius

1906 1702 2186 1757 arbitrium
2232 1709 2281 1755 et
2321 1698 2711 1771 paciﬁcatorem
2757 1698 3162 1752 domesticarum
3210 1696 3486 1749 turbarum

1906 1798 2147 1857 accersit,
2180 1810 2270 1846 nec
2314 1793 2385 1845 ad
2411 1790 2579 1844 alium
2607 1789 2839 1859 confugit
2884 1804 3064 1843 servus
3096 1803 3345 1841 amaram
3395 1786 3489 1840 do—

215 1882 600 1949 διαλλακτὴν
643 1881 762 1935 τῶν
810 1883 938 1936 κατ’
971 1879 1142 1936 οἷκον
1173 1880 1615 1950 μεταπέμπεται
1660 1879 1802 1933 στά-

1906 1886 2035 1941 mini
2064 1884 2481 1955 indignationem
2518 1883 2734 1953 deflens.
2764 1880 2892 1934 Inde
2927 1881 3087 1934 vidua
3133 1878 3353 1944 clamat,
3390 1878 3489 1932 Mi-

217 1988 395 2036 σεων,
437 1972 586 2026 οὐδὲ
621 1972 844 2036 δοῦλος
886 1973 1037 2041 πρὸς
1079 1971 1276 2025 ἄλλον
1322 1972 1680 2040 καταφεύγει
1714 1969 1808 2024 δε-

216 2067 453 2119 σπότου
484 2063 703 2132 πικρὰν
723 2064 1168 2132 ὀλοφυρόμενος
1191 2063 1622 2132 ἀγανάκτησιν.
1645 2064 1807 2130 Χήρα

212 2152 332 2221 ,βοᾷ
361 2152 456 2217 τὸ,
486 2152 777 2222 Ἐλέησον·
814 2152 975 2220 άλλη
1018 2151 1133 2219 τὴν
1177 2151 1472 2219 ὀρφανίαν
1511 2149 1803 2216 ὀδύρεται.

218 2246 439 2315 Μυρίαι
489 2244 573 2310 τῷ
622 2245 802 2313 πατρὶ
826 2245 954 2299 καθ’
987 2243 1258 2310 ἑκάστην
1309 2242 1459 2312 πρὸς
1512 2242 1808 2306 ἑκάστους

218 2337 371 2406 ὑπὲρ
398 2336 670 2391 ἑκάστου
710 2336 944 2405 τροπαί.
993 2334 1336 2403 ’Λρπάζεταί
1374 2351 1483 2397 τις,
1528 2331 1625 2383 καὶ
1663 2347 1809 2385 συν-

220 2428 446 2500 ήγορος
482 2433 517 2485 ὀ
550 2428 773 2496 πατήρ·
816 2428 994 2498 λιμὸς
1037 2427 1297 2496 ἐνοχλεῖ,
1331 2426 1429 2480 καὶ
1461 2424 1716 2494 τροφεὺς
1742 2424 1807 2478 ἐκ

220 2523 575 2591 συνηγόρου
610 2520 871 2591 γίνεται·
918 2520 1096 2574 νοσεῖ
1132 2536 1247 2585 τις,
1279 2520 1375 2573 καὶ
1405 2520 1492 2584 είς
1534 2517 1734 2585 ἰατρὸν
1776 2520 1808 2571 ὀ

220 2614 483 2683 τροφεὺς
506 2612 950 2682 μεταϐάλλεται
978 2627 992 2639 ·
1028 2610 1233 2664 πένθει
1260 2626 1349 2675 τις
1378 2606 1807 2676 περιπέπτωκε,

222 2706 321 2758 καὶ
365 2708 400 2758 ὀ
442 2704 784 2772 νοσοκόμος
814 2702 1153 2772 εὑρίσκεται
1202 2703 1575 2770 παραμύθιον
1598 2699 1675 2731 ⁸⁸·
1716 2698 1811 2761 ξέ-

221 2815 346 2851 νων
376 2798 616 2864 ἐπέστη
650 2795 897 2865 φροντὶς
915 2837 930 2861 ,
958 2796 1057 2849 καὶ
1086 2794 1408 2863 ξενοδόχΟς
1435 2796 1467 2846 ὀ
1490 2792 1687 2844 πάντα
1720 2806 1812 2859 γε·

223 2890 420 2959 τονὼς
472 2886 915 2941 ἀναδείκνυται.
966 2888 1077 2942 Καὶ
1127 2889 1186 2939 τί
1232 2886 1349 2955 χρὴ
1378 2885 1502 2937 καθ’
1552 2884 1813 2937 ἕκαστον

222 2983 452 3052 λέγειν,
484 2981 604 3034 ὅσα
629 2981 851 3049 χρόνου
872 2980 1024 3049 μέρη
1054 2979 1158 3031 τὸν
1185 2979 1420 3032 ἐκείνου
1450 2978 1597 3041 βίον
1624 2975 1813 3043 διεμέ-

223 3092 475 3143 τρησεν,
509 3075 610 3128 Ζνα
633 3073 719 3142 μὴ
763 3071 878 3139 τὴν
905 3072 1364 3140 ἀρχιερωσύνην
1390 3072 1586 3139 μόνην
1614 3069 1770 3138 λέγω
1794 3087 1809 3130 ;

228 3168 507 3231 Τοσαύτη
546 3164 689 3229 τοὺς
723 3162 1073 3231 ἀνθρώπους
1113 3162 1302 3231 ἔργων
1347 3162 1655 3228 σωτηρίων
1681 3175 1811 3211 ποι-

223 3260 391 3313 κιλιά
416 3256 720 3325 προϊοῦσα
753 3257 825 3309 οὐ
863 3255 1154 3309 διέλιπεν.
1197 3256 1259 3307 Ὢ
1311 3252 1676 3322 στρατιώτου
1712 3252 1808 3305 καὶ

218 3349 371 3417 μετὰ
401 3345 701 3411 τελευτὴν
725 3344 1043 3412 ἀριστέως·
1072 3342 1119 3395 ὢ
1136 3343 1411 3412 λυπηροῦ
1428 3342 1551 3406 τοῖς
1577 3341 1814 3411 ἐχθροῖς

221 3439 319 3493 καὶ
346 3437 507 3507 μετὰ
531 3436 725 3505 τάφον
752 3436 1032 3489 ὁπλίτου·
1070 3432 1117 3486 ὢ
1146 3435 1559 3503 παναρμονίας
1600 3435 1810 3502 λύρας,

222 3527 485 3594 τελευτῇ
517 3526 861 3592 λελυμένης
881 3542 892 3552 ·
943 3524 988 3576 ὦ
1020 3523 1430 3592 δικαστηρίων
1455 3524 1814 3592 τηλικοῦτον

218 3617 574 3686 ρυθμιστὴν
618 3613 1055 3684 ἐζημιωμένων·
1107 3612 1154 3667 ὦ
1204 3616 1501 3683 σωτηρίου
1543 3614 1667 3680 τοῖς
1708 3614 1812 3668 ἀν-

223 3704 486 3775 θρώποις
525 3708 612 3771 εις
658 3705 919 3772 οὐρανὸν
958 3705 1453 3772 ἀναρπασθείσης
1499 3704 1807 3773 σαγήνης·

224 3797 268 3850 ὦ
293 3797 557 3865 δένδρου
612 3797 761 3863 πρὸς
793 3795 1056 3863 οὐρανὸν
1092 3795 1194 3849 καὶ
1242 3796 1359 3865 γῆν
1398 3795 1809 3864 μερισθέντος,

223 3888 323 3939 καὶ
384 3883 463 3952 τῇ
490 3885 609 3954 μὲν
661 3884 727 3937 τὸ
774 3884 967 3952 σῶμα,
1004 3883 1087 3949 τῷ
1117 3884 1187 3937 δὲ
1232 3883 1347 3952 τὴν
1380 3883 1593 3953 ψυχὴν
1622 3900 1811 3953 παρα-

223 3980 530 4047 σχόντος·
586 3975 656 4027 ἐν
700 3974 865 4043 τάφῳ
903 3975 967 4028 τὸ
1014 3974 1125 4042 τῆς
1181 3976 1548 4040 Ἐκκλησίας
1589 3976 1811 4045 συγκέ-

226 4075 503 4125 κλεισται
530 4070 741 4137 στόμα.
765 4064 899 4136 Οἶος
921 4069 1229 4132 εὐσεϐείας
1244 4066 1571 4135 ἀνθρώπων
1593 4069 1811 4138 ὀφθαλο

1909 1992 2121 2041 serere,
2168 1975 2290 2029 inde
2338 1974 2619 2028 orbitatem
2677 1970 2919 2041 deplorat
2986 1970 3169 2025 Multa:
3220 1987 3283 2023 ac
3324 1972 3490 2025 varia:

1908 2069 2083 2137 patri,
2114 2068 2171 2121 in
2204 2064 2457 2135 singulos,
2504 2081 2599 2134 pro
2635 2062 2857 2134 singulis
2896 2064 3358 2127 commutationes,
3394 2079 3455 2116 ra

1909 2160 2053 2228 pitur
2083 2160 2198 2227 quis
2243 2158 2298 2211 in
2325 2157 2607 2226 judicium,
2638 2164 2894 2226 patronus
2931 2155 3135 2220 evadit;
3181 2155 3347 2225 fames
3389 2154 3481 2208 ali-7

1910 2266 2063 2320 quem
2088 2256 2259 2313 vexat,
2288 2248 2350 2317 ﬁt
2385 2249 2614 2303 nutritor
2643 2262 2705 2301 ea:
2740 2255 2993 2318 patrono;
3026 2245 3216 2316 aliquis
3245 2254 3487 2317 aegrotat,

1910 2342 2137 2396 nutritor
2160 2341 2215 2394 in
2237 2339 2491 2393 medicum
2522 2338 2778 2402 vertitur;
2809 2336 2989 2390 dolore
3013 2336 3205 2406 aliquis
3242 2337 3488 2401 concidit,

1907 2431 2143 2487 solamen
2204 2432 2391 2501 afferre
2442 2428 2846 2497 deprehenditur
2908 2427 3169 2492 medicus;
3230 2428 3490 2497 hospitum

1910 2540 2039 2577 cura
2087 2522 2292 2585 incidit,
2332 2520 2510 2573 omnia
2551 2519 2723 2589 factus
2777 2526 3127 2588 susceptorem
3165 2534 3219 2571 se
3264 2518 3488 2571 exhibet.

1913 2614 2052 2681 Quid
2095 2614 2279 2668 attinet
2311 2613 2555 2683 prosequi
2580 2611 2797 2665 dicendo
2820 2610 3059 2681 singulas
3086 2613 3335 2686 temporis
3361 2630 3490 2681 par-

1914 2716 2008 2772 tes,
2035 2723 2151 2777 qua:
2177 2708 2341 2760 vitam
2364 2710 2529 2775 ipsius
2562 2704 2811 2757 dimensa:
2834 2710 2977 2768 sunt,
3005 2704 3052 2757 si
3079 2703 3141 2756 de
3172 2703 3283 2757 solo
3308 2721 3489 2757 sacer-

1913 2800 2055 2853 dotio
2096 2800 2265 2852 dicere
2294 2796 2596 2867 nequeam?
2620 2803 2771 2849 tanta
2798 2795 3121 2851 salutarium
3156 2815 3371 2868 operum
3401 2815 3493 2851 va-

1915 2893 2075 2944 rietas
2115 2891 2346 2943 homines
2395 2905 2499 2942 non
2546 2886 2705 2958 plane
2756 2887 2989 2959 reliquit.
3025 2888 3070 2943 0
3105 2889 3287 2942 ducem
3332 2892 3492 2942 etiam

1916 2988 2030 3052 post
2054 2982 2173 3035 vita:
2194 2980 2356 3047 ﬁnem
2380 2980 2763 3047 fortissimum!
2786 2996 2815 3033 ο
2841 2979 3058 3034 militem
3077 2981 3305 3035 hostibus
3333 2985 3493 3034 etiam

1915 3087 1943 3123 e
1970 3068 2210 3141 sepulcro
2248 3069 2575 3123 terribilem!
2602 3085 2631 3121 ο
2663 3069 2836 3139 lyram
2872 3070 3040 3122 omnis
3070 3070 3362 3123 harmoniae
3397 3087 3491 3123 ca-

1918 3176 2120 3231 pacem,
2152 3170 2319 3214 morte
2332 3162 2454 3230 jam
2476 3158 2818 3213 dissolutam!
2832 3176 2862 3213 o
2886 3160 3175 3215 tribunalia
3197 3169 3343 3215 tanto
3369 3178 3495 3216 ora-

1919 3260 2031 3305 tore
2072 3252 2231 3322 ιοο
2265 3252 2487 3305 orbata!
2516 3267 2545 3304 ο
2577 3251 2871 3306 salutarem
2910 3254 3177 3307 hominum
3214 3270 3489 3323 sagenam,

1918 3346 1970 3397 in
1997 3344 2183 3398 caelum
2215 3352 2429 3413 raptam
2448 3344 2466 3396 !
2484 3360 2513 3396 ο
2528 3345 2771 3398 arborem
2787 3345 2874 3398 ‘in
2896 3344 3083 3399 calum
3092 3346 3211 3415 jam
3230 3355 3277 3400 et
3292 3352 3493 3400 terram

1918 3437 2177 3498 divisam,
2210 3442 2256 3487 et
2303 3436 2420 3488 huic
2468 3435 2674 3504 quidem
2710 3452 2916 3507 corpus,
2964 3435 3045 3490 illi
3089 3453 3211 3491 vero
3256 3439 3494 3492 animam

1917 3526 2249 3581 tradentem!
2292 3524 2359 3579 0s
2398 3525 2647 3579 Ecclesiae
2688 3529 2745 3579 in
2789 3527 3027 3597 sepulcro
3076 3529 3337 3583 occlusum
3383 3530 3497 3583 est!

1919 3616 2163 3682 Quantus
2193 3614 2388 3669 ocellus
2420 3615 2632 3684 pietatis
2667 3630 2730 3668 ea:
2762 3616 3034 3669 hominum
3073 3623 3349 3687 conspectu
3377 3634 3495 3671 ere-

1916 3716 2036 3778 ptus
2070 3707 2181 3760 est!
2219 3706 2336 3759 Non
2377 3706 2624 3758 mortuus
2657 3721 2731 3763 es,
2768 3704 3064 3759 beatissime
3092 3706 3273 3769 Pater,
3307 3706 3399 3759 sed
3437 3714 3494 3757 ut

1918 3800 1997 3853 sol
2038 3798 2268 3851 occidisti
2301 3814 2316 3850 :
2362 3796 2597 3867 lugemus
2639 3804 2707 3860 te,
2732 3812 2836 3849 non
2883 3805 2937 3849 ut
2980 3804 3267 3860 mortuum,
3307 3796 3397 3849 sed
3437 3804 3495 3849 ut

1920 3891 2063 3943 nobis
2125 3887 2486 3941 absconditum
2538 3903 2555 3939 :
2605 3888 2892 3957 quarrimus
2926 3894 2993 3951 te,
3042 3903 3146 3940 non
3194 3885 3340 3940 velut
3386 3888 3494 3940 vita

1919 3981 2177 4049 functum,
2215 3978 2305 4032 sed
2338 3986 2594 4047 tanquam
2635 3977 2898 4031 eleuatum
2928 3979 2982 4031 in
3009 3977 3216 4032 caelum.
3257 3977 3347 4035 Sic
3378 3977 3495 4032 fere

1921 4072 2119 4125 tertius
2152 4071 2287 4140 (sive
2310 4069 2559 4140 quartus)
2588 4069 2747 4124 liber.

227 4167 336 4235 μὰς
360 4163 767 4231 ἀνηρπάσθη]
800 4165 882 4216 οὐ
912 4162 1229 4229 τέθνηκας,
1255 4158 1303 4217 ὦ
1332 4162 1585 4232 μακάριε
1613 4164 1826 4233 Πάτερ,
1866 4166 2003 4220 ἀλλ’
2042 4167 2121 4231 ὡς
2156 4165 2329 4232 ἣλιος
2356 4164 2517 4226 ἓδυς.
2563 4165 2685 4233 Οὐχ
2715 4164 2795 4227 ὡς
2840 4165 3249 4228 ἀποθανόντος
3271 4162 3493 4231 ἀλγοῦ-

227 4276 356 4328 per,
390 4258 535 4311 ἀλλ’
564 4257 636 4320 ὠς
670 4255 813 4324 ἡμῖν
843 4254 1255 4324 κεκρυμμένου
1276 4272 1288 4283 ·
1323 4258 1436 4323 οὐχ
1495 4257 1576 4321 ὡς
1638 4257 1930 4313 τεθνεῶτα
1961 4258 2267 4327 ζητοῦμεν,
2304 4257 2439 4311 ἀλλ’
2474 4256 2553 4321 ὡς
2589 4258 2677 4321 είς
2739 4256 3034 4325 οὐρανοὺς
3091 4254 3492 4325 μεταστάντα.

239 4349 405 4404 Ἀλλὰ
434 4348 659 4402 τοιαῦτα
694 4347 812 4417 μὲν,
842 4347 937 4399 καὶ
966 4345 995 4399 ὀ
1022 4347 1203 4417 τρίτος
1236 4347 1289 4417 (ἢ
1318 4349 1595 4420 τέταρτος)
1632 4349 1808 4418 λόγος,

306 4440 788 4512 Ἐγκωμιαστικοῦ
818 4440 875 4493 δὲ
904 4440 1072 4493 τύπον
1099 4440 1191 4492 καὶ
1210 4441 1238 4491 ὁ
1256 4438 1513 4511 τέταρτος
1535 4441 1807 4505 διασώζει,

1987 4437 2227 4503 Quartus
2292 4437 2495 4505 pariter
2544 4435 2916 4489 encomiastici
2984 4435 3216 4491 formam
3287 4454 3492 4507 servat,

230 4540 294 4590 ὲκ
316 4535 416 4588 τοῦ
449 4535 563 4585 δεῖν
605 4533 769 4601 τιμᾷν
812 4529 1056 4600 πατέρας
1086 4528 1195 4582 τῶν
1223 4530 1463 4585 ἐπαίνων
1501 4531 1806 4602 ἀπαρχόμε·

1917 4530 2083 4584 ducto
2122 4526 2452 4582 laudationis
2478 4526 2635 4580 initio
2661 4541 2727 4581 ex
2750 4541 2816 4580 eo
2842 4526 2990 4596 quod
3025 4538 3275 4597 oporteat
3297 4547 3495 4600 paren-

232 4645 342 4693 νος,
372 4620 436 4679 οὗ
459 4628 580 4678 ἐστι
610 4625 705 4677 καὶ
731 4622 933 4677 ταῦτα·

306 4805 545 4860 Τούτων
576 4801 695 4855 τῶν
734 4800 1034 4869 ποιμένων
1083 4796 1173 4865 εἷς
1219 4800 1316 4854 καὶ
1358 4802 1390 4853 ὀ
1434 4799 1739 4865 Ἰωάννης,
1770 4799 1807 4865 ἡ

230 4894 459 4957 ἄκακος
495 4892 771 4955 σύνεσις,
798 4893 831 4943 ὀ
860 4890 1281 4957 πολυόμματος
1301 4888 1468 4954 νοῦς.
1504 4887 1614 4954 τῆς
1641 4890 1810 4956 εὐαγ-

232 4983 484 5053 γελικῆς
511 4982 819 5050 ἐμπειρίας
854 4981 892 5047 η
919 4980 1159 5045 βίϐλος,
1187 4981 1219 5031 ὀ
1254 4977 1441 5045 κηροῦ
1463 4977 1612 5043 πρὸς
1641 4978 1810 5031 διαλ-

235 5081 421 5145 λαγὰς
446 5072 955 5140 εὐπλαστότερος,
984 5072 1049 5124 τὸ
1078 5070 1227 5139 πρὸς
1257 5070 1595 5140 χαρίσματα
1626 5074 1814 5124 πέλα-

238 5186 357 5235 γος,
388 5172 421 5221 ὀ
462 5166 619 5234 πρὸς
661 5164 884 5229 δόλους
915 5165 1349 5230 πολεμούντων
1380 5160 1675 5229 ἀκέραιος,
1706 5162 1815 5231 τῆς

245 5257 610 5324 ἐκκλησίας
668 5257 702 5307 ὀ
761 5254 1119 5323 περίϐολος·
1182 5252 1382 5317 οὐδεὶς
1440 5254 1814 5323 ὑποκρίσεως

236 5351 419 5405 αὑτὸν
450 5347 848 5402 διελάνθανεν
866 5345 1021 5414 ὄφις.
1038 5345 1229 5398 Πόθεν
1253 5358 1351 5396 σοι
1367 5345 1580 5407 βούλει
1608 5345 1810 5411 δείξω-

236 5459 343 5508 μεν
377 5441 490 5496 τὸν
534 5438 821 5505 Ἰωάννην
866 5435 1231 5505 πολύτιμον;
1287 5433 1382 5486 Ἐκ
1431 5435 1807 5503 φιλοξενίαςς

1920 4620 2067 4673 tibus
2124 4617 2387 4671 honorem
2450 4615 2730 4670 exhibere.
2789 4614 2914 4668 lle
2976 4615 3103 4671 inde
3167 4617 3493 4692 deprompta

1917 4717 2046 4764 sunt
2074 4727 2086 4763 :

1982 4801 2215 4855 Joannes
2243 4802 2428 4854 horum
2461 4806 2735 4869 pastorum
2772 4815 2907 4855 unus
2949 4801 3066 4870 fuit,
3104 4801 3348 4857 voluntas
3378 4806 3493 4859 sine

1917 4891 2148 4953 malitia,
2184 4908 2328 4944 mens
2357 4889 2734 4951 oculatissima,
2762 4890 3076 4959 evangelica:
3107 4894 3309 4962 peritite
3340 4893 3487 4955 liber,

1913 4980 1979 5043 “,
2007 4997 2125 5034 cera
2151 4983 2203 5033 in
2227 4996 2405 5033 omnes
2432 4980 2630 5048 formas
2655 4980 3095 5046 commutabilior,
3118 4982 3334 5053 pelagus
3367 5001 3491 5054 gra-

1914 5074 2131 5136 tiarum,
2176 5079 2361 5125 contra
2413 5070 2561 5124 dolos
2628 5072 2857 5125 hostium
2909 5074 3189 5142 infractus,
3242 5074 3492 5130 Ecclesia'

1915 5168 2296 5220 munimentum
2331 5182 2345 5217 :
2385 5163 2564 5218 nullus
2598 5163 2753 5218 illum
2775 5167 3101 5236 hypocriseos
3143 5182 3357 5236 serpens
3404 5166 3487 5219 la-

1916 5259 2034 5311 tuit.
2074 5257 2216 5311 Unde
2240 5256 2330 5310 tibi
2359 5257 2433 5309 vis
2468 5256 2882 5309 demonstremus
2920 5254 3182 5308 Joannem
3228 5254 3491 5325 singulari

1920 5349 2114 5401 honore
2177 5348 2439 5418 dignum?
2496 5348 2559 5400 ab
2609 5346 3011 5417 hospitalitate?
3042 5346 3236 5416 Ecquis
3283 5346 3491 5401 Joanne

1921 5442 2185 5494 aanantior
2223 5441 2483 5511 hospitum
2507 5441 2531 5493 ξ)
2556 5459 2587 5494 a
2620 5441 2918 5494 constantia
2961 5441 3014 5493 in
3064 5439 3491 5510 defensionibus?

1507 5617 1743 5673 VARI/Ii
1785 5617 2181 5675 LECTIONES.

306 5743 348 5773 "
380 5740 528 5796 Edit.
588 5742 740 5809 prior
793 5738 1156 5810 παραμυθίου.
1205 5740 1496 5810 Sequimur
1552 5738 1862 5800 lectionem,
1921 5755 2040 5806 quin
2090 5746 2275 5810 exstat
2327 5737 2469 5810 apud
2520 5738 2794 5795 Photium.

2898 5738 2941 5769 ⁸³
2976 5738 3149 5797 l‘rocl.
3203 5737 3490 5809 Scriptura

241 5830 271 5866 ι
302 5811 406 5867 Deo
431 5808 727 5882 inspirata,
764 5808 1038 5881 impolluta
1070 5808 1397 5873 bibliotheca,
1435 5808 1625 5864 divina‘
1656 5809 1934 5886 thesaurus
1968 5808 2353 5879 intelligentia.
2384 5808 2548 5864 (Lm.
