4208 6440
715 377 773 443 51
1925 383 2242 445 OPE'RUM
2279 385 2296 445 ἲ

2392 383 2769 448 EODORETI
3912 384 3985 449 52

712 493 910 567 Ecqua
932 495 1085 551 illum
1112 502 1345 568 potestas
1381 498 1669 571 prostravit
1688 499 1724 554 ?‘
1748 517 1780 556 a
1810 500 1984 556 studio
2017 503 2073 556 in
2101 499 2290 555 Eccle-

2392 501 2499 555 Καὶ
2556 503 2647 568 τίς
2709 501 2982 557 Ἰωάννου
3034 499 3551 570 φιλοξενώτεροω
3612 498 3713 554 Ἐκ
3753 496 3861 564 τῆς
3911 499 3983 550 ὲν

711 585 846 639 siam
864 586 890 640 ἵ
911 585 1206 657 Cujusnam
1228 598 1303 644 est
1336 588 1436 646 illa
1459 592 1716 646 concinna
1738 590 2029 647 modulatio
2061 592 2293 663 psalmo-

713 688 853 741 rum,
882 694 987 748 qua
1004 677 1287 748 populares
1317 687 1506 734 turma:
1526 682 1583 736 in
1608 682 1745 737 hunc
1779 698 1943 753 usque
1964 682 2102 736 diem
2118 684 2292 736 conci-

714 766 887 820 nunt?
910 766 1037 822 Haec
1063 777 1297 838 quartus
1318 784 1529 825 sermo.

784 1042 1033 1113 Sequens
1082 1044 1305 1115 easdem
1356 1046 1532 1100 nectit
1589 1044 1818 1100 laudum
1868 1044 2147 1099 corollas:
2192 1045 2291 1099 sed

710 1134 827 1187 vim
867 1143 923 1188 et
958 1135 1131 1190 robur
1172 1137 1579 1193 sententiarum
1604 1150 1827 1191 suarum
1862 1134 1921 1189 in
1958 1136 2174 1191 meliori
2205 1136 2291 1191 lu-

711 1224 859 1278 mine
894 1226 1072 1294 ponit.
2141 1279 2144 1282 .

783 1316 937 1386 101
977 1317 1249 1373 Videntur
1275 1333 1440 1388 porro
1476 1332 1669 1372 omnes
1699 1315 1779 1370 illi
1812 1330 2095 1372 sermones
2125 1319 2291 1388 quin-

708 1421 839 1475 que,
885 1416 1012 1477 post
1054 1412 1428 1465 reversionem
1460 1410 1530 1465 ab
1566 1408 1760 1465 exsilio
1790 1410 2101 1490 compositi.
2146 1409 2292 1465 Sub-

704 1494 852 1565 iecta
878 1496 1182 1569 fragmenta
1206 1514 1337 1570 pars
1364 1508 1495 1555 sunt
1518 1501 1808 1571 praesentis
1836 1500 2128 1556 sermonis.-

776 1674 862 1730 Da
901 1677 1046 1732 nobis
1076 1686 1321 1739 mutuam
1358 1678 1533 1751 lyram
1569 1688 1737 1745 tuam,
1766 1697 1797 1735 ο
1820 1679 2007 1745 Pater,
2040 1680 2110 1733 da
2143 1686 2291 1733 tuum

708 1768 780 1820 ad
816 1776 936 1822 tuas
970 1767 1152 1821 laudes
1184 1768 1463 1839 plectrum.
1502 1770 1622 1824 Etsi
1656 1771 1797 1824 enim
1826 1785 2016 1824 manus
2046 1770 2292 1824 resolutae

2393 594 2789 660 προστασίαις
2821 593 3220 661 στερρότητος
3245 608 3265 657 ;
3303 592 3415 646 Kal
3448 591 3539 655 τίς
3567 590 3754 643 αὐτὸν
3790 588 3978 641 δυνα-

2392 685 2565 739 στεία
2595 685 2967 755 κατῄδεσενς
3009 686 3112 739 Ἕκ
3145 682 3256 753 τῆς
3287 684 3420 752 περὶ
3451 681 3568 749 τὴν
3608 680 3979 746 Ἐκκλησίαν

2393 773 2709 843 σπουδῆς;
2738 777 2852 830 Kal
2878 778 3045 843 τίνος
3077 776 3117 844 η
3145 774 3252 842 τῆς
3274 774 3625 844 ψαλμῳδίας
3652 770 3773 824 τῶν
3796 771 3978 838 δημο-

2392 865 2573 921 τικῶν
2594 867 2905 938 ταγμάτων
2920 867 3095 937 μέχρι
3114 866 3232 920 νῦν
3253 865 3539 935 εὐρυθμία
3548 880 3570 929 ;
3584 858 3748 916 Ἀλλὰ
3761 861 3976 917 τοιαῦτα

2396 958 2493 1027 μὲν
2517 958 2611 1012 καὶ
2639 953 2795 1027 οὗτος
2819 961 2848 1011 ὁ
2871 959 3049 1027 λόγος.

2473 1046 2533 1101 '0
2564 1047 2621 1100 δὲ
2642 1047 2841 1118 ἑφεξῆς
2867 1048 2998 1112 τοὺς
3024 1048 3220 1111 αὐτοὺς
3255 1045 3353 1116 μὲν
3379 1045 3485 1099 τῶν
3516 1043 3811 1112 ὲγνωμῐων
3838 1041 3975 1093 πλέ-

2391 1152 2480 1189 κει
2512 1137 2833 1208 στεφάνους,
2861 1138 3245 1209 λαμπρότερον
3274 1136 3330 1190 δέ
3357 1153 3477 1199 πως
3503 1135 3603 1205 τὴν
3628 1131 3737 1187 τῶν
3765 1132 3975 1202 νοημά-

2390 1244 2499 1280 των
2534 1228 2688 1298 ἰσχὺν
2717 1229 3069 1298 ἀπαγγέλλει.

2473 1318 2712 1373 Ἐοικασι
2741 1319 2797 1374 δὲ
2823 1314 2971 1375 οὗτοι
3008 1321 3207 1383 πάντες
3239 1321 3289 1372 oi
3322 1320 3482 1372 πέντε
3516 1317 3663 1386 λόγοι
3704 1314 3841 1386 μετὰ
3870 1314 3975 1380 τὴν

2392 1410 2501 1463 ἀπὸ
2531 1409 2631 1481 τῆς
2661 1411 2959 1482 ὑπερορίας
2990 1410 3327 1482 ἀνακομιδὴν
3358 1408 3740 1479 συντετάχθαι.
3775 1405 3885 1460 Τοῦ
3914 1405 3973 1457 δὲ

2393 1500 2489 1554 νῦν
2516 1501 2675 1572 λόγου
2717 1502 2880 1575 μέρος
2904 1502 3044 1556 εἰσὶν
3075 1503 3132 1556 al
3171 1501 3470 1573 περικοπαὶ
3518 1500 3630 1553 τῶν
3667 1497 3974 1567 ὑποκειμὲ-

2391 1606 2499 1647 νων
2530 1592 2812 1665 ῥημάτων.

2462 1685 2707 1752 Χρῆσον
2744 1684 2912 1754 ἡμῖν,
2938 1680 2987 1741 ὦ
3013 1684 3227 1755 Πάτερ,
3252 1684 3372 1753 τὴν
3414 1684 3612 1752 λύραν
3659 1678 3774 1748 τὴν
3821 1677 3971 1745 σὴν.

2392 1773 2460 1827 τὸ
2492 1773 2611 1828 σὸν
2658 1776 2745 1841 είς
2789 1774 2905 1842 τὴν
2931 1760 3067 1845 ’σὴν
3122 1775 3426 1844 εὐφημίαν
3480 1771 3764 1827 δάνεισον
3812 1768 3970 1835 πλῆ-

706 1857 817 1910 sint
842 1867 1050 1913 natura:
1080 1856 1208 1928 lege,
1236 1860 1372 1914 dono
1400 1868 1575 1914 tamen
1600 1862 1789 1930 gratia:
1820 1860 1937 1932 lyra
1965 1877 2058 1931 per
2082 1877 2289 1915 omnem

2392 1881 2592 1933 κτρον.
2627 1867 2699 1921 El
2730 1840 2969 1937 γὰρ-καὶ
3011 1840 3078 1921 ‘al
3112 1840 3308 1936 χείρες
3355 1863 3668 1930 ἐλύθησαν
3695 1858 3776 1926 τῷ
3809 1862 3974 1928 νόμῳ

709 1952 911 2001 terram
943 1957 1117 2005 sonat.
1160 1950 1244 2004 Da
1279 1950 1425 2003 nobis
1459 1948 1816 2003 immortalem
1840 1948 1995 2002 illam
2026 1948 2285 2020 linguam,

709 2052 827 2107 qua:
857 2037 973 2091 sola
996 2040 1146 2094 rebus
1177 2041 1281 2092 tuis
1308 2040 1625 2093 enarrandis
1652 2057 1752 2112 par
1781 2048 1856 2093 est
1888 2038 1954 2093 “.
1997 2039 2288 2111 Propterea

706 2125 941 2193 Joannes
985 2128 1247 2185 Joannem
1283 2132 1559 2186 antecessit
1592 2130 1663 2195 “,
1708 2132 1870 2185 libere
1913 2131 2127 2203 loquens
2172 2132 2286 2187 zelo

709 2218 1017 2287 ardentem;
1048 2221 1141 2291 qui
1166 2230 1282 2292 post
1311 2230 1530 2276 mortem
1559 2224 1736 2293 arguit
1767 2223 2140 2293 praedicantem
2170 2231 2287 2295 post

709 2316 930 2362 mortem
957 2325 979 2364 :
1010 2311 1103 2381 qui
1143 2311 1410 2364 desertum
1454 2309 1594 2364 velut
1635 2311 1815 2365 urbem
1852 2312 2101 2378 instituit,
2138 2317 2299 2374 totius

706 2400 852 2456 urbis
882 2403 1293 2459 emendatorem.
1316 2403 1489 2459 Habes
1525 2403 1690 2459 aliam
1712 2421 1832 2459 cum
1852 2405 2105 2477 apostolis
2131 2410 2176 2442 ⁸⁸
2208 2427 2299 2465 co-

709 2494 1049 2562 gnationem;
1071 2497 1275 2567 primus
1302 2497 1446 2567 apud
1475 2496 1827 2552 Hamaxobios
1845 2496 2063 2569 Scythas
2081 2501 2149 2565 ⁸⁷,
2168 2518 2293 2557 aras

710 2587 956 2653 rrexisti,
984 2588 1003 2607 '
1034 2594 1083 2640 et
1113 2587 1371 2642 barbarus
1412 2591 1503 2659 qui
1538 2591 1626 2642 vix
1669 2589 1734 2642 ab
1776 2605 1910 2659 equo
1946 2590 2171 2656 dissilit,
2214 2591 2295 2645 di-

709 2677 836 2729 dicit
886 2693 1025 2748 genu
1062 2681 1302 2749 ﬂectere,
1337 2687 1386 2732 et
1434 2680 1504 2735 ad
1548 2680 1910 2751 pavimentum
1962 2682 2226 2751 prosterni
2274 2698 2293 2736 :

708 2770 800 2837 qui
840 2771 1169 2839 captivorum
1221 2771 1470 2843 lacrymis
1518 2790 1625 2827 non
1674 2780 1930 2838 movetur,
1972 2773 2155 2827 didicit
2197 2789 2294 2844 pro

709 2862 933 2929 peccatis
954 2864 1101 2933 ﬂere.
1128 2861 1267 2928 Quin
1293 2866 1454 2918 etiam
1476 2864 1840 2935 jaculatorem
1868 2864 2087 2918 Persam
2111 2864 2295 2935 jacqu

711 2953 1103 3021 praedicationis
1133 2957 1324 3025 petiisti
1336 2956 1413 3021 ‘3;
1432 2957 1623 3027 quique
1654 2955 1787 3011 nihil
1806 2956 2040 3027 cogitant
2062 2956 2164 3009 nisi
2192 2955 2298 3029 fer-

709 3062 851 3111 rum,
883 3046 1178 3101 didicerunt
1211 3046 1538 3117 Cruciﬁxum
1572 3048 1817 3102 adorare.

2394 1956 2505 2025 τῆς
2535 1958 2796 2026 φύσεως,
2834 1959 2976 2012 ἀλλ’
3004 1959 3043 2026 η
3071 1958 3229 2024 λύρα
3272 1955 3371 2010 διὰ
3401 1951 3605 2019 πάσης
3636 1948 3744 2018 τῆς
3774 1952 3973 2004 olm-

2388 2047 2578 2117 μένης
2598 2047 2735 2117 ἠχεῖ
2756 2046 2835 2114 τῷ
2865 2047 3028 2115 δώρῳ
3044 2048 3092 2080 ⁷⁸
3118 2047 3229 2115 τῆς
3252 2045 3493 2116 χάριτος
3511 2061 3526 2076 ·
3561 2042 3799 2109 ἐκείνης
3827 2040 3971 2110 ἡμῖν

2394 2137 2504 2204 τῆς
2542 2138 2842 2192 ἀθανάτου
2878 2138 3144 2208 γλώττης
3171 2136 3454 2206 μετάδος·
3482 2136 3641 2203 μόνη
3674 2133 3783 2203 γὰρ
3808 2133 3845 2199 τ)
3886 2129 3973 2197 σὴ

2391 2225 2623 2297 γλῶττα
2652 2220 2772 2279 τῶν
2803 2228 2934 2282 σῶν
2968 2226 3432 2296 κατορθωμάτων
3457 2223 3618 2289 ἀξία.
3648 2225 3750 2276 Διὰ
3783 2221 3975 2275 ταῦτα

2409 2318 2691 2387 Ἰωάννης
2749 2318 3036 2385 Ἰωάννην
3085 2319 3441 2387 ἀπείληφεν,
3475 2319 3506 2370 ό
3561 2314 3970 2381 πεπαρρησία-

2396 2409 2624 2481 σμένος
2651 2410 2759 2464 τὸν
2785 2408 3091 2477 ζηλωτήν·
3136 2412 3169 2463 ό
3210 2408 3363 2478 μετὰ
3400 2408 3660 2463 θάνατον
3702 2403 3975 2473 ἐλέγχων

2393 2502 2502 2556 τὸν
2525 2502 2897 2571 κηρύττοντα
2922 2503 3072 2572 μετὰ
3095 2499 3376 2565 θάνατον,
3407 2502 3441 2555 ό
3473 2498 3584 2567 τῆς
3616 2496 3838 2567 ἐρήμου
3861 2512 3971 2550 πο·

2392 2594 2601 2663 λίτης,
2634 2595 2745 2648 τὸν
2770 2594 2975 2663 πάσης
3002 2594 3237 2660 πόλεως
3282 2590 3727 2661 σωφρονιστήν.
3763 2590 3975 2656 Ἔχεις

2395 2685 2511 2753 τὴν
2545 2684 2748 2753 άλλην
2789 2685 2942 2754 πρὸς
2974 2685 3119 2751 τοὺς
3158 2684 3544 2746 ἀποστόλους
3572 2676 3934 2750 συγγένειαν
3953 2692 3972 2709 ·

2392 2775 2625 2844 πρῶτος
2668 2776 2828 2845 παρὰ
2879 2775 3003 2843 τοῖς
3052 2775 3421 2846 ῗΑμαξοϐίοις
3466 2773 3721 2837 Σκύθαις
3756 2773 3966 2826 θυσια-

2390 2866 2607 2936 στήρια
2633 2867 2895 2935 ἔπηξας·
2930 2868 3028 2922 real
3072 2869 3249 2937 μόλις
3292 2866 3412 2919 τῶν
3438 2865 3639 2918 ἵππων
3658 2858 3972 2927 ἀποπηδή-

2391 2974 2509 3025 σας
2538 2961 2571 3013 ό
2601 2957 2925 3026 βάρϐαρος,
2965 2959 3145 3027 ἔμαθε
3186 2958 3334 3027 γόνυ
3377 2955 3695 3025 κάμπτειν,
3734 2953 3832 3006 καὶ
3884 2953 3974 3015 είς

2392 3049 2616 3119 ἔδαφος
2657 3049 3101 3114 ἐξαπλοῦσθαι·
3138 3048 3235 3102 καὶ
3371 3046 3497 3111 τοῖς
3524 3044 3641 3098 τῶν
3669 3039 3968 3112 αἰχμαλώ-

708 3156 828 3193 των
884 3140 1144 3210 δάκρυσι
1196 3142 1280 3212 μὴ
1335 3144 1786 3212 καμπτόμενος,
1834 3143 2054 3212 ἔμαθεν
2100 3126 2258 3210 ¹ὑπὲρ
2320 3142 2753 3213 ἁμαρτημάτων
2796 3145 3096 3214 δακρύειν.
3140 3142 3249 3198 Kal
3289 3126 3418 3211 μὴν
3453 3140 3688 3225 καὶτὸν
3715 3138 3975 3205 τοξότην

709 3229 950 3300 Πέρσην
1020 3234 1460 3301 άντετόξευσίις
1530 3235 1611 3302 τῷ
1671 3236 2042 3306 κηρύγματι·
2121 3234 2219 3288 καὶ
2270 3238 2704 3307 σιδηρόφρονες
2771 3238 3228 3306 προσκυνοῦσιν
3277 3235 3494 3290 ἐκεῖνοι
3548 3233 3655 3288 τὸν
3709 3247 3976 3300 σταυρω-

710 3326 913 3405 θέντα.

784 3419 941 3488 102
980 3419 1112 3474 Vicit
1152 3428 1243 3474 tua
1287 3421 1473 3493 lingua
1512 3421 1880 3477 Chaldaeorum
1920 3430 1969 3476 et
2012 3438 2290 3493 magorum
2318 3421 2362 3485 C

710 3509 1026 3580 prwstigias,
1058 3508 1345 3566 Persarum
1375 3512 1657 3581 infecunda
1684 3520 1732 3566 et
1759 3512 1946 3583 glabra
1979 3512 2135 3566 tellus
2164 3530 2291 3565 ora-

712 3601 868 3655 tionis
906 3600 1086 3655 domos
1116 3603 1269 3673 quasi
1306 3604 1546 3673 germina
1589 3602 1855 3674 produxit.
1888 3603 1997 3658 Nec
2018 3604 2139 3674 jam
2173 3619 2291 3656 am-

714 3691 851 3762 plius
883 3691 1121 3765 Babylon
1158 3710 1191 3747 a
1222 3695 1308 3765 pio
1352 3692 1497 3747 cultu
1544 3693 1720 3748 aliena
1766 3703 1862 3761 est,
1895 3701 2051 3765 atque
2091 3695 2199 3747 hare
2243 3701 2293 3746 te

715 3784 965 3853 apostolis
992 3786 1284 3840 sociarunt.

783 3874 939 3944 Apud
982 3891 1075 3928 nos
1114 3891 1237 3929 vero
1280 3876 1571 3929 etiamnum
1610 3876 1814 3929 semina
1852 3874 2047 3947 lingua:
2076 3882 2179 3929 tua:
2214 3876 2292 3929 ita

715 3969 941 4037 ﬂorent,
992 3976 1051 4021 ut
1094 3969 1141 4021 si
1194 3967 1404 4038 quando
1462 3967 1655 4039 aliquis
1712 3968 1972 4023 Joannem
2025 3968 2290 4035 nominet,

717 4077 939 4130 magnus
957 4061 1137 4115 statim
1153 4077 1313 4115 sonus
1338 4062 1678 4126 exaudiatur,
1704 4059 2154 4131 ecclesiasticaque
2175 4058 2294 4130 lyra

716 4154 995 4222 antiquum
1036 4150 1293 4223 plectrum
1338 4154 1614 4223 cognoscat
1645 4168 1662 4205 :
1693 4150 1911 4222 syllaba:
1949 4152 2175 4205 nominis
2216 4150 2295 4203 tui

716 4260 811 4315 pro
838 4243 1015 4314 digitis
1040 4243 1323 4312 sufﬁciunt.

792 4339 926 4403 Vidit
951 4340 1073 4393 urbs
1098 4341 1242 4411 regia
1276 4337 1529 4411 Syrorum
1558 4337 1687 4403 tela,
1716 4347 1763 4392 et
1805 4341 2130 4410 contempsit.
2158 4339 2293 4395 Vidit

719 4429 929 4501 lapillos
966 4430 1193 4496 Indicos,
1224 4440 1270 4485 et
1302 4431 1552 4501 despexit,
1590 4447 1683 4484 nec
1718 4429 1871 4483 illam
1907 4430 2025 4500 Tyri
2053 4447 2291 4501 purpura

718 4519 904 4589 affecit.
940 4517 1222 4573 Hortalem
1266 4519 1511 4573 ardenter
1547 4519 1839 4588 concupivit
1884 4516 2141 4587 linguam,
2176 4534 2295 4588 qua:

718 4608 1043 4663 immortales
1071 4610 1323 4665 doctrinm
1351 4608 1586 4682 liquores
1605 4608 1908 4663 distillaret.

2475 3419 2797 3485 Ἐνίκησεν
2824 3419 2863 3487 ἡ
2892 3416 2975 3487 σὴ
3009 3416 3243 3487 γλῶττα
3275 3414 3591 3472 Χαλδαίων
3617 3416 3717 3470 καὶ
3762 3416 3979 3487 μάγων

2390 3510 2890 3580 μαγγανευτήρια,
2930 3510 3030 3563 καὶ
3066 3509 3105 3576 ή
3139 3507 3557 3578 κεχερσωμένη
3614 3508 3830 3576 Περσὶς
3872 3511 3971 3564 si)-

2392 3603 2672 3668 κτηρίους
2712 3602 2921 3665 οἴκους
2957 3597 3374 3665 ἐϐλάστησεν·
3421 3597 3620 3652 οὐκέτι
3654 3598 3765 3666 τῆς
3800 3601 3973 3653 εὐσε-

2393 3692 2537 3757 ϐοῦς
2573 3694 2901 3760 θρησκείας
2929 3692 3003 3745 τὰ
3043 3690 3398 3756 Βαϐυλῶνος
3424 3689 3714 3758 ἀλλότρια
3734 3704 3749 3720 ·
3780 3688 3974 3743 ταῦτά

2392 3799 2467 3838 σε
2494 3783 2619 3850 τοῖς
2641 3783 3006 3848 ἀποστόλοις
3028 3779 3391 3846 συνέζευξεν
3404 3780 3471 3834 τι.

2466 3874 2598 3926 Ἔτι
2625 3872 2762 3939 παρ’
2794 3869 2941 3940 ημῖν
2968 3872 3041 3924 τὰ
3077 3870 3390 3939 σπέρματα
3416 3866 3528 3935 τῆς
3549 3865 3669 3935 σῆς
3701 3866 3973 3937 γλώττης

2392 3962 2583 4028 ἀνθεῖ,
2615 3961 2733 4017 κᾶν
2776 3959 3070 4033 Ἰωάννην
3091 3977 3181 4025 τις
3206 3956 3500 4027 ὀνομάσῃ,
3529 3954 3727 4023 πολὺς
3746 3957 3780 4009 ό
3814 3954 3970 4024 ἦχος

2395 4054 2776 4121 ἐκκρούεται·
2805 4053 2845 4121 η
2876 4052 2985 4121 γὰρ
3034 4046 3518 4116 έκκλησιαστικὴ
3554 4047 3713 4115 λύρα
3756 4046 3825 4099 τὸ
3852 4045 3971 4114 ἀρ·-

2392 4146 2569 4217 χαῖον
2597 4144 2912 4213 πλῆκτρον
2962 4142 3373 4212 ἐπιγινώσκει·
3424 4139 3524 4193 καὶ
3569 4137 3704 4193 ἀντὶ
3747 4136 3962 4191 δακτύ-

2390 4240 2518 4292 λων
2548 4235 2847 4304 άρκοῦσιν
2875 4237 2936 4289 αἱ
2961 4234 3069 4288 τοῦ
3097 4232 3214 4287 σοῦ
3239 4232 3530 4301 ὀνόματος
3566 4229 3896 4283 συλλαϐαί.

2474 4330 2773 4384 Ἔϐλεπεν
2811 4329 2849 4396 ὴ
2897 4326 3151 4392 βασιλὶς
3184 4325 3360 4391 πόλις
3388 4322 3461 4377 τὰ
3491 4323 3560 4376 ἐκ
3589 4322 3793 4389 Σύρων
3814 4318 3970 4388 ὑφά-

2393 4437 2614 4489 σματα,
2648 4414 2749 4473 καὶ
2802 4417 3119 4472 διέπτυον·
3179 4416 3411 4482 ἐθεώρει
3458 4413 3602 4479 τοὺς
3650 4412 3719 4475 ἐξ
3766 4411 3974 4465 Ἰνδῶν

2391 4512 2624 4576 λίθους,
2646 4510 2743 4566 καὶ
2763 4511 3115 4579 κατεφρόνει
3131 4523 3146 4537 ο
3165 4501 3309 4562 οὐδὲ
3329 4506 3440 4574 τῆς
3465 4507 3650 4573 Τύρου
3671 4503 3736 4556 τὸ
3753 4504 3972 4569 άλουρ-

2397 4602 2500 4674 τὲς
2520 4601 2715 4669 αὐτὴν
2737 4588 2997 4670 ἔτερπεν
3014 4599 3216 4664 ἄνθος.
3246 4598 3523 4665 Πηλίνην
3550 4597 3750 4650 ἐπόθει
3784 4593 3973 4663 γλῶτ-

2391 4713 2524 4758 ταν,
2557 4695 2824 4748 ἀθάνατα
2856 4690 3256 4755 διδασκαλίας
3285 4689 3671 4757 προχέουσαν
3711 4686 3968 4753 νάματα.

790 4786 922 4840 Vidit
940 4796 991 4840 te
1005 4790 1222 4858 antiqua
1240 4787 1494 4858 Ephesus,
1515 4797 1563 4842 et
1576 4786 1837 4842 Joannem
1861 4803 2053 4841 novum
2073 4787 2204 4841 dixit
2220 4788 2284 4839 θ’.

2466 4783 2608 4842 Εἶδέ
2631 4801 2707 4839 σε
2732 4785 2832 4838 καὶ
2862 4786 3119 4852 Ἔφεσος
3144 4784 3181 4851 η
3204 4781 3445 4851 ἀρχαία,
3475 4778 3573 4833 καὶ
3601 4778 3746 4832 νέον
3773 4775 3972 4831 Ἰωάν-

722 4874 875 4942 Vidit,
906 4886 957 4931 et
983 4874 1265 4950 evangelici
1290 4880 1567 4934 recordata
1595 4888 1672 4933 est
1697 4880 1915 4932 tonitru.

791 5063 1014 5129 Exinde,
1046 5081 1076 5119 ο
1106 5064 1300 5129 dilecti,
1330 5082 1511 5120 cursus
1541 5064 1793 5118 orationis
1822 5064 1876 5116 in
1904 5060 2211 5130 confragosa
2242 5066 2291 5113 et

722 5174 910 5229 aspera
935 5158 1241 5230 impellitur.
1264 5158 1342 5214 Ne
1363 5168 1536 5213 tamen
1560 5159 1842 5229 asperitate
1863 5154 2099 5208 deterriti
2122 5153 2293 5224 fugia-

2394 4896 2512 4948 νην
2550 4879 2908 4946 προσεῖπεν·
2950 4872 3093 4940 εἶδε,
3136 4873 3235 4928 real
3271 4868 3666 4942 suamltxﬁc
3699 4865 3972 4936 ὑπεμνή-

2395 4974 2513 5037 σθη
2531 4971 2575 5001 ⁷³
2593 4965 2877 5035 βροντῆς.

2479 5056 2807 5122 Ἐντεῦθεν,
2829 5054 3148 5124 ἀγαπητοὶ,
3177 5052 3245 5106 τὸ
3265 5052 3460 5120 ῥεῦμα
3487 5049 3595 5104 τοῦ
3624 5050 3810 5115 λόγου
3838 5058 3974 5110 τρα-

2399 5150 2669 5222 χύνεται,
2697 5147 2861 5204 ἀλλὰ
2883 5147 2968 5218 μὴ
2989 5146 3275 5216 φύγωμεν
3314 5142 3430 5212 τὴν
3460 5139 3823 5209 τραχύτητα,
3859 5132 3972 5200 τῆς

1984 5290 2217 5345 νΑΒΙίΕ
2257 5289 2549 5345 LECTION
2557 5289 2659 5345 ES.

788 5406 1036 5479 “Procl.
1072 5406 1264 5463 Nullus
1303 5409 1458 5479 digne
1501 5408 1737 5462 laudabit
1774 5407 2066 5479 Joannem,
2094 5409 2140 5461 si
2175 5423 2277 5479 non
2311 5408 2380 5479 sit
2419 5405 2555 5459 alius
2596 5403 2849 5479 Joannes.
2876 5404 2958 5479 κϐ..
3031 5405 3075 5436 ⁸⁵
3098 5401 3283 5479 Praei.
3323 5400 3554 5479 Joannes
3585 5395 3704 5479 ille,
3734 5394 3971 5479 ngnnes

722 5480 856 5541 iste:
892 5478 1000 5550 ille,
1020 5463 1382 5547 prazdicator,”
1398 5480 1494 5550 iste
1546 5479 1697 5542 tuba,
1730 5487 1843 5550 etc.
1871 5478 1931 5533 G.
2008 5463 2254 5550 “'AProcl.
2299 5475 2701 5550 Joannescum
2749 5476 3045 5550 beatissimo
3085 5472 3263 5550 Paulo
3313 5479 3434 5550 tunc
3478 5469 3671 5550 clamat
3715 5463 3971 5550 :ghristi

725 5549 900 5603 honus
937 5542 1074 5603 odor
1108 5564 1301 5603 sumus
1332 5566 1346 5601 :
1386 5548 1603 5602 Omnem
1638 5550 1776 5602 enim
1826 5547 1993 5601 locum
2026 5547 2090 5600 ab
2130 5562 2308 5600 errore
2345 5545 2603 5599 liberavit.
2641 5545 2704 5601 G.
2780 5546 2823 5576 ⁸⁷
2857 5546 3035 5600 Procl.
3077 5544 3139 5597 In
3176 5542 3719 5613 plaustrisviventes,
3746 5542 3801 5613 _ii
3841 5543 3972 5613 sunt

724 5617 970 5689 Eumpa’i
1020 5617 1241 5689 Scythae,
1293 5637 1325 5671 a
1380 5617 1765 5689 Clirysostomo,
1804 5616 2151 5689 cuniCucusi
2197 5615 2483 5678 exsularet,
2527 5614 2641 5689 ﬁde
2677 5613 2981 5689 Christiana
3013 5611 3220 5669 imbuti.

3438 5611 3482 5642 ⁸⁸
3523 5606 3699 5661 Procl.
3737 5604 3801 5659 In
3832 5602 3972 5657 Per-

721 5687 830 5741 side
869 5674 1547 5743 VerbumVDei'seminavit.
1586 5688 1647 5743 ϐ.
1721 5674 1765 5721 ’ί
1803 5688 1979 5743 Procl.
2006 5687 2066 5741 In
2092 5684 2296 5754 Epheso
2330 5674 2499 5739 artem
2527 5674 2687 5739 'Midre
2714 5687 2972 5739 nudavit:
3005 5692 3175 5739 artem
3206 5682 3468 5754 nefariam
3495 5674 3975 5754 comparandiApc-

721 5758 929 5813 cunias.
960 5757 1021 5814 ϐ.
1098 5758 1338 5829 ⁷⁰δώρῳ.
1376 5759 1537 5815 Phot.
1561 5758 1614 5813 in
1642 5774 1813 5828 marg.
1889 5758 2052 5827 λόίῳ.
2124 5745 2166 5788 ⁷’ί
2196 5756 2354 5813 Phot.
2401 5756 2455 5810 in
2501 5770 2669 5826 marg.
2722 5756 3029 5824 συνέταξεν.
3103 5753 3328 5809 "Phot.
3356 5752 3413 5807 in
3437 5745 3932 5820 ιητιτεζὺπενοήθη.
