4208 6440
248 425 324 488 53
1335 392 1802 456 AUCTARIUM-
1834 414 1902 428 —
1941 391 2042 451 AD
2079 389 2257 449 TOM.
2298 389 2393 446 Iv.

3442 378 3522 447 δῶ

241 517 490 586 εἰρήνης
521 514 741 570 λοιπὸν
772 512 1176 578 ὁδοποιούσης
1219 509 1299 574 τῷ
1313 510 1584 578 ῥεύματι.
1612 508 1681 560 Et
1718 504 1825 574 γάρ

1935 521 2070 567 mus,
2104 501 2528 574 quandoquidem
2559 515 2665 570 pax
2700 497 2876 552 cursui
2907 497 3046 550 viam
3079 495 3270 564 aperit.
3303 495 3440 550 Nam
3464 500 3509 552 si

247 625 298 661 τι
322 607 473 675 πρὸς
505 607 648 672 τοὺς
681 605 834 671 σοὺς
866 604 1110 668 ναύτας,
1133 597 1179 656 ὦ
1203 601 1415 668 Πάτερ,
1439 595 1815 669 ἀγανακτεῖς,

249 699 304 753 sl
333 715 390 752 τι
421 699 572 768 πρὸς
614 697 756 763 τοὺς
794 694 1348 764 συμπεπλευκότας
1386 690 1554 757 λυπῇ
1575 730 1589 754 ,
1618 686 1826 754 ἐννόη-

245 807 387 858 σον,
417 793 513 844 ὅτι
543 787 765 858 χειμὼν
801 790 901 843 καὶ
940 786 1183 842 κλύδων
1206 785 1303 838 καὶ
1335 782 1619 839 θάλασσα
1644 780 1830 849 βρασ-

246 879 476 951 σομένη
512 879 868 948 ἠνάγκασεν
899 875 1121 942 αὐτοὺς
1155 875 1252 928 καὶ
1284 875 1542 938 ἄκοντας
1574 871 1678 925 τὸν
1723 872 1829 926 Ἰω-

246 971 362 1026 νᾶν
381 971 714 1040 προσρῖψαι
743 969 868 1034 τοῖς
898 969 1179 1037 κύμασιν.
1216 969 1337 1019 Οὐκ
1367 962 1613 1017 ἐκείνων
1627 961 1826 1030 μῖσος,

246 1063 410 1118 ἀλλά
451 1063 574 1116 σὸν
614 1061 952 1131 γυμνάσιον
998 1059 1063 1112 τὸ
1115 1056 1386 1128 συμϐάνο
1427 1056 1537 1107 οὐκ
1585 1052 1831 1105 ἐκείνων

247 1157 533 1224 πόλεμος,
565 1155 728 1209 ἀλλὰ
759 1151 874 1219 σὸς
897 1150 1060 1220 ἀγὼν
1081 1148 1154 1204 τὰ
1175 1149 1466 1218 γενόμενα
1486 1162 1499 1175 ·
1536 1145 1646 1199 οὐκ
1677 1141 1830 1195 ἐκεῖ-

245 1265 338 1302 νοι
376 1246 490 1314 τῆς
521 1241 862 1313 ἀδελφικῆς
915 1241 1352 1309 ἀπηνέχθησαν
1410 1236 1643 1306 ψήφου,
1693 1233 1830 1287 ἀλλ’

244 1339 367 1393 ἔδει
391 1339 495 1392 και
525 1335 600 1390 σὲ
630 1335 737 1390 τὸν
766 1335 1022 1389 δίαυλον
1063 1331 1181 1385 τῶν
1204 1331 1519 1400 μαρτύρων
1545 1324 1789 1394 δραμεῖν
1814 1342 1826 1354 ·

249 1429 598 1500 ἀπόρῤητός
626 1446 716 1495 τις
746 1425 1055 1492 οἰκονομία
1083 1419 1404 1491 σκάμματά
1426 1433 1528 1472 σοι
1555 1417 1653 1470 καὶ
1673 1415 1833 1470 διαύ-

246 1527 398 1587 λους
413 1522 461 1553 ⁷⁸
492 1520 841 1589 ηὑτρέπισε.
877 1515 1122 1580 Πάντως
1149 1509 1358 1581 ἐρρέθη
1400 1507 1500 1564 καὶ
1533 1506 1664 1573 περὶ
1713 1504 1830 1559 σοῦ

245 1609 399 1679 πρὸς
428 1611 539 1663 τὸν
572 1607 783 1662 κοινὸν
809 1605 1144 1660 ἀντίπαλον
1189 1599 1300 1668 τῆς
1341 1597 1826 1666 ἀνθρωπότητοςο

247 1701 566 1771 Προσὲσχες
598 1701 666 1767 τῇ
705 1696 916 1766 διανοίᾳ
944 1712 1037 1748 σου
1074 1691 1217 1746 κατὰ
1255 1689 1345 1743 τοῦ
1378 1687 1708 1758 Θεράποντὸς
1728 1702 1830 1756 μου

256 1791 542 1855 Ἰωάννους
579 1787 679 1841 και
711 1785 878 1854 ἑξῆς.

1928 598 2072 668 quid,
2121 611 2152 649 ο
2192 602 2369 665 pater,
2427 593 2490 646 de
2527 589 2952 646 naviductoribus
2977 589 3023 620 "
3048 587 3421 658 conquereris;
3463 591 3521 642 si-

1928 687 2054 759 quid
2084 686 2333 740 adversus
2360 701 2444 738 eos
2474 695 2522 738 te
2552 690 2856 744 commovet,
2887 681 2975 750 qui
3001 680 3182 734 eadem
3211 681 3334 733 nari
3360 681 3509 734 vehe-

1928 783 2122 836 bantur
2158 781 2374 850 :cogita
2425 778 2679 847 quomodo
2722 794 2756 829 a
2806 781 3132 843 tempestate,
3177 770 3439 842 ριόοείίιι,⁵
3462 780 3511 826 et

1929 878 2284 946 eﬂ'ervescente
2307 875 2444 928 mari
2477 875 2523 905 ⁷⁸
2546 874 2708 926 coacti
2734 881 2857 925 sunt
2889 869 2972 924 vel
3003 870 3152 923 inviti
3186 869 3375 923 Ionam
3409 871 3511 940 ﬂu-

1930 970 2091 1024 ctibus
2147 971 2476 1037 immergere.
2519 964 2668 1030 Quod
2705 965 2925 1025 accidit,
2963 978 3068 1015 non
3112 977 3291 1014 eorum
3330 961 3519 1014 odium-

1931 1062 2049 1131 fuit,
2077 1061 2166 1115 sed
2202 1069 2298 1114 tua
2336 1060 2640 1113 exercitatio
2669 1073 2685 1110 :
2712 1055 2849 1126 quod
2885 1055 3082 1125 factum
3117 1062 3213 1117 est,
3243 1067 3347 1106 non
3374 1053 3508 1121 ipso-

1931 1171 2049 1208 rum
2075 1153 2272 1208 bellum
2305 1158 2441 1214 erat,
2474 1150 2566 1203 sed
2599 1157 2748 1202 tuum
2787 1156 3050 1201 certamen
3080 1161 3224 1200 :non
3255 1143 3336 1197 illi
3366 1143 3430 1197 de
3463 1152 3512 1197 te

1929 1244 2087 1299 aliter
2137 1259 2299 1314 quam
2353 1241 2544 1311 fratres
2590 1237 2822 1300 decebat,
2865 1243 3168 1299 senserunt;
3222 1232 3377 1303 103
3423 1232 3512 1285 sed

1930 1338 2161 1407 oportuit
2207 1343 2265 1388 ut
2309 1333 2542 1388 stadium
2587 1339 2884 1401 martyrum
2931 1326 3250 1379 decurreres.
3297 1324 3510 1379 Arcana

1929 1427 2162 1498 quadam
2190 1425 2575 1496 dispensatione
2611 1421 2750 1475 Deus
2789 1420 2980 1483 locum,
3019 1420 3073 1471 in
3113 1433 3213 1488 quo
3249 1433 3508 1488 pugnares

1931 1525 1981 1571 et
2021 1532 2274 1579 curreres,
2312 1515 2652 1587 prieparavit.
2705 1511 2768 1566 Ut
2814 1512 3026 1565 omnino
3070 1510 3329 1563 diceretur
3357 1507 3420 1560 de
3461 1515 3509 1560 te

1933 1618 2118 1662 contra
2163 1610 2318 1662 totius
2351 1607 2696 1662 humanitatis
2731 1605 3093 1658 adversarium
3133 1616 3459 1656 communem
3489 1615 3509 1653 :

1932 1698 2193 1770 Nunquid
2222 1696 2584 1753 considerasti
2613 1710 2834 1751 servum
2857 1708 3039 1748 meum
3071 1690 3373 1748 Joannem?
3408 1698 3505 1744 etc.

327 1878 757 1947 Ἐχρεωστεῒτο
799 1875 878 1941 τῷ
925 1872 1178 1945 λαμπρῷ
1221 1872 1361 1937 βίῳ,
1392 1869 1489 1922 καὶ
1522 1870 1560 1934 ἡ
1591 1867 1825 1935 λαμπρὰ

2006 1873 2236 1927 Illustris
2277 1875 2382 1924 vita
2430 1871 2621 1923 illustri
2658 1879 2822 1923 morte
2859 1869 3140 1939 indigebat.
3181 1867 3510 1938 Oppugnavit

243 1969 518 2037 τελευτή.
556 1969 842 2023 Ἐπάλαιε
873 1965 990 2036 μὲν
1021 1963 1102 2029 τῷ
1143 1962 1276 2016 ’1ὼὸ
1300 1963 1332 2014 ὀ
1364 1959 1662 2022 διάϐολος,
1698 1955 1825 2008 ἐδό-

243 2079 396 2117 κουν
430 2060 503 2114 δὲ
553 2058 959 2126 προσκρούειν
989 2057 1044 2110 ot
1075 2054 1262 2124 φίλοι.
1294 2050 1398 2105 Διὰ
1431 2050 1612 2104 τοῦτο
1645 2049 1823 2102 ὕστε-

235 2169 352 2220 ρον
381 2153 414 2204 ὁ
445 2149 594 2214 Θεὸς
629 2145 852 2212 ἐξιᾶται
883 2145 1025 2210 τοὺς
1053 2143 1291 2212 φίλους,
1322 2139 1420 2192 καὶ
1459 2137 1580 2204 τοῖς
1626 2137 1826 2206 φίλοις

243 2245 428 2312 φίλον
465 2241 576 2294 τὸν
615 2239 735 2295 ’1ὼό
762 2235 1111 2292 ἀποδίδωσι.
1159 2231 1337 2287 Τοῦτο
1401 2230 1498 2283 καὶ
1549 2229 1685 2292 νῦν,
1710 2226 1824 2280 ὥσ-

245 2350 355 2401 περ
392 2333 781 2399 αἰσθάνομαι,
811 2325 1078 2397 γεγονὸς,
1114 2319 1162 2379 ὦ
1189 2322 1400 2391 Πάτερ.
1433 2321 1532 2375 καὶ
1579 2320 1685 2386 τὰς
1730 2319 1824 2372 δε-

245 2425 375 2491 ξιὰς
411 2423 536 2478 τῶν
591 2421 872 2489 Πατέρων
927 2416 1229 2484 ἀλλήλαις
1283 2411 1824 2483 συνεφαπτομένας

241 2518 501 2588 φαντὰζο
512 2533 627 2584 μαι.
675 2514 991 2570 Ἀπέλαὸεν
1034 2509 1166 2566 Ἰὼϐ
1207 2502 1824 2561 πολυπλασιασθέντα

241 2609 313 2661 τὰ
354 2606 664 2676 χρήματα·
719 2603 1018 2668 ἀπέλαϐες
1058 2599 1158 2654 καὶ
1184 2597 1266 2652 σὺ
1287 2599 1439 2666 μετά
1469 2594 1823 2664 προσθήκης

245 2699 359 2767 τὴν
389 2697 555 2766 παρὰ
589 2695 833 2749 πάντων
863 2693 1060 2762 τιμήν.

317 2785 528 2839 Τοῦτον
568 2785 658 2836 τὸν
684 2783 913 2853 ἔσχατον
943 2781 1101 2848 λόγον
1133 2784 1166 2851 ὴ
1194 2779 1472 2851 ἐπιγραφὴ
1499 2780 1555 2831 ἐν
1577 2777 1652 2847 τῷ
1683 2777 1823 2828 ἀπο-

244 2877 474 2946 στολείῳ
503 2875 756 2946 εἰρῆσθαι
780 2875 950 2943 λέγει.
986 2875 1058 2927 Τὸ
1093 2874 1149 2927 δὲ
1194 2874 1477 2946 προοίμιον
1505 2870 1818 2930 αἰνίττεται,

252 2967 327 3032 ὡς
354 2967 540 3022 ἄλλων
576 2964 962 3036 προειπόντων,
996 2967 1024 3017 ὁ
1051 2963 1402 3034 συγγραφεὺς
1431 2960 1547 3030 μετ’
1583 2957 1822 3020 ἐκείνους

239 3060 571 3130 δημηγορεῖ.
626 3057 779 3126 Ἔχει
819 3056 926 3125 γὰρ
974 3055 1178 3116 οὕτως·
1221 3052 1456 3119 Ἐπειδὴ
1491 3051 1645 3120 κάμὲ
1673 3047 1822 3116 πρὸς

241 3151 306 3204 τὸ
332 3150 546 3218 λέγειν
573 3152 603 3202 ό
630 3149 857 3212 κύκλος
891 3146 1234 3212 ἀνίστησιν,
1269 3143 1475 3210 ἐπειδὴ
1505 3143 1569 3196 τὸ
1601 3142 1821 3206 σύνθη·

1935 1964 2174 2019 diabolus
2216 1963 2425 2027 Jobum,
2455 1961 2763 2015 videbantur
2798 1961 2898 2030 ipsi
2936 1977 3138 2030 quoque
3173 1961 3329 2013 amici
3369 1976 3508 2028 wgro

1934 2065 1982 2110 et
2020 2057 2223 2126 infenso
2262 2071 2371 2109 esse
2406 2056 2582 2107 animo
2616 2069 2633 2106 :
2663 2068 2828 2122 quare
2858 2050 2996 2104 Deus
3033 2057 3210 2121 postea
3241 2051 3366 2120 ipsis
3398 2065 3507 2104 me-

1932 2149 2160 2202 dicinam
2196 2152 2208 2167 '
2241 2146 2494 2208 adhibuit,
2539 2144 2831 2213 Jobumque
2880 2145 3097 2207 amicis,
3143 2143 3336 2196 amicos
3379 2141 3508 2196 Jobo

1933 2239 2154 2292 reddidit
2188 2253 2206 2288 :
2233 2237 2325 2289 hoc
2355 2236 2510 2288 etiam
2544 2250 2703 2297 nunc,
2731 2241 2788 2286 ut
2817 2235 3003 2296 sentio,
3033 2234 3225 2301 factum
3251 2233 3304 2284 in
3337 2239 3386 2283 te
3410 2241 3503 2295 est,

1932 2344 1962 2381 ο
1984 2327 2170 2392 Pater,
2193 2326 2509 2396 dextrasque
2531 2325 2754 2379 Patrum
2781 2324 2952 2379 videre
2979 2325 3105 2378 mihi
3126 2323 3306 2400 videor
3328 2330 3506 2376 mutuo

1924 2414 2160 2487 junctae.
2211 2415 2421 2486 Recepit
2466 2415 2626 2469 lobus
2676 2414 2856 2485 plura,
2897 2429 3060 2484 quam
3101 2414 3246 2483 prius
3291 2412 3500 2476 habuit,

1931 2507 2167 2593 recepisti
2213 2513 2263 2559 et
2307 2515 2363 2558 tu
2409 2523 2527 2560 cum
2569 2507 2810 2559 auctario
2840 2503 3065 2574 gloriam
3108 2502 3344 2558 omnibus
3388 2516 3506 2556 ma-

1920 2613 2118 2667 gorem.

2000 2787 2159 2841 Hunc
2197 2795 2538 2856 postremum
2587 2801 2895 2842 sermonem
2936 2786 3220 2857 inscriptio
3255 2787 3416 2842 docet
3448 2786 3503 2842 in

1930 2877 2232 2945 apostolico
2266 2878 2468 2946 templo
2503 2877 2770 2932 habitum.
2818 2877 3152 2933 Prooemium
3196 2893 3328 2933 vero
3367 2879 3504 2934 indi-

1931 2974 2017 3021 cat
2047 2967 2116 3021 ab
2150 2976 2376 3021 auctore
2403 2968 2630 3033 factum,
2657 2977 2944 3038 postquam
2971 2968 3064 3022 alii
3093 2969 3378 3024 dixissent.
3414 2971 3504 3027 Sic

1928 3057 2074 3111 enim
2113 3073 2171 3112 se
2205 3058 2373 3113 habet
2406 3076 2418 3111 :
2452 3057 2587 3113 Cum
2622 3076 2706 3113 me
2748 3059 2874 3113 ordo
2905 3060 2975 3114 ad
3018 3060 3292 3115 dicendum
3323 3079 3504 3116 assur-

1927 3163 2046 3218 gere
2063 3148 2269 3216 jubeat,
2299 3151 2612 3220 signumque
2634 3149 2703 3203 ad
2731 3164 3054 3203 communem
3086 3152 3236 3220 quasi
3264 3151 3504 3205 choreum

237 3257 320 3311 μα
349 3213 510 3309 πρὸς
547 3237 664 3305 τὴν
691 3241 909 3306 κοινὴν
938 3239 1181 3307 χορείαν
1206 3237 1433 3306 ἐγείρει,
1468 3230 1710 3286 ἐπειδὰν
1734 3229 1822 3284 δεῖ

1929 3238 2133 3300 excitet,
2168 3254 2285 3290 cum
2331 3255 2410 3291 me
2457 3242 2614 3293 etiam
2663 3247 2903 3310 oporteat
2941 3213 3232 3294 lauda-tioni
3274 3248 3507 3310 paternw

239 3332 396 3400 κάμὲ
450 3331 602 3398 πρὸς
648 3329 950 3397 εὐφημίαν
1004 3327 1300 3396 πατρικὴν
1336 3325 1824 3393 ἀνακρούσασθαι

233 3420 448 3489 μέλος,
485 3419 584 3472 καὶ
615 3421 830 3473 πολλοὶ
858 3418 974 3488 μὲν
1005 3421 1060 3473 οι
1105 3417 1171 3471 τὸ
1205 3417 1445 3486 ὄφλημα
1477 3414 1542 3467 τὸ
1572 3413 1822 3480 ἀπαραί-

242 3527 429 3578 τητον
476 3510 874 3574 ἀπαιτοῦντες
890 3511 955 3573 ⁷⁸,
995 3511 1130 3576 παρ’
1171 3507 1314 3578 ἡμῖν
1358 3506 1423 3559 δὲ·
1479 3504 1658 3559 οὐδὲν
1718 3503 1822 3572 τῆς

242 3599 547 3667 πατρικῆς
587 3598 926 3668 ἐφάμιλλον
982 3597 1230 3668 ἀρετῆς·
1287 3597 1524 3667 χρῆσον
1559 3595 1723 3666 ἡμῖν,
1777 3591 1823 3649 ὧ

243 3691 443 3759 Πάτερ
483 3689 756 3758 Ἰωάννη,
787 3689 903 3759 τὴν
925 3691 1122 3759 λύραν
1147 3689 1262 3758 τὴν
1287 3688 1427 3753 σήν.

247 3909 408 3980 106.
447 3909 533 3980 Ex
566 3909 884 3980 allocutione
917 3907 1240 3980 Theodoreti,
1264 3907 1402 3980 dicta
1424 3907 1674 3980 adversus
1697 3926 1825 3962 san-

309 3977 456 4032 ctum
483 3979 741 4048 Cyrillum
772 3977 1126 4048 Calchedona,
1167 3994 1284 4030 cum
1319 3977 1382 4031 ab
1413 3977 1618 4048 Epheso
1646 3995 1827 4032 ascen-

312 4051 476 4101 disset
508 4046 577 4101 ad
615 4047 1124 4118 Constantinopolim
1159 4064 1265 4100 una
1297 4065 1412 4100 cum
1455 4046 1827 4114 Orientalibus,

312 4135 413 4188 pro
443 4118 706 4185 Nestorio,
739 4119 892 4188 quasi
921 4119 1115 4189 injuste
1142 4118 1509 4172 condemnato.

310 4229 483 4283 Vides
515 4229 792 4297 quomodo
832 4239 887 4284 et
919 4230 1288 4285 dill'erentiam
1323 4237 1645 4283 naturarum
1695 4231 1827 4294 scio,

241 4327 297 4374 et
325 4321 601 4374 unitatem
638 4335 745 4373 non
780 4321 952 4385 solvo,
981 4335 1014 4374 ε)
1041 4335 1182 4375 nove
1210 4319 1415 4375 Christi
1452 4321 1818 4390 impugnator,

242 4409 419 4480 magis
440 4424 575 4464 vero
597 4409 694 4463 Dei
729 4410 1077 4480 impugnator
1102 4428 1114 4465 :
1144 4410 1293 4464 Hunc
1323 4415 1625 4483 prwscripto
1648 4415 1820 4467 consi—

242 4498 307 4554 lic
327 4515 389 4559 ει·
413 4502 747 4570 praescientia
772 4499 868 4554 Dei
893 4501 1142 4556 traditum
1167 4505 1449 4574 capientes,
1476 4521 1570 4575 per
1601 4521 1820 4558 manum

1927 3327 2242 3396 prieludcre,
2271 3337 2319 3381 et
2347 3329 2510 3383 ordiri
2543 3329 2722 3394 melos,
2751 3331 3065 3401 exigantque
3100 3328 3252 3384 multi
3287 3331 3501 3385 indecli-

1929 3417 2102 3473 nabile
2127 3419 2356 3474 debitum
2381 3421 2444 3475 ab
2468 3436 2545 3486 eo,
2565 3421 2653 3491 qui
2671 3438 2772 3474 non
2795 3419 2946 3474 habet
2965 3437 3063 3490 par
3100 3422 3386 3492 quidquam
3411 3439 3505 3491 pa-

1939 3516 2105 3565 terna:
2132 3512 2314 3565 virtuti
2347 3511 2690 3566 celebrandas.
2721 3511 2805 3565 Da
2837 3520 3078 3566 mutuam
3116 3512 3256 3566 nobis
3275 3553 3290 3580 ,
3314 3512 3502 3579 Pater,

1930 3603 2104 3672 lyram
2143 3612 2310 3658 tuam.

1924 3907 2306 3964 Theodoretus
2351 3905 2732 3972 Calchedone,
2784 3921 2972 3961 mense
3017 3905 3324 3976 Septembri
3370 3921 3501 3962 ann.

1925 3980 2050 4044 451,
2086 3986 2278 4033 contra
2311 3977 2367 4032 S.
2401 3976 2686 4047 Cyrillum.
2715 3991 2892 4047 quem
2921 3977 3125 4047 ubique
3165 3977 3365 4045 passim
3409 3993 3502 4032 ac-

1928 4056 2082 4103 cusat
2126 4046 2466 4102 confusionis
2507 4055 2831 4117 naturarum
2883 4046 2937 4100 in
2979 4046 3219 4110 Christo,
3250 4056 3306 4101 et
3337 4062 3368 4101 a
3394 4063 3504 4117 quo

1928 4127 2194 4172 assertam
2225 4118 2492 4173 unitatem
2525 4116 2643 4168 καθ’
2677 4117 2970 4168 ὑπόστασιν
3006 4117 3218 4171 irridet.

2000 4189 2088 4242 l‘ll.
2132 4187 2263 4253 Quae
2305 4188 2562 4248 diximus,
2598 4201 2846 4255 magnam
2895 4186 3174 4255 accipiunt
3216 4185 3394 4255 lucem
3435 4202 3500 4240 ex

1928 4257 2179 4326 epistola,
2209 4273 2372 4325 quam
2399 4254 2779 4310 Theodoretus
2800 4254 3143 4326 Calchedone
3172 4254 3240 4326 ad
3267 4255 3500 4326 Alexan-

1929 4323 2092 4381 drum
2128 4323 2594 4395 Hierapolitanum
2628 4325 2828 4393 Ephesi
2868 4335 3172 4378 versantem
3207 4323 3358 4378 dedit
3387 4343 3399 4378 :
3436 4342 3500 4380 cx

1931 4396 2035 4466 hac
2081 4396 2614 4466 enimiintelligitur,
2656 4397 2898 4466 quinque
2948 4395 3356 4450 Thcodoretum
3401 4395 3500 4448 ha-

1931 4465 2118 4523 buisse
2161 4465 2506 4520 Calchedone
2560 4465 2878 4527 conciones,
2925 4473 3160 4533 quatuor
3209 4473 3511 4532 antequam

1930 4535 2238 4590 Alexandro
2256 4536 2524 4589 scriberet
2546 4553 2557 4587 :
2577 4533 2961 4588 Celebravimus
2977 4551 3201 4602 synaxes
3219 4535 3500 4598 maximas,

241 4593 546 4664 iniquorum
567 4592 847 4663 aﬂligcntes
873 4594 1224 4665 interfecistis,
1251 4614 1402 4666 quem
1431 4597 1569 4651 Deus
1609 4599 1826 4653 resusci-
1856 4621 1901 4676 ι)
1929 4615 1978 4676 et
2014 4614 2211 4676 quarto
2247 4607 2370 4675 ipsis
2403 4611 2722 4676 enarratum
2755 4613 2849 4676 est
2881 4604 2943 4657 de
2984 4592 3122 4676 ﬁde;
3157 4619 3340 4676 unam,
3377 4592 3502 4676 cuni

243 4684 375 4737 tavit
403 4699 467 4737 ex
495 4686 733 4750 mortuis,
756 4683 938 4739 solutis
964 4683 1182 4739 vinculis
1207 4685 1401 4755 inferni
1427 4685 1474 4740 d.

812 4802 962 4841 ΝΟΤΛΕ
1001 4802 1265 4842 GARNERII.

311 4877 354 4930 l.
397 4876 744 4931 Theodoreti-
779 4878 923 4932 hanc
961 4894 1082 4933 esse
1129 4879 1514 4935 allocutionem
1562 4880 1820 4935 evincunt

245 4945 354 5000 duo
390 4963 405 5000 :
435 4947 739 5018 auctoritas
766 4963 799 5000 ν
831 4948 1045 5013 synodi,
1077 4952 1235 5018 cujus
1265 4953 1403 5006 actis
1433 4952 1727 5015 inseritur;
1768 4966 1823 5004 et

241 5017 611 5088 consonantia
647 5016 912 5071 doctrinae
944 5033 1068 5088 cum
1104 5016 1188 5084 ea,
1235 5036 1398 5088 quam
1442 5021 1822 5076 Theodorctus

245 5086 574 5141 indubitatis
604 5087 657 5140 in
687 5088 823 5141 locis
849 5087 1032 5141 tradit.

313 5155 380 5210 Il.
428 5156 537 5238 Ubi
589 5157 776 5238 habita
823 5158 914 5238 sit,
963 5173 1072 5238 quo
1125 5168 1400 5238 tempore,
1452 5163 1822 5238 et_adve_rsus

245 5241 439 5292 quem,
492 5228 780 5296 inscriptio
827 5228 1186 5284 demonstrat.
1234 5228 1569 5288 Declamavit
1613 5235 1824 5289 scilicet

311 5365 341 5406 (ι
362 5366 484 5422 Act.
517 5383 577 5431 ιι,
603 5367 694 5432 25,
719 5368 810 5425 24.

1929 4673 2303 4730 Orientalibus
2351 4675 2425 4746 ad
2469 4690 2597 4746 suas
2645 4673 2923 4746 Ecclesias
2968 4675 3266 4744 remigrare
3307 4674 3498 4746 jussis,

1929 4746 2260 4800 valediceret
2285 4744 2431 4814 plebi
2455 4742 3090 4811 Constantinopolitanae.

2004 4817 2090 4870 ιν.
2127 4816 2208 4869 Ex
2250 4813 2337 4870 his
2380 4816 2502 4869 dum
2535 4814 2682 4868 omni
2725 4829 2791 4865 cx
2826 4823 2976 4880 parte
3018 4814 3335 4882 perierunt;
3372 4813 3505 4868 alia-

1929 4901 2053 4939 rum
2080 4885 2314 4939 duarum
2340 4886 2530 4953 exigua
2559 4884 2856 4953 fragmenta
2886 4893 3145 4950 superant
3174 4901 3187 4935 :
3217 4899 3321 4937 una
3365 4899 3504 4952 pene

1930 4956 2142 5025 integra
2183 4965 2392 5010 servata
2435 4952 2518 5008 est
2563 4955 2617 5007 in
2667 4952 2804 5006 actis
2850 4953 3200 5025 conciliabuli
3243 4953 3503 5022 Ephesini

1928 5022 2308 5086 Orientalium,
2344 5041 2464 5093 qum
2501 5025 2817 5079 inseruntur
2857 5022 2910 5075 in
2963 5024 3259 5078 secundam
3290 5033 3503 5092 partem

1929 5096 2146 5150 concilii
2186 5096 2468 5164 Ephesini.

2000 5166 2070 5220 Et
2105 5161 2447 5235 diﬂ'ci'entimn
2488 5172 2818 5235 naturarum
2857 5165 2982 5226 scio,
3017 5171 3123 5217 etc.
3171 5161 3501 5218 Altercanti-

1931 5236 2034 5289 bus
2055 5233 2184 5289 hinc
2209 5235 2332 5288 inde
2359 5234 2626 5303 partibus,
2643 5234 2711 5288 de
2733 5233 2931 5287 unione
2951 5242 3272 5288 naturarum
3299 5235 3501 5302 φυσικῇ

1515 5466 1746 5523 γΑιιιιε
1783 5466 2078 5524 LECTION
2088 5468 2190 5523 ES.

316 5599 363 5632 "
385 5599 550 5677 P_l_1_ot.
584 5598 641 5654 in
681 5613 856 5677 marg.
900 5602 1276 5677 σκᾶμμαᾷσοιῄ
1303 5603 1677 5677 ηαξ-δίαυλον.
1715 5606 2037 5664 Scammatis
2078 5623 2264 5661 vocem
2313 5621 2413 5673 pro
2457 5621 2638 5677 arence
2671 5614 2814 5660 meta
2857 5616 2912 5661 et
2953 5609 3196 5677 palaestra
3240 5611 3507 5668 adhibent-

250 5669 623 5726 ‘l‘ertnllianus
650 5679 707 5725 et
733 5669 1112 5728 lliéronvmus.
1151 5675 1210 5730 In
1246 5674 1480 5729 Scholiis
1521 5677 1586 5729 ad
1619 5677 1673 5730 h.
1715 5678 1752 5731 l.

1795 5695 1850 5756 ρ.
1904 5681 2024 5756 109.
2073 5685 2258 5756 mpnet
2300 5676 2680 5756 Ilcesnchelins:
2726 5676 3089 5756 Τξςικᾴμμα,
3141 5681 3293 5735 locus
3326 5690 3506 5736 certa-

248 5741 447 5821 minis,
484 5755 709 5822 campus
755 5732 1300 5822 agngii'm.__i3pip_h.
1332 5732 1871 5822 μίξιϐκιΑηῲ-ΓοςΪ-Ι.
1902 5732 2024 5822 ibi
2066 5748 2351 5822 o/ftciis_._e.
2385 5747 2468 5800 l6.
2544 5747 2586 5776 τι
2620 5748 2718 5822 ἀεί
2770 5732 3002 5822 Ριιοιίίιὲ
3029 5732 3288 5822 tanta;
3309 5732 3505 5822 sese;

247 5809 484 5874 τοῦντες.
528 5809 593 5864 Η.
626 5809 706 5865 St.
786 5811 828 5842 ⁷⁸
865 5809 1182 5869 Ρειδῑοιίῒιυὲ
1209 5809 1497 5872 Ecclesiae.
1523 5815 1582 5868 1).

1665 5817 1704 5848 ⁷⁸
1738 5819 1887 5872 Anim
1930 5818 2009 5872 ira
2056 5829 2109 5872 ct
2148 5817 2356 5871 invidia
2404 5825 2626 5886 pmptcr
2667 5816 2987 5871 liudoxiam.
3019 5819 3079 5874 G.
