4208 6440
277 414 342 478 57
1401 399 1941 462 AUC—‘I‘ARIUM.—
1970 400 2065 458 AD
2101 399 2275 460 TOM’.
2314 398 2403 461 1v.
3448 398 3520 461 58

278 522 628 588 udis-ﬂuctus
657 518 891 575 transire
923 517 1037 572 ausi
1071 515 1225 580 estis,
1252 524 1312 570 ut
1343 526 1583 571 nostram
1616 515 1848 570 audiatis
1882 518 1926 572 Α
2022 514 2149 567 Vere
2180 515 2490 584 obstupescit
2520 514 2706 567 caelum
2731 513 2800 567 ad
2827 515 2940 577 hoc,
2972 520 3020 566 et
3050 512 3253 566 horruit
3292 512 3521 582 amplius

274 632 498 681 vocem,
543 628 709 684 quam
756 611 927 665 vestri
980 608 1217 681 pastoris
1269 608 1419 662 vocis
1471 606 1701 678 eﬂigiem
1754 622 1852 676 pu-

276 708 419 761 tatis.
1466 763 1471 769 ,

342 794 683 851 Desideratis
723 794 869 848 enim
912 791 1099 846 audire
1140 788 1410 861 iucundas
1454 790 1619 843 vestri
1670 797 1853 859 pasto-

274 888 345 942 ris
386 887 601 941 ﬁstulas
638 904 651 939 :
686 884 943 956 pastoris,
980 898 1143 953 quem
1177 890 1427 950 pastores
1465 881 1599 935 socii
1634 879 1854 934 calamis

272 976 619 1040 occiderunt,
658 984 720 1030 ut
767 983 981 1045 putant,
1018 973 1085 1026 ad
1125 987 1265 1041 quos
1303 972 1447 1027 Deus
1481 988 1579 1042 per
1618 970 1853 1041 prophe-

272 1075 377 1119 tam
431 1067 633 1119 clamat
684 1083 697 1118 ε
748 1065 995 1120 Pastores
1052 1063 1205 1117 multi
1247 1071 1595 1133 corruperunt
1640 1062 1851 1115 vineam

269 1170 475 1217 meam,
530 1155 944 1225 coinquinarunt
988 1154 1279 1222 portionem
1321 1167 1522 1212 meam,
1571 1159 1850 1220 posuerunt

265 1252 477 1313 partem
531 1261 706 1297 meam
751 1242 1147 1297 desiderabilem
1195 1244 1251 1295 in
1291 1241 1625 1295 solitudinem
1660 1243 1851 1311 imper-

267 1338 411 1391 viam
441 1334 491 1389 ¹ι.
530 1336 687 1389 Dicat
712 1336 778 1390 de
804 1336 954 1405 ipsis,
972 1344 1026 1388 et
1047 1351 1144 1403 per
1168 1334 1333 1386 alium
1367 1334 1688 1403 prophetam
1718 1355 1731 1385 ;
1759 1332 1851 1386 Se-

264 1429 499 1482 cundum
522 1426 914 1480 multitudinem
943 1428 1176 1497 ipsorum
1208 1427 1280 1478 ita
1304 1432 1643 1495 peccaverunt
1673 1426 1797 1478 mihi
1831 1442 1843 1477 :

264 1519 497 1589 gloriam
531 1534 712 1572 eorum
743 1520 797 1571 in
820 1518 1168 1588 ignominiam
1196 1533 1389 1586 ponam
1424 1515 1463 1569 ι.
1496 1516 1647 1570 Dicat
1671 1526 1726 1570 et
1754 1532 1850 1584 per

263 1608 431 1662 alium
469 1609 672 1663 iterum
707 1607 1028 1677 prophetam
1059 1623 1071 1658 :
1104 1606 1189 1660 Va:
1220 1606 1320 1673 ﬁlii
1352 1613 1627 1675 apostattc,
1659 1606 1849 1675 fecistis

261 1702 560 1765 consilium,
619 1711 669 1753 et
724 1716 826 1752 non
884 1715 949 1751 ea:
1008 1715 1118 1764 me;
1177 1706 1227 1750 et
1274 1707 1450 1767 pacta,
1501 1706 1550 1750 et
1601 1714 1705 1750 non
1757 1714 1851 1769 per

259 1792 509 1858 spiritum
550 1806 755 1853 meum;
787 1795 843 1840 ut
881 1788 1145 1856 adjiciatis
1185 1797 1452 1857 peccatum
1484 1803 1642 1857 super
1671 1803 1850 1856 pecca-

262 1889 406 1942 tum;
437 1880 675 1930 conversi
704 1878 847 1940 estis,
876 1878 964 1945 qui
989 1875 1311 1944 profundum
1338 1874 1613 1927 consilium
1642 1872 1848 1927 consul—
1880 1852 1921 1911 Β

263 1972 409 2033 tatis,
454 1979 503 2021 et
531 1970 786 2038 injustam
823 1979 883 2020 ω.
916 1967 1071 2020 Dicat
1099 1966 1168 2019 ad
1201 1981 1296 2020 eos
1323 1973 1378 2020 et
1409 1966 1575 2021 Isaias
1608 1985 1621 2020 :
1658 1965 1846 2020 Manus

258 2064 393 2115 enim
410 2069 601 2115 vestra:
618 2057 831 2128 polluta:
852 2058 1259 2128 suntsanguine,
1283 2057 1437 2126 107
1459 2064 1507 2109 et
1523 2057 1672 2126 digiti
1692 2057 1847 2110 vestri

258 2152 485 2218 peccatis
524 2168 535 2201 :
573 2148 755 2218 lingua
797 2155 967 2205 vestra
1013 2146 1189 2199 locuta
1230 2154 1304 2199 est
1344 2147 1681 2216 injustitiam,
1713 2155 1759 2197 et
1790 2163 1845 2199 os

257 2250 491 2295 vestrum
534 2242 870 2311 iniquitatem
908 2240 1217 2291 meditatum
1258 2246 1353 2290 est.
1389 2236 1579 2291 Nullus
1617 2236 1846 2307 loquitur

249 2331 423 2399 justo,
457 2333 585 2401 quia
617 2330 913 2399 concipiunt
953 2326 1204 2392 laborem,
1238 2334 1288 2380 et
1330 2329 1546 2396 pariant
1594 2329 1845 2397 iniquita-

256 2433 380 2475 tem.
414 2425 431 2441 ⁶
464 2421 575 2477 Ova
629 2420 873 2492 aspidum
926 2418 1294 2484 excluserunt,
1342 2426 1393 2472 et
1441 2417 1575 2474 telas
1628 2434 1842 2473 aranea:

254 2521 503 2567 texerunt
535 2523 587 2566 ιι.

319 2604 520 2658 Videte
562 2603 964 2658 accusationem
1010 2602 1248 2668 malitiae,
1284 2611 1340 2657 et
1381 2603 1692 2673 putrcdinis
1728 2619 1842 2657 ma-

252 2694 379 2749 litim
408 2694 808 2759 indicium,ova
843 2693 1182 2762 aspidum,et
1204 2693 1339 2747 telas
1359 2708 1571 2747 araneae
1607 2710 1619 2745 :
1648 2703 1838 2763 partus

248 2788 476 2857 quidem
502 2786 1091 2855 malitiam,conceptus
1120 2793 1304 2840 autem
1342 2782 1714 2839 inﬁrmitatem
1740 2786 1838 2839 ha-

249 2879 360 2933 bet.
386 2879 505 2933 Ova
534 2878 785 2947 aspidum
812 2878 1033 2931 malitiae
1065 2878 1310 2946 species;
1351 2877 1460 2931 tela
1501 2892 1714 2930 aranea:
1748 2876 1835 2930 in-

249 2968 533 3024 ﬁrmitatis
576 2977 961 3039 argumentum
1019 2977 1141 3033 est;
1195 2976 1251 3022 et
1323 2967 1617 3022 comedens
1670 2982 1834 3023 ovum

242 3075 443 3114 eorum
472 3059 845 3121 confractum,
880 3068 1138 3130 putamen
1181 3058 1409 3113 invenit.
1457 3058 1645 3112 Vidisti
1679 3059 1833 3113 mali-

244 3151 377 3204 tiam
420 3150 836 3204 inﬁrmantem?
880 3151 1062 3204 vidisti
1098 3149 1468 3204 oll‘endentem
1511 3164 1621 3203 non
1658 3149 1832 3204 oﬂ'en-

242 3241 517 3296 dentem?
542 3241 723 3295 vidisti
752 3257 900 3303 eum,
929 3242 1022 3310 qui
1051 3241 1422 3310 impugnatur,
1465 3242 1832 3295 coronatum?

240 3340 292 3386 et
322 3334 417 3403 qui
448 3332 674 3386 comedit
704 3349 857 3386 ovum
888 3349 1070 3385 eorum
1098 3332 1450 3403 confractum,
1481 3335 1660 3387 urium
1697 3334 1839 3388 inve-

242 3426 341 3478 nit.
364 3424 566 3480 Urium
603 3433 787 3478 autem
822 3433 903 3479 est
938 3425 1140 3494 aliquid
1175 3425 1384 3489 sterile,
1441 3425 1547 3479 hoc
1599 3435 1703 3490 est,
1740 3426 1839 3480 im-

240 3515 581 3584 perfectum.
632 3515 791 3578 Isaia,
843 3516 1124 3585 promulga
1170 3515 1330 3569 nobis
1368 3524 1424 3570 et
1462 3516 1681 3571 malitiae
1715 3532 1839 3585 spe-

240 3606 409 3660 ciem.
460 3606 535 3659 Et
579 3608 636 3659 in
679 3609 790 3677 ipso
833 3606 1124 3660 basiliscus.
1155 3606 1271 3661 Hoc
1324 3619 1506 3661 autem
1559 3609 1832 3673 mirabile,

240 3695 394 3764 quod
440 3695 731 3751 basiliscos
758 3697 812 3749 in
839 3697 953 3759 illo,
992 3706 1049 3750 et
1096 3696 1298 3759 urium,
1344 3697 1449 3750 hoc
1481 3706 1583 3761 est,
1627 3697 1830 3754 sterile.

240 3784 547 3839 Basiliscus
567 3795 750 3839 autem
773 3786 1033 3840 malitiam
1060 3786 1363 3855 significat;
1389 3788 1831 3857 quandoquidem

242 3871 483 3925 bestiola
517 3873 635 3927 haec
672 3875 917 3927 omnium
966 3874 1244 3942 reptilium
1281 3874 1617 3929 ferocissima
1644 3885 1747 3941 est,
1780 3878 1832 3931 ei

240 3961 463 4016 confert
488 3962 714 4016 malitia:
744 3964 1029 4030 sobolem;
1056 3980 1244 4018 verum
1283 3973 1339 4018 et
1384 3966 1473 4019 illa
1519 3967 1634 4035 ipsa
1672 3968 1830 4021 urion

240 4062 345 4113 est,
381 4061 616 4121 propter
643 4053 1019 4107 inﬁrmitatem
1045 4054 1266 4107 malitia:
1295 4072 1305 4105 :
1340 4054 1557 4108 inﬁrma
1572 4057 1716 4109 enim
1747 4067 1831 4112 est

242 4145 478 4199 malitia.

307 4232 582 4301 Sequitur
612 4231 1050 4287 demonstratio:
1100 4231 1225 4286 Tela
1276 4247 1457 4285 eorum
1494 4250 1597 4286 non
1639 4235 1735 4288 erit
1772 4236 1827 4287 in

241 4326 656 4387 vestimentum;
700 4341 805 4377 non
844 4326 984 4378 enim
1024 4326 1321 4378 vestiuntur
1352 4326 1415 4378 ab
1447 4326 1684 4395 operibus
1715 4343 1829 4378 ma-

245 4431 415 4468 nuum
453 4432 699 4487 suarum.
732 4415 964 4481 Quare?
1010 4413 1148 4479 Quia
1178 4432 1338 4485 opera
1389 4417 1681 4485 injustitiw.
1735 4417 1827 4470 Dic

244 4501 489 4571 speciem
527 4501 1009 4571 injustitiae.Pedes
1039 4518 1222 4555 comm
1254 4505 1308 4555 in
1346 4502 1548 4556 malum
1577 4511 1821 4558 currunt.
1857 4516 1902 4570 ι)

242 4592 517 4646 Nimirum
547 4600 609 4646 ut
634 4592 835 4662 aliquid
867 4592 978 4646 liat.
1020 4592 1087 4646 Et
1116 4591 1314 4646 veloces
1352 4593 1420 4645 ad
1461 4594 1828 4663 eﬂ'undendum

241 4684 578 4753 sanguinem.
611 4683 750 4748 Quid
786 4683 854 4737 ad
889 4683 1003 4738 hate
1022 4684 1045 4736 ’ἶ
1066 4682 1347 4738 Cunctatio
1376 4691 1424 4735 et
1454 4684 1740 4754 infelicitas
1768 4687 1827 4739 in

241 4775 335 4828 uiis
352 4790 561 4827 eorum.
586 4774 720 4828 Nam
742 4775 838 4829 viae
860 4790 1044 4828 eorum
1063 4784 1336 4841 tortuosaz,
1358 4791 1496 4847 quas
1517 4782 1826 4843 transeunt,

241 4874 297 4919 et
316 4868 463 4919 viam
498 4866 642 4935 pacis
674 4867 969 4919 nescierunt
1004 4873 1049 4919 °.

310 4956 453 5010 Vere
482 4956 738 5010 lamentis
770 4956 933 5027 digna
984 4965 1115 5011 sunt
1161 4957 1298 5017 haec.
1327 4957 1473 5027 quod
1509 4956 1825 5013 sacerdotes

242 5057 434 5102 contra
469 5048 788 5104 sacerdotes
822 5048 950 5103 talia
975 5048 1177 5104 dicant.
1223 5050 1421 5106 Verum
1441 5051 1547 5106 hoc
1571 5050 1826 5116 dicimus,

241 5153 351 5192 non
379 5139 530 5208 quod
567 5147 780 5193 tantum
824 5154 1147 5195 accusemus
1178 5140 1320 5207 illos,
1363 5151 1630 5212 quantum
1658 5141 1827 5197 vestri

244 5244 433 5284 curam
467 5232 733 5300 gerimus.
757 5230 826 5284 Et
847 5242 971 5300 post
991 5231 1096 5286 alia
1127 5250 1140 5285 :

294 5383 553 5442 i.lerem.
584 5403 681 5451 xu,
714 5387 797 5442 lo.
897 5385 917 5426 ι
957 5388 1114 5445 Osee.
1157 5405 1228 5453 tv,
1265 5391 1317 5444 7.

1424 5402 1464 5430 ω
1495 5392 1599 5452 lsa.
1624 5407 1748 5459 xxx,
1775 5394 1826 5447 i.

240 5455 431 5512 (ibid.
472 5456 561 5526 to,
595 5457 681 5512 tt.
754 5458 1020 5524 'lsa.x1.,
1062 5460 1261 5525 12,22.

1906 5402 1935 5431 ιι
1958 5392 2059 5447 lsa.
2103 5406 2210 5459 ιιι,
2241 5390 2295 5455 5,
2330 5389 2363 5444 5
2434 5396 2462 5426 ο
2494 5387 2627 5443 ibid.
2656 5387 2710 5455 ϐ,
2737 5388 2790 5443 8.

1955 613 2119 669 terra,
2153 605 2277 659 dicit
2316 605 2593 670 Dominus,
2636 606 2761 675 quia
2810 604 2913 657 duo
2960 605 3066 657 haec
3103 602 3250 657 mala
3281 602 3398 672 fecit
3426 620 3523 673 po-

1956 697 2111 767 pulus
2157 699 2275 751 iste.
2318 698 2421 763 Me,
2458 698 2655 768 inquit,
2701 696 3343 774 dereliquerunt,'fontem
3372 712 3525 767 aqum

1954 788 2100 850 vivae,
2134 798 2181 841 et
2211 788 2457 857 foderunt
2485 790 2579 843 sibi
2600 791 2853 842 cisternas
2883 788 3120 852 detritus,
3155 804 3270 857 qua:
3299 804 3402 841 non
3434 804 3526 857 po-

1955 886 2131 930 terunt
2174 897 2369 949 aquam
2414 881 2685 933 continere
2715 888 2761 932 ι’.
2814 879 2969 932 Dicat
3008 876 3074 931 ad
3120 893 3216 931 eos
3245 878 3389 932 Deus
3423 893 3523 946 per

1951 970 2241 1024 Jeremiam
2278 971 2601 1039 prophetam
2641 990 2653 1023 :
2684 972 2923 1026 Trausite
2952 971 3022 1023 ad
3065 968 3270 1023 insulas
3299 967 3520 1033 Chetim,

1951 1069 2002 1113 et
2029 1062 2220 1125 videte;
2248 1069 2298 1112 et
2344 1062 2400 1113 in
2439 1062 2611 1115 Cedar
2641 1063 2853 1125 mittite,
2888 1071 2938 1113 et
2968 1060 3298 1114 considerate
3324 1060 3451 1113 bene
3477 1064 3523 1113 si

1952 1151 2093 1218 facta
2122 1152 2230 1203 sint
2271 1149 2424 1215 talia,
2456 1150 2639 1220 qualia
2695 1154 2825 1217 ham,
2879 1153 2923 1206 si
2974 1151 3291 1206 mutaverint
3346 1159 3521 1222 gentes

1950 1241 2072 1294 deos
2100 1257 2219 1294 suos
2244 1250 2294 1293 «ι.

2026 1354 2263 1407 Transite
2308 1356 2377 1407 ad
2428 1354 2638 1409 insulas
2685 1354 2903 1410 Cltctim.
2946 1354 3066 1408 Non
3096 1354 3283 1418 vultis,
3323 1354 3521 1424 inquit,

1951 1444 2093 1500 ferre
2117 1446 2282 1500 verba
2308 1461 2426 1500 mea
2452 1463 2466 1511 ;
2498 1462 2607 1501 non
2635 1446 2787 1502 fertis
2813 1446 3145 1516 prophetas;
3189 1461 3297 1499 non
3326 1447 3525 1515 accipi-

1950 1537 2027 1590 tis
2051 1537 2268 1605 legem;
2313 1552 2423 1590 non
2470 1538 2694 1593 creditis
2737 1537 2940 1592 divinis
2985 1537 3325 1607 Scripturis?
3375 1552 3525 1591 assu-

1952 1628 2083 1681 mite
2107 1627 2394 1695 gentilium
2425 1643 2628 1697 pueros
2656 1629 2713 1681 in
2742 1628 2996 1682 doctores
3021 1645 3036 1693 ;
3080 1630 3155 1682 ite
3205 1628 3270 1682 ad
3311 1635 3520 1698 gentes,

1948 1730 2004 1775 et
2024 1720 2218 1774 discite
2243 1719 2520 1789 quomodo
2542 1719 2794 1773 colantur
2813 1718 2882 1772 ab
2901 1718 3008 1772 illis
3034 1718 3110 1771 dii
3138 1718 3520 1786 putativi,cum

1952 1828 2060 1865 non
2089 1812 2199 1866 sint
2227 1811 2304 1865 dii
2335 1829 2348 1865 :
2374 1811 2613 1865 Transite
2647 1811 2717 1863 ad
2745 1809 2948 1864 insulas
2978 1808 3207 1874 Chetim,
3246 1816 3294 1861 et
3334 1808 3523 1862 mittite

1950 1903 2005 1952 in
2035 1899 2226 1963 Cedar,
2258 1908 2306 1953 et
2336 1901 2463 1953 bene
2509 1901 2854 1963 considerate,
2912 1901 2959 1952 si
3011 1901 3151 1968 facta
3207 1901 3313 1953 sint
3362 1898 3517 1963 talia,

1948 1989 2130 2059 qualia
2170 1991 2317 2053 Iure;
2356 2005 2481 2041 num
2527 1988 2845 2041 mutaverint
2878 1992 3052 2056 gentes
3096 1986 3216 2038 deos
3259 1985 3424 2037 suos?
3464 1992 3520 2038 et

1948 2077 2123 2147 quos?
2161 2087 2209 2131 et
2243 2076 2326 2131 illi
2357 2094 2460 2130 non
2485 2084 2607 2129 sunt
2634 2076 2724 2129 dii.
2758 2075 2826 2129 Et
2851 2091 3021 2145 quare
3055 2075 3172 2129 haec
3197 2074 3384 2129 dicis?
3413 2073 3519 2127 Po-

1950 2170 2103 2240 pulus
2128 2187 2272 2225 meus
2302 2171 2523 2224 mutavit
2538 2169 2762 2240 gloriam
2791 2184 2945 2222 suam
2971 2184 2988 2222 :
3014 2166 3159 2222 unde
3180 2166 3387 2220 nullam
3404 2166 3517 2220 uti-

1946 2264 2155 2318 litatem
2194 2264 2448 2333 accipiet.

2015 2375 2140 2429 Haec
2161 2383 2217 2429 et
2242 2375 2309 2429 de
2335 2375 2441 2428 illis
2470 2374 2722 2444 congruit
2740 2373 2865 2426 dici.
2908 2370 3105 2443 Pagani
3135 2371 3282 2440 ligna
3305 2379 3361 2425 et
3379 2370 3518 2441 lapi—

1944 2466 2043 2521 des
2066 2472 2412 2528 venerantes,
2434 2473 2493 2517 ut
2512 2464 3011 2533 losimmortalia
3040 2463 3130 2518 illa
3146 2464 3408 2518 salutant.
3432 2462 3512 2517 Tu

1942 2565 2149 2620 autem,
2186 2557 2292 2610 illis
2326 2555 2628 2625 praedicans
2652 2571 2713 2609 ea
2740 2555 2985 2609 venerari
3011 2571 3122 2608 non
3147 2555 3373 2616 debere,
3418 2553 3515 2608 sed

1942 2649 2118 2703 solum
2153 2663 2345 2703 verum
2374 2647 2569 2709 Deum,
2626 2648 2714 2717 qui
2775 2648 3042 2700 constituit
3072 2655 3267 2699 montes
3314 2647 3369 2698 in
3402 2652 3513 2700 sta-

1943 2748 2079 2800 tera,
2112 2747 2159 2791 et
2187 2737 2345 2791 silvas
2401 2739 2458 2790 in
2507 2736 2664 2798 libra,
2696 2746 2744 2790 et
2777 2740 2986 2791 metitur
3021 2753 3185 2790 manu
3221 2754 3437 2806 aquam,
3468 2743 3518 2790 et

1941 2830 2131 2883 ccelum
2168 2829 2369 2899 palmo,
2404 2836 2455 2881 et
2485 2845 2692 2881 omnem
2724 2835 2923 2882 terram
2954 2827 3182 2898 pugillo;
3213 2829 3301 2897 qui
3329 2828 3518 2882 consti—

1941 2920 2038 2970 tuit
2068 2917 2256 2971 caelum
2274 2919 2425 2983 quasi
2456 2934 2745 2983 cameram,
2767 2920 2855 2988 qui
2879 2921 3107 2971 continet
3140 2919 3517 2972 rotunditatem

1938 3010 2105 3063 omnis
2157 3016 2327 3074 terra,
2374 3016 2422 3061 et
2461 3009 2756 3062 habitantes
2786 3010 2840 3061 in
2869 3007 2966 3061 illa
2997 3008 3151 3078 quasi
3200 3008 3426 3062 locustas
3468 3018 3513 3069 ι’.

1937 3109 1991 3152 et
2023 3098 2191 3160 hunc,
2219 3098 2313 3166 qui
2343 3098 2526 3152 omnia
2568 3098 2734 3152 verbo
2768 3097 2917 3161 fecit,
2965 3107 3021 3152 et
3054 3098 3215 3153 unica
3250 3098 3515 3153 momenti

1859 3190 1903 3250 α
1940 3189 2293 3244 inclinatione
2324 3189 2549 3245 exhibet
2571 3205 2636 3244 ea
2667 3204 2790 3258 qua:
2828 3205 2937 3243 non
2982 3198 3131 3254 sunt,
3175 3198 3237 3243 ut
3282 3189 3419 3256 sint;
3460 3198 3517 3244 et

1941 3281 2095 3335 dedit
2121 3282 2207 3335 his
2239 3296 2360 3350 qua:
2383 3297 2494 3335 non
2528 3288 2708 3344 erant,
2740 3288 2801 3334 ut
2831 3289 3035 3346 essent,
3064 3280 3179 3334 sola
3208 3280 3511 3344 voluntate;

1940 3369 2094 3440 quasi
2118 3369 2324 3425 oblitus
2339 3370 2537 3424 horum
2557 3370 2823 3434 omnium,
2844 3370 3192 3439 passionibus
3212 3369 3512 3424 obnoxium

1938 3460 2092 3525 facis,
2120 3470 2175 3515 et
2206 3460 2381 3530 legem
2428 3460 2608 3529 ponis,
2658 3469 2719 3514 ut
2755 3461 3018 3515 adoretur
3053 3460 3187 3514 Deus
3229 3459 3510 3530 passibilis.

2007 3551 2074 3604 Et
2096 3552 2285 3621 pagani
2308 3551 2551 3621 quidem,
2567 3558 2628 3605 ut
2651 3551 2972 3620 praedictum
2995 3559 3098 3613 est,
3126 3550 3366 3605 avaritia:
3382 3564 3513 3605 ver-

1935 3642 2007 3697 bo
2032 3644 2197 3711 capti,
2235 3644 2403 3697 etiam
2424 3645 2626 3699 coelum
2648 3644 2987 3713 impassibile
3013 3650 3232 3705 vocant,
3263 3651 3317 3696 et
3340 3643 3510 3697 solent

1935 3731 2327 3800 impassibilem
2370 3733 2664 3801 appellant,
2695 3741 2751 3786 et
2773 3732 2958 3787 stellas
3012 3732 3347 3786 immortales
3403 3741 3511 3786 sta-

1936 3828 2116 3882 tuunt,
2150 3828 2207 3873 et
2236 3830 2435 3874 terram
2457 3836 2617 3889 quam
2640 3822 2871 3884 calcant,
2893 3820 3035 3875 inter
3051 3820 3182 3875 deos
3196 3829 3507 3875 numerant.

1932 3910 2042 3965 Nos
2061 3920 2244 3965 autem
2262 3910 2613 3975 invisibilem,
2632 3911 3011 3981 Unigenitum,
3040 3910 3509 3980 incomprehensi-

1934 3999 2120 4066 bilem,
2144 4000 2639 4071 iuexcogitabilem,
2674 4001 2990 4070 passibilem
3036 4016 3155 4055 esse
3183 3998 3512 4055 credemus?

1931 4091 2100 4146 absit.
2130 4091 2383 4146 Salvator
2400 4101 2588 4145 noster
2598 4101 2655 4146 et
2671 4092 3019 4157 benefactor;
3056 4107 3127 4145 ne
3151 4092 3231 4145 sic
3246 4097 3509 4160 apostata:

1930 4180 2104 4234 simus
2125 4180 2460 4235 adorationis
2481 4188 2618 4247 tuae;
2641 4196 2708 4235 ne
2729 4180 2809 4236 sic
2835 4181 3149 4250 ignoremus
3177 4188 3322 4235 tuam
3343 4189 3507 4233 natu-

1932 4285 2072 4331 ram,
2100 4285 2168 4323 ne
2203 4268 2282 4323 sic
2322 4268 2522 4338 ingrati
2554 4269 2727 4323 simus
2754 4269 2821 4323 de
2870 4269 2980 4323 tuis
3010 4268 3193 4333 donis,
3232 4283 3301 4322 ne
3332 4268 3509 4337 suspi-

1930 4375 2124 4414 cemur
2157 4360 2474 4428 passibilem
2525 4368 2774 4415 nostrum
2820 4361 3189 4422 liberatorem,
3221 4359 3315 4427 qui
3343 4374 3444 4414 nos
3474 4374 3505 4413 e

1929 4450 2284 4520 passionibus
2312 4451 2377 4504 ad
2418 4450 2908 4519 impassibilitatem
2937 4450 3234 4513 transtulit,
3263 4459 3319 4504 et
3346 4449 3505 4504 nobis

1932 4540 2279 4611 passionibus
2306 4541 2560 4594 obnoxiis
2591 4539 3085 4609 impassibilitatem
3124 4539 3357 4609 largitus
3397 4547 3500 4593 est.

1930 4632 2083 4686 Hanc
2115 4638 2171 4685 et
2206 4647 2308 4700 pro
2332 4630 2489 4685 vobis
2539 4631 2865 4701 legationem
2915 4629 3197 4685 atl‘erimus
3221 4630 3333 4684 Deo
3366 4645 3379 4681 :
3412 4630 3500 4684 cui

1928 4724 2100 4794 gloria
2128 4723 2184 4776 in
2213 4722 2430 4776 saecula.
2466 4721 2639 4775 Amen
2660 4766 2674 4782 .

2486 4874 2635 4915 ποτ-,ε
2673 4874 2939 4913 ῦΛιὶΝΕῐιΠ.

2005 4949 2261 5005 Homilia.
2293 4948 2435 5016 Quin
2463 4949 2565 5002 ista
2594 4949 2665 5002 sit
2698 4946 3054 5016 Theodoreti,
3082 4947 3267 5001 nullus
3291 4956 3375 5001 est
3398 4944 3499 4998 du-

1934 5020 2143 5076 bitandi
2186 5014 2338 5074 locus
2367 5037 2379 5071 :
2411 5034 2538 5072 nam
2566 5018 2805 5071 refertur
2832 5014 2879 5047 “
2908 5025 2964 5069 et
2994 5016 3046 5068 in
3075 5017 3311 5070 secunda
3347 5023 3498 5084 parte

1933 5089 2152 5146 concilii
2191 5088 2456 5158 Ephesini
2506 5088 2652 5158 inter
2698 5095 2831 5158 acta
2858 5086 3224 5158 conciliabulig
3251 5086 3498 5158 Orienta-

1932 5161 2099 5225 lium,
2130 5168 2187 5214 et
2219 5154 2274 5212 in
2300 5175 2333 5213 v
2362 5157 2599 5227 synodo,
2649 5164 2755 5227 act.
2803 5156 2867 5227 5,
2890 5156 2982 5209 ubi
3017 5154 3497 5227 instituiturjudi-

1933 5232 2078 5287 cium
2109 5230 2178 5285 de
2208 5224 2541 5283 Theodoreti
2569 5226 2810 5297 scriptis.
2846 5226 2991 5281 Pene
3035 5224 3244 5294 integra
3264 5224 3500 5279 habetur

2900 5396 2929 5437 ι’
2960 5386 3159 5442 Ierem.
3189 5399 3248 5450 η,
3281 5383 3368 5448 l2,
3406 5384 3490 5438 13.

1507 5555 1741 5613 VAlil/E
1780 5555 2180 5615 LECTIONES.

303 5670 351 5703 ⁸⁸
386 5668 825 5745 Ιῖαηξ-ῙεῙει-ιψέ,
858 5680 978 5745 etet.
1012 5672 1108 5745 His
1143 5673 1363 5743 quidem
1403 5677 1739 5745 argumentis

1827 5692 1981 5731 arum
2017 5675 2301 5729 inniterer.
2351 5672 2577 5730 Constat
2628 5673 2774 5727 enim
2816 5672 2921 5727 alia
2978 5670 3178 5733 etiam,
3223 5682 3344 5737 quae
3388 5665 3492 5721 sub

242 5740 591 5817 ἤπιος)ϊίμί
646 5750 697 5796 et
747 5742 1073 5799 Theodoreti
1124 5739 1344 5800 nomine
1388 5739 1741 5817 eo'tempore
1791 5739 2104 5803 ferebantur
2153 5746 2385 5815 scripta,
2438 5745 2640 5800 inserta
2679 5758 2797 5798 esse
2847 5742 2991 5797 Actis
3040 5739 3393 5797 conciliorum
3435 5746 3499 5791 et

240 5810 428 5882 synodi
456 5810 679 5881 quitum.
