4208 6440
694 366 764 425 .59
1890 368 2205 431 OPERUM
2244 373 2729 437 THEODORETI
3874 395 3946 456 60

694 472 749 549 l_n
800 474 1179 549 prior-eloco,
1217 478 1271 531 in
1321 482 1626 549 posteriore
1668 482 1895 546 mutila,
1959 485 2015 538 in
2068 496 2270 541 neutro
2302 493 2345 548 Α

693 542 1225 622 QraieeJndevero
1268 542 1622 622 innotescunt
1644 552 1747 605 tria
1788 542 1967 622 magni
1991 556 2057 609 ad
2091 556 2267 609 histo-

692 613 832 694 riam
887 616 1312 694 ceclesiasticam
1367 621 1649 694 momenti.
1722 613 2006 694 Primum,
2065 636 2269 694 quanta

691 682 861 736 fuerit
892 686 1145 760 amicitia:
1194 688 1600 760 necessitudine
1640 692 1969 760 coniunctus
1994 682 2267 750 'Th'eodo-

693 761 846 805 ritus
873 769 995 829 gum
1030 755 1297 829 Nestorio.
1335 757 1601 829 Alterum,
1647 755 1811 829 quam
1846 762 2061 816 infenso
2085 766 2268 820 animo

692 837 822 888 erga
870 824 1062 877 Patres
1103 826 1360 897 Ephesini
1398 830 1591 897 synodi
1634 824 2006 884 (ecumenicaa.
2046 834 2267 889 Postre-

692 906 864 953 mum,
901 910 1062 962 quam
1091 905 1241 967 certo
1265 896 1567 967 adhaeSerit
1596 899 1790 954 haeresi
1822 900 2080 967 Nestorii,
2116 919 2269 956 eam-

692 976 799 1029 que
821 977 922 1029 pro
949 965 1212 1018 concione
1247 965 1517 1019 docuerit.

764 1030 808 1083 Α
841 1034 984 1100 regia
1019 1034 1247 1097 civitate,
1275 1044 1379 1089 etc.
1401 1036 1533 1091 Inde
1556 1044 1771 1091 constat
1794 1038 2021 1093 etlocus
2045 1047 2103 1094 et
2130 1048 2269 1093 tem-

693 1114 798 1172 pus
833 1100 1025 1172 habiti
1057 1105 1359 1172 sermonis.
1412 1106 1590 1159 Locus
1636 1114 1721 1160 est
1762 1107 2109 1172 Calchedon,
2172 1111 2266 1163 ubi

694 1168 996 1249 subsistere
1040 1171 1406 1249 jussi_er_an_t_.
1442 1168 2175 1249 _Tem_pus,_cum,_admissis
2214 1181 2266 1232 in

693 1238 888 1290 urbem
940 1238 1145 1308 regiam
1190 1242 1485 1297 Catholieis
1530 1238 1611 1297 ad'
1636 1238 2007 1299 ordinandum
2031 1248 2267 1303 Nestorii

693 1321 1094 1383 successorem,
1149 1311 1277 1383 inde
1310 1314 1447 1383 jussi
1508 1321 1637 1367 sunt
1687 1312 1993 1372 Orientales
2045 1317 2111 1371 ad
2142 1334 2270 1373 suas

693 1376 969 1430 Eeclesias
997 1382 1218 1440 reverti.

767 1445 1039 1527 Terribiles
1073 1448 1427 1529 Propontidis,
1457 1458 1566 1504 etc.
1603 1452 1736 1507 Inde
1769 1454 1989 1577 gariter
2033 1465 2266 1521 constat,

793 1531 933 1577 quos
962 1518 1163 1571 dixerit
1214 1520 1617 1577 Theodoretus.
1663 1523 1730 1576 ad
1814 1526 2266 1577 onstantinoooli-

696 1515 764 1594 ad
793 1515 1617 1594 quos_dixeri_t_'Theodoretus,
1663 1523 1730 1576 ad
1769 1515 2271 1594 ConstantinOpoli;

696 1593 854 1666 tanos
879 1586 1088 1641 scilicet
1126 1589 1382 1645 Nestorio
1430 1591 1699 1659 addictos,
1744 1594 1938 1648 saltem
1981 1586 2175 1666 majoii
2202 1612 2269 1650 ex

695 1663 873 1722 parte.

774 1723 937 1796 Vestri
968 1735 1221 1796 pastores,
1261 1738 1367 1783 etc.
1418 1730 1717 1784 Videbatur
1747 1731 2093 1785 auditoribus
2130 1733 2268 1787 alter

695 1793 1002 1860 Nestorius,
1034 1812 1137 1849 nec
1164 1806 1281 1851 erat
1311 1799 1602 1851 admodum
1635 1801 1920 1854 dissimilis
1956 1818 1969 1853 :
2002 1802 2262 1856 habuerat

696 1864 845 1915 enim
889 1865 1144 1936 eumdem
1186 1868 1508 1936 magistrum
1550 1869 1901 1923 Theodorum
1934 1888 1947 1923 :
1980 1872 2035 1924 in
2073 1872 2266 1926 eodem

698 1935 1045 2007 monasterio
1068 1935 1352 2007 institutus
1387 1938 1565 1991 fuerat
1602 1938 1909 2007 disciplina,
1947 1941 2001 1994 in
2040 1941 2267 1995 mandra

699 2000 757 2079 ξς
790 2002 1047 2072 Euprcpii
1075 2022 1087 2068 ;
1123 2006 1376 2079 eumdem
1411 2007 1514 2060 sibi
1547 2000 1873 2079 imitandum
1899 2000 2268 2079 proposuerat

696 2070 1178 2146 (_‘.hr_ysostomum;
1223 2075 1414 2146 eodem
1460 2077 1599 2146 stylo
1620 2070 1923 2142 scribebat:
1947 2070 2263 2133 ct'dieebat.

697 2139 904 2195 Omitto
940 2144 1368 2201 necessitudinis
1439 2139 1719 2201 vinculum
1749 2189 1763 2214 ,
1825 2139 2268 2204 communionem

699 2224 899 2274 causae,
922 2220 1028 2267 etc.

781 2302 940 2376 109
971 2303 1215 2376 Pastores
1246 2307 1392 2370 socii,
1425 2314 1533 2360 etc.
1567 2306 1644 2359 Ex
1673 2306 1760 2361 his
1797 2314 1967 2376 patet,
1991 2322 2153 2376 quam
2186 2307 2271 2361 in--

699 2370 859 2445 fenso
877 2370 1043 2445 inerit
1066 2375 1362 2445 iniquoque
1385 2377 1569 2429 animo
1593 2370 1854 2430 adversus
1875 2370 2093 2431 saucios
2111 2377 2271 2433 Chri-

700 2441 770 2518 sti
797 2441 1137 2518 defensores,
1163 2441 1308 2518 quos
1333 2448 1624 2518 assumptis
1653 2462 1751 2518 per
1766 2448 2123 2518 sacrilegium
2146 2464 2272 2518 pro-

699 2511 990 2635 phetarum
1006 2511 1355 2576 testimoniis,
1370 2511 1534 2569 vocat
1544 2511 1846 2570 homicidas
1862 2511 2000 2571 socii
2014 2511 2267 2586 pastoris.

746 2592 1060 2635 orruntores
1082 2586 1257 2635 vineae
1296 2586 1400 2635 sibi
1432 2585 1671 2635 credite.
1718 2587 2096 2635 inouinatores
2146 2604 2267 2635 nor-

746 2592 1060 2657 crruptores
1082 2586 1257 2657 vinea:
1296 2586 1400 2657 sibi
1418 2585 1671 2657 creditae,
1718 2585 2096 2655 inquinatores
2146 2604 2274 2657 por-

703 2651 871 2705 tionis
906 2653 1229 2725 Dominicaa,
1280 2655 1615 2710 dcsolatorcs
1646 2651 1819 2725 partis
1870 2658 2121 2721 Domini,
2146 2651 2274 2712 "lin.-

702 2724 1147 2796 guam__lo_eutam
1182 2725 1524 2795 iniustitiam,
1564 2741 1625 2779 os
1656 2726 1975 2780 meditatum
2013 2727 2273 2796 iniquita-

704 2799 835 2863 tem.
864 2792 966 2847 Ubi
1008 2803 1155 2855 sunt,
1192 2792 1286 2863 qui
1321 2795 1598 2849 hominem
1651 2796 1777 2849 talia
1807 2792 2146 2852 eruetantem
2177 2800 2273 2853 de-

701 2859 970 2934 fendunt?
1000 2859 1250 2928 Errabat,
1285 2865 1830 2934 inquiunt,reeta1ue
1853 2868 2058 2921 sentire
2077 2867 2275 2924 Nesto-

703 2930 892 3004 rium,
942 2932 1264 3004 Apollinarii
1322 2930 1508 3004 partes
1566 2930 1834 3004 synodum
1877 2937 2273 2991 meumenicam

702 3001 857 3070 sequi
889 2996 1221 3071 opinabatur
1243 2996 1467 3071 °‘.'Quas
1489 2996 1706 3059 tandem
1742 3004 1989 3059 defensio
2011 3006 2271 3069 hominis,

700 3074 1055 3194 ggeppylis
1103 3073 1401 3129 Orientalis
1449 3076 1708 3131 Ecclesia:
1761 3075 2139 3130 doctissimum
2180 3077 2277 3131 ha-

778 3157 822 3194 ιιι

741 3156 822 3195 ΘΙἸ

778 3231 1085 3306 Basiliscus,
1134 3234 1297 3290 Forte
1353 3236 1722 3291 Theodosium
1758 3236 1805 3268 ⁸³
1844 3236 2121 3306 juniorem
2168 3254 2283 3292 ma-

703 3301 851 3375 ligne
890 3305 1133 3372 respicit,
1188 3307 1389 3375 qu'ppe
1421 3323 1582 3375 quem
1629 3310 1682 3360 in
1710 3301 1910 3360 litteris
1945 3307 2012 3360 ad
2053 3306 2287 3361 Alexan—

704 3371 864 3424 drum
888 3371 1145 3443 negleetae
1166 3371 1388 3444 pietatis
1412 3371 1662 3441 accusat;
1691 3376 1858 3430 refert
1890 3376 2092 3430 ibidem
2118 3386 2284 3438 certe,

703 3456 843 3515 eum;
864 3458 930 3497 eo
949 3460 1006 3498 se
1026 3444 1348 3515 altercatum
1372 3454 1480 3500 tam
1507 3446 1849 3509 immodeste,
1886 3456 1947 3499 ut
1971 3447 2283 3515 prodigiosa

703 3510 873 3585 fuerit
903 3514 1095 3581 optimi
1123 3515 1390 3584 principis
1418 3517 1680 3585 patientia
1708 3534 1718 3568 :
1744 3516 1948 3569 exarsit
1972 3510 2116 3570 'vero
2136 3510 2285 3571 ultra

704 3581 927 3635 modum
954 3592 1085 3654 tunc
1122 3581 1244 3637 cum
1269 3581 1496 3639 haberet
1517 3587 1857 3647 concionem,
1878 3594 2102 3654 propter
2132 3601 2287 3639 accc-

707 3661 856 3725 ptam
902 3653 1194 3725 recedendi
1234 3654 1559 3723 jussiouem,
1602 3671 1725 3709 eum
1751 3653 2007 3709 catholici
2042 3656 2207 3725 legati
2230 3657 2284 3708 in

706 3721 903 3774 urbem
930 3721 1368 3777 admitterentur.

773 3811 883 3865 Ova
914 3814 1173 3883 aspidum.
1198 3814 1376 3869 Locus
1408 3815 1497 3870 hic
1530 3816 1680 3870 lsaire
1717 3816 1769 3870 in
1800 3816 2063 3870 relatione
2096 3816 2163 3870 ad
2201 3832 2289 3871 re—

707 3880 864 3950 ginas
886 3880 1143 3948 aliertur;
1168 3884 1242 3938 ita
1265 3894 1323 3938 ut
1351 3886 1605 3940 eumdem
1639 3886 1979 3941 demonstret
2002 3895 2284 3940 auctorem

708 3966 830 4006 esse
853 3953 1133 4007 conciouis
1154 3960 1209 4007 et
1233 3956 1532 4009 relationis.

786 4043 989 4118 qrium.
1017 4044 1153 4118 Vide
1181 4044 1552 4118 Aristotelem,
1578 4047 1678 4100 lib.
1702 4064 1756 4101 ιιι
1779 4048 1854 4101 De
1883 4065 2062 4118 gener.
2093 4046 2237 4100 anim
2271 4088 2283 4111 ,

710 4121 767 4167 ct
796 4114 1054 4184 Plinium,
1081 4115 1177 4167 lib.
1202 4131 1256 4179 x,
1280 4132 1397 4184 cap.
1429 4117 1533 4179 58._

784 4183 910 4257 Vere
969 4183 1231 4257 lamentis.
1301 4183 1563 4254 Agnoscit
1618 4189 1769 4257 ipse,
1846 4202 2010 4255 quam
2065 4186 2287 4257 indigna

709 4252 945 4308 eﬂ'utiat.
1005 4255 1107 4310 Ubi
1162 4262 1291 4309 sunt
1349 4252 1535 4325 igitur,
1603 4252 1696 4325 qui
1742 4252 2068 4312 modestiam
2126 4252 2286 4324 ejus,

712 4324 1241 4397 temperantiamque
1281 4324 1550 4381 sermonis
1617 4324 2049 4397 depraedicant;
2082 4329 2289 4397 quique

712 4392 1090 4461 impotentiam
1122 4392 1246 4449 fidei
1269 4397 1452 4450 studio
1476 4392 1738 4451 excusare
1774 4392 2282 4451 nituntur?lterum

711 4461 870 4516 dico:
898 4463 1280 4534 'l‘heodoretus
1303 4474 1434 4519 tunc
1466 4467 1749 4534 temporis,
1770 4475 1863 4519 aut
1887 4465 2287 4522 incredibiliter

711 4546 889 4586 aecus
911 4533 1035 4599 fuit,
1070 4543 1165 4588 aut
1191 4535 1436 4604 apprime
1465 4533 1843 4590 Nestorianus.

780 4620 921 4694 Deus
953 4623 1257 4694 passibilis.
1297 4623 1357 4677 In
1401 4623 1542 4685 hanc
1594 4625 1767 4694 ipsam
1797 4623 1975 4678 Procli
2021 4625 2279 4693 primum,

711 4690 909 4746 deinde
935 4690 1118 4747 Aeacii
1142 4693 1382 4748 Meliteni
1419 4690 1749 4748 sententiam
1785 4690 2155 4748 debacchatus
2202 4702 2286 4748 est

713 4761 769 4814 in
794 4762 923 4815 villa
951 4763 1496 4832 Ruﬁniana,quando
1522 4765 1791 4818 admissus
1814 4771 1897 4817 est
1927 4779 2051 4816 cum
2074 4764 2189 4817 suis
2215 4764 2281 4817 ad

714 4832 1015 4903 alloquium
1044 4833 1329 4902 principis.
1358 4834 1490 4888 Vide
1505 4835 1792 4903 epistolam
1826 4834 1891 4886 ad
1914 4832 2281 4889 Alexandrum

713 4898 1206 4972 Hierapolitanum.

788 5064 811 5093 '
842 5056 1042 5113 Jerem.
1076 5074 1169 5124 xu,
1206 5058 1290 5113 l0.
1376 5062 1389 5096 ί
1428 5060 1567 5115 Psal.
1596 5076 1699 5123 ιιι,
1731 5062 1784 5115 2.

2645 492 3016 564 Fragmentum
3049 498 3384 566 prmeedentis
3412 500 3657 556 homilitz.

2368 598 2438 648 Ex
2462 601 2553 648 alia
2584 602 2813 651 versione
2837 606 3023 655 inserta
3044 608 3166 655 actia
3183 610 3369 669 quinae
3388 612 3584 671 synodi,
3602 614 3869 662 collatione
3894 616 3941 663 5.

2436 705 2690 761 Christus
2728 708 2887 763 nobis
2938 713 3210 779 praecedat
3274 729 3607 770 sermonem.
3663 717 3939 783 Christus,

2370 806 2593 866 propter
2640 815 2804 867 quem
2853 802 3128 858 terribiles
3183 806 3533 875 Propontidis
3588 812 3941 865 contemnitis

2370 889 2589 952 fluctus,
2624 900 2683 945 ut
2718 901 2961 946 nostram
3021 909 3210 947 vocem
3249 896 3605 960 exaudiretis,
3649 898 3941 967 imaginem

2370 991 2624 1051 putantes
2656 997 2775 1035 esse
2808 997 2931 1050 eam
2963 984 3114 1039 vocis
3142 987 3313 1038 vestri
3357 989 3611 1055 pastoris.
3653 990 3943 1043 Desidera-

2374 1072 2444 1126 tis
2474 1073 2620 1125 enim
2676 1073 2869 1126 audire
2910 1074 3185 1143 iucundos
3224 1076 3416 1131 sibilos
3463 1079 3631 1132 vestri
3680 1082 3940 1148 pastoris,

2368 1176 2532 1230 quem
2573 1172 2945 1232 compastores
3002 1166 3369 1219 arundinibus
3404 1167 3750 1229 occiderunt,
3800 1169 3946 1222 sicut

2370 1251 2724 1306 arbitrantur.
2760 1254 2829 1307 At
2853 1255 2997 1308 Deus
3041 1268 3139 1323 per
3194 1258 3519 1324 prophetam
3552 1256 3750 1310 clamat
3786 1276 3797 1310 :
3840 1256 3947 1312 Pa-

2369 1353 2534 1397 stores
2566 1343 2779 1413 plurimi
2815 1355 3164 1415 corruperunt
3216 1346 3393 1399 vineas
3424 1365 3587 1411 meas,
3619 1350 3952 1401 contamina-

2371 1444 2553 1488 verunt
2586 1437 2874 1506 portionem
2904 1452 3097 1501 meam,
3132 1446 3420 1506 posuerunt
3449 1442 3741 1509 portionem
3774 1456 3951 1493 meam

2372 1527 2657 1580 amabilem
2685 1528 2743 1579 in
2765 1528 3024 1581 desertum
3051 1529 3249 1582 invium
3283 1540 3326 1583 ε.

2377 1616 2536 1684 ιιο
2565 1615 2785 1669 Joannis
2814 1615 3120 1669 Antiocheni
3137 1618 3361 1687 episcopi
3389 1618 3605 1672 homilia
3652 1621 3708 1673 in
3732 1618 3952 1675 Calche-

2442 1710 2576 1759 done
2606 1708 2745 1760 dicta
2778 1717 2891 1778 post
2920 1707 3194 1761 homiliam
3232 1709 3552 1776 Theodoreti,
3587 1720 3646 1765 ut
3674 1728 3795 1766 suos
3831 1716 3953 1767 ani-

2445 1809 2615 1853 maret
2646 1798 2712 1854 3‘.

2446 1890 2643 1946 Sancta
2675 1892 2762 1945 lex
2790 1898 2894 1956 est,
2928 1900 2988 1945 ut
3025 1891 3278 1945 Patribus
3307 1901 3527 1961 accepta
3582 1894 3831 1948 ferantur
3861 1908 3950 1961 ea,

2375 1999 2495 2053 quae
2532 1982 2764 2035 filiorum
2796 1991 2943 2036 sunt.
2972 1982 3115 2036 Meus
3144 1984 3305 2054 igitur
3334 1993 3407 2036 est
3440 1982 3666 2048 Galaad,
3716 1995 3763 2036 et
3806 2002 3954 2040 mm

2373 2083 2448 2127 est
2481 2072 2829 2138 Manasses‘;
2876 2072 2985 2125 imo
3046 2088 3154 2126 non
3209 2073 3314 2126 mei
3372 2081 3520 2136 sunt,
3558 2074 3653 2128 sed
3689 2075 3806 2137 Dei,
3855 2078 3950 2144 qui

2374 2172 2609 2219 vestram
2644 2179 2769 2217 cum
2798 2171 2981 2215 nostra
3007 2162 3355 2232 congregavit
3386 2162 3708 2227 Ecclesium,
3727 2174 3781 2218 ct
3803 2165 3955 2220 hunc

2375 2273 2474 2327 pro
2500 2258 2703 2326 pietate
2727 2258 2902 2311 zelum
2935 2271 3058 2310 cum
3086 2255 3206 2308 aliis
3225 2254 3385 2308 donis
3411 2254 3637 2324 largitus
3660 2264 3760 2309 est.
3786 2257 3956 2326 Equi-

2375 2350 2498 2403 dem
2534 2350 2679 2404 inter
2705 2364 2801 2402 vos
2830 2349 2953 2401 ideo
2977 2347 3212 2411 surrexi,
3268 2356 3327 2401 ut
3366 2346 3599 2401 dicendo
3657 2347 3953 2401 salutarem

2377 2442 2539 2497 simul
2572 2451 2628 2496 et
2658 2440 3040 2495 valedicerem.
3064 2439 3281 2493 Etenim
3321 2440 3608 2494 vobiscum
3644 2456 3854 2504 sumus,
3880 2440 3953 2494 ad

2376 2534 2577 2589 fratres
2636 2540 2856 2587 nostros
2894 2532 3311 2586 contendentes.
3374 2530 3596 2584 Transit
3637 2532 3784 2585 enim
3812 2548 3958 2602 quo-

2378 2640 2594 2694 cunque
2645 2624 2763 2678 vult
2809 2624 3017 2693 absque
3071 2622 3463 2693 impedimento
3522 2622 3804 2678 charitatis
3854 2640 3961 2678 na-

2378 2726 2522 2772 tura.

2449 2807 2638 2861 Saluto
2672 2823 2791 2871 vos,
2824 2814 2880 2861 et
2912 2819 3030 2869 oro,
3054 2811 3126 2859 ,ut
3159 2818 3345 2874 pacem
3383 2804 3631 2859 habeatis
3663 2821 3787 2859 eum
3822 2804 3959 2870 Deo,

2381 2898 2535 2967 prius
2556 2896 2777 2967 quidem
2807 2895 3015 2954 ﬁdeles,
3032 2909 3181 2947 nunc
3206 2900 3387 2947 autem
3410 2895 3772 2948 confessores.
3797 2895 3962 2960 Quis-

2381 2989 2506 3057 quis
2531 3001 2755 3057 magnas
2787 2984 3074 3040 facultates
3104 2984 3385 3054 possidere
3421 2996 3701 3049 censetur,
3733 2994 3962 3040 strenue

2382 3080 2582 3133 militat
2613 3089 2669 3133 et
2693 3078 2940 3148 impigre,
2978 3085 3038 3130 ut
3066 3086 3352 3131 conservet
3380 3093 3501 3146 qua:
3532 3076 3795 3146 possidet.
3828 3077 3963 3130 Nul-

2339 3199 2351 3240 ε
2383 3171 2471 3225 lus
2498 3170 2664 3240 igitur
2693 3185 2721 3223 a
2749 3177 2977 3239 paterna
3008 3168 3114 3222 fide
3142 3168 3425 3228 destituat,
3466 3183 3628 3237 quam
3663 3177 3717 3220 et
3741 3183 3860 3229 nos,
3900 3176 3964 3220 ut

2385 3262 2695 3333 depositum
2723 3261 2864 3330 apud
2889 3260 3033 3314 ﬁlios
3062 3260 3411 3328 deponimus.
3436 3260 3710 3329 Respieite
3735 3259 3799 3312 ad
3832 3274 3965 3328 pro-

2384 3357 2825 3425 genitores,quos
2857 3369 3035 3422 neque
3059 3362 3349 3415 tormenta,
3377 3367 3557 3421 neque
3590 3367 3760 3415 mors,
3786 3368 3965 3420 neque

2386 3448 2533 3500 aliud
2562 3447 2694 3516 quid
2722 3448 3019 3499 humanum
3042 3446 3214 3499 valuit
3238 3462 3265 3499 a
3304 3444 3426 3499 lidei
3465 3445 3780 3499 sinceritate
3816 3444 3966 3497 avel-

2385 3538 2515 3592 lere.

2452 3630 2620 3682 Porro
2648 3628 2933 3682 vobiscum
2963 3643 3142 3696 parva:
3174 3628 3394 3698 quidem
3424 3628 3586 3681 minae
3615 3636 3966 3697 sunt,magua

2388 3731 2568 3775 autem
2601 3736 2852 3785 merces;
2908 3735 3087 3788 parvae
3118 3721 3419 3788 passiones,
3458 3721 3551 3773 SCd
3588 3736 3803 3774 COTOIIIB
3846 3735 3969 3773 ma-

2386 3827 2522 3881 gnae.
2557 3811 2727 3865 Nemo
2756 3811 3103 3879 deprtedctur
3136 3811 3445 3879 depositum
3470 3819 3736 3871 vestrum,
3764 3824 3967 3877 nempe

2386 3902 2701 3972 dogmatum
2740 3898 3126 3955 certitudinem
3157 3918 3359 3955 :nemo
3414 3900 3758 3970 persuadeat,
3794 3901 3968 3952 Deum

2387 4009 2507 4049 esse
2532 3993 2865 4062 passibilem,
2899 4008 3078 4061 neque
3099 3993 3344 4061 corporis
3377 3998 3431 4045 et
3459 3989 3679 4043 deitatis
3712 4000 3966 4043 naturam

2389 4100 2573 4138 unam.
2607 4083 2703 4136 Illa
2736 4083 2880 4137 enim
2906 4097 3003 4149 per
3030 4096 3087 4134 se
3127 4088 3211 4134 est
3244 4080 3430 4133 divina
3461 4077 3796 4143 substantia;
3825 4077 3969 4132 hanc

2387 4194 2539 4241 vero,
2559 4175 2808 4244 corporis
2840 4173 3115 4235 videlicet,
3139 4173 3398 4241 suscepit.
3423 4170 3635 4223 Idcirco
3664 4170 3967 4224 connexio—

2388 4284 2514 4322 nem
2549 4267 2930 4336 prmdieamus,
2965 4273 3019 4318 et
3057 4279 3164 4318 non
3201 4263 3619 4327 confusionem;
3678 4261 3965 4326 unionem,

2389 4365 2444 4411 et
2478 4372 2585 4410 non
2613 4354 3197 4423 contemperatiouem.
3239 4353 3385 4405 Deus
3414 4352 3520 4405 hoc
3552 4366 3649 4419 per
3677 4351 3809 4403 illud
3834 4390 3847 4412 ,
3877 4352 3968 4403 Fi-

2391 4449 2497 4502 lius
2532 4447 2637 4500 hoc
2670 4462 2769 4515 per
2796 4444 2953 4507 illud,
2988 4444 3169 4496 omnia
3201 4443 3318 4496 hrec
3360 4458 3456 4511 per
3484 4441 3617 4494 illud
3647 4459 3660 4507 ;
3706 4441 3969 4493 aderatur

2320 4547 2362 4601 Ι)
2392 4555 2517 4594 cum
2547 4537 2659 4601 illo,
2685 4534 3021 4606 gloriﬁcatur
3050 4550 3176 4588 cum
3208 4533 3332 4597 illo,
3371 4540 3426 4587 et
3455 4533 3549 4603 qui
3574 4548 3698 4586 eum
3741 4532 3835 4585 illo
3869 4531 3969 4585 ad-

2391 4638 2591 4684 unatus
2623 4636 2707 4681 cst
2734 4625 3189 4694 inseparabiliter,
3222 4623 3477 4694 primitiae
3520 4622 3830 4692 appellatur
3865 4637 3969 4675 no-

2392 4727 2520 4773 stra:
2547 4725 2775 4771 natum.
2807 4716 2933 4768 llaec
2965 4723 3199 4778 servate,
3250 4721 3306 4767 et
3360 4713 3506 4765 Deus
3544 4710 3694 4780 pacis
3724 4711 3832 4763 erit
3870 4725 3969 4762 vo-

2390 4809 2624 4871 biscum,
2657 4807 2922 4877 adiuvans
2960 4820 3057 4858 vos
3081 4804 3262 4870 modo,
3293 4819 3456 4875 quem
3488 4802 3607 4873 ipse
3633 4801 3785 4857 novit
3822 4818 3833 4854 :
3881 4802 3971 4856 cui

2390 4900 2461 4955 sit
2491 4900 2662 4969 gloria
2687 4898 2739 4952 in
2776 4898 2991 4953 saecula.
3018 4896 3209 4952 Amen.

1980 5213 2217 5271 VARle
2257 5212 2658 5272 LECTIONES.

784 5360 830 5395 ⁶¹
860 5357 1183 5438 Apollinari}
1208 5389 1277 5400 —
1306 5356 1793 5438 Opinabaturzlpse
1819 5355 2117 5438 Garncrius
2152 5354 2294 5438 (pag.
2330 5352 2466 5435 ΜΟ.⁸
2490 5345 3777 5438 Auctarii‘).C‘yrillum-vogcat‘homine‘m‘parﬁs
3802 5345 3973 5438 Apol:

715 5414 984 5489 linarii'in
1014 5429 1254 5499 speciem
1293 5414 1559 5484 tuentem.
1635 5414 1849 5483 "'Sane
1883 5426 2132 5501 iniquum
2158 5414 2415 5501 iudicem
2455 5423 2507 5477 in
2543 5423 2687 5477 notis
2714 5421 2782 5475 ad
2827 5414 2978 5501 hanc
3010 5418 3291 5501 honi‘iliam
3330 5416 3442 5501 egit
3481 5414 3801 5501 Garnc‘rius,
3840 5414 3969 5472 cum

715 5486 826 5557 non
875 5486 1185 5569 expen‘dere
1217 5500 1474 5564 voluerit,
1509 5498 1675 5553 alium
1716 5514 1773 5553 se
1807 5486 2124 5569 praestitisse
2173 5486 2578 5550 Theodoretum
2616 5500 2741 5546 ante
2759 5486 3560 5569 _co_ncilium_Chalcedonense
3579 5486 3791 5569 ,‘alium
3840 5502 3974 5542 vero

715 5577 841 5654 post
887 5567 1037 5653 illud:
1098 5569 1505 5654 Distinglrcuda
1540 5578 1667 5654 sunt
1716 5569 1941 5654 om‘nino
1988 5568 2042 5654 ip
2084 5567 2679 5654 Ιιιιιθπξιιιιιῇει-ιςξιιρφιῖιΣ

2758 5562 2804 5594 ⁸³
2833 5560 2986 5614 Forte
3038 5559 3395 5619 Theodosium,
3431 5565 3550 5611 eaet.
3594 5555 3799 5610 Vanam
3850 5571 3975 5612 esse

719 5626 877 5696 istam
910 5626 1308 5709 conjecturam:
1341 5640 1453 5708 ipsa
1494 5647 1672 5693 textus
1704 5640 1869 5693 verba
1903 5638 2153 5713 probant.
2185 5636 2262 5713 Eg:
2286 5635 2399 5713 illis
2428 5626 2591 5686 etiam
2623 5633 2985 5713 perspicitur,
3020 5631 3202 5713 minus
3237 5637 3383 5713 recte
3410 5642 3467 5713 se
3496 5626 3975 5713 ¹Ιῃὶικειές,,(Ιξιξνιξξίξ

717 5696 1097 5767 illustrandam
1121 5696 1497 5779 phrasin'Qua
1530 5709 1769 5779 aspidum
1802 5696 1924 5763 suni
1951 5708 2130 5762 allata.
2206 5705 2250 5738 ”
2286 5704 2458 5775 Hujus
2488 5696 2705 5773 quoque
2738 5696 2974 5756 liomiliae
3002 5701 3162 5755 aliam
3192 5697 3696 5769 interpretationem
3720 5696 3976 5753 dabimus

719 5781 884 5847 infra,
914 5779 978 5835 ad
1003 5781 1243 5835 Auctarii
1277 5797 1328 5851 ιι.
1360 5779 1482 5835 568.
