4208 6440
722 402 794 465 53
1919 399 2235 461 OPERUM
2274 401 2300 462 '1

2392 398 2763 463 EODORETI
3906 407 3977 471 64

723 509 950 587 riusquc
977 510 1249 587 eutcmplo
1276 510 1573 565 altercatus
1598 518 1683 587 est
1708 526 1721 569 ;
1746 507 1869 569 luit,
1905 509 2150 587 inquam,
2184 509 2299 564 haec
2327 525 2372 579 Α
2400 520 2482 587 set
2519 511 2697 587 adhuc
2736 512 2791 565 in
2824 512 2946 567 sinu
2982 511 3245 587 reliquias
3292 514 3585 570 nonnullas
3621 516 3866 587 pristinae
3892 522 3975 574 ot“-

723 579 983 649 soleiunis
1020 580 1254 633 formula
1308 578 1676 649 proponendre
1733 580 2142 649 controversiae,
2176 594 2297 649 quae

723 648 1003 701 Ecclesiie.
1047 648 1131 702 An
1178 647 1450 703 vere’dici
1499 649 1698 717 possit,
1740 647 1879 701 Deus
1928 665 2152 717 passus;
2188 648 2295 713 vel,

723 717 807 770 An
838 718 928 785 qui
954 734 1134 786 passus
1166 727 1262 781 est,
1286 720 1354 771 sit
1379 718 1561 770 Deus?

796 786 1067 856 Templum
1089 804 1263 841 suum.
1287 786 1515 842 Nomine
1540 786 1728 855 templi
1756 786 2076 856 intellexere
2099 802 2298 856 corpus

723 854 1010 918 Catholici,
1045 857 1350 911 Nestoriani
1383 866 1553 911 totum
1584 854 2298 910 hominem.Catholicor_um

724 928 997 995 sententia
1042 926 1320 980 nitebatur
1370 927 1519 981 dicto
1557 926 1758 980 Christi
1792 934 1848 981 et
1903 928 2295 995 evangelista:

725 992 921 1063 Solvite
979 995 1233 1063 templum
1274 999 1385 1057 hoc,
1443 1005 1490 1049 et
1534 999 1588 1049 in
1642 996 1807 1049 tribus
1841 995 2017 1048 diebus
2050 992 2299 1049 excitabo

724 1062 860 1135 illud
884 1081 899 1115 :
930 1065 1037 1135 hoc
1088 1062 1265 1118 autem
1298 1066 1499 1120 dicebat
1529 1066 1592 1118 de
1636 1065 1829 1135 templo
1870 1068 2103 1135 corporis
2135 1068 2218 1118 sui
2248 1074 2296 1119 '.

725 1133 1175 1205 Nestorianorum
1206 1140 1364 1189 error
1402 1136 1687 1190 commode
1713 1133 2086 1205 explicabatur
2110 1150 2299 1205 exeru-

725 1201 816 1270 plo
840 1202 1046 1273 templi,
1081 1204 1134 1257 in
1171 1221 1281 1273 quo
1312 1204 1458 1260 Deus
1494 1206 1759 1259 inhabitat
1785 1201 2036 1271 'l'aeitque
2080 1203 2298 1257 inhabi-

728 1271 894 1342 tando
937 1271 1212 1335 sanctum.
1255 1285 1309 1327 et
1349 1291 1458 1328 sua:
1517 1274 1799 1342 religionis
1846 1274 2144 1342 objcetum.
2188 1280 2295 1327 etc.

722 1338 897 1411 Nemo
946 1352 1031 1396 est
1069 1353 1247 1397 autem
1290 1344 1573 1411 theologia:
1620 1338 1831 1411 peritus
1914 1338 2296 1411 historiaeque,

724 1410 859 1477 quin
891 1412 1027 1481 sciat
1052 1410 1518 1480 expressissimam
1552 1410 1965 1466 Nestorianismi
2000 1410 2297 1481 prolesSio-

725 1493 853 1533 nem
878 1480 1207 1534 Theodoreti
1240 1483 1423 1535 verbis
1460 1483 1755 1545 contineri,
1785 1490 1845 1534 ut
1879 1480 2079 1534 mirum
2121 1482 2191 1536 sit
2229 1480 2298 1535 ab

726 1546 1027 1618 interprete
1071 1550 1277 1604 Gallico
1324 1552 1577 1605 Historia:
1632 1551 2085 1605 Theodoretianee
2130 1550 2301 1604 conﬁ—

722 1616 918 1671 denter
960 1620 1247 1690 scriptum.
1302 1622 1457 1689 113
1499 1621 1908 1675 Theodoretum
1944 1636 2225 1690 nunquam
2254 1620 2299 1653 ”

721 1700 824 1754 pro
849 1688 1115 1743 concione
1139 1706 1359 1745 errores
1385 1688 1620 1745 Nestorii
1648 1690 1998 1759 praedicasse.

790 1776 930 1831 Cum
981 1795 1113 1849 ergo
1170 1780 1444 1847 interpres
1493 1779 1581 1831 ille
1642 1776 2298 1849 fateatur,_gra_vissimos

722 1845 959 1919 Nestorii
1003 1845 1221 1902 errores
1255 1845 1660 1919 hacconcione
1696 1845 2136 1919 comprehendi,
2164 1862 2296 1900 eon-
2332 1866 2371 1919 Β

720 1915 937 1971 cionem
968 1919 1249 1972 revocavit
1275 1920 1331 1971 in
1356 1918 1608 1978 dubium,
1638 1918 1749 1971 imo
1775 1915 2172 1984 suppositionis
2211 1932 2301 1970 ar-

718 1987 857 2055 guit.
891 1987 1009 2053 Quo
1032 1988 1100 2042 de
1135 1989 1338 2057 ell‘ugio
1367 2003 1493 2041 mox
1518 1987 1752 2041 dicetur.

788 2077 1047 2147 JEgyptus
1087 2090 1135 2131 et
1179 2078 1384 2141 Oriens,
1420 2087 1526 2131 etc.
1590 2076 1798 2131 Alludit
1828 2076 1894 2129 ad
1926 2090 2139 2146 pacem,
2176 2092 2298 2145 quae

717 2144 1148 2203 interﬁceclesias
1184 2149 1603 2202 Alexandrinam
1632 2155 1688 2200 et
1727 2144 2125 2200 Antiochenam
2162 2144 2292 2199 ann.

717 2215 822 2269 435
857 2217 990 2271 inita
1026 2225 1141 2280 est,
1177 2227 1443 2272 renuente
1489 2217 1837 2270 Theodoreto
1866 2232 1986 2269 eam
2027 2216 2293 2284 recipere,

717 2285 895 2340 donec
927 2286 1131 2341 fractus
1164 2290 1323 2342 malis
1362 2288 1616 2341 assentiri
1644 2296 1873 2341 conatus
1902 2292 2006 2340 est.
2042 2286 2178 2340 Vide
2202 2286 2297 2340 Vi-

718 2362 825 2409 tam
856 2356 1209 2411 Theodoreti.

784 2425 996 2479 Mortua
1043 2434 1117 2480 est
1169 2428 1388 2481 invidia.
1437 2428 1607 2482 llatus
1649 2434 1733 2480 est
1765 2424 2146 2481 Theodoretus
2194 2441 2293 2495 per

715 2492 974 2567 i_nv_idiam
1024 2498 1198 2566 egisse
1231 2498 1492 2567 Cyrillum
1541 2506 1730 2550 contra
1782 2492 2291 2567 Nestoriumttum

715 2562 915 2637 Ephesi
943 2566 999 2620 in
1030 2562 1260 2637 synodo,
1278 2562 1401 2621 tum
1430 2568 1565 2621 alias
1591 2566 1810 2635 scriptis
1835 2566 2125 2637 dictisque.
2153 2565 2293 2637 Hinc

716 2634 905 2708 Patres
932 2634 1123 2707 synodi
1160 2640 1420 2708 mancipia
1456 2634 1911 2708 invidirz‘vocavit
1949 2634 2291 2708 in’Pentalo-

714 2703 823 2776 gio.
864 2703 1116 2761 Socrates
1145 2724 1311 2776 porro
1334 2703 1580 2775 'lbasque
1617 2706 1919 2759 inimicitia
1962 2720 2074 2760 suae
2110 2704 2292 2759 indul-

714 2772 852 2846 sisse
887 2772 1161 2845 Cyrillum
1184 2772 1557 2846 scripserunt;
1602 2777 1785 2844 itaque
1821 2776 1936 2830 haec
1961 2776 2147 2846 opinio
2172 2784 2290 2846 arte

714 2842 1168 2915 Nestorianorum
1212 2842 1529 2915 pervulgata
1570 2856 1658 2900 est
1697 2842 1712 2898 Ξ
1751 2854 1808 2899 ut
1840 2848 1955 2914 ipse
1993 2842 2157 2915 etiam
2194 2845 2292 2899 lsi-

715 2910 884 2984 dorus
920 2910 1229 2980 Pelusiota,
1272 2919 1355 2969 vir
1392 2910 1801 2980 sanctissimus,
1845 2910 2009 2983 quem
2053 2914 2291 2984 Cyrillus

716 2982 931 3037 colebat
967 2994 1025 3038 ut
1062 2995 1363 3055 parentem,
1402 2987 1559 3040 fama;
1598 2986 1833 3039 credens
1865 2982 2136 3038 Scriberet
2162 3002 2189 3055 :_
2222 2984 2286 3038 Ut

717 3067 882 3121 neque
910 3052 1242 3119 condémner,
1272 3072 1435 3126 neque
1465 3065 1520 3108 tu
1551 3056 1911 3126 condemneris
1946 3055 2056 3123 ipse
2089 3071 2124 3126 αῖ
2158 3052 2284 3118 Deo,

717 3126 982 3193 requiesce
1024 3143 1056 3178 a
1107 3124 1455 3189 contentione,
1508 3142 1599 3178 nec
1649 3124 1898 3177 ultionem
1946 3125 2286 3193 propriarum

2401 581 2685 655 @nsionis,
2719 597 2813 636 eas
2843 593 2952 637 tam
2976 581 3206 655 abjecte,
3245 593 3464 655 tamque
3492 581 3884 645 contumeliose
3915 594 3974 644 in

2397 649 2659 722 Cyrillum
2682 666 2793 705 non
2830 649 3156 722 aperuisset.

2466 742 2833 814 Verumlevia
2854 753 2998 814 sunt
3024 744 3125 799 ista
3157 760 3270 814 pra:
3293 748 3639 810 auctoritate,
3668 758 3782 803 tum
3814 749 3971 811 Marii

2397 810 2715 887 Mercatoris
2761 813 3052 868 scribentis
3090 810 3471 887 eo‘tempore,
3508 834 3618 887 quo
3650 810 3971 873 Theodore-

2396 887 2487 958 tus
2521 882 2758 958 viveret,
2786 890 2897 958 tum
2928 894 3175 958 actorum
3210 882 3416 958 quinta:
3454 882 3643 958 synodi
3676 889 3970 958 generalis.

2398 950 2453 1003 in
2495 965 2604 1028 qua
2644 953 2911 1028 judicium
2961 950 3399 1028 de__Theodoreti
3437 950 3659 1028 scriptis
3678 950 3973 1028 “dictisque

2397 1020 2719 1076 exercitum.
2761 1022 3203 1093 Contumeliosus
3235 1032 3319 1079 est
3356 1020 3579 1093 quidem
3616 1042 3818 1090 sermo,
3858 1020 3971 1083 rion

2400 1098 2581 1164 tamen
2637 1092 2810 1164 magis
2863 1094 3316 1164 quamuprtel'atio
3365 1092 3432 1147 ad
3480 1096 3970 1164 reprehensionem

2399 1159 2981 1235 anathematismorum
3024 1159 3234 1235 ’°,__ub_i
3280 1159 3774 1235 Cyrillus—dicitur
3823 1165 3971 1220 fero-

2399 1231 2519 1282 cius
2574 1229 2771 1284 bclluis
2816 1246 3037 1301 gregem
3086 1231 3292 1285 Christi
3331 1229 3677 1301 'discerpere,
3733 1235 3971 1289 haeresin

2399 1314 2623 1361 novare,
2654 1309 2758 1354 etc.
2799 1299 2948 1365 Quos
2990 1301 3233 1355 continet
3269 1317 3508 1367 errores,
3528 1299 3767 1357 eosdem
3807 1305 3974 1360 docet

2399 1367 2778 1424 Theodoretus
2808 1370 2862 1422 in
2898 1372 3323 1438 reprehensione
3361 1373 3969 1437 anathematismorum,

2398 1451 2521 1512 cum
2553 1448 2712 1507 negat
2752 1441 3010 1493 unionem
3045 1440 3164 1492 καθ’
3201 1440 3519 1508 ὑπόστασιν,
3563 1452 3620 1496 et
3651 1457 3811 1512 posse
3856 1444 3969 1499 dici

2396 1506 2567 1560 Deum
2597 1506 2840 1577 passum.

2469 1592 2653 1676 Prodit
2682 1596 3275 1676 aﬂ'e‘ctusfunt-sincera
3303 1599 3490 1676 qrqtia:
3519 1600 3967 1676 reconciliatione,

2397 1670 2486 1715 etc
2566 1664 2725 1735 Atqui
2755 1664 2991 1735 Cyrillus
3024 1666 3224 1719 litteris
3260 1664 3327 1719 ad
3371 1668 3636 1722 Joannem
3672 1669 3970 1725 Antioche-

2396 1745 2528 1782 num
2573 1732 2736 1796 datis,
2771 1732 3020 1801 queritur
3051 1736 3095 1766 ἰ
3144 1735 3330 1789 odium
3364 1751 3396 1789 a
3435 1737 3783 1791 Theodoreto
3821 1756 3970 1793 nun-

2397 1814 2560 1877 quam
2593 1816 2712 1877 esse
2746 1803 3017 1877 positum,
3040 1804 3359 1877 mutuisque
3394 1806 3571 1877 ipsum
3607 1806 3806 1862 litteris
3846 1824 3972 1877 per-

2400 1868 2881 1943 lidiose_abusum.
2922 1873 3146 1943 Abjccta
3170 1868 3567 1943 denique—illa,
3608 1868 3973 1933 contumelio-

2401 1954 2568 2012 _saqu_e
2597 1939 2936 2012 declamandi
2975 1939 3133 2012 114,
3161 1944 3301 1997 ratio
3320 1939 3445 1998 ’non
3474 1943 3736 1999 abhorret
3763 1963 3792 2000 a
3819 1962 3971 2003 more

2400 2007 2706 2072 hominum,
2737 2009 2831 2078 qui
2853 2007 3178 2079 conceptum
3207 2028 3275 2069 ex
3298 2014 3459 2083 longo
3483 2022 3728 2083 tempore
3755 2017 3968 2082 odium,

2400 2093 2883 2153 compressunique
2913 2089 3060 2153 metu
3082 2090 3226 2153 tunc
3266 2093 3548 2153 evomunt,
3575 2099 3697 2137 cum
3742 2085 3971 2153 impune

2397 2162 2558 2223 posse
2578 2148 2852 2223 _videntur
2895 2150 3020 2203 sibi.
3064 2150 3217 2223 Adde
3251 2152 3397 2219 quod
3426 2155 3585 2223 longe
3610 2148 3973 2223 contumelio-

2397 2216 2514 2271 sius
2543 2217 2679 2271 alias
2720 2218 2971 2274 invectus
3011 2228 3095 2274 est
3127 2221 3184 2274 in
3216 2216 3435 2276 sanctos
3453 2216 3695 2277 Ne'storii
3736 2226 3969 2281 damna-

2398 2296 2565 2341 tores.

2881 2422 2963 2476 Ea;
3001 2422 3113 2477 alia
3142 2423 3481 2479 allocutione.

2461 2556 2706 2627 Palpavit
2744 2556 2983 2612 Thomas
3019 2573 3145 2611 eum
3179 2558 3273 2628 qui
3311 2560 3648 2625 resurrexit,
3694 2568 3748 2616 et
3773 2560 3973 2615 adora-

2394 2649 2473 2703 vit
2502 2664 2628 2704 eum
2662 2648 2755 2717 qui
2780 2648 3086 2703 suscitavit.

2940 2801 3106 2840 NOTAE
3146 2802 3409 2841 GARNER".

2465 2913 2549 2986 Ex
2573 2913 2683 2986 alia
2714 2913 3053 2971 allocutione.
3085 2915 3403 2986 Cuiusmodi
3430 2916 3501 2971 sit
3540 2918 3656 2973 haec
3687 2918 3970 2983 allocutio,

2390 2984 2576 3037 nullus
2608 2984 2938 3056 planescio.
2969 2984 3333 3056 §ententiam,
3362 3002 3482 3054 quae
3508 2988 3633 3041 inde
3667 2989 3969 3056 profertur,

2390 3070 2499 3127 non
2535 3056 2731 3127 ignoro
2767 3054 2938 3127 fuisse
2970 3055 3245 3127 Theodori
3275 3064 3332 3110 et
3363 3057 3597 3110 Nestorii
3627 3054 3793 3127 :fnam
3822 3061 3970 3127 apud

2392 3123 2744 3196 Theodorum
2799 3126 2999 3196 legitur
3031 3125 3089 3196 in
3138 3126 3547 3180 commentariis
3594 3126 3661 3180 ad
3707 3142 3826 3196 cap.
3860 3123 3967 3183 Rx.

714 3190 1062 3259 injuriarum,
1110 3212 1227 3265 qua:
1262 3197 1352 3249 tibi
1382 3215 1415 3249 a
1454 3194 1765 3265 mortalibus
1795 3190 2085 3247 hominibus
2118 3194 2290 3265 _debe—
2318 3197 2360 3255 C
2392 3192 2638 3265 {oaunis,
2676 3194 2823 3265 apud
2858 3190 3193 3249 'Nestorium
3234 3211 3397 3249 serm.
3445 3197 3496 3259 7,
3536 3212 3687 3249 num.
3716 3196 3749 3249 8
3775 3190 3800 3249 ἐ
3833 3197 3975 3251 Audi

716 3266 824 3331 tur,
857 3266 1037 3331 exigas
1071 3282 1103 3317 a
1123 3263 1333 3320 'viventc
1362 3264 1617 3326 Ecclesia,
1654 3272 1702 3317 et
1733 3272 1987 3317 a'ternam
2015 3264 2061 3316 ei
2092 3263 2290 3317 discor—

715 3329 866 3405 diam
888 3329 981 3385 sub
1012 3343 1267 3403 prwtextu
1290 3337 1498 3405 pietatis
1520 3334 1740 3402 wdiﬁces
1762 3342 1805 3387 ι.
1828 3334 1893 3387 Et
1912 3333 2023 3387 alio
2051 3333 2104 3386 in
2130 3334 2252 3387 loco
2270 3350 2288 3387 :

716 3398 868 3453 Multi
908 3420 971 3455 ea:
1008 3398 1071 3457 iis
1107 3408 1195 3473 qui
1233 3398 1423 3473 Ephesi
1469 3398 1671 3457 collecti
1708 3410 1863 3464 sunt,
1922 3412 1970 3455 te
2016 3405 2167 3473 quasi
2197 3420 2289 3473 per

715 3473 1023 3526 commdiam
1063 3475 1315 3545 irrident,
1362 3475 1505 3528 velut
1551 3475 1785 3545 privatas
1841 3474 2071 3545 injurias
2119 3489 2293 3541 perse—

714 3550 957 3609 quentem
984 3552 1035 3595 et
1066 3543 1393 3598 ulciscentem
1413 3586 1427 3605 ,
1485 3541 1667 3597 etnon
1698 3562 1758 3596 ea
1790 3541 1906 3613 qua)
1936 3541 2129 3596 Christi
2170 3553 2294 3596 sunt

714 3622 1054 3691 qurerentem.
1090 3614 1372 3684 Theophili,
1405 3616 1668 3691 inquiunt,
1694 3629 1971 3691 _ex_sorore
2005 3628 2161 3691 nepos
2192 3620 2288 3677 est,

711 3680 959 3750 illiusque
1000 3680 1233 3737 mentem
1256 3701 1318 3737 ac
1344 3680 1657 3737 sententiam
1686 3685 1929 3736 imitatur
1949 3722 1963 3745 ,
1994 3680 2101 3735 etc.
2134 3690 2183 3735 1.

802 3771 1044 3826 Gallicus
1085 3773 1354 3842 interpres
1397 3774 1642 3827 historize
1693 3772 2178 3842 Theodoretianm,
2222 3771 2291 3826 de

712 3855 823 3910 quo
851 3843 1095 3907 memini,
1132 3852 1193 3897 ut.
1220 3841 1367 3896 hunc
1386 3858 1676 3896 sermouen
1713 3841 2107 3910 suppositionis
2130 3855 2291 3894 accu-

712 3918 817 3980 set,
855 3910 1097 3979 quinque
1124 3913 1365 3967 adducit.
1405 3913 1519 3973 Est,
1549 3911 1744 3980 inquit,
1781 3912 1977 3979 plenus
2012 3910 2291 3980 iniuriosa:

715 3978 772 4033 in
827 3978 1551 4062 salictissirnum_Cyri_llum
1605 3978 1979 4059 contumeliae;
2045 3978 2291 4060 continet

718 4051 1020 4105 crassiores
1052 4050 1360 4106 Nestoriani
1386 4052 1651 4119 dogmatis
1677 4065 1914 4114 errores;
1941 4050 2290 4119 gravissimas

714 4120 902 4188 prodit
949 4123 1191 4175 auctoris
1239 4118 1554 4176 inimicitias
1604 4120 1657 4173 in
1700 4118 1961 4175 sanctum
2000 4118 2283 4188 Cyrillum,

716 4188 1055 4261 aﬂeetusque
1110 4200 1414 4261 pugnantes
1449 4206 1571 4261 cum
1606 4190 1818 4261 sincera
1842 4189 2289 4261 reconciliatione

780 4259 921 4323 atize,
975 4259 1124 4314 facta,
1174 4259 1298 4315 cum
1341 4276 1473 4329 pace
1526 4260 1928 4323 Ecclesiarum,
1975 4268 2031 4313 et
2084 4259 2291 4329 mutuis

780 4273 921 4323 .tize,
975 4273 1113 4314 tacta
1174 4278 1298 4315 cum
1341 4276 1473 4329 pace
1527 4273 1928 4323 beclesrarum,
1975 4273 2031 4313 ct
2084 4273 2291 4313 mutuis

714 4273 915 4384 fitﬁteris
948 4330 1269 4400 signiﬁcata.
1298 4330 1541 4400 Denique
1572 4330 1701 4383 licet
1720 4329 2102 4384 Theodoretus
2126 4328 2293 4382 fovis-

2395 3262 2612 3337 l_’_etrum
2649 3264 2925 3327 dicentem,
2957 3281 2987 3317 ο
3014 3265 3354 3337 Apollinaris
3379 3282 3396 3337 ς
3428 3266 3633 3337 audi__et
3661 3283 3780 3318 cum
3809 3267 3976 3337 Apol-

2398 3332 2594 3405 linare,
2650 3342 2706 3386 tu
2754 3350 2957 3403 quoque
3003 3332 3246 3405 impietas
3294 3335 3518 3388 Ariona.
3553 3335 3731 3399 Hunc,
3776 3332 3971 3405 inquit,

2395 3402 2579 3474 Jesum
2621 3402 2906 3459 suscitavit
2932 3402 3119 3459 Deus:
3152 3404 3304 3457 Hunc
3333 3404 3421 3474 qui
3452 3412 3633 3473 paret;
3658 3406 3795 3457 hunc
3815 3402 3973 3474 quem

2397 3473 2534 3525 oculi
2561 3474 2865 3544 intuentur;
2900 3475 3033 3526 hunc
3061 3476 3149 3544 qui
3179 3473 3566 3544 afﬁxusligno,
3604 3475 3693 3544 qui
3721 3473 3972 3544 palpatus

2396 3543 2639 3613 manibus
2684 3542 2930 3598 Thonue:
2961 3546 3049 3613 qui
3074 3542 3147 3596 ad
3188 3542 3307 3597 eum
3347 3542 3646 3605 clamavit:
3685 3542 3974 3612 (Palpate

2393 3620 2449 3665 et
2483 3612 2683 3675 videte,
2716 3614 2846 3678 quia
2872 3612 3102 3682 spiritus
3135 3628 3356 3667 carnem
3392 3624 3449 3667 et
3478 3630 3602 3667 ossa
3636 3629 3745 3667 non
3782 3614 3973 3681 habet,

2392 3682 2537 3735 sicut
2573 3698 2659 3735 me
2692 3682 2892 3736 videtis
2932 3684 3221 3736 habentem
3256 3693 3299 3735 τι.
3340 3702 3357 3733 ι
3398 3683 3467 3736 Et
3503 3684 3581 3736 his
3610 3685 3819 3737 vocibus
3851 3703 3971 3739 cer-

2394 3753 2498 3804 tior
2530 3752 2701 3833 factus
2731 3752 3037 3833 discipulus,
3084 3753 3157 3833 de_
3193 3753 3357 3833 ipsius
3388 3752 3595 3833 palpati
3644 3760 3693 3805 et
3731 3754 3974 3833 cruciﬁxi

2391 3823 2624 3891 corporis
2653 3823 3053 3886 resurrectione,
3087 3824 3224 3875 mira
3251 3826 3361 3874 hac
3391 3822 3668 3889 facientem
3701 3822 3975 3944 gloriﬁca-

2391 3890 2481 3944 bat
2528 3889 2731 3944 Deum.
2799 3910 2819 3941 ι
2887 3892 3031 3944 Deus
3096 3908 3283 3944 meus.
3332 3893 3537 3944 dicens.
3594 3898 3653 3944 et
3752 3893 3975 3944 ominus

2391 3889 2491 3944 bat
2528 3889 2731 3954 Deum,
2799 3910 2819 3941 ι
2887 3892 3031 3946 Deus
3096 3908 3283 3956 meus,
3332 3893 3537 3955 dicens,
3594 3898 3653 3946 et
3706 3889 3975 3948 Dominus

2390 3975 2548 4015 meus
2581 3970 2655 4026 ιι,
2686 3981 2701 4010 ι
2738 3970 2842 4016 etc.

2456 4047 2685 4102 Constat
2736 4048 2864 4102 inde
2926 4063 3036 4117 quo
3102 4063 3265 4102 sensu
3317 4047 3699 4103 Theodoretus
3752 4049 3976 4106 locutus

2389 4117 2463 4173 sit
2483 4119 2551 4181 9',
2573 4134 2683 4186 quo
2704 4134 2902 4187 nempe
2928 4120 3155 4174 hazresis
3183 4128 3441 4187 parentes
3464 4118 3595 4181 duo,
3623 4134 3763 4186 quos
3784 4135 3975 4174 amore

2390 4189 2645 4251 singulati
2678 4190 3136 4257 prosequebatur,
3165 4199 3215 4241 et
3238 4204 3473 4257 quorum
3495 4187 3804 4241 doctrinam
3833 4189 3978 4243 dixit

2390 4272 2513 4311 esse
2551 4273 2737 4312 sanam
2778 4267 2834 4313 et
2863 4260 3032 4328 piam,
3064 4258 3176 4313 imo
3212 4259 3385 4328 ipsam
3411 4257 3817 4328 quodammodo
3861 4260 3978 4329 pic-

2396 4334 2582 4381 tatem.

1316 4606 1473 4677 115
1512 4605 1998 4669 ADMONITIO
2033 4607 2133 4667 IN
2161 4606 2300 4667 SUl

2392 4602 2819 4680 EQUENTIA
2856 4599 3407 4666 FRAGMENTA.

786 4753 907 4809 Non
943 4753 1212 4823 integrum
1258 4752 1652 4822 Peutalogium,
1700 4752 1794 4805 sed
1834 4751 2081 4821 qundam
2115 4752 2233 4821 ejus
2277 4746 2581 4819 fragmenta
2609 4764 2639 4803 e
2679 4748 2970 4801 codicibus
2996 4746 3226 4799 collecta
3271 4744 3379 4798 hoc
3404 4742 3629 4795 nomine
3655 4742 3978 4808 complexus

715 4850 807 4900 est
838 4843 1158 4899 Caruerius.
1189 4845 1351 4898 Plura
1385 4844 1549 4914 hujus
1581 4844 1803 4914 generis
1837 4850 2055 4897 exstant
2088 4842 2234 4912 apud
2264 4842 2494 4896 Marium
2522 4840 2876 4893 Mercatorem
2914 4837 2990 4909 (t.
3014 4836 3081 4900 ll,
3109 4837 3241 4891 edit.
3266 4835 3433 4890 Garn.
3468 4849 3521 4904 p.
3542 4833 3642 4887 267
3675 4834 3830 4902 seq.)
3881 4835 3975 4889 sed

3012 5004 3032 5030 ι
3059 4992 3193 5047 Luc.
3246 5007 3390 5057 xxiv,
3428 4990 3513 5047 59.
3599 4998 3652 5025 τι
3691 4988 3850 5043 Joan.
3890 5004 3977 5051 xx,

718 5010 821 5128 28'
846 5001 1005 5057 Joan.
1041 5000 1206 5065 “,19,
1233 5001 1321 5055 20.

1408 5014 1432 5042 ι
1457 5001 1579 5055 Lib.
1608 5003 1656 5065 Ι,
1688 5000 1851 5070 epist.
1886 5000 2010 5086 570.
2107 5007 2135 5047 I
2175 4998 2432 5070 Ejusdem
2465 4997 2562 5052 lib.
2597 4996 2758 5067 epist.
2807 4994 2931 5050 5l0.

1992 5222 2225 5279 VARle
2269 5219 2558 5277 LECTION
2564 5219 2665 5275 ES.

798 5344 846 5376 ⁸⁹
876 5341 1183 5412 Nunquam.
1218 5341 1496 5407 Quantum
1523 5341 1735 5412 scilicet
1773 5356 1838 5393 ex
1866 5336 2136 5412 genuinis
2168 5336 2503 5412 Theodoreti
2549 5334 2772 5412 scriptis
2803 5333 2983 5412 colligi
3014 5331 3206 5412 possit.
3232 5329 3493 5412 Haacluit
3520 5343 3649 5382 vera
3675 5327 3867 5412 Gallici
3902 5329 3981 5412 in:

725 5414 986 5484 terpretis
1014 5401 1312 5484 lCousini),
1352 5427 1516 5484 quem
1542 5411 1840 5484 Gai-uerius
1865 5401 1971 5462 hoc
2000 5407 2395 5484 loco_sugillat,
2436 5401 2727 5484 sententia.
2771 5405 2849 5484 ﬂ"
2893 5403 3179 5484 Ρνιιδῖαξὶοτ
3210 5409 3338 5484 catt;
3360 5401 3648 5484 ‘llaec_cum
3667 5401 3885 5484 scripta
3910 5401 3981 5484 sit

724 5468 837 5541 alio
867 5468 1115 5551 tempore
1142 5492 1198 5537 et
1218 5468 1463 5554 fervente
1485 5483 1600 5542 lite,
1633 5482 1738 5535 hoc
1768 5481 1889 5554 loco
1919 5494 2025 5554 non
2056 5478 2203 5554 valet
2219 5468 2600 5554 argumentum
2625 5492 2654 5529 a
2683 5468 3028 5554 styligenere
3052 5472 3465 5554 ductumz‘ldeni
3487 5468 3780 5554 dicendum
3805 5469 3980 5554 est-dc

727 5543 1160 5623 reprehensione
1190 5553 1771 5623 anathematismorum
1802 5549 2012 5623 Cyrilli.
2075 5548 2129 5623 ff
2158 5543 2436 5623 Queritur.
2620 5543 2919 5623 novreli'tis
2945 5552 3069 5623 post
3095 5543 3751 5623 reconciliationemortaa
3779 5552 3980 5623 novam

724 5613 897 5679 fuisse
925 5638 1166 5680 causam.
1193 5622 1353 5677 docet
1376 5623 1610 5676 llistoria
1645 5613 1996 5675 Theodoreti.
2072 5618 2118 5649 "
2146 5615 2382 5691 Constat,
2412 5626 2514 5670 etc.
2549 5613 3090 5691 Hagcsolicarnerio
3112 5613 3168 5691 in
3202 5623 3443 5691 ruentem
3485 5613 3673 5691 venire
3703 5616 3978 5691 poterant.

731 5694 926 5763 Verba
969 5694 1222 5761 superius
1273 5693 1470 5763 posita,
1526 5693 1592 5747 de
1646 5692 1847 5762 quibus
1896 5706 2004 5746 non
2059 5688 2193 5743 satis
2249 5696 2461 5742 constat
2513 5702 2580 5741 an
2635 5685 2965 5742 Theodoreti
3016 5684 3143 5751 siut,
3202 5684 3398 5738 bonam
3453 5680 3750 5736 admittunt
3806 5680 3980 5731 inter-

730 5761 1114 5836 pretationem.
