4208 6440
246 405 317 468 65
1262 356 1263 359 Ἴ
1352 403 1798 463 AUCTARIUM

1906 404 2035 463 -ΑΒ
2066 404 2240 465 ΤΟΜ.
2286 407 2379 465 IV.
3444 410 3515 474 66

249 518 443 574 Latine
479 528 716 575 tantum.
753 520 862 575 llos
887 521 1130 591 quinque
1152 520 1326 575 libros
1352 520 1761 573 Theodoretqu
1808 518 2029 573 diabolo
2060 520 2353 589 instigante
2389 520 2695 591 scripsisse,
2730 521 2910 592 lepida
2952 530 3036 577 est
3071 523 3227 577 Marii
3254 523 3503 579 Mercato.

245 616 321 669 ris
341 616 642 680 sententia,
674 631 839 685 quam
879 616 1182 671 defendere
1230 631 1341 670 non
1374 615 1600 670 erubuit
1635 615 1959 679 Garnerius,
2004 630 2129 670 cum
2156 617 2275 670 sine
2313 617 2422 670 ulla
2457 617 2783 685 probatione
2807 627 3164 686 supponeret,
3200 617 3517 673 Theodore-

243 715 360 760 tum
391 706 451 760 in
485 708 576 761 bis
605 707 763 761 libris
788 706 992 778 Cyrillo
1013 706 1385 761 Alexandrino
1405 714 1462 759 et
1494 704 1749 759 Patribus
1774 705 2069 775 presinis
2097 706 2364 759 maculam
2396 721 2685 776 aspergere
2718 707 2979 762 voluisse.
3017 706 3124 761 Sed
3154 707 3312 777 longe
3347 705 3512 761 aliam

242 800 412 855 fuisse
455 802 744 871 scriptoris
784 801 959 856 nostri
994 810 1254 865 mentem,
1300 786 1460 855 facile
1498 800 1768 870 intelliget
1809 801 1905 869 qui
1949 800 2252 870 fragmenta
2292 802 2393 856 ista
2428 801 2613 856 animo
2646 817 2675 856 a
2721 788 3121 872 prteconceptis
3160 803 3515 871 opinionibus

241 895 420 949 libero
454 894 675 965 legerit.
716 897 916 950 Parum
946 895 1003 948 in
1039 895 1142 950 bac
1170 910 1389 965 quoque
1416 909 1473 949 re
1495 893 1600 949 sibi
1629 902 1850 948 constat
1880 894 2203 959 Garnerius,
2224 896 2319 963 qui
2345 895 2453 950 alio
2476 894 2599 949 loco
2630 893 2912 964 (Auctarii,
2944 910 2998 964 p.
3023 894 3129 949 256
3154 893 3286 947 edit.
3314 890 3511 971 Paris.)

242 986 462 1050 statuit,
499 987 676 1041 libros
714 985 792 1039 De
821 985 1081 1056 theologia
1111 993 1169 1039 et
1197 984 1274 1038 De
1313 986 1705 1048 incarnatione,
1750 998 1986 1053 quorum
2019 984 2399 1040 Theodoretns
2427 987 2482 1039 in
2520 985 2767 1054 Epistola
2805 985 2872 1039 ad
2906 984 3147 1039 Leonem
3175 983 3513 1037 mentionem

240 1074 393 1141 fecit,
420 1080 655 1133 eosdem
681 1096 805 1137 esse
828 1083 1096 1152 dialogos,
1133 1084 1225 1153 qui
1260 1083 1561 1137 Athanasio
1597 1082 1665 1136 ab
1688 1081 1809 1136 aliis
1842 1096 2127 1150 perperam
2154 1081 2494 1135 tribuuntur.
2530 1079 2760 1133 Mutavit
2792 1088 2971 1133 autem
2997 1076 3354 1141 sententiam,
3384 1091 3511 1130 cum

240 1168 296 1223 in
323 1172 708 1241 conjecturam
762 1173 1056 1237 incideret,
1110 1174 1226 1229 haec
1274 1174 1581 1245 fragmenta
1625 1181 1837 1243 partem
1882 1171 2218 1227 constituere
2239 1170 2447 1224 codicis
2486 1168 2891 1239 quadragesimi
2927 1168 3087 1230 sexti,
3115 1180 3279 1235 quem
3303 1164 3438 1233 legit
3456 1168 3514 1217 et

239 1258 539 1331 descripsit
592 1264 841 1318 Pbotius.
893 1262 1084 1318 Simile
1117 1264 1341 1333 quidem
1382 1272 1768 1335 argumentum
1802 1280 1895 1318 sex
1933 1263 2183 1333 priorum
2226 1261 2358 1315 dicti
2392 1262 2600 1316 codicis
2632 1261 2900 1315 librorum
2944 1257 3115 1311 fuisse
3143 1256 3380 1320 videtur,
3414 1254 3512 1310 sed

240 1368 464 1419 vereor,
516 1369 586 1408 ne
643 1357 793 1425 justo
840 1357 1108 1411 audacius
1134 1355 1363 1426 vestigia
1395 1357 1497 1410 ista
1528 1364 1849 1426 persecutus
1874 1355 1946 1409 sit
1976 1354 2297 1417 Garnerius,
2331 1360 2425 1406 aut
2462 1353 2644 1421 potius
2668 1352 2871 1405 Marius
2891 1349 3180 1410 Mercator,
3209 1362 3373 1416 quem
3403 1347 3511 1402 du-

237 1458 356 1498 cem
390 1445 615 1499 habuit.
646 1448 889 1515 Uterque
918 1447 1067 1501 enim
1095 1447 1303 1517 absque
1330 1448 1440 1501 ulla
1477 1447 1819 1501 haesitatione
1848 1446 1979 1499 huic
2009 1444 2092 1499 vel
2126 1444 2205 1497 illi
2243 1443 2550 1514 fragmento
2589 1443 2771 1497 locum
2820 1440 3142 1511 assignavit,
3167 1449 3225 1494 et
3254 1438 3406 1502 libri,
3441 1439 3510 1493 ad

238 1550 403 1604 quem
431 1537 633 1592 referri
660 1539 878 1602 debeat,
913 1555 1205 1593 numerum
1233 1540 1507 1609 ascripsit.
1537 1539 1647 1592 Nec
1688 1538 1963 1593 dubitavit
1991 1538 2290 1592 Carnerius
2326 1537 2412 1591 bis
2440 1536 2762 1606 fragmentis
2784 1536 3005 1590 titulum
3040 1532 3342 1603 Pentalogii
3372 1532 3511 1603 adji-

237 1640 385 1691 cere,
426 1629 537 1683 etsi
570 1646 664 1683 sea:
693 1629 899 1684 fuerint
936 1631 1066 1683 libri
1122 1631 1288 1701 huius
1322 1631 1652 1701 argumenti,
1685 1646 1824 1700 quos
1849 1631 1903 1685 in
1951 1630 2141 1685 codice
2184 1645 2285 1685 suo
2320 1645 2379 1685 se
2405 1630 2603 1700 legisse
2629 1635 2864 1683 testatur
2897 1626 3147 1682 Pbotius.
3179 1624 3392 1695 Siquid
3422 1639 3512 1679 er-

240 1723 426 1769 ratum
461 1719 557 1782 sit,
595 1720 814 1787 culpam
844 1734 1063 1773 omnem
1094 1720 1357 1775 transfert
1384 1720 1439 1773 in
1465 1721 1744 1784 Photinm,
1771 1735 1933 1790 quem
1962 1721 2097 1774 dicit
2125 1736 2293 1773 unum
2323 1722 2521 1773 borum
2554 1720 2821 1773 librorum
2852 1719 2906 1773 in
2937 1718 3076 1773 duos
3093 1715 3427 1773 dissolvisse.
3451 1713 3509 1768 Si

239 1806 311 1863 ita
328 1790 591 1879 judicare
632 1812 997 1868 liceatcodice
1031 1829 1141 1868 non
1174 1815 1442 1883 inSpecto,
1467 1829 1597 1867 sane
1641 1822 1823 1867 actum
1861 1821 2010 1868 esset
2036 1813 2103 1866 de
2156 1813 2333 1867 Photli
2368 1813 2499 1866 ﬁde.
2543 1812 2652 1866 Sed
2695 1812 3000 1867 rectissime
3047 1807 3506 1869 Montfauconius,

239 1914 299 1956 ut
341 1904 514 1956 animi
571 1904 849 1959 levitatem
895 1906 953 1958 in
980 1905 1252 1960 Garnerio
1288 1907 1427 1963 adeo
1472 1908 1829 1976 conspicuam
1880 1915 2158 1976 argueret,
2211 1906 2376 1959 simili
2406 1906 2695 1960 occasione
2732 1906 2970 1970 monuit,
3002 1906 3093 1960 vix
3134 1904 3288 1959 credi
3322 1912 3505 1973 posse,

240 1993 521 2059 Pbotium,
559 1994 618 2047 in
659 1994 946 2051 codicibus
991 1998 1414 2067 pertractandis,
1450 2001 1496 2055 si
1533 2001 1660 2070 quis
1706 2014 1947 2069 unquam
1974 1999 2138 2065 alius,
2167 1999 2626 2065 versatissimum,
2677 2014 2870 2054 errore
2918 1998 3132 2069 lapsum
3181 2010 3325 2052 esse.

3168 2216 3470 2237 μοι*

1333 2372 2349 2490 ΘΕΟΔΩΡΗΤΟΥ

760 2616 1557 2705 ΠΕΝΤΑΛΟΓΙΟΝ
1630 2618 1887 2703 ΠΕΡΙ
1961 2617 2959 2707 ΕΝΑΝΘΡΩΠΗΣΕΩΣ.

881 2956 1807 3073 THEODORETI
1876 2950 2902 3067 PENTALOGIUM

1491 3178 1583 3236 DE
1629 3172 2223 3235 INCARNATIONE.

306 3470 475 3523 Ἀλλὰ
502 3471 611 3539 μὴν
638 3467 908 3538 οἰκτείρας
930 3470 958 3521 ὁ
986 3468 1220 3539 Ποιητὴς
1248 3469 1345 3539 τὴν
1384 3471 1589 3523 οἰκείαν
1618 3470 1799 3524 εἰκόνα

1981 3471 2024 3539 ι
2036 3470 2139 3540 16
2153 3470 2444 3525 Enimvero
2466 3469 2758 3527 miseratus
2772 3470 3000 3528 Creator
3020 3471 3307 3543 imaginem
3333 3488 3489 3528 suam

228 3560 653 3632 πολεμουμένην
690 3560 784 3613 καὶ
826 3559 1038 3630 Θανάτῳ
1079 3564 1615 3632 παραπεμπομένην,
1649 3563 1799 3615 ἔκλι-

1914 3562 1983 3618 ab
2033 3563 2189 3616 hoste
2237 3561 2493 3617 afﬂictam
2541 3563 2814 3632 mortique
2849 3562 3123 3617 addictam
3159 3581 3171 3616 :
3204 3562 3489 3617 Inclinauit

224 3668 329 3705 rer
354 3649 662 3718 οὐρανοὺς
686 3651 787 3704 καὶ
816 3652 1033 3719 κατέϐη
1056 3669 1069 3681 ι
1096 3653 1155 3704 οὐ
1183 3652 1342 3703 τόπον
1381 3651 1616 3719 ἀμείψας
1647 3651 1799 3721 (πλη-

1912 3652 2085 3717 εωίοε,
2114 3662 2163 3705 et
2210 3653 2469 3715 descendit
2500 3665 2555 3718 ll;
2607 3668 2716 3707 non
2761 3653 2982 3723 quidem
3019 3654 3200 3707 locum
3233 3663 3485 3719 mutans,

228 3745 308 3811 ροῖ
335 3743 453 3810 γὰρ
466 3742 536 3796 τὰ
556 3743 905 3811 σύμπαντα),
937 3742 1071 3795 ἀλλὰ
1102 3744 1465 3810 συγκαταϐὰς.
1494 3743 1799 3796 Κατάὸασιν

1911 3759 2034 3798 cum
2059 3744 2283 3813 impleat
2307 3744 2510 3808 omnia,
2541 3743 2635 3798 sed
2659 3743 3126 3798 condescendens.
3155 3744 3488 3799 Descensum

224 3836 331 3905 γὰρ
374 3836 614 3903 νοοῦμεν
674 3835 773 3904 τὴν
815 3837 1246 3903 συγκατάόασιν.
1303 3838 1415 3889 Καὶ
1474 3837 1799 3907 παρθενικὴν

1909 3833 2110 3903 quippe
2143 3834 2496 3900 intelligimus
2520 3835 2972 3888 condescensum.
3010 3835 3076 3888 Et
3103 3836 3279 3890 electo
3315 3836 3486 3906 virgi~

223 3925 389 3993 νηδὺν
424 3922 785 3993 ἐκλεξάμενος
822 3926 990 3997 κόρης
1020 3927 1180 3995 ἁγίας
1220 3927 1312 3980 καὶ
1341 3927 1589 3995 εὐσεϐείᾳ
1619 3944 1799 3979 συντε-

1906 3924 2017 3978 nali
2044 3935 2201 3979 utero
2230 3926 2421 3994 puellae
2446 3934 2648 3979 sancta:
2683 3924 2984 3994 pietatique
3016 3925 3321 3990 innutritze,
3350 3941 3485 3980 voce

223 4016 576 4085 θραμμένης,
607 4016 674 4067 δι’
707 4018 1002 4087 ἀγγελικῆς
1043 4021 1224 4088 φωνῆς
1255 4020 1681 4088 προμηνυσάσης
1713 4020 1799 4071 τὸν

1908 4015 2151 4085 angelica
2192 4025 2407 4085 partum
2447 4014 2869 4084 praenuntiante,
2921 4015 3252 4085 modumque
3280 4032 3476 4072 conce-

221 4106 405 4168 τόκον,
463 4106 560 4156 καὶ
606 4105 706 4172 τῆς
756 4106 1065 4175 συλλήψεως
1107 4108 1526 4177 ἐρμηνευσάσης
1585 4109 1674 4161 τὸν
1715 4110 1802 4161 ἁν-

222 4196 561 4265 ερμήνευτον
595 4195 816 4264 τρόπον,
844 4200 939 4249 καὶ
980 4197 1080 4265 τῆς
1112 4198 1379 4267 παρθένου
1420 4198 1511 4251 τὸν
1542 4200 1701 4268 (ρόὸον
1736 4202 1800 4269 τῇ

222 4286 494 4356 ἑρμηνείᾳ
516 4286 776 4356 λυσάσης,
807 4286 1153 4351 εἰσοικίζεταί
1172 4306 1230 4340 τε
1259 4289 1351 4342 καὶ
1380 4288 1505 4341 ναὸν
1530 4290 1675 4361 αὐτῷ
1706 4309 1803 4343 κα-

220 4374 577 4440 τασκευάζει,
614 4377 710 4429 καὶ
742 4377 841 4446 τὴν
875 4378 1154 4449 ἄσπαρτον
1206 4380 1299 4432 καὶ
1351 4381 1611 4451 ἀνήροτον
1671 4398 1804 4452 σκη-

220 4468 318 4536 νὴν
346 4469 361 4498 ⁸
397 4468 738 4520 διαπλάττει.

300 4559 531 4629 Ἐπειδὴ
578 4560 673 4612 καὶ
715 4561 743 4612 ὁ
787 4560 1001 4630 πρῶτος
1048 4559 1354 4631 ἄνθρωπος,
1390 4562 1419 4613 ὁ
1455 4563 1519 4633 τῇ
1557 4563 1802 4634 ἁμαρτίᾳ

221 4651 443 4722 πρῶτος
487 4649 803 4715 δουλεύσας,
851 4652 1080 4721 ἀπάτωρ
1138 4652 1420 4721 ἐτύγχανε,
1488 4653 1697 4724 μητέρα
1743 4654 1799 4706 δὲ

1907 4106 2111 4183 ptionis
2146 4106 2478 4160 ineffabilem
2517 4106 2933 4175 interpretante,
2977 4112 3139 4175 atque
3174 4106 3275 4159 bac
3308 4107 3483 4176 expli-

1906 4194 2121 4247 catione
2155 4203 2362 4247 metum
2395 4194 2626 4265 virginis
2658 4194 2925 4256 solvente,
2958 4194 3283 4264 ingreditur,
3321 4184 3388 4248 ac
3410 4196 3485 4250 si-

1906 4283 2077 4339 bimet
2112 4294 2381 4354 praeparat
2416 4286 2676 4355 templum
2700 4326 2714 4350 ,
2755 4284 3016 4356 ﬁngitque
3045 4286 3479 4352 tabernaculum,

1906 4391 2083 4446 neque
2111 4386 2307 4442 satum,
2335 4393 2514 4446 neque
2542 4386 2776 4431 aratum.

1972 4556 2239 4622 Quoniam
2282 4571 2413 4612 vero
2445 4558 2598 4627 prior
2630 4558 2816 4623 homo,
2859 4558 2953 4628 qui
2996 4559 3208 4629 primus
3256 4574 3480 4630 peccato

1902 4649 2151 4713 servivit,
2199 4649 2317 4703 sine
2351 4660 2508 4719 patre
2543 4650 2775 4715 exstitit,
2820 4651 3100 4719 solamque
3133 4660 3338 4706 terram
3376 4654 3477 4708 ha-

222 4741 396 4809 μόνην
448 4734 565 4807 εἶχε
625 4739 723 4807 τὴν
772 4738 875 4806 γῆν
898 4754 910 4766 ο
948 4740 1161 4791 Ἔλαϐε
1197 4740 1326 4807 ιχῆρ,
1365 4739 1551 4810 φησιν,
1587 4744 1617 4793 ό
1656 4741 1799 4807 Θεελς

1906 4738 2023 4793 buit
2047 4755 2148 4808 pro
2184 4746 2353 4794 matre
2382 4758 2394 4792 :
2427 4741 2634 4811 Accepit
2666 4742 2805 4794 enim
2841 4740 2982 4794 Deus
3020 4740 3188 4795 lutum
3217 4744 3280 4796 de
3310 4750 3475 4808 terra,

218 4830 374 4897 χοῦν
401 4828 524 4883 ἀπὸ
558 4827 669 4895 τῆς
707 4827 839 4898 γῆς,
890 4829 984 4882 καί
1024 4829 1257 4882 ἔπλασε
1305 4829 1404 4881 τὸν
1451 4829 1761 4896 ἄνθρωπον
1784 4848 1796 4861 ·

218 4922 297 4973 διὸ
332 4921 431 4973 καὶ
472 4921 501 4972 ὁ
547 4919 816 4989 μακάριος
854 4919 1067 4982 Παῦλός
1106 4935 1296 4988 φησιν·
1345 4918 1407 4970 '0
1440 4917 1671 4985 πρῶτος
1698 4920 1800 4972 ἄν·

219 5014 455 5076 θρωπος
488 5010 557 5062 ἐκ
605 5009 718 5078 γῆς
766 5010 996 5076 χοῖκός·
1032 5009 1224 5061 τούτου
1261 5009 1419 5079 χάριν
1450 5011 1478 5061 ὁ
1507 5009 1798 5081 μονογενὴς

218 5100 313 5152 τοῦ
351 5099 492 5152 Θεοῦ
521 5100 693 5167 Λόγος
720 5102 783 5151 ὲκ
813 5100 1091 5171 Παρθένου
1126 5099 1292 5169 μόνης
1314 5100 1415 5162 τὰς
1453 5099 1553 5168 τῆς
1578 5099 1797 5153 διαπλά-

219 5209 358 5254 σεως
410 5189 593 5243 λαϐὼν
658 5190 933 5259 ἀφορμὰς,
983 5192 1079 5243 καὶ
1135 5190 1310 5259 τούτῳ
1352 5191 1431 5261 τῷ
1471 5192 1657 5261 τρόπῳ
1707 5191 1798 5245 τὸν

218 5283 576 5352 ἀγεώργητον
631 5281 756 5334 ναὸν
801 5282 1236 5352 δημιουργήσας,
1288 5282 1383 5335 καὶ
1449 5283 1626 5354 ἑαυτῷ
1674 5300 1797 5336 συν-

198 5372 381 5440 άψας,
412 5372 662 5441 πρόεισιν
718 5374 783 5424 ὲκ
838 5372 938 5441 τῆς
992 5372 1294 5442 Παρθένου,
1337 5372 1436 5444 τὴν
1461 5374 1794 5446 παρθενικὴν

284 5542 307 5569 ο
330 5529 478 5583 Psal.
511 5544 640 5592 xvn,
675 5528 760 5583 10.
829 5527 857 5567 δ
896 5527 1032 5583 Gen.
1062 5544 1120 5593 ιι,
1146 5528 1196 5581 7.
1276 5539 1298 5567 ε
1329 5528 1498 5583 lCor.
1530 5545 1617 5593 xv,
1648 5530 1735 5583 47.

1907 4839 1958 4884 et
1989 4831 2233 4900 formavit
2261 4833 2522 4885 hominem
2554 4832 2617 4897 b;
2656 4832 2799 4887 unde
2827 4840 2882 4885 et
2911 4831 3106 4887 beatus
3140 4833 3342 4888 Paulus
3360 4833 3473 4888 ait:

1904 4921 2118 4975 Primus
2147 4922 2298 4975 homo
2328 4922 2390 4974 de
2413 4931 2557 4975 terra
2589 4929 2826 4975 terrenus
2859 4934 2880 4960 ο
2907 4939 2922 4987 ;
2961 4923 3083 4977 ideo
3132 4924 3476 4995 unigenitum

1904 5010 2000 5063 Dei
2049 5011 2310 5076 Verbum,
2365 5012 2661 5081 assumptis
2704 5026 2772 5066 ex
2819 5012 3041 5082 Virgine
3093 5014 3206 5068 sola
3268 5024 3476 5070 naturas

1902 5103 2216 5174 principiis,
2258 5113 2545 5174 postquam
2592 5106 2854 5175 templum
2902 5122 3012 5160 non
3049 5122 3213 5159 manu
3268 5106 3473 5163 factum

1904 5195 2150 5265 perfecit,
2184 5196 2398 5265 sibique
2426 5197 2721 5265 copulavit,
2758 5196 2960 5266 prodiit
2997 5211 3064 5251 ex
3104 5196 3344 5267 Virgine,
3383 5212 3474 5252 zo-

1902 5302 2029 5340 nam
2060 5286 2383 5357 virginalem
2422 5302 2601 5356 neque
2632 5285 2988 5356 conceptione
3024 5285 3264 5363 solvens,
3291 5300 3469 5355 neque

1901 5378 2253 5448 generatione
2289 5377 2644 5449 dilfringens,
2680 5377 2777 5434 sed
2817 5377 3187 5449 incorruptam
3220 5389 3466 5471 servat“.

1500 5662 1734 5717 VARUS
1774 5661 2168 5723 LECTIONES.

299 5804 313 5834 ⁸
345 5802 439 5873 τὴν
473 5802 609 5857 ἇσπ.
642 5801 736 5856 καὶ
764 5801 846 5856 ἀν.
882 5818 969 5854 σκ.
1002 5799 1057 5856 Id
1094 5810 1197 5865 est,
1239 5800 1359 5855 sine
1386 5798 1492 5855 viri
1516 5814 1701 5873 opera.
1735 5799 1904 5859 Cana.
