4208 6440
742 402 809 464 67
1932 402 2248 463 OPERUM
2297 408 2312 464 '.

2411 408 2783 471 EODORETI
3926 425 3999 488 68

742 526 905 587 atque
930 516 1207 581 intactam,
1236 529 1491 585 magnum
1522 512 1658 567 illud
1682 521 1740 568 et
1776 513 2059 570 ineffabile
2087 516 2312 569 miracu-

2427 519 2605 590 ζώνην
2634 523 2695 574 οὐ
2731 526 2796 594 τῇ
2848 524 3107 595 συλλήψει
3160 528 3348 595 λύσας,
3380 532 3442 586 οὐ
3470 534 3534 603 τῇ
3568 535 3821 605 γεννήσει
3848 534 3999 609 διαρ-

742 610 853 662 lum
880 608 1131 677 patravit.

808 897 1058 967 Magnum
1082 896 1366 950 enimvero
1392 905 1449 949 et
1483 896 2043 965 ineomprehensibile
2078 899 2315 953 miracu-

739 987 876 1049 lum,
915 1002 1245 1055 omnemque
1275 986 1494 1041 dicendi
1535 987 1850 1042 facultatem
1884 989 2192 1044 excedens!
2224 991 2316 1045 Vi-

738 1082 865 1133 dere
918 1094 1195 1132 racemum
1234 1094 1301 1132 ex
1348 1086 1494 1132 terra
1537 1080 1656 1134 sine
1702 1080 2020 1148 palmitibus
2059 1089 2312 1147 enatum;

736 1171 1071 1224 frumentum
1116 1171 1235 1225 sine
1288 1178 1533 1225 semente
1582 1170 1945 1239 productum;
2001 1180 2313 1225 contextam

733 1262 851 1315 sine
877 1261 984 1317 ﬁlis
1021 1277 1085 1316 ac
1117 1261 1371 1315 manibus
1401 1259 1650 1313 textoriis
1671 1268 1914 1326 vestem;
1959 1276 2159 1330 panem
2200 1276 2312 1315 non

733 1353 899 1417 mola,
948 1354 1104 1427 117
1155 1367 1263 1405 non
1309 1350 1584 1414 manibus,
1625 1366 1737 1403 non
1778 1351 1902 1421 igne
1930 1350 2165 1416 factum,
2216 1351 2314 1406 sed

733 1444 1086 1499 ineil'abiliter
1118 1458 1185 1496 ex
1203 1442 1398 1496 farinis
1424 1442 1791 1512 virginalibus
1825 1442 2193 1507 elaboratum,
2219 1445 2313 1512 qui

734 1544 909 1589 totum
949 1544 1222 1587 terrarum
1262 1533 1451 1587 orbein
1487 1533 1795 1588 abscondit.
1850 1533 1931 1587 Ad
1964 1534 2109 1598 btec,
2146 1534 2316 1605 virgi-

732 1642 857 1680 nem
910 1627 1135 1695 proprio
1184 1624 1296 1678 filio
1340 1640 1605 1679 mammas
1643 1626 1999 1694 praebentem,
2050 1626 2315 1694 lactisque

732 1715 911 1771 fontes
978 1722 1380 1783 suggerentem,
1416 1713 1528 1765 imo
1564 1722 1620 1766 et
1669 1724 1899 1766 matrem
1948 1712 2145 1765 factam
2208 1712 2317 1766 vir-

732 1804 958 1873 ginitate
1021 1803 1225 1868 ilkesa;
1278 1810 1511 1857 matrem
1557 1802 1756 1857 factam
1806 1803 2141 1856 matrimonii
2197 1802 2313 1873 lege

732 1908 844 1949 non
916 1902 1198 1963 suscepta;
1266 1902 1535 1958 matrem,
1598 1894 1796 1947 factam
1846 1909 1972 1947 cum
2035 1895 2306 1959 nesciret,

730 1986 1004 2055 quomodo
1057 1986 1129 2039 sit
1179 1996 1384 2050 mater;
1438 1992 1671 2039 matrem
1720 1985 1940 2047 factam,
1992 1999 2115 2040 cum
2157 1985 2312 2054 prius

732 2097 870 2136 uxor
916 2097 1025 2135 non
1088 2080 1314 2146 fuisset,
1385 2081 1478 2135 sed
1544 2082 1599 2135 in
1652 2080 1968 2150 virginitate
2038 2087 2309 2135 tumorem

731 2175 938 2229 ventris
979 2182 1302 2237 ostentaret,
1359 2182 1415 2227 et
1464 2172 1631 2227 ferret
1674 2172 1932 2228 manibus
1967 2172 2228 2236 fructum,
2255 2181 2312 2226 et

730 2279 851 2333 qua:
878 2274 1007 2319 sunt
1033 2263 1222 2316 matris
1251 2269 1459 2331 ageret,
1498 2265 1516 2281 ⁹
1551 2263 1698 2316 salva
1730 2261 2079 2331 virginitate;
2112 2272 2169 2316 et
2200 2264 2310 2317 vir-

730 2356 913 2426 ginem
938 2354 1159 2424 quidem
1196 2360 1465 2417 vocatam,
1493 2368 1613 2422 quaa
1650 2360 1825 2406 mater
1848 2360 2027 2417 esset;
2079 2362 2309 2408 matrem

730 2462 883 2509 vero,
902 2460 1022 2514 quae
1050 2445 1237 2515 virgo:
1264 2454 1426 2514 atque
1452 2444 1525 2498 ita
1551 2443 1825 2499 contraria
1850 2444 2092 2511 nomina,
2111 2460 2307 2514 resque

730 2538 989 2593 adversas
1020 2538 1183 2591 simul
1210 2537 1553 2592 conciliaret.

800 2691 1049 2745 Humana
1078 2698 1275 2745 natura
1308 2697 1585 2758 assumpta
1619 2687 1803 2760 (Deus)
1833 2688 2127 2759 imaginem
2152 2704 2307 2744 suam

731 2791 958 2838 renovat
997 2791 1225 2853 peccato
1253 2791 1601 2851 corruptam;
1642 2791 1698 2836 et
1726 2782 2080 2836 simulacrum
2108 2784 2308 2850 nequi-

732 2873 821 2928 tia:
878 2871 1131 2942 rubigine
1191 2872 1557 2926 inveteratum
1609 2878 1917 2935 restaurat,
1974 2871 2308 2940 exhibetque

730 2962 1014 3016 venustius
1038 2961 1247 3031 priore;
1281 2975 1391 3014 non
1431 2976 1498 3014 ex
1533 2968 1703 3024 terra,
1735 2967 1794 3013 ut
1824 2959 1987 3024 olim,
2018 2959 2125 3013 hoc
2145 2959 2309 3014 refin-

729 3070 883 3127 gens,
919 3053 1017 3109 sed
1065 3052 1198 3107 illud
1230 3053 1345 3122 ipse
1372 3067 1683 3117 assumens;
1716 3067 1820 3106 nec
1856 3061 2040 3106 tamen
2064 3051 2304 3107 divinam

731 3160 979 3206 naturam
1016 3149 1071 3202 in
1110 3148 1407 3209 humanam
1441 3155 1797 3209 convertens,
1833 3146 1929 3199 sed
1969 3160 2093 3200 cum
2121 3145 2307 3200 divina

732 3244 1027 3297 humanam
1070 3247 1406 3295 connectens
1448 3256 1461 3291 :
1512 3254 1740 3293 manens
1787 3239 1934 3293 enim
1976 3239 2123 3309 quod
2165 3249 2304 3305 erat,

730 3329 1029 3398 assumpsit
1063 3327 1209 3397 quod
1244 3342 1356 3379 non
1391 3335 1529 3381 erat.
1563 3325 1699 3380 Cum
1722 3336 1870 3381 esset
1905 3327 1961 3381 in
1983 3326 2160 3381 forma
2182 3328 2303 3393 Dei,

732 3421 875 3477 servi
910 3422 1169 3483 formam,
1206 3418 1261 3472 id
1293 3426 1397 3482 est,
1429 3418 1721 3472 essentiam
1748 3418 1993 3487 accepit;
2028 3420 2082 3472 in
2113 3418 2298 3473 simili-

732 3513 911 3566 tudine
942 3511 1164 3564 haminis
1200 3510 1389 3578 factus,
1414 3516 1462 3561 et
1491 3508 1671 3562 habitu
1701 3510 1961 3574 inventus,
1994 3518 2050 3563 ut
2079 3509 2303 3575 homod,

731 3603 859 3674 quia
892 3602 995 3656 etsi
1043 3610 1286 3655 nostram
1328 3608 1582 3653 naturam
1619 3599 1875 3666 haberet,
1927 3616 2039 3655 non
2079 3610 2199 3655 erat
2229 3608 2307 3655 ta-

734 3711 857 3749 men
889 3693 1040 3747 omni
1076 3709 1143 3746 ex
1170 3698 1325 3760 parte
1359 3691 1519 3744 nobis
1547 3691 1763 3744 similis.
1796 3691 1996 3745 Sumus
2018 3692 2163 3746 enim
2192 3693 2305 3747 nati

732 3804 798 3842 ex
838 3787 1090 3849 muliere,
1132 3791 1294 3837 natus
1319 3791 1373 3837 et
1396 3783 1533 3852 ipse,
1565 3782 1659 3836 sed
1686 3798 1793 3836 non
1819 3783 2072 3837 similiter
2096 3793 2155 3836 ut
2186 3798 2305 3849 nos,

733 3892 859 3932 cum
899 3892 968 3929 ex
997 3874 1119 3927 alvo
1157 3872 1411 3941 virginali
1446 3870 1735 3940 prodierit.
1784 3871 2071 3927 Perfectus
2100 3880 2184 3926 est
2210 3873 2309 3927 ho-

734 3983 843 4031 mo,
871 3964 1033 4020 sicuti
1061 3978 1192 4028 nos;
1232 3962 1325 4015 sed
1359 3960 1551 4013 habuit
1581 3960 1868 4029 plusquam
1895 3976 1996 4014 nos
2017 3962 2114 4014 Dei
2142 3959 2304 4017 Verbi

736 4056 1190 4113 inhabitationem
1228 4062 1284 4106 et
1319 4052 1612 4105 unionem:
1656 4052 1815 4121 118
1863 4067 2083 4105 earnem
2115 4050 2310 4105 habuit

733 4151 1008 4202 viventem
1039 4153 1095 4200 et
1134 4144 1477 4207 rationalem,
1514 4142 1743 4211 perinde
1784 4158 1847 4196 ac
1880 4144 2013 4206 nos;
2049 4141 2143 4195 sed
2179 4158 2304 4211 pec-

733 4238 840 4293 eati
882 4245 1065 4290 motus
1122 4250 1231 4287 non
1268 4233 1549 4296 sustinuit,
1584 4233 1727 4285 sicut
1773 4247 1909 4296 nos;
1955 4231 2064 4285 imo
2094 4232 2151 4284 in
2185 4246 2307 4285 cor-

733 4345 887 4402 pore,
912 4326 1057 4397 quod
1091 4324 1513 4395 oppugnabatur
1538 4338 1567 4376 a
1600 4331 1843 4392 peccato,
1884 4321 2091 4392 peccati
2120 4330 2303 4393 tyran-

733 4422 917 4476 nidem
943 4417 1213 4474 dissolvit.

800 4594 974 4648 Porro
997 4599 1181 4645 autem
1216 4590 1236 4622 ³
1270 4588 1486 4659 proﬁcit
1516 4598 1675 4643 aetate
1707 4587 1927 4657 quidem
1971 4602 2190 4656 corpus,
2224 4602 2311 4641 sa-

735 4681 940 4752 pientia
972 4696 1104 4735 vero
1150 4680 1367 4733 animus
1398 4690 1421 4718 ο
1464 4696 1477 4731 :
1525 4694 1703 4748 neque
1739 4678 1886 4730 enim
1917 4677 2091 4730 ullum
2129 4676 2309 4729 incre-

734 4782 981 4828 mentum
1038 4773 1298 4826 divinitas
1357 4770 1638 4824 admittit:
1678 4785 1804 4823 nam
1852 4768 2000 4821 omni
2044 4784 2111 4821 ex
2154 4776 2311 4838 parte

734 4863 1037 4934 perfectum
1076 4869 1161 4915 est
1196 4861 1291 4913 Dei
1327 4860 1597 4918 Verbum:
1629 4859 2018 4913 convenienter
2063 4874 2196 4912 vero
2222 4873 2311 4912 sa-

736 4954 954 5024 pientiae
1002 4952 1407 5005 incrementum
1455 4950 1737 5020 conjunxit
1785 4947 2155 5021 (evangelista)
2189 4964 2312 5003 cum

650 5059 657 5065 ·
734 5045 911 5099 anatis
969 5049 1299 5112 augmento:
1336 5041 1602 5109 siquidem
1648 5041 1713 5094 ad
1762 5055 2078 5095 mensuram
2135 5041 2309 5095 artatis

734 5135 984 5203 corporis
1046 5147 1202 5187 suam
1258 5130 1443 5185 divina
1511 5140 1705 5185 natura
1767 5130 2091 5200 sapientiam
2151 5145 2309 5185 τενε-

736 5224 891 5278 lavit.

805 5315 1044 5372 Omnino
1098 5312 1313 5369 Gabriel
1352 5315 1374 5345 δ
1402 5328 1525 5367 cum
1556 5312 1764 5382 Virgini
1818 5312 2003 5367 laetum
2054 5313 2309 5367 nuntium

805 5449 829 5489 ι¹
854 5449 1089 5520 Philipp.
1127 5465 1184 5513 ιι,
1214 5448 1266 5511 6,
1298 5450 1349 5503 7.
1426 5460 1449 5488 ο
1479 5450 1610 5505 Luc.
1635 5466 1691 5515 ll,
1722 5450 1775 5514 5,
1806 5448 1858 5502 2.

2421 610 2612 681 ῥήξας,
2644 614 2759 667 ἀλλ’
2815 618 3089 687 ἀκήρατον
3155 622 3251 675 καὶ
3306 622 3588 691 ἀνέπαφον
3639 623 3994 695 διαφυλάξας,

2417 703 2511 754 καὶ
2554 705 2614 756 τὸ
2664 706 2805 775 μέγα
2838 708 2997 761 τοῦτο
3053 711 3147 764 καὶ⁸
3207 713 3446 783 ἄρρητον
3497 715 3997 788 θαυματουργήσας

2416 793 2617 863 θαῦμα.

2485 890 2646 957 Μέγα
2689 891 2801 962 γὰρ
2850 892 2927 963 τῷ
2967 893 3081 947 όντι
3124 896 3216 948 καὶ
3258 897 3642 968 ἀκατάληπτον
3693 900 3789 952 καὶ
3836 900 3994 967 λόγου

2414 979 2646 1051 δύναμιν
2694 982 3041 1053 ύπερϐαῖνον,
3077 987 3273 1059 βότρυν
3310 988 3441 1041 ἰδεῖν
3472 991 3535 1042 ἐκ
3564 990 3667 1059 γῆς
3698 990 3828 1042 ἄνευ
3860 995 3995 1062 κλη-

2419 1073 2605 1141 μάτων
2636 1072 3033 1144 βλαστήσαντα,
3070 1082 3215 1132 σῖτον
3248 1079 3377 1134 ἄνευ
3434 1082 3765 1150 σπερμάτων
3798 1081 3994 1148 φύντα,

2416 1164 2619 1231 χιτῶνα
2648 1166 2903 1235 νημάτων
2936 1169 3106 1237 χωρὶς
3140 1172 3233 1222 καὶ
3276 1170 3476 1240 χειρῶν
3515 1172 3824 1239 ὐφαντικῶν
3857 1173 3998 1241 ὑφα-

2417 1250 2634 1318 σμένον,
2665 1253 2829 1323 άρτον
2869 1255 2930 1307 ού
2976 1257 3118 1329 μύλῃ
3161 1258 3254 1309 καὶ
3284 1260 3440 1327 χερσὶ
3468 1260 3563 1312 καί⁸
3586 1261 3719 1330 πυρί
3740 1261 4000 1330 δημιουρ-

2415 1340 2671 1410 γηθέντα,
2734 1344 2851 1397 ἀλλ’
2902 1347 3159 1417 ἀρρήτως
3216 1348 3277 1412 ἐξ
3336 1348 3581 1419 ἀλεύρων
3643 1351 3997 1421 παρθενικῶν

2415 1434 2802 1503 γεγενημένον,
2843 1438 2937 1489 καὶ
2971 1436 3068 1506 τὴν
3114 1440 3444 1510 οἰκουμένην
3472 1441 3823 1509 καλύψαντα’
3858 1443 3999 1512 πρὸς

2416 1524 2472 1576 δὲ
2504 1524 2736 1591 τούτοις,
2800 1526 3068 1599 παρθένον
3115 1530 3300 1600 οἰκείῳ
3352 1530 3542 1601 βρέφει
3574 1531 3743 1602 θηλὴν
3767 1532 3998 1603 ὀρέγου-

2419 1632 2540 1677 σαν,
2572 1618 2666 1669 καὶ
2701 1617 2972 1684 γάλακτος
3011 1619 3353 1689 χορηγοῦσαν
3399 1622 3606 1689 πηγὰς,
3645 1624 3740 1676 καὶ
3777 1624 4001 1692 μητέρα

2415 1706 2717 1775 γενομένην
2782 1708 3208 1779 πεφυλαγμένης
3250 1713 3349 1781 τῆς
3401 1713 3722 1783 παρθενίας,
3782 1712 3998 1782 μητέρα

2415 1798 2717 1868 γενομένην
2759 1797 2858 1869 τὴν
2905 1800 3083 1869 γάμου
3142 1802 3304 1871 νόμον
3332 1804 3392 1855 ού
3421 1803 3742 1874 δεξαμένην,
3784 1804 3999 1873 μητέρα

2418 1888 2717 1959 γενομένην
2746 1889 2840 1960 τὴν
2877 1889 2992 1953 πῶς
3020 1890 3227 1958 γίνεται
3260 1893 3444 1964 μήτηρ
3474 1894 3575 1947 οὑκ
3597 1894 3996 1964 ἐπισταμένην,

2420 1980 2636 2051 μητέρα
2654 1981 2953 2051 γενομένην
2981 1984 3080 2051 τὴν
3105 1986 3337 2051 γυναῖκα
3370 1984 3637 2056 πρότερον
3668 1984 3729 2037 οὑ
3763 1984 3996 2053 γενομέ-

2417 2086 2536 2140 νην,
2565 2070 2680 2123 ἀλλ’
2709 2073 2768 2125 ὲν
2802 2070 3073 2144 παρθενίᾳ
3120 2074 3214 2127 καὶ
3264 2074 3356 2129 τὸν
3402 2076 3564 2144 ὄγκον
3608 2077 3707 2147 τῆς
3754 2076 3997 2147 γαστρὸς

2417 2160 2828 2227 ἑπιδεικνῦσαν,
2861 2164 2957 2216 καὶ
2988 2164 3079 2217 τὸν
3112 2166 3324 2234 καρπὸν
3368 2167 3426 2218 ὲν
3478 2170 3597 2227 ταῖς
3641 2168 3797 2238 χερσὶ
3831 2183 3994 2239 περι-

2416 2252 2708 2321 φέρουσαν,
2743 2254 2838 2305 καὶ
2888 2252 2955 2306 τὰ
3004 2255 3210 2325 μητρὸς
3263 2256 3638 2326 ἐργαζομένην
3680 2256 3997 2328 σωζομένης

2415 2341 2516 2410 τῆς
2550 2340 2867 2411 παρθενίας,
2900 2344 2996 2395 καὶ
3036 2343 3308 2414 παρθένον
3358 2346 3457 2415 μὲν
3496 2346 3595 2415 τὴν
3632 2347 3850 2417 μητέρα
3892 2364 3996 2399 κα-

2415 2432 2707 2503 λουμένην,
2739 2432 2951 2505 μητέρα
2988 2435 3045 2487 δὲ
3083 2436 3183 2505 τὴν
3208 2437 3479 2508 παρθένον
3511 2440 3994 2510 προσαγορευομέ-

2415 2542 2536 2597 νην,
2565 2526 2659 2580 καὶ
2685 2526 2943 2580 τάναντία
2982 2526 3225 2597 ὀνόματά
3256 2546 3315 2582 τε
3371 2531 3466 2584 καὶ
3493 2532 3792 2604 πράγματα
3849 2532 3997 2586 κατὰ

2415 2617 2613 2671 ταυτὸν
2640 2617 3001 2685 συνάγουσαν.

2486 2705 2596 2758 Καὶ
2620 2706 2721 2775 τὴν
2764 2706 3109 2775 ἀνθρωπείαν
3142 2705 3306 2776 φύσιν
3351 2710 3635 2764 ἀναλαϐὼν
3659 2712 3757 2784 τὴν
3783 2714 3994 2768 οἰκείαν

2416 2795 2601 2847 εἰκόνα
2634 2798 2888 2858 νεοποιεῖ,
2919 2798 2987 2866 τῇ
3019 2797 3264 2869 ἁμαρτία
3308 2798 3717 2869 διαφθαρεῖσαν,
3748 2801 3842 2854 καὶ
3899 2802 3997 2858 τὸν

2414 2883 2704 2951 ἀνδριάντα
2756 2883 2847 2936 τὸν
2896 2884 3002 2938 ὑπὸ
3047 2885 3142 2938 τοῦ
3176 2887 3277 2958 τῆς
3317 2889 3580 2958 πονηρίας
3628 2890 3708 2943 ἰοῦ
3745 2890 3995 2944 παλαιω-

2415 2974 2575 3029 θέντα
2602 2977 2817 3028 ἀνανεοί
2844 2976 2936 3028 καὶ
2966 2974 3061 3029 τοῦ
3094 2977 3361 3049 προτέρου
3392 2979 3745 3049 χαριέστερον
3780 2981 3997 3035 δείκνυ-

2416 3083 2519 3130 σιν,
2557 3068 2656 3119 οὑκ
2695 3066 2803 3120 ἀπὸ
2851 3067 2957 3138 γῆς
3006 3068 3083 3131 ὡς
3129 3069 3298 3123 πάλαι
3320 3070 3510 3124 τοῦτον
3558 3071 3993 3145 δημιουργήσας,

2413 3157 2529 3211 ἀλλ’
2579 3159 2738 3222 αὐτὸς
2784 3160 3238 3230 καταδεξάμενος,
3282 3162 3344 3215 ού
3378 3161 3475 3231 τὴν
3516 3162 3667 3216 θείαν
3700 3164 3861 3233 φύσιν
3911 3170 3994 3229 είς

2414 3249 2759 3320 ἀνθρωπείαν
2792 3249 3132 3321 μεταϐαλὼν,
3182 3251 3319 3305 ἀλλὰ
3351 3256 3417 3324 τῇ
3480 3254 3600 3325 θείᾳ
3633 3255 3731 3326 τὴν
3781 3256 3997 3328 ἀνθρω-

2415 3342 2574 3394 πείαν
2612 3341 2874 3410 συνάψας.
2932 3343 3128 3396 Μένων
3166 3343 3275 3414 γὰρ
3304 3344 3333 3396 δ
3365 3340 3454 3415 ἦν,
3513 3345 3704 3399 ἐλαϐεν
3724 3347 3752 3399 ὃ
3781 3350 3882 3401 οὐκ
3903 3345 3995 3418 ἦν.

2426 3434 2515 3486 Ἐν
2564 3437 2744 3505 μορφῇ
2774 3433 2909 3487 Θεοῦ
2957 3433 3055 3501 ὣν,
3091 3435 3248 3488 ἔλαϐε
3280 3437 3380 3508 τὴν
3404 3439 3496 3491 τοῦ
3534 3438 3720 3493 δούλου
3756 3442 3993 3511 μορφὴν,

2414 3528 2579 3597 ἧγουν
2630 3527 2836 3591 οὐσίαν,
2874 3528 2943 3580 ἐν
2998 3526 3313 3597 ὁμοιώματι
3364 3528 3713 3597 ἁνθρὼπου¹
3748 3534 3994 3601 γενόμε-

2412 3640 2540 3688 νος,
2575 3622 2672 3676 καί
2707 3622 2974 3691 σχήματι
3004 3622 3268 3690 εὑρεθεὶς
3291 3624 3369 3689 ὡς
3408 3622 3745 3696 ἅνθρωπος·
3777 3627 3857 3678 ὅτι
3895 3624 3994 3695 τὴν

2413 3712 2684 3783 ἡμετέραν
2732 3714 2896 3781 φύσιν
2950 3713 3110 3782 ἔχων,
3164 3713 3224 3765 οὑ
3289 3714 3431 3766 κατὰ
3474 3715 3651 3767 πάντα
3707 3716 3836 3784 ἡμῖν
3878 3714 3995 3777 ἴσος

2410 3803 2723 3871 ἐτύγχανεν.
2761 3803 3161 3874 Ἐγεννήθημεν
3192 3804 3302 3873 γὰρ
3336 3807 3399 3857 ὲκ
3430 3805 3707 3872 γυναικὸς,
3746 3804 3840 3857 καὶ
3888 3805 3959 3857 αὐ
3980 3836 3992 3845 -

2408 3893 2521 3957 τὸς,
2546 3894 2659 3947 ἀλλ’
2684 3894 2783 3964 οὐχ
2814 3896 3021 3965 ὁμοίως
3064 3897 3221 3965 ἡμῖν·
3251 3897 3314 3949 ὲκ
3350 3895 3685 3966 παρθενικῆς
3725 3896 3833 3967 γὰρ
3882 3897 3993 3967 μή·

2409 4001 2541 4055 τρας
2596 3984 2914 4055 ἐϐλάστησε.
2973 3986 3083 4037 Καὶ
3142 3986 3347 4049 τέλειος
3395 3987 3495 4055 μὲν
3542 3986 3832 4057 ἄνθρωπος
3905 3987 3985 4049 ὡς

2410 4079 2592 4147 ἡμεῖς,
2611 4072 2723 4145 εἶχε
2752 4078 2808 4129 δὲ
2834 4078 2996 4130 πλέον
3033 4077 3192 4149 ήμῶν
3217 4078 3310 4131 τοῦ
3342 4078 3478 4131 Θεοῦ
3510 4079 3684 4147 Λόγου
3724 4080 3822 4149 τὴν
3851 4081 3992 4132 ἐνοί-

2412 4166 2571 4237 κησίν
2601 4182 2658 4219 τε
2695 4165 2789 4218 καὶ
2828 4164 3041 4230 ἕνωσιν,
3077 4166 3172 4219 καὶ
3208 4168 3387 4236 σάρκα
3442 4167 3543 4237 μὲν
3589 4163 3701 4237 εῐχε
3744 4168 3991 4237 ἔμψυχόν

2411 4273 2470 4308 τε
2495 4255 2590 4307 καὶ
2620 4255 2865 4326 λογικὴν,
2898 4256 3145 4327 καθάπερ
3171 4258 3351 4326 ἡμεῖς,
3376 4256 3485 4310 τῶν
3510 4257 3565 4310 δὲ
3583 4257 3683 4326 τῆς
3713 4256 3991 4328 ἁμαρτίας

2414 4344 2727 4413 κινημάτων
2760 4345 2859 4398 οὐκ
2892 4345 3153 4416 ἠνέσχετο
3194 4347 3382 4414 ὥσπερ
3414 4349 3575 4416 ἡμεῖς
3598 4364 3611 4377 ο
3643 4346 3761 4400 ἀλλ’
3795 4353 3855 4404 ἐν
3885 4346 3992 4401 σώ-

2417 4451 2546 4503 ματι
2598 4434 2688 4501 υφ’
2740 4435 3017 4505 ἁμαρτίας
3063 4436 3483 4507 πολεμουμένῳ,
3522 4436 3618 4507 τὴν
3676 4437 3772 4508 τῆς
3814 4439 3989 4509 ἁμαρο

2411 4525 2538 4588 τίας
2572 4525 2832 4579 κατέλυσε
2856 4527 3165 4597 τυραννίδα.

2484 4616 2784 4687 Προκόπτει
2819 4618 2877 4671 δὲ
2911 4616 3099 4689 ἡλικίᾳ
3136 4618 3235 4689 μὲν
3267 4618 3446 4690 σῶμα,
3492 4620 3655 4691 σοφίᾳ
3698 4620 3757 4673 δὲ
3794 4620 3943 4692 ψυχή
3967 4638 3981 4652 ο

2306 4706 2316 4769 ζ
2411 4706 2601 4777 θεότης
2655 4708 2758 4777 γὰρ
2806 4708 3094 4778 οὐδετέραν
3124 4710 3367 4762 ἐπίδοσιν
3413 4710 3753 4780 ἐπιδέχεταιο
3784 4711 3984 4763 παντέ-

2411 4799 2552 4859 λειος
2577 4798 2683 4867 γὰρ
2702 4800 2729 4850 ὁ
2748 4798 2841 4850 τοῦ
2867 4796 3001 4850 Θεοῦ
3027 4798 3196 4866 Λόγος
3215 4815 3228 4829 ·
3259 4796 3482 4862 εἰκότως
3514 4799 3570 4851 δὲ
3599 4791 3886 4865 συνέζευξε
3914 4805 4002 4873 τῇ,

2414 4888 2513 4958 τῆς
2546 4888 2758 4957 ἡλικίας
2790 4887 3013 4959 αὐξήσει
3040 4887 3136 4958 τὴν
3182 4888 3279 4955 τῆς
3304 4887 3493 4956 σοφίας
3529 4890 3769 4942 ἐπίδοσιν
3791 4906 3802 4918 ’
3845 4894 3985 4961 πρὸς

2414 4982 2521 5052 γὰρ
2570 4980 2630 5036 τὸ
2665 4983 2862 5052 μέτρον
2898 4983 2996 5051 τῆς
3040 4982 3133 5035 τοῦ
3174 4981 3423 5053 σώματος
3450 4983 3668 5051 ἡλικίας
3713 4985 3989 5041 ἀπεκάλυ-

2415 5088 2547 5126 πτεν
2586 5072 2619 5142 ἡ
2655 5071 2772 5126 θεία
2798 5071 2958 5141 φύσις
2989 5073 3087 5143 τὴν
3113 5072 3318 5127 οἰκείαν
3352 5073 3563 5143 σοφίαν.

2502 5311 2717 5382 Ἀμέλει
2744 5313 2771 5367 ό
2797 5311 3035 5383 Γαϐριὴλ
3069 5312 3169 5382 τὴν
3202 5312 3477 5383 Παρθένον
3498 5312 3986 5383 εὐαγγελιζόμενος

2030 5561 2267 5617 VARIAE
2304 5561 2708 5617 LECTIONES.

810 5679 829 5711 ²
856 5676 1122 5747 ιοοοηοίι.
1145 5680 1267 5747 ειοε.
1312 5673 1631 5744 ἀνθρώπων.
1704 5674 1915 5747 {Porro
1946 5683 2144 5739 autem,
2175 5684 2293 5747 _etc_.
2340 5674 2422 5747 Ad
2473 5678 2772 5747 marginem
2821 5681 3005 5747 posuit
3045 5680 3345 5736 Garnerius
3374 5700 3386 5733 :
3420 5700 3436 5731 ι
3468 5681 3541 5734 Ex
3567 5680 3707 5735 libro
3740 5682 3987 5736 secundo

737 5745 1058 5813 Pentalogii.
1088 5764 1105 5794 ι
1144 5746 1261 5799 Νοη
1287 5752 1461 5799 exstat
1485 5752 1666 5799 autem
1707 5745 1808 5798 iste
1849 5746 2003 5798 locus
2046 5759 2075 5797 a
2119 5745 2189 5797 ud
2242 5745 2468 5800 Marium
2517 5745 2893 5803 Mercatorein.
2972 5748 3233 5805 ‘Omm'uo
3273 5749 3504 5811 Gabriel,
3553 5760 3659 5805 etc.
3713 5750 3792 5803 Ad
3842 5765 3989 5803 mar-

739 5820 920 5870 cinem
969 5814 1157 5870 eadem
1202 5815 1364 5870 verba
1405 5824 1559 5870 erant
1608 5815 1802 5870 posita.
1851 5814 2037 5870 addito
2081 5761 2399 5870 ﬁlercatoris
2431 5817 2672 5870 nomine.
2705 5818 2860 5870 cuius
2879 5820 3044 5870 verba
3086 5819 3551 5870 interpretationis
3581 5820 3701 5870 loco
3734 5818 3789 5870 in
3831 5829 3986 5870 textu

739 5820 920 5892 ginem
969 5814 1157 5871 eadem
1202 5815 1364 5870 verba
1405 5824 1559 5870 erant
1608 5815 1802 5885 posita,
1851 5814 2037 5872 addito

2136 5816 2399 5873 creatoris
2431 5817 2672 5886 nomine,
2705 5818 2860 5889 cujus
2879 5820 3045 5877 verba
3085 5819 3551 5893 interpretationis
3581 5820 3701 5875 loco
3734 5818 3789 5875 in
3831 5829 3986 5877 textu
