4208 6440
755 413 823 480 71
1954 410 2271 471 OPERUM
2310 411 2797 474 THEODORETI
3962 434 4036 494 ’ῃ

822 531 979 589 bnde
1055 544 1292 601 puerum
1350 529 1600 583 nominat
1641 527 1870 593 Jesum,
1924 527 2335 597 appellationen

2529 530 2747 584 Παιδίον
2776 532 2885 601 γὰρ
2921 531 3177 603 ὀνομάζει
3223 534 3316 588 τὸν
3373 537 3600 609 Ἰησοῦν,
3628 544 3695 613 τῇ
3729 548 4034 619 φαινομένῃ

757 626 900 679 hanc
949 634 1165 677 natura:
1220 622 1493 685 tribuens,
1549 635 1674 689 quae
1732 620 1974 674 videtur.
2030 619 2153 687 Ipsa
2194 618 2345 672 enim

755 716 1058 778 crescebat,
1089 715 1363 785 siquidem
1389 728 1593 782 corpus
1613 713 1728 767 suis
1749 712 2107 767 incrementis
2137 726 2337 780 seque-

756 807 920 861 batur
954 816 1164 861 natura:
1188 806 1381 874 legem.

820 901 892 955 Et
951 898 1348 968 confortabatur
1405 893 1610 967 Spiritu
1651 912 1669 949 :
1706 894 1801 963 qui
1848 907 2045 961 nempe
2093 893 2167 955 ei,
2215 907 2342 947 cum

699 1066 702 1069 _
754 992 1107 1053 formaretur,
1152 988 1375 1053 aderat;
1424 1002 1663 1056 cumque
1712 994 2091 1054 generaretur,
2126 1000 2191 1039 ac
2243 984 2343 1039 ba-

754 1085 1082 1155 ptizaretur,
1107 1091 1167 1136 et
1192 1080 1457 1134 miracula
1490 1086 1754 1148 patraret.

867 1174 1065 1229 Plenus
1117 1173 1413 1243 sapientia,
1474 1169 1656 1223 innuit
1708 1176 1920 1222 naturae
1980 1165 2345 1221 inhabitantis

748 1267 1278 1330 manifestationem,
1336 1279 1459 1333 qua:
1503 1261 1768 1331 paulatim
1821 1262 2017 1315 fieret:
2064 1260 2130 1313 Et
2161 1258 2339 1329 gratia

750 1361 847 1414 Dei
868 1368 982 1413 erat
1008 1361 1062 1412 in
1100 1358 1215 1412 illo.
1248 1386 1319 1396 —-
1349 1354 1411 1408 In
1443 1357 1556 1425 ipso
1609 1356 1748 1407 enim
1780 1354 1983 1407 habitat
2024 1352 2195 1407 omnis
2227 1350 2334 1421 ple-

750 1452 935 1504 nitutlo
971 1448 1260 1502 divinitatis
1295 1445 1647 1514 corporaliter
1682 1447 1725 1496 i.

816 1542 943 1596 Harc
992 1540 1160 1595 Isaias
1197 1554 1420 1608 quoque
1459 1552 1585 1591 cum
1618 1536 1967 1606 pratdiccret,
2020 1534 2336 1589 clamabat:

752 1635 1067 1704 Egredictur
1111 1633 1260 1701 virga
1310 1629 1373 1682 de
1434 1629 1612 1682 radice
1655 1628 1821 1689 Jcsse,
1864 1635 1913 1679 et
1941 1629 2037 1697 ﬂos
2068 1627 2130 1679 de
2167 1627 2341 1679 radice

750 1726 864 1793 ejus
897 1722 1161 1783 ascendet,
1192 1728 1241 1772 et
1271 1721 1555 1785 requiescet
1590 1735 1751 1787 super
1796 1734 1915 1770 eum
1955 1716 2187 1786 Spiritus
2217 1716 2335 1778 Dei,

747 1820 963 1886 spiritus
996 1816 1269 1884 sapientia:
1315 1820 1361 1864 et
1398 1809 1718 1873 intellectus,
1769 1810 1989 1879 spiritus
2040 1807 2247 1861 consilii
2289 1815 2338 1859 et

2450 624 2610 690 φύσει
2639 624 2736 694 τὴν
2771 626 3142 696 προσηγορίαν
3171 628 3377 698 ταύτην
3394 630 3581 695 τιθείς.
3624 636 3771 705 Αὐτὴ
3799 637 3909 710 γάρ
3930 639 4033 711 ηῠ-

2449 714 2604 779 ξανεο
2644 716 2804 787 σῶμα
2848 718 2958 789 γὰρ
2986 712 3055 786 ἦν
3076 718 3219 772 κατὰ
3252 721 3418 792 μέρος
3456 725 3772 796 προϐαῖνον,
3802 730 3899 784 καὶ
3926 731 4033 801 φύ-

2449 822 2588 869 σεως
2617 809 2764 878 ὅροις
2794 810 2895 861 έπό
2901 827 3080 879 μενον.

2518 898 2629 951 Καὶ
2666 898 3057 966 ἐκραταιοῦτο
3091 905 3419 974 Πνεύματι·
3448 905 3478 959 δ
3505 908 3598 960 καὶ
3644 909 4003 985 πλαττομένῳ
4021 957 4035 975 ,

2454 990 2549 1042 καὶ
2578 992 2906 1063 τικτομένῳ,
2939 995 3038 1049 καὶ
3098 996 3502 1070 βαπτιζομένῳ,
3539 1002 3634 1053 καὶ
3684 1002 4036 1076 θαυματουρ-

2448 1083 2634 1152 γοῦντι
2666 1087 2870 1157 παρῆν.

2513 1179 2945 1247 Πληρούμενον
2982 1183 3226 1252 σοφίας,
3268 1184 3368 1255 τὴν
3407 1184 3552 1240 κατὰ
3609 1185 3775 1257 μέρος
3816 1189 4038 1243 ἀποκά-

2442 1264 2603 1334 λυψιν
2660 1269 2897 1324 ἐνταῦθα
2947 1276 3046 1343 τῆς
3083 1274 3401 1346 ένοικούσης
3444 1277 3745 1331 αἰνίττεται
3790 1279 4031 1346 φύσεως.

2441 1357 2551 1410 Καὶ
2583 1358 2757 1425 χάρις
2786 1362 2936 1416 Θεοῦ
2961 1360 3052 1434 -ἥν
3070 1365 3362 1432 ἐπάὑτῷ.
3399 1369 3502 1423 Ἐν
3522 1368 3715 1434 αὐτῷ’
3751 1370 3863 1439 γὰρ
3891 1388 4036 1425 κατ-

2452 1451 2609 1504 οικεῖ
2633 1451 2756 1506 πᾶν
2774 1453 2841 1505 τὸ
2864 1455 3157 1526 πλήρωμα
3180 1457 3286 1527 τῆς
3318 1460 3598 1527 θεότητος
3626 1462 4001 1531 σωματικῶς.

2512 1542 2698 1596 Ταῦτα
2734 1548 2829 1598 καὶ
2870 1546 3539 1621 Ἡσαΐαςπροαγορεύων⁹
3570 1553 3724 1607 ὲὸόαο
3769 1555 4030 1619 Ἐξελεὸ-

2441 1647 2611 1686 σεται
2643 1635 2868 1702 ῥάϐδος
2904 1638 2975 1692 ἐκ
3012 1640 3121 1707 τῆς
3141 1640 3311 1708 ῥίζης
3340 1643 3586 1709 Ἰεσσαί,
3620 1645 3717 1698 καί
3750 1646 3933 1713 ἄνθος
3961 1648 4031 1700 ἐκ

2439 1723 2550 1791 τῆς
2581 1723 2749 1791 ῥίζης
2786 1727 3182 1796 ἀναϐήσεται,
3214 1732 3312 1785 καί
3352 1734 3769 1789 ἀναπαύσεται
3793 1736 3889 1789 ἐπ’
3926 1739 4034 1791 αὐ-

2438 1816 2546 1867 τὸν
2584 1815 2827 1885 Πνεῦμα
2864 1818 3041 1886 Θεοῦ,
3072 1822 3307 1891 πνεῦμα
3331 1826 3555 1894 cogo/ac
3573 1827 3670 1880 καί
3696 1829 4030 1895 συνέσεως,

750 1907 1098 1977 fortitudinis,
1130 1905 1348 1975 spiritus
1395 1903 1627 1956 scicntia:
1654 1911 1704 1954 et
1733 1901 1987 1970 pietatis;
2028 1909 2077 1952 et
2126 1897 2335 1969 replebit

2449 1904 2685 1973 πνεῦμα
2733 1906 2975 1974 ,ϐουλῆς
3028 1910 3128 1962 καὶ
3178 1911 3416 1980 ἰσχύος,
3467 1914 3705 1983 πνεῦμα
3750 1914 4033 1983 γνώσεως

748 2015 867 2054 eum
894 2000 1110 2069 spiritus
1142 1996 1343 2048 timoris
1368 1993 1465 2047 Dei
1486 1992 1498 2042 i
1518 2032 1532 2045 .
1560 1992 1738 2062 Atque
1769 1991 1887 2045 haec
1916 1998 2067 2044 tanta
2096 2000 2181 2044 est
2208 2006 2340 2059 pro-

748 2092 982 2161 phetica:
1001 2098 1057 2142 ct
1079 2087 1406 2157 evangelica:
1424 2084 1837 2156 przedicationis
1852 2083 2173 2139 concordia.
2198 2082 2338 2137 Cum

751 2183 921 2254 igitur
953 2183 1106 2250 121
1141 2181 1300 2234 audis
1327 2198 1339 2232 :
1378 2179 1517 2232 Puer
1543 2178 1829 2239 crescebat,
1856 2185 1902 2229 et
1934 2175 2341 2245 confortabatur

749 2276 958 2342 spiritu,
986 2283 1042 2326 et
1066 2274 1120 2326 in
1146 2286 1310 2340 quam
1336 2270 1507 2323 verba
1539 2270 1655 2323 haec
1694 2277 1948 2322 naturam
1980 2265 2336 2331 conveniant,

749 2368 1031 2440 inquirere
1077 2366 1317 2420 Volueris
1361 2383 1373 2418 :
1422 2370 1699 2418 memento
1732 2370 1789 2414 et
1837 2359 2039 2414 radicis
2068 2360 2243 2422 Jessc,
2273 2367 2328 2412 ct

748 2462 951 2531 virgae,
988 2470 1042 2514 ct
1086 2458 1238 2512 floris
1284 2456 1412 2511 inde
1467 2454 1821 2524 pullulantis,
1862 2462 1920 2506 et
1949 2451 2225 2505 visibilem
2259 2450 2343 2503 in-

748 2553 935 2609 venies
967 2551 1171 2605 Christi
1214 2558 1491 2609 naturam,
1544 2562 1651 2600 non
1704 2548 1835 2598 item
1886 2542 2222 2597 invisibilem
2272 2542 2341 2595 ab

746 2645 1081 2717 evangelista
1109 2652 1165 2698 et
1200 2641 1469 2712 propheta
1503 2637 1857 2693 occultatam.

815 2828 953 2883 Cum
996 2825 1165 2895 igitur
1209 2822 1409 2877 audis:
1444 2820 1597 2873 Iesus
1638 2819 1945 2890 proﬁciebat
1973 2816 2237 2888 sapientia
2292 2824 2341 2870 et

750 2922 944 2991 gratia,
995 2919 1180 2972 animo
1226 2914 1530 2986 perpende,
1576 2912 1711 2981 quid
1735 2909 2008 2980 sapientia
2052 2919 2109 2963 et
2164 2909 2338 2975 gratia

744 3013 1030 3085 proﬁciat;
1063 3018 1118 3064 et
1147 3008 1304 3062 facile
1336 3005 1610 3073 intelliges
1631 3004 1873 3056 animum
1899 3014 2021 3054 esse
2037 2998 2336 3070 ejusmodi,

746 3121 854 3161 non
879 3103 1244 3163 divinitatem,
1285 3113 1407 3167 qum
1436 3094 1676 3165 perfecta
1718 3108 1938 3161 semper
1970 3097 2075 3154 est,
2102 3103 2338 3159 qumque

744 3214 840 3255 eos
868 3196 961 3267 qui
993 3194 1143 3265 digni
1173 3200 1322 3254 sunt,
1355 3190 1631 3259 sapientes
1661 3186 1854 3249 efficit,
1888 3183 2027 3237 nihil
2056 3183 2203 3235 enim
2234 3181 2335 3235 ho—

746 3306 871 3343 rum
910 3283 1186 3341 divinitati
1217 3280 1477 3336 convenit
1508 3297 1521 3333 :
1558 3277 1654 3334 sed
1689 3286 1848 3331 astate
1874 3274 2097 3343 quidem
2132 3288 2334 3341 corpus

746 3379 983 3450 proficit,
1007 3375 1277 3447 sapientia
1309 3387 1444 3427 vero
1471 3371 1725 3435 animus;
1765 3383 1864 3422 nec
1910 3367 2002 3421 ille
2033 3376 2214 3420 tamen
2243 3380 2329 3417 ra-

747 3473 913 3527 tionis
945 3484 1175 3538 expers,
1208 3466 1303 3520 sed
1340 3464 1613 3535 particeps
1651 3472 1865 3515 tantum
1896 3478 1908 3512 :
1945 3475 2013 3514 ex
2058 3474 2168 3528 quo
2198 3473 2333 3513 con-

744 3574 874 3628 stat,
926 3563 1163 3615 animam
1217 3556 1538 3611 rationalem
1579 3569 1611 3607 a
1638 3553 1818 3607 Verbo
1860 3553 1972 3606 Deo
1996 3558 2331 3620 assumptam

743 3670 884 3711 εδει).

814 3744 885 3799 Ut
940 3739 1255 3796 summatim
1316 3736 1518 3799 dicam,
1574 3733 1793 3805 genitus
1842 3733 2238 3789 admirabiliter
2265 3748 2333 3788 ex

743 3844 932 3892 sancta
964 3834 1187 3904 Virgine
1226 3831 1480 3886 Christus
1512 3827 1778 3882 Dominus
1825 3826 2028 3897 (neque
2065 3827 2215 3880 enim
2251 3826 2333 3892 ip-

743 3945 866 3983 sum
894 3928 973 3980 fas
1001 3935 1085 3980 est
1115 3934 1238 3993 post
1266 3930 1504 3991 partum,
1544 3918 1630 3972 vel
1663 3918 1841 3971 solum
1876 3918 2049 3970 Deum
2081 3916 2329 3970 Verbum

651 4013 653 4015 ’
744 4023 1041 4091 appellare,
1095 4017 1181 4070 vel
1237 4014 1517 4067 hominem
1577 4010 1865 4063 divinitate
1921 4008 2173 4071 nudum,
2235 4006 2331 4061 sed

742 4114 1024 4169 Christum
1061 4130 1073 4162 :
1118 4124 1229 4177 quo
1268 4105 1489 4159 nomine
1524 4112 1755 4171 utraque
1785 4108 2004 4163 natura,
2042 4114 2332 4153 assumens

744 4205 960 4260 scilicet
999 4217 1063 4256 ac
1110 4207 1411 4266 assumpta,
1462 4191 1847 4264 significatur),
1899 4192 2083 4244 omnia
2142 4198 2330 4245 nostra

745 4306 945 4369 praeter
977 4301 1265 4364 peccatum
1299 4286 1566 4355 suscipit;
1617 4301 1730 4339 non
1760 4299 1920 4337 secus
1958 4298 2023 4337 ac
2067 4281 2326 4347 infantes,

744 4389 928 4443 fasciis
960 4384 1285 4445 involvitur;
1326 4380 1572 4434 nutritur
1601 4378 1763 4440 lacte,
1812 4383 1869 4429 et
1906 4375 2205 4429 mamillam
2232 4390 2328 4428 su-

743 4481 856 4551 git;
882 4476 1138 4531 manibus
1167 4471 1577 4532 circumfertur,
1625 4482 1690 4521 ac
1739 4466 2046 4536 imponitur
2073 4466 2285 4535 gremio
2312 4482 2326 4531 ;

743 4569 1048 4626 secundum
1099 4567 1272 4634 legem
1318 4559 1758 4623 circumciditur,
1798 4565 1855 4612 et
1908 4557 2105 4611 hostiis
2143 4557 2332 4626 expia-

746 4661 980 4717 trieibus
1006 4665 1290 4727 purgatur,
1338 4668 1465 4706 cum
1492 4666 1629 4704 nova
1671 4650 1763 4711 sit,
1813 4664 1877 4702 ac
1914 4649 2029 4702 sola
2052 4657 2331 4702 terrarum

746 4752 899 4808 orbis
924 4749 1125 4809 hostia,
1150 4756 1314 4816 atque
1337 4759 1510 4813 agnus
1539 4742 1633 4811 qui
1660 4741 1890 4794 abstulit
1919 4748 2143 4809 peccata
2170 4755 2345 4792 muti--

748 4846 837 4910 di;
864 4860 895 4897 a
918 4843 1173 4896 Simeone
1199 4839 1479 4896 aduratur.
1506 4833 1779 4901 simulque
1804 4833 2111 4902 appellatur
2135 4831 2334 4885 Serva-

751 4944 836 4989 tor
862 4944 920 4989 et
956 4933 1220 4987 Dominus
1250 4948 1262 4983 :
1295 4929 1433 4998 fugit
1483 4925 1754 4979 Herodem
1790 4939 1915 4978 cum
1954 4932 2126 4977 matre
2177 4924 2335 4992 122

748 5035 955 5080 etcum
987 5033 1192 5080 tutore,
1222 5020 1376 5075 venit
1408 5020 1462 5071 in
1493 5020 1508 5037 ‘
1540 5015 1833 5086 IEgyptum
1858 5054 1871 5076 ,
1910 5013 2038 5067 inde
2066 5013 2232 5077 redit,
2268 5013 2336 5068 ti-

748 5125 861 5170 met
889 5114 1246 5175 Archelaum,
1284 5109 1656 5163 Nazarethum
1691 5104 1922 5167 secedit,
1954 5110 2113 5159 aztate
2148 5118 2212 5157 ac
2245 5117 2333 5156 sa-

748 5208 956 5279 pientia
994 5204 1230 5275 prolicit,
1268 5199 1594 5271 parentibus
1622 5196 1878 5251 subditus
1911 5203 2024 5260 est;
2050 5196 2201 5250 omni
2233 5196 2335 5249 ho—

748 5312 884 5352 nore
927 5296 1080 5358 colit,
1111 5309 1218 5347 non
1245 5300 1477 5345 matrem
1513 5286 1697 5349 modo,
1722 5286 1815 5339 sed
1852 5294 1909 5339 et
1946 5284 2139 5339 matris
2167 5299 2337 5354 spon-

748 5403 872 5443 sum
920 5385 1143 5456 quidem
1179 5383 1330 5446 olim,
1381 5387 1570 5448 postea
1618 5390 1751 5429 vero
1805 5383 2120 5429 curatorem
2173 5382 2338 5445 atque

823 5530 841 5568 ί
876 5526 1085 5582 Coloss.
1113 5539 1170 5588 ιι,
1194 5522 1248 5577 9.
1315 5518 1328 5569 i
1365 5518 1469 5573 lsa.
1512 5532 1585 5580 ιι,
1618 5515 1670 5580 l,
1698 5515 1751 5569 2.

2444 1996 2541 2048 καὶ
2586 1999 2925 2065 εὐσεϐείας’
2990 2001 3230 2071 πνεῦμα
3294 2004 3482 2072 φόϐου
3541 2006 3690 2060 Θεοῦ
3730 2007 4033 2077 ἐμπλήσει

2442 2089 2649 2143 αὐτόν.
2689 2092 2935 2163 Τοσαύτη
2967 2094 3079 2146 τῶν
3108 2096 3466 2167 προφητικῶν
3512 2098 3606 2151 καὶ
3658 2099 4033 2168 εὐαγῇλικῶν

2443 2180 2816 2249 κηρυγμάτων
2864 2186 2897 2252 ἡ
2952 2186 3259 2255 συμφωνία.
3292 2186 3461 2240 Ὅταν
3523 2191 3699 2242 τοίνυν
3754 2192 4030 2261 ἀκούσῃς,

2449 2265 2520 2320 Τὸ
2554 2268 2795 2322 παιδίον
2823 2272 3073 2339 ηὔξανε,
3124 2275 3224 2328 καὶ
3274 2273 3663 2345 ἐκραταιοῦτο
3712 2281 4029 2349 πνεύματι,

2443 2361 2536 2412 καὶ
2583 2360 2680 2431 τὴν
2723 2362 2886 2430 φύσιν
2926 2365 3183 2429 ἐξετάσαι
3212 2367 3469 2440 θελήσῃς,
3497 2372 3878 2441 ἀναμνήσθητι
3928 2372 4033 2441 τῆς

2445 2452 2602 2523 ῥίζης
2650 2454 2869 2520 Ἰεσσαὶ,
2908 2458 3001 2510 καὶ
3048 2459 3145 2529 τῆς
3179 2460 3401 2528 ῥάϐδου,
3436 2463 3531 2514 καὶ
3564 2463 3657 2516 τοῦ
3707 2464 3902 2528 ἄνθους
3932 2466 4029 2518 τοῦ

2442 2546 2652 2598 ἐκεῖθεν
2717 2546 3143 2619 βλαστήσαντος·
3186 2554 3282 2606 καὶ
3333 2553 3590 2624 εὑρήσεις
3642 2554 3736 2607 τοῦ
3786 2556 4031 2627 Χριστοῦ

2442 2636 2540 2706 τὴν
2578 2640 2911 2711 φαινομένην
2952 2642 3135 2710 φύσιν,
3162 2644 3277 2697 ἀλλ’
3317 2645 3377 2697 οὑ
3404 2645 3503 2717 τὴν
3524 2648 3757 2717 ἀόρατον
3790 2650 3896 2702 ὑπὸ
3928 2650 4027 2704 τοῦ

2461 2731 2853 2798 εὐαγγελιστοῦ
2885 2734 2980 2787 καὶ
3014 2734 3106 2789 τοῦ
3148 2737 3429 2808 προφήτου
3461 2742 3864 2812 κρυπτομένην.

2520 2822 2689 2875 Ὅταν
2723 2820 2815 2877 οὗν
2850 2826 3112 2897 ἀκούσῃς,
3149 2830 3231 2881 ὅτι
3283 2830 3527 2897 Ἰησοῦς
3561 2833 3895 2900 προέκοπτε
3920 2852 4029 2890 σε-

2440 2914 2549 2981 φίᾳ
2573 2916 2668 2968 καὶ
2701 2915 2913 2984 χάριτες
2952 2918 3207 2983 ἐξέτασον
3242 2921 3394 2992 παρὰ
3426 2923 3628 2993 σαυτῷ,
3663 2927 3714 2977 τί
3747 2926 3806 2978 τὸ
3827 2927 4033 2997 προκό-

2442 3023 2574 3058 πτον
2593 3008 2754 3078 σοφίᾳ
2772 3008 2863 3061 καὶ
2879 3009 3082 3079 χάριτι,
3110 3013 3203 3064 καὶ
3222 3012 3476 3082 εὑρήσεις
3493 3014 3690 3085 ψυχὴν,
3718 3018 3777 3069 ού
3799 3017 4029 3088 θεότητα

2440 3095 2538 3165 τὴν
2581 3096 2666 3148 ἀεὶ
2698 3097 2909 3151 τελείαν
2946 3099 3044 3168 τὴν
3075 3102 3202 3163 τοὺς
3236 3100 3419 3165 ἀξίους
3476 3104 3831 3172 σοφίζουσαν·
3870 3108 4027 3159 οὐδὲν

2442 3188 2551 3257 γὰρ
2589 3187 2796 3240 τούτων
2835 3190 3097 3260 ἁρμόττει
3136 3192 3351 3263 θεότητι
3375 3209 3387 3222 ·
3421 3195 3536 3247 ἀλλ’
3572 3196 3761 3268 ἡλικίᾳ
3811 3199 3911 3268 μὲν
3962 3203 4027 3253 τὸ

2441 3279 2601 3348 σῶμα
2637 3280 2957 3347 προκόπτει,
3011 3284 3169 3352 σοφίᾳ
3209 3284 3264 3336 δὲ
3308 3287 3340 3356 ή
3380 3286 3546 3357 ψυχὴ,
3580 3288 3675 3357 οὐχ
3722 3291 3753 3356 ή
3802 3289 4020 3357 ἄλογος,

2434 3372 2550 3426 ἀλλ’
2577 3374 2615 3443 ἡ
2641 3372 2833 3443 λογική
2857 3391 2869 3405 ·
2904 3374 2961 3440 ἐξ
3003 3367 3064 3427 οὗ
3102 3376 3281 3447 δῆλον,
3323 3378 3405 3431 ὅτι
3458 3379 3553 3432 καὶ
3586 3380 3811 3453 λογικὴν
3839 3382 4022 3453 ψυχὴν

2434 3465 2462 3515 ὁ
2484 3462 2616 3527 Θεὸς
2647 3465 2819 3532 Λόγος
2846 3466 3119 3537 ἀνείληφε.

2518 3725 2606 3778 Ἐν
2632 3725 2913 3795 κεφαλαίῳ
2939 3727 2979 3758 ¹⁰
3004 3728 3061 3781 δὲ
3090 3729 3285 3793 εἰπεῖν,
3332 3730 3547 3799 τεχθεὶς
3602 3732 3924 3803 παραδόξως
3954 3736 4022 3789 ὲκ

2433 3817 2535 3887 τῆς
2588 3819 2751 3887 ἁγίας
2798 3819 3074 3888 Παρθένου
3117 3822 3145 3873 ὁ
3194 3822 3473 3891 Δεσπότης
3506 3823 3742 3892 Χριστὸς
3778 3824 3859 3897 (οὑ
3911 3829 4023 3896 γὰρ

2434 3910 2625 3977 ἐναγὲς
2673 3913 2810 3980 μετὰ
2842 3912 2934 3963 τὸν
2985 3912 3223 3981 τόκον,ἢ
3266 3912 3399 3966 Θεὸν
3440 3914 3615 3981 Λόγον
3655 3916 3812 3984 μόνον
3855 3918 4020 3972 αὐτὸν

2434 4002 2883 4072 προσαγορεύειν,
2926 4003 2959 4073 ἢ
3012 4003 3298 4074 ἄνθρωπον
3350 4008 3776 4076 γεγυμνωμένον
3826 4008 4020 4079 θεότη-

2431 4110 2543 4156 τος,
2578 4094 2713 4146 ἁλλά
2744 4093 2998 4164 Χριστὸν,
3032 4095 3061 4146 ὃ
3094 4096 3362 4166 ἑκατέραν
3387 4097 3568 4165 φύσιν,
3601 4099 3702 4168 τήν
3729 4116 3786 4151 τε
3824 4100 4022 4155 1360-3-

2434 4201 2553 4248 σαν,
2586 4185 2680 4237 καὶ
2724 4184 2821 4256 τὴν
2868 4185 3168 4257 ληφθεῖσαν
3207 4187 3401 4259 δηλοῖ),
3443 4190 3619 4242 πάντα
3661 4190 3731 4242 τὰ
3774 4193 4021 4263 ἡμέτερα

2434 4274 2574 4346 πλὴν
2629 4277 2904 4348 ἁμαρτίας
2970 4279 3327 4348 καταδέχεται
3388 4280 3557 4350 πάθη.
3603 4283 4021 4352 Σπαργανοῦται

2432 4368 2831 4436 παραπλησίως
2874 4370 2987 4432 τοῖς
3041 4369 3285 4441 βρέφεσι,
3323 4372 3415 4423 καὶ
3460 4372 3691 4439 γάλακτι
3734 4375 4018 4444 τρέφεται,

2431 4461 2523 4513 καὶ
2559 4459 2890 4529 τιθηνεῖται,
2950 4464 3043 4515 καὶ
3098 4465 3256 4533 χερσὶ
3312 4465 3706 4535 περιφέρεται,
3750 4469 3846 4520 καὶ
3897 4470 4024 4523 κόλ-

2364 4576 2407 4632 D
2435 4569 2557 4614 ποις
2596 4552 2891 4611 ὲντίθεται,
2935 4554 3028 4606 καὶ
3068 4555 3208 4606 κατὰ
3266 4555 3431 4624 νόμον
3465 4556 3871 4626 περιτέμνεται,
3924 4561 4021 4613 καί⁵

2434 4643 2751 4714 καθαρσίοις
2788 4643 3130 4714 καθαίρεται,
3164 4647 3196 4716 η
3234 4645 3394 4717 καινὴ
3429 4647 3524 4698 καὶ
3554 4648 3687 4718 μόνη
3724 4648 3821 4717 τῆς
3840 4650 4021 4703 οἰκου-

2440 4735 2607 4805 μένης
2638 4734 2819 4798 θυσία,
2851 4736 2878 4787 ὁ
2902 4734 2995 4787 τοῦ
3011 4736 3216 4806 κόσμου
3234 4737 3333 4807 τὴν
3351 4738 3623 4809 ἁμαρτίαν
3636 4739 3773 4808 ἄρας
3807 4741 3979 4808 ἀμνὸς
4003 4760 4016 4773 υ

2437 4826 2547 4878 ὑπὸ
2606 4825 2700 4877 τοῦ
2743 4824 2968 4894 Συμεὼν
3015 4828 3425 4897 προσκυνεῖται,
3488 4830 3581 4880 καὶ
3638 4829 3827 4900 Σωτὴρ
3878 4831 4018 4901 ὁμοῦ

2436 4918 2529 4971 καὶ
2559 4917 2833 4985 Δεσπότης
2886 4917 3393 4988 προσαγορεύεται⁶
3425 4918 3615 4988 φεύγει
3645 4919 3737 4971 τὸν
3773 4921 4021 4993 Ἡρώδην

2438 5007 2580 5076 μετὰ
2612 5006 2713 5075 τῆς
2748 5006 2957 5076 μητρὸς
2991 5007 3085 5058 καὶ
3115 5006 3208 5058 τοῦ
3240 5006 3553 5077 κηδεμόνος,
3606 5008 4019 5077 καταλαμϐάνει

2432 5101 2530 5169 τὴν
2559 5098 2851 5166 Αἴγυπτον,
2893 5097 3250 5167 ἐπανέρχεται
3289 5098 3472 5165 πάλιν,
3512 5099 3719 5169 ἀγωνιᾷ
3764 5101 3856 5153 τὸν
3897 5102 4020 5170 Ἀρ-

2433 5191 2649 5260 χέλαον,
2701 5191 2781 5252 είς
2830 5190 2931 5258 τὴν
2966 5188 3221 5259 Ναζαρὲο
3272 5189 3656 5261 παραγίνεται,
3692 5192 3880 5261 ἡλικίᾳ
3924 5195 4021 5247 καὶ

2439 5283 2600 5353 σοφίᾳ
2634 5284 2955 5354 προκόπτει,
2988 5282 3349 5335 ὑποτάττεται
3392 5285 3503 5345 τοῖς
3549 5284 3787 5352 γονεῦσι,
3836 5286 4020 5355 πάσης

2437 5375 2579 5439 ἀξιοῖ
2608 5374 2776 5444 τιμῆς
2808 5372 2870 5427 οὺ
2906 5372 3004 5443 τὴν
3050 5374 3262 5445 μητέρα
3294 5375 3473 5445 μόνον,
3516 5375 3652 5429 ἀλλά
3677 5378 3771 5430 καὶ
3798 5377 3889 5431 τὸν
3919 5379 4017 5448 τῆς

2033 5605 2271 5661 VARUE
2304 5605 2705 5663 LECTIONES.

823 5727 845 5758 ⁸
868 5733 924 5783 ὲν
948 5729 1126 5806 αὐτῷ..
1149 5727 1277 5806 Haec
1300 5724 1602 5806 supplenda
1611 5722 1874 5806 fuerunt.
1901 5722 1973 5806 ης
1993 5721 2137 5806 Edit.
2151 5722 2320 5806 pri-or
2346 5723 2945 5806 hab._nposayopeﬁwv.
3019 5727 3059 5758 ¹⁰
3086 5728 3142 5780 ὲν
3171 5725 3471 5800 κεφαλαίῳ,
3506 5742 3559 5779 κ.
3604 5742 3653 5781 τ.
3685 5725 3733 5780 λ.
3762 5724 3845 5780 Ad
3875 5742 4019 5784 mar-

752 5817 933 5875 ginem
974 5783 1156 5872 posuit
1200 5783 1521 5856 Garnérius.
1564 5814 1581 5848 ι
1609 5795 1687 5850 Ex
1720 5794 1817 5850 lib.
1853 5809 1871 5849 ι
1901 5792 2111 5850 Theod.
2143 5783 2217 5847 De
2242 5783 2560 5850 incantati
2693 5783 2704 5797 ’
2752 5783 2765 5798 ’
3246 5783 3259 5798 ’
3418 5783 3432 5800 ⁸
