4208 6440
194 358 255 423 73
1295 354 1762 416 AUCTABIUM.
1803 378 1856 387 -

1803 378 1869 387 -
1912 353 2007 411 ΑΙ)
2044 353 2219 411 TUM.
2264 354 2355 409 Η.
3381 350 3442 409 75

199 472 325 543 μόνα
368 470 469 523 καὶ
517 470 759 540 φύλακα,
808 473 905 534 τὰς
944 474 1201 541 ἐννυμευς
1250 471 1443 541 ἑορτὰς
1501 468 1771 542 ἑορτάζει,
1805 479 1849 532 Α

1805 479 1849 532 Α
1879 467 2190 530 custodem;
2216 468 2488 535 legitimus
2517 469 2760 521 celebrat
2792 469 2907 520 dies
2938 469 3125 530 festos,
3162 467 3365 521 assidet
3395 470 3446 521 in

196 562 546 634 προσεδρεύει
574 563 651 632 τῷ
698 564 852 634 ἱερῷ.
875 564 972 635 τὴν
1006 565 1308 634 Ἰουδαῖκὴν
1340 564 1553 633 ἐλέγχει
1597 566 1771 633 παχύ-

1874 561 2098 629 templo,
2124 559 2407 615 Judaicain
2446 560 2724 628 redarguit
2758 561 3089 614 tarditatem.
3117 559 3281 627 idque
3309 560 3446 613 (Ιιιιιι

194 673 341 724 tnta,
371 655 473 707 καὶ
500 654 665 707 τοῦτο
710 658 859 706 ποιεῖ
894 655 1215 708 δυοκαίδεκα
1252 657 1389 717 τέως
1420 654 1513 724 ἔτη
1538 655 1775 722 γεγονὼς

1872 652 2049 705 decim
2099 667 2273 707 annos
2320 664 2507 716 natus;
2557 655 2824 722 qumritur
2864 667 2892 704 a
2935 651 3278 720 parentibus,
3324 664 3448 703 cum

196 746 325 815 μόνα
370 745 515 815 μετὰ
549 745 642 796 τὸν
672 746 862 807 τόκον,
900 746 1243 814 ἐπιζητεῖται
1287 747 1437 817 παρὰ
1470 746 1579 798 τῶν
1612 762 1776 814 προσ-

1875 743 2099 796 iclictus
2153 755 2327 809 esset;
2380 747 2685 813 arguitura
2718 754 2914 807 matre,
2969 758 3027 796 se
3083 742 3347 803 defendit,
3395 750 3451 795 et

189 837 431 905 ηκὸντων
462 836 831 904 ἀπολειφθεὶς,
864 836 1172 904 ἐγκαλεῖται
1223 836 1372 905 παρὰ
1402 835 1497 903 τῆς
1553 834 1775 905 μητρὸς.

1879 836 2138 904 paulatim
2187 853 2339 891 suam
2394 838 2547 905 quasi
2600 837 2842 891 denudat
2896 835 3255 889 divinitatem.
3310 834 3450 887 Cum

192 927 569 994 ἀπολογεῖται,
586 928 678 978 καὶ
693 927 791 995 ³ηρὲ
802 945 875 994 μα
896 944 1010 989 πως
1042 929 1391 996 παραγυμνοῖ
1406 927 1504 995 τὴν
1522 926 1769 994 θεότητα.

1879 927 2023 979 enim
2056 926 2258 980 diceret
2296 942 2311 979 :
2346 926 2567 980 Sumne
2618 930 2753 994 quod
2793 946 2847 980 tu
2876 930 2956 980 liis
2985 941 3104 995 quw
3145 925 3322 978 Patris
3354 927 3451 976 mei

188 1020 303 1069 Οὐκ
349 1016 560 1069 οῖδατε
580 1018 621 1047 ¹¹
642 1016 771 1085 γὰρ,
813 1017 997 1086 φησὶν,
1038 1016 1125 1068 ὅτι
1153 1017 1220 1069 ἐν
1251 1015 1373 1081 τοῖς
1399 1015 1506 1068 τοῦ
1546 1015 1773 1082 Πατρός

1877 1024 2019 1075 sunt,
2054 1032 2133 1067 me
2166 1032 2275 1069 esse
2304 1026 2541 1087 oporteat
2574 1018 2638 1070 lt?
2666 1019 2905 1071 ostendit
2967 1033 3025 1071 se
3050 1032 3161 1069 non
3191 1016 3453 1070 exsistere

187 1124 299 1174 μου
338 1105 437 1158 δεῖ
460 1103 618 1159 εἶναι
639 1124 752 1175 με;
775 1108 990 1169 δεικνὺς
1019 1108 1095 1169 ὡς
1125 1108 1183 1159 οὐ
1229 1107 1390 1177 μόνον
1416 1106 1531 1159 ἐστὶ
1561 1105 1619 1157 τὸ
1643 1104 1772 1174 ὁρώ-

1881 1104 1934 1156 id
1984 1106 2184 1165 solum,
2233 1108 2378 1175 quod
2414 1108 2590 1161 oculis
2622 1110 2887 1170 cernitur,
2936 1107 3031 1161 sed
3071 1108 3240 1161 latere
3289 1106 3342 1159 in
3388 1120 3454 1159 eo

195 1212 372 1264 μενον,
404 1195 545 1248 ἀλλὰ
578 1197 673 1248 καὶ
700 1195 833 1259 Θεὸς
876 1196 934 1246 ὲν
955 1194 1034 1263 τῷ
1064 1196 1326 1267 ὁρωμένῳ
1376 1195 1773 1264 κρυπτόμενος,

1880 1195 2025 1262 quod
2058 1198 2407 1263 cernebatur,
2444 1200 2637 1262 Deum,
2663 1199 2756 1267 qui
2792 1208 2918 1252 ante
2951 1208 3167 1267 tempus
3188 1206 3350 1265 atque
3388 1212 3453 1250 ex

192 1286 531 1357 ὑπέρχρονος
554 1288 646 1338 καὶ
676 1287 1004 1354 προαιώνιος
1029 1289 1092 1338 ἐκ
1114 1287 1209 1338 τοῦ
1240 1286 1452 1357 Πατρὶς
1476 1284 1773 1356 προελθεῖν).

1882 1301 2033 1339 οιιιηι
2083 1290 2388 1343 (ειει-ιιιιιιιε
2439 1306 2468 1343 a
2526 1290 2684 1344 Patre
2747 1291 3097 1360 precesscrit.
3143 1288 3273 1353 Qua:
3324 1302 3456 1341 vero

192 1376 268 1428 Τὰ
296 1377 354 1428 δὲ
409 1377 543 1447 ἑξῆς
584 1378 683 1447 τῆς
729 1377 1050 1447 θεανδρικῆς
1087 1377 1251 1430 αὐτοῦ
1300 1377 1572 1441 πολιτείας
1618 1377 1778 1431 παὶιν

1886 1379 2147 1451 deinceps
2181 1393 2240 1437 ut
2266 1384 2410 1438 Deus
2436 1392 2489 1437 et
2533 1383 2697 1439 homo
2733 1386 2925 1453 egerit,
2955 1400 3021 1437 ex
3042 1382 3338 1453 Evangelio
3360 1380 3450 1434 .di-

191 1475 252 1519 εκ
279 1466 377 1520 τοῦ
413 1468 754 1536 Εὑαγγελιου
788 1467 1168 1541 μαθησόμεθα.

560 1468 754 1536 ’γελιου
788 1467 1168 1541 μαθησόμεθα.
1890 1486 2045 1528 scere
2077 1474 2222 1527 licet.

260 1699 306 1729 ἰ
338 1697 477 1751 Nam
512 1697 793 1767 quomodo
814 1739 827 1762 ,
886 1697 1097 1769 inquit,
1149 1697 1330 1755 Patris
1355 1702 1583 1771 mqualis
1615 1719 1712 1772 per
1740 1708 2033 1759 essentiam
2059 1705 2295 1763 exsistit.
2329 1706 2422 1773 qui
2455 1705 2732 1774 perfectus
2760 1720 2870 1758 non
2899 1707 3018 1759 est?
3050 1704 3283 1759 Videtur
3312 1701 3458 1757 enim

191 1788 463 1859 sapientia
490 1787 791 1857 proﬁcere;
821 1805 944 1843 cum
976 1791 1137 1845 Pater
1166 1793 1260 1861 qui
1286 1793 1437 1846 nullo
1466 1794 1729 1863 indigeat,
1758 1813 1861 1849 nec
1886 1798 2190 1865 profectum
2216 1797 2487 1849 admittat.
2520 1797 2957 1849 Percontandum
2989 1813 3054 1849 ex
3080 1798 3174 1849 Dei
3200 1797 3459 1850 adversa—

194 1880 307 1939 riis,
361 1878 434 1933 de
490 1893 732 1947 quonam
777 1879 913 1933 illud
964 1881 1174 1936 dictum
1222 1891 1436 1951 putent,
1485 1883 1799 1952 Proﬁciebat
1833 1888 2095 1956 sapientia
2127 1897 2173 1939 et
2221 1886 2448 1955 gratial.
2511 1887 2674 1939 Planc
2702 1885 2920 1949 dicent,
2950 1886 3017 1940 de
3058 1888 3186 1940 Jesu
3217 1886 3458 1938 Christo.

190 1968 269 2021 Ad
305 1969 447 2033 hac,
500 1969 751 2021 omnium
798 1968 1225 2034 dementissimi,
1280 1986 1597 2041 quemnam,
1643 1989 1705 2027 ac
1752 1976 1987 2045 cujatem
2029 1985 2233 2044 putatis
2260 1990 2379 2027 esse
2401 1974 2681 2028 Christum
2716 1976 2784 2028 de
2807 1991 2917 2043 quo
2950 1976 3220 2029 est'Lucaz
3245 1974 3465 2028 sermo?

193 2060 325 2113 Nam
382 2060 431 2114 si
480 2075 611 2113 eum
661 2074 1011 2116 communem
1066 2062 1346 2117 hominem
1389 2078 1510 2117 esse
1562 2065 1808 2130 creditis,
1861 2082 1925 2120 ac
1955 2066 2226 2137 ejusmodi
2259 2066 2585 2119 existimatis
2627 2075 2687 2118 ut
2720 2066 2856 2118 nihil
2884 2066 3083 2119 habeat
3115 2082 3280 2135 supra
3302 2066 3460 2126 alios.

195 2150 452 2219 proﬁciat
480 2156 537 2201 et
562 2148 680 2217 ipse
712 2158 772 2202 ut
796 2151 983 2204 homo.
1019 2151 1113 2205 Sin
1138 2161 1322 2205 autem
1355 2153 1498 2207 Deus
1520 2164 1605 2207 est
1653 2154 1828 2209 factus
1855 2155 2040 2218 homo,
2082 2155 2450 2222 Verbumque,
2486 2156 2563 2209 uti
2588 2155 2851 2222 scriptum
2878 2165 2983 2218 est,
3014 2156 3219 2209 factum
3248 2172 3462 2219 caro-;

200 2260 502 2313 quemnam
552 2244 863 2315 profectum
906 2241 1202 2310 suscipiet?
1257 2252 1352 2296 aut
1400 2244 1677 2312 quomodo
1723 2246 1830 2299 erit
1879 2246 2233 2314 imperfectus
2286 2247 2379 2313 qui
2411 2247 2476 2298 sit
2508 2246 2735 2314 requalis
2762 2247 2903 2300 Deo?
2934 2248 3067 2301 Nam
3102 2250 3463 2303 etillumim-

197 2332 508 2402 perfectum
549 2347 673 2387 esse
725 2336 965 2400 oportet,
1021 2329 1111 2383 cui
1161 2338 1246 2384 est
1297 2332 1543 2400 aequalis,
1602 2332 1649 2385 si
1698 2349 1786 2387 res
1830 2334 1902 2388 ita
1936 2350 1992 2387 se
2018 2336 2225 2389 habent
2262 2346 2317 2388 ut
2346 2351 2443 2387 vos
2468 2336 2671 2389 dicitis.
2708 2336 2802 2389 Sin
2831 2348 3013 2392 autem
3047 2355 3143 2393 vos
3163 2356 3380 2409 quoque
3412 2342 3464 2395 id

198 2440 321 2479 eum
348 2424 589 2487 sentire,
620 2432 737 2477 tum
766 2421 950 2475 dicere
975 2420 1205 2490 impium
1230 2422 1500 2491 reputatis
1535 2422 1870 2491 (perfectum
1899 2426 2045 2478 enim
2078 2426 2294 2479 Patrem
2321 2440 2442 2478 esse
2473 2424 2816 2493 admittitis),
2849 2427 3154 2495 perfectum
3180 2432 3346 2483 etiam
3368 2445 3466 2483 ne—

199 2536 348 2575 cesse
392 2528 482 2573 est
531 2515 864 2573 existimetis
894 2513 1115 2577 Filium,
1150 2513 1243 2582 qui
1288 2514 1339 2567 ei
1383 2515 1607 2583 mqualis
1638 2515 1727 2568 sit.
1771 2514 1887 2569 Non
1915 2532 2044 2585 ergo
2073 2531 2137 2569 ea
2166 2516 2393 2580 ratione,
2419 2532 2526 2585 qua
2554 2517 2793 2571 Verbum
2820 2526 2923 2580 est,
2948 2519 3153 2573 dicitur
3176 2522 3465 2590 proﬁcere,

200 2615 291 2669 sed
317 2628 433 2683 qua
460 2612 641 2665 factus
666 2619 749 2665 est
780 2610 965 2674 homo,
998 2617 1053 2661 et
1076 2617 1328 2663 naturam
1355 2608 1587 2678 gestavit
1613 2626 1734 2679 qua!
1763 2611 1937 2679 possit
1968 2610 2256 2678 proﬁcere.
2287 2611 2377 2663 Ait
2404 2610 2640 2679 quodam
2667 2612 2789 2665 loco
2811 2613 3012 2666 Paulus
3035 2613 3101 2668 de
3124 2615 3236 2669 Deo
3258 2618 3464 2680 Verbo,

204 2715 314 2757 tum
359 2717 489 2756 esse
546 2702 602 2755 in
636 2700 808 2754 forma
846 2698 964 2762 Dei,
1011 2704 1122 2752 tum
1153 2712 1273 2752 esse
1307 2698 1572 2766 mqualem
1601 2696 1713 2750 Deo
1730 2705 1776 2748 η.
1832 2697 1885 2751 Si
1914 2699 2080 2768 igitur
2116 2714 2239 2752 cum
2273 2699 2418 2752 Patri
2450 2698 2677 2766 aequalis
2697 2709 2843 2754 esset
2868 2702 3174 2769 profectum
3202 2707 3470 2777 suscepit,

205 2811 264 2850 ac
303 2796 498 2865 reipsa
524 2792 795 2864 profecit;
834 2792 993 2861 plane
1024 2792 1198 2861 major
1218 2793 1377 2846 Patre
1400 2800 1505 2856 est,
1541 2792 1834 2861 ipsumque
1857 2793 2156 2861 superavit,
2195 2792 2288 2860 qui
2312 2792 2409 2855 ita,
2439 2793 2517 2846 uti
2543 2809 2640 2846 vos
2662 2792 2867 2859 dicitis,
2892 2795 3035 2849 Deus
3057 2797 3295 2852 Verbum
3342 2815 3473 2870 pro-

206 2887 352 2941 fecit.
390 2887 467 2941 At
490 2884 641 2939 istud
671 2885 919 2939 omnium
950 2884 1407 2938 absurdissimum
1429 2893 1535 2939 est.
1573 2886 1692 2939 Non
1720 2902 1850 2956 ergo
1878 2886 2113 2954 profecit
2139 2886 2400 2951 Verbum,
2433 2902 2540 2954 qua
2565 2887 2775 2940 ratione
2803 2888 3041 2942 Verbum
3069 2899 3184 2957 est;
3217 2902 3301 2947 est
3325 2893 3475 2949 enim

207 2979 521 3048 perfectum
558 2978 702 3033 sicut
730 2978 912 3032 Pater.
948 2976 1056 3031 Sed
1083 2984 1139 3029 et
1166 2977 1309 3030 istud
1337 2976 1546 3031 dictum
1570 2984 1655 3031 est
1680 2985 1903 3046 pr0pter
1925 2994 2067 3042 eam,
2096 2994 2201 3047 qua
2229 2977 2435 3030 factum
2458 2985 2541 3031 est
2561 2977 2747 3041 homo,
2780 2981 3165 3036 (nconomiam.

275 3072 334 3126 Si
380 3071 629 3143 profecit
659 3071 903 3125 Verbum
954 3086 1079 3125 cum
1108 3070 1310 3125 factum
1338 3080 1421 3124 est
1445 3071 1609 3124 homo
1648 3085 1710 3124 ac
1736 3080 1978 3123 nostram
2006 3071 2243 3138 gestavit
2262 3085 2505 3131 carnem,
2540 3086 2649 3122 non
2676 3071 2853 3138 ipsum
2884 3087 2985 3125 nos
3011 3074 3154 3141 juvit
3182 3091 3287 3144 qua
3314 3075 3478 3132 homo

212 3172 420 3227 factum
447 3174 556 3233 est,
601 3166 698 3220 sed
720 3166 771 3219 ei
801 3165 990 3234 potius
1020 3180 1151 3220 caro
1180 3164 1577 3234 perfectionem
1602 3166 1807 3220 attulit.
1862 3165 2022 3226 Nam,
2066 3166 2111 3217 si
2137 3178 2268 3217 vere
2293 3165 2527 3233 profecit
2555 3164 2775 3233 quando
2805 3173 2891 3218 est
2912 3163 3115 3219 factum
3140 3182 3286 3234 caro,
3319 3170 3479 3238 plane

214 3269 606 3340 imperfectum
632 3275 751 3320 erat
781 3272 908 3318 ante
948 3263 1268 3326 adventum,
1303 3278 1581 3331 nuncque,
1612 3271 1673 3316 ut
1701 3270 1882 3316 vestra
1904 3260 2012 3314 fert
2037 3261 2331 3324 sententia,
2363 3259 2757 3329 perfectionem
2788 3259 3049 3328 adeptum
3072 3270 3174 3314 est.
3210 3262 3326 3327 Qua
3350 3279 3481 3333 ergo

215 3362 432 3416 ratione
483 3356 691 3427 gratias
722 3354 937 3425 agimus
988 3362 1051 3408 ut
1082 3352 1259 3407 nostri
1288 3367 1451 3408 causa
1477 3353 1621 3407 facto
1646 3352 1895 3415 homini,
1952 3366 2076 3405 cum
2110 3351 2289 3419 ipsum
2320 3350 2479 3404 nobis
2505 3365 2571 3404 eo
2599 3350 2823 3405 nomine
2850 3361 3099 3421 Oporteat
3123 3354 3349 3421 gratiam
3382 3355 3482 3409 ha-

216 3457 383 3511 bere?
419 3455 490 3509 At
523 3453 631 3506 hoc
658 3451 981 3506 absurdum.
1016 3449 1137 3504 Non
1170 3465 1302 3518 ergo
1327 3449 1561 3518 profecit
1590 3464 1698 3519 qua
1721 3449 1961 3503 Verbum
1994 3456 2114 3501 est:
2140 3447 2233 3501 sed
2266 3446 2473 3500 dictum
2499 3446 2603 3500 hoc
2637 3446 2708 3500 ob
2736 3445 3203 3517 dispensationem
3247 3464 3311 3502 ac
3336 3464 3487 3503 com-

215 3548 490 3604 mercium
525 3544 674 3615 quod
701 3560 828 3599 cum
858 3559 1020 3598 carne
1049 3544 1262 3597 habuit.

281 3645 451 3707 item,
487 3641 680 3695 multis
724 3640 1045 3694 nominibus
1097 3640 1402 3709 appellatur
1434 3640 1531 3694 Dei
1559 3640 1799 3694 Verbum
1837 3641 1891 3692 in
1922 3640 2224 3709 Scriptura.
2284 3639 2497 3692 Dictum
2530 3646 2613 3691 est
2639 3638 2806 3702 enim,
2847 3647 3010 3708 atque
3040 3646 3125 3693 est
3151 3639 3321 3695 Filius
3347 3658 3359 3694 :
3390 3657 3485 3695 vo-

218 3748 401 3794 catum
450 3745 539 3791 est
588 3735 903 3804 Sapientia;
969 3744 1348 3804 nuncupatum
1381 3735 1546 3799 Deus,
1590 3735 1776 3788 Virtus
1806 3750 1901 3788 seu
1931 3735 2202 3795 Potentia,
2235 3734 2408 3788 forma
2443 3742 2497 3785 et
2526 3733 2702 3801 imago
2728 3734 2923 3786 Patris.
2958 3732 3014 3786 Si
3038 3748 3190 3802 ergo,
3219 3749 3343 3788 cum
3373 3734 3489 3789 haec

220 3830 405 3883 omnia
433 3828 535 3889 sit,
573 3825 861 3895 proﬁciat;
918 3827 1095 3895 majus
1126 3825 1317 3893 utique
1347 3824 1557 3893 aliquid
1583 3824 1770 3877 dicere
1797 3832 2047 3893 possunt,
2081 3838 2244 3892 quam
2268 3822 2339 3875 sit
2362 3821 2554 3883 Filius,
2589 3820 2891 3889 Sapientia,
2919 3820 3128 3884 Virtus,
3157 3822 3324 3885 Deus,
3358 3823 3491 3879 alia-

222 3938 322 3992 que
350 3920 568 3981 omnia,
603 3936 673 3973 ne
701 3920 826 3988 quis
852 3918 1067 3988 singula
1093 3926 1397 3973 recenseat.
1435 3918 1503 3971 At
1534 3917 1762 3986 impium
1787 3926 1870 3971 est
1903 3917 1977 3970 ita
2003 3918 2207 3971 sentire
2236 3933 2248 3968 :
2280 3916 2390 3969 Deo
2418 3929 2653 3982 namque
2686 3913 2824 3967 nihil
2852 3915 3028 3984 majus
3049 3923 3153 3968 est.
3186 3914 3306 3968 Non
3329 3929 3484 3986 ergo,

221 4028 323 4081 qua
358 4019 450 4065 est
482 4010 746 4072 Verbum,
784 4009 1052 4079 proﬁcere
1078 4009 1301 4063 dicitur.

291 4106 458 4166 item,
507 4103 877 4172 Priueipatus,
910 4104 1137 4168 Thr-oni,
1180 4104 1611 4169 Dominationes,
1647 4105 1833 4175 Angeli
1878 4114 1933 4157 et
1959 4105 2307 4175 Archangeli,
2337 4103 2624 4172 omnisque
2652 4103 2831 4156 virtus
2868 4102 3173 4162 rationalis.
3211 4101 3400 4157 adhzec
3437 4111 3494 4157 et

224 4199 488 4253 homines
515 4237 531 4261 ,
570 4198 737 4251 Verbi
784 4200 1210 4268 participatione
1264 4200 1333 4253 ad
1378 4216 1594 4254 omnem
1634 4200 1891 4269 pietatem
1923 4199 2151 4269 perfecti
2180 4200 2474 4261 exsistunt,
2528 4214 2591 4251 ac
2615 4196 3011 4267 perfectionem
3039 4195 3446 4264 indipiseuntur
3477 4214 3489 4248 :

224 4310 333 4364 quo
374 4309 511 4362 ergo
542 4300 726 4362 pacto,
753 4292 900 4361 quod
940 4293 1063 4346 aliis
1092 4293 1485 4363 perfectionem
1512 4293 1743 4363 prrebet,
1775 4292 2155 4361 imperfectum
2181 4306 2301 4345 esse
2328 4299 2529 4359 potest,
2559 4297 2697 4341 utet
2721 4293 2929 4356 quazrat
2954 4284 3237 4353 proﬁcere,
3273 4294 3329 4339 et
3355 4301 3491 4354 aug-

236 4392 428 4440 mento
468 4383 659 4452 aliquo
702 4383 1061 4451 promovere?
1117 4383 1221 4448 Qui
1257 4399 1412 4446 vero,
1460 4383 1505 4437 si
1534 4398 1662 4436 vere
1690 4382 1969 4451 Sapientia
1994 4389 2097 4444 est,
2131 4381 2397 4449 sapientia
2438 4388 2618 4448 potest
2658 4373 2956 4445 proﬁcere?
2990 4373 3183 4437 Quive,
3220 4389 3345 4427 cum
3375 4372 3497 4426 aliis

234 4474 327 4527 det
367 4473 629 4543 gratiam,
687 4473 803 4541 ipse
831 4473 1005 4542 gratia
1036 4472 1277 4541 proﬁcit,
1330 4484 1591 4541 tanquam
1622 4472 1852 4542 gratiam
1887 4489 1995 4526 non
2023 4471 2287 4524 haberet?
2337 4470 2451 4524 Nisi
2485 4470 2624 4523 forte
2657 4465 2875 4520 mentiri
2906 4463 3134 4517 Paulum
3161 4464 3364 4526 dicant,
3398 4464 3492 4531 qui

231 4564 433 4619 Filium
487 4563 817 4632 sapientiam
864 4563 1157 4632 appellet°,
1212 4578 1275 4615 ac
1298 4564 1487 4632 gratia:
1513 4562 1781 4616 datorem.
1845 4564 1913 4615 At
1944 4578 2053 4615 non
2081 4561 2345 4613 mentitur
2373 4560 2622 4613 veritatis
2646 4558 2917 4614 minister.
2956 4560 3074 4613 Non
3102 4570 3231 4624 ergo
3261 4556 3497 4624 profecit

230 4670 336 4725 qua
366 4654 590 4707 ratione
623 4653 864 4706 Verbum
893 4660 977 4706 est
1010 4668 1023 4704 :
1057 4651 1151 4704 sed
1184 4659 1442 4720 tanquam
1470 4650 1539 4704 de
1568 4650 1790 4704 homine
1815 4648 2039 4712 dicitur,
2076 4648 2169 4717 qui
2196 4657 2381 4701 nostra
2411 4648 2596 4700 omnia
2627 4647 2798 4701 nostri
2826 4662 2988 4701 causa
3011 4646 3389 4714 assumpserit.

296 4745 461 4813 Quod
483 4753 571 4797 est
593 4744 1000 4813 imperfectum,
1032 4742 1101 4797 ad
1129 4742 1184 4797 id
1209 4758 1425 4812 semper
1446 4742 1729 4795 contendit
1759 4740 1905 4810 quod
1933 4739 2237 4808 perfectum
2260 4746 2370 4803 est;
2401 4747 2463 4792 ut
2486 4738 2723 4807 primum
2750 4738 2973 4807 quidem
3000 4738 3179 4790 locum
3208 4737 3260 4788 in
3286 4751 3396 4806 quo
3416 4745 3499 4789 est

234 4848 577 4901 contemnat,
633 4840 894 4908 velutque
936 4853 1155 4907 semper
1199 4839 1450 4892 altiorem
1503 4852 1567 4892 ac
1608 4837 1894 4890 meliorem
1933 4842 2161 4903 quaerat.
2200 4834 2360 4888 Verbi
2391 4833 2561 4902 gratia
2588 4850 2600 4885 :
2628 4849 2728 4886 nos
2750 4830 3001 4886 homines
3026 4832 3364 4901 proﬁcimus,
3400 4832 3495 4898 qui

237 4933 513 5003 sapientia
548 4946 612 4985 ac
640 4930 939 4985 virtutibus
968 4930 1092 4984 aliis
1123 4931 1385 5000 paulatim
1415 4928 1673 4984 meliores
1695 4928 1902 4992 effecti,
1937 4929 2016 4981 sic
2046 4928 2110 4981 ad
2139 4927 2264 4979 vitae
2285 4926 2683 4995 perfectionem
2712 4926 2973 4979 feramur.
3013 4926 3080 4978 At
3113 4925 3209 4978 Dei
3234 4923 3495 4986 Verbum,

237 5042 359 5081 cum
397 5027 455 5079 in
477 5025 643 5078 Patre
667 5024 758 5089 sit,
793 5038 1031 5092 quonam
1061 5022 1281 5077 tandem
1314 5021 1604 5076 excurret?
1635 5020 1922 5086 Quodnam
1953 5034 2082 5073 vero
2112 5028 2467 5086 augmentum
2497 5018 2781 5086 suscipiet,
2814 5017 2961 5086 quod
2990 5017 3063 5070 ita
3090 5016 3395 5087 perfectum
3425 5016 3498 5068 sit

241 5128 301 5173 ut
323 5124 506 5171 totum
542 5113 596 5166 in
626 5128 684 5166 se
717 5113 937 5167 Patrem
960 5111 1180 5176 habeat,
1221 5120 1505 5180 totumque
1533 5110 1709 5180 ipsum
1748 5109 1991 5163 vicissim
2022 5108 2077 5160 in
2102 5108 2260 5160 Patre
2281 5106 2541 5161 exsistat?
2575 5106 2629 5161 Si
2655 5107 2824 5171 enim,
2858 5122 2983 5160 cum
3014 5107 3226 5159 Patrem
3249 5105 3502 5174 impleret

239 5211 515 5285 (crassius
537 5208 687 5264 enim
723 5209 876 5263 velut
904 5209 1007 5262 sub
1036 5208 1288 5277 exemplo
1313 5207 1587 5274 dicatur),
1644 5206 1953 5275 profectum
1981 5203 2271 5273 quemdam
2300 5212 2724 5271 augmentumve
2745 5202 3012 5271 suscepit;
3070 5200 3245 5254 Patris
3270 5200 3502 5253 excessit

244 5309 399 5370 ﬁnes,
426 5306 591 5359 Patre
616 5302 671 5356 in
695 5317 809 5372 quo
827 5310 944 5357 erat
969 5302 1227 5358 ciiectum
1250 5304 1444 5372 majus.
1469 5301 1632 5371 Atqui
1655 5317 1764 5354 non
1785 5300 2019 5355 excessit
2042 5300 2277 5361 Patrem,
2301 5298 2395 5351 sed
2428 5299 2481 5351 in
2506 5314 2572 5351 eo
2597 5314 2817 5367 semper
2833 5299 3135 5367 perfectum
3163 5296 3214 5349 in
3237 5296 3500 5365 perfecto,

327 5460 348 5500 ιι
377 5458 518 5513 Luc.
556 5472 616 5521 n,
648 5457 736 5511 £9.
819 5454 836 5493 ι
869 5455 1003 5510 Luc.
1030 5472 1086 5520 ιι,
1114 5455 1200 5510 52.
1276 5464 1313 5491 ω
1347 5455 1499 5509 Joan.
1530 5471 1566 5518 ι,
1600 5457 1684 5510 Η.
1786 5464 1809 5491 υ
1842 5455 1981 5510 Phili

1114 5455 1200 5510 52.
1276 5464 1313 5491 ω
1347 5455 1499 5509 Joan.
1530 5471 1566 5518 l,
1600 5457 1684 5510 Η.
1786 5464 1809 5491 υ
1842 5455 2078 5524 Philipp.
2113 5472 2168 5517 ιι,
2194 5455 2244 5507 6.
2352 5466 2372 5486 °
2410 5453 2575 5518 lCor,
2604 5472 2640 5517 ι,
2666 5455 2751 5506 2i.

1538 5596 1620 5650 VA
1632 5596 1766 5650 ΗΒΕ
1800 5594 2200 5651 LECTIONES.

320 5714 359 5747 "
390 5713 540 5770 Loro
568 5711 663 5767 cit.
706 5710 810 5781 leg.
842 5710 1040 5780 ᾔδειτε,
1120 5709 1161 5739 ¹¹
1184 5708 1262 5762 Ex
1297 5708 1545 5767 Conihcf.
1587 5713 1828 5768 Biblioth.
1862 5715 2121 5777 conciam,
2154 5722 2285 5767 toni.
2333 5717 2372 5776 I,
2420 5729 2538 5783 pag.
2590 5712 2711 5780 602,
2760 5730 2846 5785 ap.
2882 5712 3129 5770 Galland.
3179 5708 3271 5778 IX,
3303 5708 3425 5766 420.

567 5806 840 5867 ΡΑτιιοι..
885 5804 1000 5867 Gn.
1044 5804 1351 5866 LXXXIV.
3041 5809 3078 5872 3
