4208 6440
735 382 804 442 75
1941 378 2256 440 OPERUM
2295 381 2784 443 THEODORETI
3914 390 3986 450 '76

736 488 1150 556 perfectumque
1197 488 1408 542 habens
1455 489 1506 542 in
1542 489 1723 557 seipse
1750 487 1984 541 exsistit.
2024 487 2144 541 Non
2171 485 2303 558 ergo
2330 488 2563 557 profecit
2597 505 2705 559 qua
2732 478 2972 545 Verbtim
3000 501 3114 556 est;
3171 490 3264 548 sed
3292 494 3595 564 perfectum
3627 496 3768 551 idem
3804 501 3982 567 ipsum

738 588 943 642 manet,
978 581 1223 648 nullique
1256 581 1544 635 mutationi
1570 580 1890 636 obnoxium.
2066 578 2067 583 “

806 700 1075 754 Praterea
1106 701 1182 754 ait
1212 701 1409 754 Paulus
1441 700 1509 754 de
1541 701 1680 754 Filio
1709 719 1722 753 :
1754 700 2061 754 Humiliavit
2088 702 2446 770 semetipsum,
2477 701 2703 769 formam
2729 704 2865 756 servi
2892 702 3151 773 accipiens
3170 714 3215 757 Ρ.
3250 703 3386 759 Cum
3415 707 3599 775 itaque
3624 708 3807 763 nullus
3834 725 3899 764 ea
3927 726 3986 765 re

735 791 1045 845 offendatur
1066 831 1080 853 ,
1118 806 1239 852 nec,
1286 807 1410 844 cum
1437 792 1594 845 audit
1640 792 1957 845 humiliasse
1988 791 2366 860 semetipsum,
2403 792 2609 846 humile
2634 792 2766 859 quid
2790 794 2988 847 sentiat
3020 793 3088 847 de
3115 794 3226 848 Deo
3250 795 3453 858 Verbo,
3487 798 3620 867 quin
3652 799 3834 868 potius
3864 802 3989 872 ejus

734 882 1035 936 admiretur
1066 883 1440 947 clementiam;
1493 883 1774 952 quomodo
1802 898 1913 936 non
1939 883 2281 963 superfluum
2311 899 2377 937 eo
2402 874 2631 947 offendi,
2679 885 2824 953 quod
2858 885 3152 954 profecisse
3184 902 3310 941 eum
3339 888 3660 943 audiamus?
3704 890 3987 961 Siquidem

733 974 905 1035 enim,
959 989 1026 1028 eo
1074 973 1221 1042 quod
1272 974 1597 1028 humiliatus
1626 982 1731 1038 est,
1786 974 1923 1028 nihil
1957 975 2137 1028 deitas
2163 976 2295 1029 laesa
2316 983 2419 1039 est,
2453 991 2557 1030 nec
2585 977 2776 1046 utique
2806 979 2950 1046 quod
2976 978 3275 1047 profecerit
3302 980 3546 1035 laedenda
3571 991 3655 1037 est
3683 1001 3694 1035 :
3725 1000 3808 1046 ac,
3840 986 3989 1040 sicut

734 1073 907 1126 nostri
935 1086 1098 1125 causa
1122 1069 1435 1125 humiliavit
1464 1072 1849 1140 semetipsum,
1904 1071 1984 1123 sic
2010 1078 2066 1123 et
2091 1070 2266 1123 nostri
2296 1086 2460 1125 causa
2491 1070 2720 1140 suscipit
2744 1070 3071 1140 profectum,
3107 1080 3168 1126 ut
3196 1088 3295 1127 nos
3322 1072 3520 1127 iterum
3549 1075 3601 1127 in
3625 1090 3691 1128 eo
3720 1077 3989 1146 sapientia

735 1167 1103 1237 proficiamus,
1141 1171 1234 1239 qui
1266 1169 1396 1239 olim
1426 1178 1651 1238 peccato
1682 1168 1864 1222 effecti
1891 1184 2084 1223 sumus
2113 1170 2380 1238 jumentis
2408 1169 2646 1233 similes;
2683 1170 3145 1243 proficiamusque
3170 1177 3369 1245 gratia,
3405 1176 3499 1246 qui
3524 1176 3654 1229 olim
3687 1175 3816 1229 Adae
3843 1188 3988 1242 prae-

734 1258 1089 1312 varicationis
1144 1260 1223 1312 rei
1273 1274 1465 1312 sumus
1499 1256 1672 1311 habiti
1711 1257 1858 1311 odio.
1896 1258 2091 1313 Omnia
2118 1259 2265 1312 enim
2296 1267 2485 1311 nostra
2517 1260 2690 1313 nostri
2718 1275 2880 1314 causa
2910 1261 2965 1314 in
2995 1263 3235 1332 seipsum
3269 1266 3511 1335 suscepit
3536 1264 3808 1327 Christus,
3843 1273 3905 1316 ut
3931 1262 3989 1317 in

734 1350 932 1403 melius
964 1361 1159 1404 cuncta
1186 1358 1509 1415 commutet,
1546 1351 1789 1420 bonique
1815 1351 1996 1404 omnis
2030 1349 2315 1403 hominum
2345 1350 2533 1419 generi
2569 1349 2838 1405 efficiatur
2865 1354 3220 1424 principium.

804 1454 1078 1518 Naturalis
1126 1464 1211 1517 lex
1237 1472 1339 1525 est,
1396 1480 1517 1533 qum
1567 1480 1675 1517 non
1724 1463 1867 1517 sinat
1910 1463 2186 1517 hominem
2222 1465 2420 1531 majori
2462 1465 2623 1531 longe
2657 1466 2951 1534 prudentia
2980 1468 3269 1537 praeditum
3294 1485 3437 1534 esse,
3492 1486 3653 1540 quam
3681 1485 3780 1539 pro
3809 1469 3990 1524 atatis

735 1555 897 1608 modo
933 1573 944 1606 τ
979 1555 1073 1609 sed
1107 1564 1161 1608 et
1195 1555 1248 1607 in
1276 1555 1439 1623 nobis
1474 1554 1546 1608 ita
1573 1564 1949 1623 emnparatum
1978 1562 2081 1618 est,
2119 1564 2179 1609 ut
2202 1556 2394 1625 judicii
2417 1555 2502 1610 vis
2528 1557 2935 1625 quodammodo
2965 1559 3140 1613 aetatis
3168 1561 3508 1629 profectibus
3532 1578 3716 1617 comes
3737 1563 3984 1617 exsistat.

733 1644 865 1701 Erat
892 1662 1022 1715 ergo
1053 1646 1297 1699 Verbum
1332 1646 1384 1698 in
1418 1660 1583 1699 carne
1614 1643 1817 1698 factum
1852 1645 2038 1707 homo,
2067 1653 2120 1698 et
2149 1646 2453 1713 perfectum
2485 1657 2638 1711 erat;
2673 1664 2797 1701 cum
2822 1649 3081 1703 nimirum
3112 1650 3207 1704 Dei
3238 1652 3506 1720 sapientia
3534 1669 3597 1707 ac
3622 1654 3796 1707 virtus
3818 1662 3985 1708 esset.

733 1739 834 1797 Cui
866 1752 1047 1823 tamen
1080 1728 1334 1793 humanae
1365 1739 1536 1792 indoli
1561 1728 1773 1791 natura:
1799 1739 2103 1806 cedendum
2129 1748 2268 1803 erat,
2324 1755 2394 1793 ne
2421 1740 2555 1809 quid
2585 1756 2788 1794 novum
2821 1744 3215 1797 eontuemibus
3243 1745 3541 1810 videretur,
3586 1762 3818 1816 corpore
3851 1762 3992 1815 pau-

734 1835 885 1887 latim
913 1843 1196 1888 crescente
1233 1842 1291 1886 ut
1320 1834 1486 1887 homo
1513 1848 1633 1887 sese
1661 1833 1928 1902 prodebat
1964 1851 1977 1886 :
2017 1834 2183 1902 inque
2210 1834 2330 1887 dies
2354 1834 2601 1904 singulos
2627 1836 2930 1903 sapientius
2962 1851 3084 1890 cum
3112 1837 3451 1904 videntibus,
3490 1850 3601 1894 tum
3631 1841 3991 1897 audientibus

735 1926 1035 1995 apparebat
1089 1943 1101 1977 :
1154 1940 1279 1979 cum
1328 1925 1591 1978 nimirum
1627 1922 1681 1976 in
1711 1924 1988 1986 omnibus,
2021 1934 2082 1979 ut
2112 1926 2321 1979 dictum
2352 1936 2457 1990 est,
2494 1928 2796 1996 perfectum
2825 1936 3005 1995 esset,
3041 1931 3257 1983 tametsi
3292 1948 3636 1985 communem
3666 1944 3872 1987 naturae
3903 1934 3991 1987 in-

735 2017 915 2070 dolem
969 2016 1263 2069 retinebat.
1324 2016 1463 2069 Cum
1506 2030 1637 2085 ergo
1687 2015 1866 2078 audis,
1903 2014 2221 2083 Proﬁciebat
2248 2017 2509 2075 sapientia
2539 2028 2587 2071 et
2617 2020 2823 2088 gratia,
2875 2034 2945 2073 ne
2971 2020 3168 2074 factam
3196 2021 3271 2074 illi
3306 2024 3587 2092 sapientia:
3616 2023 3992 2077 accessionem

732 2109 971 2178 aliquam
1004 2109 1287 2163 existimes
1316 2107 1440 2178 (Dei
1466 2108 1615 2162 enim
1645 2109 1884 2164 Verbum
1922 2110 2130 2164 nullius
2160 2110 2333 2179 eget),
2384 2111 2478 2164 sed
2510 2115 2636 2181 quia
2662 2112 2981 2167 videntibus
3010 2114 3313 2181 sapientius
3342 2132 3560 2185 semper
3590 2124 3754 2184 atque
3779 2114 3993 2186 gratius

733 2213 872 2269 erat,
908 2204 1035 2258 inde
1059 2203 1328 2274 proficere
1356 2204 1567 2259 dictum
1594 2212 1708 2266 est;
1749 2212 1809 2259 ut
1840 2204 1965 2258 inde
1991 2206 2102 2274 jam
2130 2205 2519 2261 admirantium
2548 2207 2791 2271 habitus,
2825 2224 2985 2278 quam
3018 2208 3195 2280 ipsius
3222 2209 3392 2278 magis
3414 2210 3731 2279 proficeret.

800 2319 958 2387 Quod
988 2321 1044 2373 in
1073 2321 1260 2390 aliquo
1288 2320 1527 2390 proficit,
1559 2321 1709 2375 aliud
1733 2329 1819 2375 est
1852 2321 1921 2374 ab
1951 2338 2017 2375 eo
2053 2323 2105 2375 in
2137 2338 2245 2391 quo
2273 2326 2512 2391 proficit.
2567 2324 2703 2378 Cum
2729 2340 2859 2395 ergo
2897 2326 3058 2381 Jesus
3084 2325 3266 2380 dictus
3292 2330 3365 2379 sit
3392 2326 3661 2395 sapientia
3686 2323 3956 2394 proﬁcere
3975 2362 3992 2386 ,

734 2427 843 2467 nou
887 2414 1155 2481 sapientia
1204 2412 1563 2482 proficiebat,
1618 2412 1715 2467 sed
1752 2412 1804 2465 in
1836 2412 1925 2465 illa
1957 2414 2176 2466 animus
2199 2412 2458 2466 hominis.
2519 2412 2654 2468 Cum
2688 2430 2745 2468 se
2776 2414 2923 2468 enim
2956 2415 3205 2483 quotidie
3228 2415 3408 2469 deitas
3443 2415 3495 2468 in
3524 2430 3592 2469 eo
3614 2415 3898 2484 detegeret
3928 2429 3996 2469 ac

733 2502 1142 2568 manifestaret,
1197 2504 1391 2573 majori
1415 2519 1635 2573 semper
1659 2503 1978 2556 videntibus
2004 2503 2357 2556 admirationi
2391 2504 2718 2557 habebatur.
2783 2504 3008 2573 Hocque
3036 2504 3142 2558 sibi
3170 2506 3289 2558 vult
3317 2504 3461 2573 quod
3491 2504 3699 2558 dictum
3720 2512 3822 2566 est,
3854 2502 3992 2557 Pro-

734 2594 939 2663 ﬁciebat
967 2596 1247 2665 sapientia.
1310 2593 1391 2647 Ad
1424 2595 1569 2647 hunc
1595 2592 1818 2646 modum
1853 2593 2123 2661 sapientia
2154 2592 2477 2661 proficiebat
2504 2593 2817 2647 humanitas
2846 2611 2857 2645 :
2889 2602 3084 2648 natura
3113 2595 3354 2647 humana
3377 2594 3700 2662 sapientiam
3727 2592 3994 2659 induens;

731 2687 838 2742 hoc
858 2696 962 2751 est,
986 2688 1080 2741 Dei
1105 2686 1344 2742 Verbum
1367 2684 1630 2755 paulatim
1654 2701 1751 2753 per
1776 2699 1940 2753 opera
1969 2699 2031 2737 ac
2058 2682 2338 2737 mirabiles
2364 2682 2595 2738 effectus
2615 2694 2953 2753 assumptum
2983 2685 3244 2754 templum
3273 2684 3417 2753 apud
3442 2684 3692 2739 videntes
3707 2683 3995 2747 deificans,

734 2797 798 2836 ea
848 2783 952 2837 sibi
1006 2785 1218 2837 ratione
1276 2782 1583 2855 profectpm
1642 2779 1966 2833 aseisccbat.
2004 2779 2065 2832 In
2094 2781 2246 2832 hunc
2274 2779 2500 2832 modum
2535 2789 2733 2833 natura
2771 2779 3009 2833 humana
3038 2779 3307 2848 sapientia
3333 2779 3674 2848 proficiebat,
3738 2792 3838 2847 per
3872 2792 3996 2832 eam

733 2874 1005 2930 deificata.
1042 2873 1408 2940 Quamobrem
1441 2887 1544 2926 nos
1574 2886 1791 2940 quoque
1823 2870 1889 2924 ad
1922 2869 2224 2940 ejus,quod
2258 2886 2359 2939 pro
2385 2870 2549 2924 nobis
2574 2870 2961 2924 homofactum
2986 2871 3274 2935 cst,Vcrbi
3300 2870 3743 2931 similitudinem,
3764 2878 3881 2923 tum
3898 2868 3995 2923 filii

733 2969 829 3025 Dei
853 2967 1111 3039 appellati
1158 2980 1369 3025 smnus,
1397 2974 1511 3017 tum
1534 2963 1630 3017 dii.
1667 2962 1997 3016 Proficiehat
2020 2978 2150 3031 ergo
2176 2963 2413 3016 humana
2434 2969 2630 3015 natura
2653 2962 2943 3030 sapientia,
2972 2977 3003 3017 a
3029 2962 3386 3032 corruptione
3403 2961 3469 3016 ad
3499 2960 4000 3030 incorruptionem,

733 3076 897 3136 atque
924 3065 993 3118 ab
1024 3064 1277 3117 humana:
1300 3061 1513 3113 ratione
1545 3067 1751 3114 natura:
1785 3058 1851 3112 ad
1880 3058 2103 3113 deitatis
2129 3058 2455 3127 dignitatem
2481 3066 2760 3126 provecta.

804 3175 1028 3237 Audivi,
1064 3173 1261 3242 inquit,
1296 3188 1364 3226 ex
1398 3185 1552 3226 sacra
1584 3169 1893 3238 Scriptura,
1930 3169 2026 3222 Dei
2059 3169 2302 3222 Verbum
2332 3168 2537 3222 factum
2564 3168 2845 3223 hominem
2873 3168 3001 3225 Jesu
3032 3171 3288 3224 sortitum
3320 3168 3768 3239 appellationem.
3806 3167 3996 3237 Ipsum

733 3281 864 3336 ergo
902 3274 987 3318 est
1032 3262 1179 3331 quod
1220 3258 1562 3329 proficiebat.
1628 3258 1748 3310 Noli
1777 3258 1926 3311 enim
1958 3258 2230 3320 dividere,
2280 3271 2403 3310 cum
2437 3272 2607 3309 unum
2645 3258 2849 3311 Paulus
2877 3257 3156 3312 Christum
3185 3259 3469 3327 praedicet.
3507 3260 3672 3327 Atqui
3704 3259 3748 3311 si
3774 3259 3997 3313 videtur

735 3359 1044 3432 profectum
1076 3356 1343 3423 recipere,
1378 3352 1537 3420 plane
1563 3350 1856 3405 conficitur
1886 3351 2063 3419 ipsum
2100 3351 2481 3420 imperfectum
2508 3366 2651 3405 esse.
2688 3351 2791 3417 Qui
2817 3368 2970 3417 vero,
3009 3367 3133 3408 cum
3160 3352 3429 3423 ejusmodi
3456 3351 3546 3415 sit,
3579 3351 3823 3421 perfecto
3848 3350 3997 3406 Patri

731 3449 839 3504 erit
877 3445 1122 3517 ecquale?
1178 3444 1291 3497 Nec
1333 3441 1454 3495 Filii
1501 3440 1762 3495 deitatem
1802 3440 1999 3504 laedes;
2037 3456 2138 3493 nec
2174 3440 2343 3494 Verbi
2370 3440 2717 3511 dignitatem,
2748 3441 2852 3495 etsi
2879 3441 2985 3496 hoc
3007 3454 3431 3511 perseveranter
3466 3442 3641 3504 dicas,
3672 3441 3995 3514 imminues,

735 3540 869 3609 quin
917 3538 986 3591 iis
1032 3536 1166 3605 ipsis
1213 3534 1416 3603 quibus
1446 3531 1721 3586 victurum
1752 3542 1805 3585 te
1835 3547 2045 3599 speras,
2092 3532 2324 3586 victoria
2353 3534 2536 3587 cades.
2593 3532 2648 3587 Si
2672 3534 2820 3586 enim
2845 3534 3072 3587 omnino
3101 3533 3341 3590 Verbum
3367 3534 3511 3587 nosti
3541 3548 3760 3587 carnem
3788 3532 3996 3586 factum

735 3641 902 3701 atque
943 3628 1223 3683 hominem
1247 3667 1259 3689 ,
1300 3626 1380 3679 uti
1412 3625 1600 3678 divitia
1630 3624 1915 3693 Scriptura
1942 3623 2217 3691 loquitur,
2257 3624 2449 3695 quidni
2480 3634 2535 3679 et
2564 3626 2743 3694 ipsum
2774 3642 2896 3694 qua:
2922 3626 3133 3680 homini
3162 3641 3403 3698 congrua
3426 3636 3589 3690 sunt,
3624 3626 3743 3680 sine
3768 3635 3997 3695 peccato

734 3727 847 3797 pati
892 3723 1181 3779 concedis?
1216 3722 1352 3777 Nam
1406 3720 1534 3790 quia
1586 3719 1868 3789 profectus
1919 3718 2155 3773 debetur
2195 3720 2388 3785 carni,
2428 3721 2645 3775 dicatur
2674 3719 2945 3790 proficere
2984 3738 3092 3792 qua
3124 3724 3337 3777 ratione
3368 3723 3572 3777 factum
3602 3729 3688 3775 cst
3720 3721 3775 3775 in
3802 3736 3994 3784 carne,

736 3820 966 3889 ejusque
994 3817 1101 3870 sibi
1130 3816 1384 3869 innoxias
1406 3815 1729 3867 affectiones
1751 3814 1989 3869 asciscit.
2022 3813 2140 3868 Non
2166 3814 2314 3868 enim
2340 3815 2571 3869 alterius
2594 3816 2880 3885 cujusdam
2905 3825 3025 3871 erat
3045 3831 3196 3876 caro.
3226 3815 3320 3870 sed
3351 3815 3525 3884 ipsius
3545 3814 3731 3869 Verbi.
3752 3816 3831 3869 Ac
3852 3815 4000 3870 sicut

738 3915 917 3983 ipsum
949 3927 1113 3966 carne
1146 3926 1365 3981 passum
1393 3925 1514 3964 esse
1544 3909 1802 3975 dicimus,
1858 3910 1963 3965 etsi
1994 3924 2121 3964 caro
2148 3910 2264 3965 sola
2296 3927 2459 3981 passa
2482 3912 2583 3977 sit;
2639 3912 2860 3981 quando
2895 3928 3075 3982 neque
3101 3928 3322 3982 passum
3348 3920 3432 3966 est
3466 3920 3526 3964 ut
3551 3910 3716 3974 Deus,
3752 3908 3851 3963 sed
3878 3910 3999 3979 ejus

736 4006 1049 4077 patiebatur
1071 4021 1273 4075 corpus
1306 4023 1318 4056 :
1354 4004 1435 4059 sic
1461 4012 1517 4057 et
1542 4004 1811 4072 proficere
1835 4004 2071 4068 dicatur,
2102 4005 2207 4057 etsi
2238 4004 2452 4057 nullum
2480 4013 2541 4057 ut
2565 4005 2711 4059 Deus
2740 4005 2923 4059 carnis
2946 4005 3070 4075 ipso
3091 4005 3340 4074 profectu
3370 4004 3676 4073 profectum
3699 4002 3994 4071 reciperet.

737 4102 966 4173 ipseque
990 4100 1202 4160 fateris,
1237 4096 1333 4151 Dei
1361 4094 1700 4158 adversarie,
1732 4093 1829 4147 Dei
1858 4094 2099 4148 Verbum
2127 4109 2349 4147 carnem
2381 4094 2587 4149 factum
2612 4110 2734 4150 esse
2758 4114 2771 4149 :
2795 4095 2943 4165 quod
2971 4095 3107 4149 nihil
3134 4095 3283 4149 aliud
3307 4095 3535 4159 indicat,
3558 4109 3722 4163 quam
3748 4092 3997 4150 induisse

738 4208 988 4256 carnem,
1042 4200 1207 4260 atque
1248 4187 1527 4247 hominem
1557 4184 1857 4239 exstitisse.
1896 4184 2051 4238 Sicut
2072 4199 2224 4255 ergo,
2261 4200 2387 4239 cum
2413 4201 2667 4255 magnum
2689 4186 2821 4255 quid
2853 4186 2921 4241 de
2942 4186 3123 4242 Verbo
3153 4186 3419 4250 audieris,
3454 4186 3711 4255 quodque
3734 4185 3815 4239 illi
3844 4184 3998 4239 nudo

737 4293 1005 4358 congruat
1033 4326 1046 4350 ,
1109 4298 1172 4336 ac
1226 4289 1520 4347 antequam
1549 4291 1770 4331 carnem
1803 4274 2092 4339 indueret,
2147 4285 2207 4328 ut
2237 4290 2363 4329 cum
2395 4275 2601 4330 dicitur
2625 4278 2740 4341 lux,
2771 4277 3049 4346 splendor.
3082 4277 3262 4333 Patris
3290 4273 3588 4347 sapientia,
3628 4292 3737 4330 non
3770 4292 3997 4331 carnem

738 4377 1020 4445 intelligis,
1057 4372 1153 4428 sed
1194 4369 1339 4441 quod
1401 4370 1457 4422 in
1494 4383 1657 4421 carne
1706 4366 1945 4433 Verbum
1980 4365 2312 4421 inhabitavit
2370 4385 2384 4421 :
2449 4368 2521 4421 ita
2556 4384 2682 4422 cum
2712 4369 2919 4437 aliquid
2948 4370 3003 4423 in
3037 4369 3338 4438 Scripturis
3368 4371 3538 4423 sacris
3571 4369 3779 4423 dictum
3805 4368 3995 4433 fuerit,

738 4468 884 4538 quod
924 4468 1026 4521 soli
1068 4465 1219 4520 carni
1260 4462 1556 4517 conveniat
1602 4459 1718 4513 sive
1753 4458 1971 4529 .speciei
2014 4459 2285 4524 humanm,
2346 4476 2413 4515 ne
2446 4460 2499 4513 in
2531 4461 2771 4515 Verbum
2792 4462 3019 4526 referas,
3057 4462 3153 4517 sed
3186 4472 3396 4516 naturae
3418 4460 3598 4515 carnis
3631 4460 3834 4520 tribue,
3874 4473 3998 4528 quat

738 4561 841 4619 sibi
868 4563 957 4617 illa
975 4560 1231 4615 vindieat.
1253 4556 1388 4612 Cum
1414 4569 1545 4624 ergo
1575 4552 1718 4622 quod
1748 4550 2042 4621 proficeret
2065 4551 2292 4617 dicitur,
2318 4567 2424 4605 non
2458 4553 2570 4621 ipsa
2594 4568 2691 4623 per
2712 4569 2769 4609 se
2800 4554 3070 4624 sapientia
3096 4553 3557 4623 proﬁciebat,qua
3584 4553 3852 4622 sapientia
3879 4560 3995 4616 est;

740 4657 834 4710 sed
881 4654 1146 4723 sapientia
1196 4652 1470 4705 humanus
1509 4647 1771 4716 paulatim
1796 4645 2034 4711 animus,
2084 4661 2184 4714 per
2202 4661 2322 4700 eam
2349 4646 2530 4701 clarus
2552 4648 2791 4704 evadens
2813 4664 2877 4703 ac
2898 4649 3261 4719 conspicuus;
3318 4648 3521 4717 quippe
3568 4662 3996 4718 cum‘organum

739 4754 885 4802 esset
926 4746 1064 4816 ejus,
1102 4758 1221 4812 qure
1255 4742 1311 4795 in
1363 4754 1430 4794 eo
1457 4746 1578 4793 erat
1606 4736 1849 4801 deitatis,
1888 4736 1995 4792 hoc
2024 4746 2294 4819 pra‘stans
2324 4744 2487 4806 atque
2511 4739 2853 4805 ministrans,
2886 4749 2946 4795 ut
2975 4740 3066 4795 illa
3096 4741 3359 4810 paulatim
3384 4756 3443 4796 se
3480 4756 3546 4795 ex
3578 4739 3843 4810 operibus
3867 4754 3997 4809 pro-

740 4835 913 4894 deret.

808 4954 1050 5010 Observa
1091 4963 1272 5008 autem
1324 4966 1431 5005 non
1480 4949 1704 5013 dixisse,
1742 4948 1967 5003 Verbum
2018 4957 2195 5002 autem
2230 4948 2555 5019 proﬁciebat,
2600 4938 2714 5015 sed,
2762 4949 2943 5015 Iesus;
2976 4964 3046 5003 ne
3072 4948 3279 5003 nudum
3300 4947 3543 5003 Verbum
3567 4946 3861 5016 intelligas,
3894 4944 3992 5004 sed

741 5060 1097 5121 posteaquam
1132 5064 1259 5103 caro
1291 5048 1498 5103 factum
1532 5054 1636 5100 est.
1695 5045 1852 5111 Quod
1887 5046 1933 5100 si
1964 5044 2231 5114 proficere
2274 5044 2504 5110 dicitur,
2543 5060 2612 5100 eu
2641 5044 2785 5114 quod
2818 5046 2951 5099 illud
2990 5044 3297 5114 susceperit
3325 5042 3470 5112 quod
3500 5051 3585 5096 est
3604 5052 3793 5096 natum
3820 5043 3992 5110 profl-

740 5161 887 5209 cere,
921 5146 1024 5200 hoc
1050 5153 1134 5200 est
1162 5145 1457 5197 humanam
1482 5151 1762 5213 naturam,
1790 5142 1911 5211 ejus
1933 5140 2183 5209 profecto
2215 5139 2268 5193 id
2293 5139 2489 5205 fuerit;
2525 5155 2589 5194 ac
2621 5156 2726 5208 qua
2754 5140 2845 5194 illa
2874 5138 3199 5209 praedictum
3224 5146 3329 5199 est,
3353 5136 3622 5206 proficere
3655 5134 3866 5189 dictum
3897 5133 3989 5190 sit.

743 5234 835 5290 Sic
862 5236 1007 5288 enim
1039 5233 1251 5303 singula
1287 5248 1409 5301 qua:
1437 5217 1720 5293 dicuntur,
1760 5230 1816 5284 in
1842 5246 1943 5284 suo
1973 5245 2205 5299 quaeque
2240 5229 2548 5283 consistent
2585 5230 2801 5295 ordine,
2850 5238 2911 5283 ut
2953 5245 3131 5298 neque
3162 5243 3226 5283 ea
3259 5242 3380 5296 quze
3403 5226 3552 5280 nudo
3575 5226 3756 5280 Verbo
3785 5241 3993 5281 conve-

742 5322 927 5419 ιιίιιῑιιἶ
955 5321 1022 5375 ad
1046 5323 1348 5415 humanam
1373 5319 1737 5374 detrahantur
1767 5319 2060 5383 rationem,
2097 5332 2276 5389 neque
2299 5318 2539 5374 humana
2574 5318 2643 5373 ad
2673 5318 2896 5375 deitatis
2920 5319 3189 5374 rationem
3223 5326 3605 5389 promoveant.

819 5450 843 5526 ιλ
879 5475 1112 5543 Philipp.
1146 5490 1205 5535 ιι,
1237 5474 1286 5527 7.
