4208 6440
205 365 268 425 ’ῐτ
1318 355 1766 418 AUCTARIUM

1893 383 1894 387 η
1936 357 2034 416 ΑΙ)
2069 357 2247 419 ἸῸΜ.
2282 360 2376 419 1V.
3397 351 3469 413 73

269 471 378 526 Kal.
404 466 621 522 εἶπενη
645 466 793 538 αὐτῷ
813 471 840 521 ὁ
858 465 1099 529 διάϐολος
1116 485 1130 497 ·
1161 467 1223 519 ΕἿ
1253 465 1384 530 Υἱὸς
1401 462 1576 518 εἶτοῦ
1605 462 1774 525 Θεοῦ,

1945 465 2013 520 Et
2050 467 2186 522 dixit
2219 470 2268 522 ei
2299 468 2554 522 diabolus
2600 485 2609 517 :
2650 462 2707 519 Si
2730 463 2895 518 Filius
2939 463 3038 516 De!
3068 481 3154 525 es,
3187 463 3268 514 die
3302 463 3467 531 lapidi

203 563 327 617 εἰπὲ
363 559 442 625 τῷ
473 561 626 622 ,λίθῳ
672 559 945 624 emitto",
970 558 1072 610 Ira
1102 555 1344 626 γένηται
1377 553 1574 624 ἄρτος.
1614 553 1785 623 ’Υπὲρ

204 657 379 723 πάσης
413 652 518 720 τῆς
553 651 829 722 ἡμετέρας
871 649 1084 718 φύσεως
1116 651 1144 702 6
1193 646 1287 700 τοῦ
1311 645 1446 698 Θεοῦ
1479 647 1653 710 Λόγος
1687 645 1786 714 τὴν

202 743 258 807 ἐξ
287 742 452 810 ἡμῶν
476 739 742 795 ἀνέλαϐεν
772 738 1046 808 ἀπαρχὴν,
1068 737 1154 789 ἵνα
1174 735 1262 788 διὰ
1293 734 1474 803 πάσης
1499 732 1669 802 αὐτὴν
1686 734 1784 802 τῆς

201 831 402 901 ἀρετῆς
428 829 660 898 ἀγαγὼν
685 828 966 899 προτρῆῃ
997 828 1094 897 μὲν
1118 829 1194 888 είς
1217 827 1393 896 πάλην
1428 825 1518 877 τὸν
1542 825 1786 891 ἀνταγω-

203 923 407 990 νιστὴν,
444 919 596 990 δείξῃ
625 921 682 971 δὲ
713 921 982 989 ἀήττητον
1010 918 1100 970 τὸν
1133 917 1392 986 ἀθλητὴν,
1447 914 1541 968 καὶ
1598 915 1788 968 τοῦτον

208 1012 303 1080 μὲν
328 1009 687 1081 στεφανώσῃ,
721 1009 936 1062 ἐκείνου
990 1008 1046 1059 δὲ
1098 1007 1197 1077 τὴν
1225 1003 1398 1075 ἧτταν
1427 1003 1660 1074 κηρύξῃ,
1697 1005 1790 1056 καὶ

207 1103 581 1171 υταθαρρεῖν
620 1100 786 1153 αὑτοῦ
823 1101 1033 1163 πάντας
1057 1098 1476 1170 παρασκευάσῃ.

281 1194 584 1260 Ἀνάγεται
608 1193 787 1244 τοίνυν
815 1193 894 1254 είς
922 1191 1020 1259 τὴν
1053 1191 1286 1259 ἔρημον,
1311 1189 1386 1250 ὼς
1432 1190 1511 1250 εἰς
1533 1185 1794 1256 ἀρμοδίαν

206 1283 326 1335 τινὰ
366 1282 736 1350 παλαίστραν,
771 1280 875 1332 ὑπὸ
903 1279 997 1330 τοῦ
1047 1277 1398 1346 Πνεύματος·
1433 1277 1695 1341 ἀνάγεται
1735 1273 1789 1324 δὲ

205 1375 303 1441 οὐχ
333 1374 363 1422 6
391 1373 529 1433 θεὸς
575 1373 768 1439 Λόγος,
812 1371 929 1423 ἀλλ’
961 1371 990 1422 6
1025 1372 1092 1422 ἐκ
1127 1370 1440 1439 σπέρματος
1479 1366 1643 1418 Δαϐὶδ
1690 1364 1794 1417 ὑπὸ

204 1465 298 1516 τοῦ
329 1465 480 1517 θείου
505 1464 682 1529 Λάγου
707 1461 934 1530 ληεθεὶς
955 1464 1102 1523 ναός.
1133 1461 1206 1512 UO
1225 1459 1332 1528 γὰρ
1353 1460 1446 1511 τὸν
1469 1458 1599 1510 Θεὸν
1623 1458 1795 1522 Λόγον

209 1558 288 1618 εἰς
318 1555 419 1624 τὴν
441 1555 580 1622 προς
605 1554 698 1606 τὸν
726 1552 972 1604 διάϐολον
1004 1553 1183 1620 πάλην
1220 1550 1541 1618 ἀπηγάγετο
1573 1546 1796 1615 Πνεῦμα

206 1647 267 1698 τὺ
291 1647 472 1713 ἅγιον,
505 1644 620 1697 ἀλλ’
650 1644 709 1696 ὃν
745 1647 801 1696 ἐν
825 1646 892 1713 τῇ
926 1643 1190 1712 Παρθένῳ
1227 1640 1484 1694 διέπλασε
1542 1639 1622 1708 τῷ
1674 1636 1795 1706 Θεῷ

208 1743 368 1812 Λόγῳ
392 1741 544 1794 ναόν.

1887 560 1996 622 isti,
2030 567 2085 610 ut
2119 559 2216 626 fiat
2248 561 2404 630 panis
2438 569 2489 610 ς.
2516 557 2755 611 Verbum
2787 556 2882 608 Dei
2925 554 3199 624 primitias
3224 569 3290 607 ex
3312 553 3472 608 nobis

1888 649 2186 716 assumpsit
2216 663 2313 717 pro
2338 657 2450 701 tota
2483 655 2668 700 nostra
2709 652 2925 705 natura,
2948 651 3007 694 ut
3053 643 3200 696 illam
3230 658 3329 711 per
3354 658 3472 697 om-

1888 752 1987 790 nes
2023 737 2248 792 virtutis
2278 737 2482 807 gradus
2531 749 2880 802 promovens,
2926 734 3299 787 adversarium
3349 731 3473 801 qui-

1889 828 2012 882 dem
2057 837 2407 896 promoveret
2442 825 2513 880 ad
2551 826 2773 888 luctam,
2820 825 3086 878 invictum
3118 839 3248 876 vero
3298 824 3473 877 athle-

1892 926 1998 972 tam
2042 919 2374 982 ostenderet,
2427 929 2484 972 et
2537 917 2684 970 hunc
2736 926 3066 979 eoronaret,
3141 914 3288 968 iliius
3343 928 3474 967 vero

1891 1011 2099 1063 cladem
2139 1011 2476 1078 pnedicaret,
2502 1023 2801 1076 omnesque
2840 1007 2903 1061 ad
2939 1005 3252 1061 audendum
3278 1014 3470 1059 contra

1895 1102 2070 1170 ipsum
2099 1110 2451 1170 praepararet.

1966 1194 2274 1247 Adducitur
2326 1194 2507 1259 itaque
2547 1192 2601 1244 in
2638 1191 2918 1243 desertum
2960 1205 2988 1242 a
3033 1189 3280 1257 Spiritu,
3322 1188 3476 1242 velut

1896 1286 1949 1338 in
2001 1295 2181 1352 aptam
2214 1283 2541 1350 palaestram,
2580 1297 2688 1336 non
2717 1281 2940 1350 quidem
2984 1280 3098 1347 ipse
3131 1279 3276 1333 Deus
3317 1280 3474 1349 123

1893 1375 2168 1436 Verbum,
2207 1373 2302 1426 sed
2341 1373 2602 1440 templum
2641 1388 2708 1424 ex
2735 1373 2944 1425 semine
2989 1370 3211 1423 Davidis
3239 1385 3268 1422 a
3297 1371 3475 1423 Verbo

1895 1465 2084 1517 divino
2132 1473 2468 1531 susceptum.
2533 1463 2720 1530 Neque
2774 1463 2920 1514 enim
2971 1462 3212 1530 Spiritus
3255 1469 3476 1513 sanctus

1895 1553 2068 1607 Deum
2100 1553 2339 1616 Verbum
2365 1553 2432 1606 ad
2455 1555 2656 1606 luctam
2689 1552 2952 1606 adversus
2988 1553 3266 1606 diabolum
3297 1550 3473 1612 duxit,

1895 1645 1990 1700 sed
2044 1645 2331 1714 templum,
2369 1644 2516 1713 quod
2559 1645 2671 1698 Deo
2717 1643 2895 1698 Verbo
2943 1643 3241 1698 fabricatus
3282 1653 3369 1697 est
3420 1643 3475 1697 in

1895 1735 2142 1803 Virgine.

279 1833 392 1885 Καὶ
440 1829 690 1900 νηστεύει
741 1827 841 1896 μὲν
873 1825 932 1879 οὐ
975 1824 1119 1894 πέρα
1171 1821 1383 1889 μέτρων
1427 1818 1526 1886 τῆς
1558 1815 1790 1882 φύσεως·

1966 1829 2045 1880 Ae
2075 1828 2282 1895 jejuna!
2305 1825 2548 1892 quidem,
2585 1839 2694 1877 non
2715 1833 2895 1877 tamen
2936 1823 3077 1877 ultra
3111 1832 3321 1879 natura
3357 1839 3476 1878 mo-

207 1926 396 1986 ᾶσιτος
465 1922 575 1992 γάρ
625 1919 892 1972 διετέλεσε
949 1913 1358 1983 τεσσαράκοντα
1413 1907 1646 1978 ἡμέρας,
1701 1905 1798 1956 καὶ⁵

211 2015 539 2084 ἰσαρίθμους
576 2010 802 2071 νύκτας,
849 2009 922 2078 μὴ
955 2006 1186 2075 θελήσας
1216 2000 1520 2073 ὑπερϐῆναι
1543 1999 1653 2052 τῶν
1691 1995 1799 2048 πάι

210 2105 301 2156 λαι
329 2101 774 2172 νενηστευκότων
823 2098 883 2150 τδ
923 2098 1140 2166 μέτρον.
1194 2092 1282 2145 ἵνα
1330 2092 1476 2159 φύγῃ
1521 2087 1622 2157 τὴν
1662 2086 1801 2153 πρὸς

210 2196 377 2250 αὑτὸν
410 2197 440 2246 ὁ
469 2191 760 2252 ἀντίπαλος
794 2189 992 2255 πάλην,
1021 2187 1105 2237 ἵνα
1138 2185 1234 2252 μὲν
1264 2181 1537 2251 γνωρίσας
1572 2179 1633 2229 τὸ
1663 2194 1798 2246 κρυ-

214 2289 485 2355 πτόμενον
548 2284 696 2353 φύγῃ
762 2281 861 2349 τὴν
917 2279 1050 2348 πρὸς
1119 2277 1179 2328 τὸ
1227 2274 1546 2342 φαινόμενον
1597 2271 1798 2336 μάχην.

212 2380 418 2434 τούτου
465 2377 625 2448 χάριν
677 2373 810 2444 μετὰ
853 2373 944 2425 τὸν
975 2366 1372 2440 προειρημένον
1419 2363 1528 2415 τῶν
1581 2359 1802 2430 ἡμερῶν

213 2473 470 2545 ἀριθμὸν,
503 2471 606 2539 τῆς
645 2465 987 2535 ἀνθρωπείας
1037 2461 1249 2529 φύσεως
1275 2454 1564 2524 ὑποφαίνει
1610 2451 1671 2545 τὸ

216 2541 466 2628 θοςξκαὶ
506 2562 782 2630 συγχωρεῖ
825 2560 889 2626 τῇ
937 2555 1096 2626 πείνῃ
1142 2553 1329 2622 χώραν
1372 2546 1581 2610 λαϐεῖν,
1633 2541 1803 2611 λαϐὴν

216 2657 410 2724 ἐκείνῳ
432 2652 522 2706 διὰ
549 2651 647 2722 τῆς
681 2649 872 2718 πείνης
901 2645 1095 2708 διδούς.
1119 2645 1194 2697 Οὐ
1237 2641 1344 2711 γάρ
1391 2639 1593 2708 ἐτόλμα
1631 2652 1804 2706 προσ-

215 2746 415 2807 ελθεῖν,
435 2741 606 2794 πολλὰ
631 2739 760 2808 περὶ
777 2737 936 2790 αὑτὸν
970 2733 1254 2802 θεοπρεπῆ
1280 2730 1538 2798 γινόμενα
1562 2725 1802 2795 θεωρῶν.

217 2837 326 2888 Καὶ
345 2835 459 2901 γὰρ
483 2831 703 2899 ἄγγελοι
740 2827 1021 2898 τεχθέντος
1043 2825 1322 2894 ἐχόρευον,
1355 2820 1452 2874 καὶ
1472 2819 1609 2885 ἀστὴ
1619 2834 1648 2887 ρ
1672 2819 1801 2868 ἁνα-

214 2928 397 2988 τείλας
427 2926 635 2994 μάγους
661 2922 1002 2989 ὲποδήγησεν
1029 2919 1107 2978 είς
1141 2913 1512 2984 προσκύνησιν
1541 2913 1668 2971 τοὺς
1697 2908 1796 2976 τῆς

218 3019 386 3072 αὑτοῦ
412 3017 694 3084 φάλαγγος
737 3011 1085 3082 κορυφαίους,
1127 3008 1218 3060 καὶ
1254 3005 1416 3058 αὑτὸν
1445 3001 1592 3072 ἐώρα
1623 3002 1802 3052 πᾶσαν

221 3115 285 3164 ὲκ
316 3109 514 3169 παιδὸς
567 3105 822 3174 μετιόντα
850 3099 1218 3168 δικαιοσύνην,
1252 3094 1670 3164 βδελυττόμενον
1703 3107 1802 3142 κα-

221 3203 362 3263 κίαν,
423 3195 833 3268 μυσαττόμενον
874 3191 1158 3260 πονηρίαν,
1207 3186 1346 3240 κατὰ
1397 3185 1487 3254 τὴν
1523 3185 1603 3245 εἰς
1644 3182 1803 3235 αὐτὸν

220 3290 600 3361 γεγενημένην
661 3286 766 3338 ὑπὸ
825 3283 922 3336 τοῦ
993 3282 1272 3351 προφήτου
1337 3279 1678 3348 πρόρρησιν,
1723 3276 1804 3326 ὅτι

223 3385 368 3452 Πρὶν
405 3382 446 3449 ἣ
469 3379 693 3450 γνῶναι
731 3376 920 3430 αὐτὸν
949 3371 1174 3442 ἀγαθὸν
1204 3371 1300 3423 καί
1327 3370 1534 3429 κακὸν,
1576 3367 1809 3421 ἀπειθεῖ

223 3475 479 3541 πονηρίᾳ
511 3471 617 3525 τοῦ
662 3467 1026 3527 ἐκλέξασθαι
1052 3464 1118 3516 τὸ
1150 3463 1394 3530 ἀγαθόν.
1438 3459 1597 3512 Ἐϐόα
1619 3460 1675 3511 δὲ
1709 3461 1802 3511 καὶ

223 3569 249 3618 6
287 3566 550 3632 Ἰωάννης
571 3575 583 3588 ⁶
623 3559 746 3615 Ἴδε
777 3561 809 3612 ὁ
861 3554 1075 3622 Ἀμνὸς
1101 3554 1208 3606 τοῦ
1254 3551 1402 3605 Θεοῦ
1431 3553 1462 3605 ό
1491 3551 1673 3618 αἴρων
1693 3548 1806 3616 τὴν

223 3657 528 3727 ἁμαρτίαν
573 3652 680 3706 τοῦ
713 3650 964 3717 κόσμου.
1013 3644 1202 3715 Πατὴρ
1247 3642 1450 3698 ἄνωθεν
1483 3642 1802 3712 ἐμαρτύρη·

225 3765 333 3800 σενο
373 3740 572 3808 Οὗτός
602 3742 775 3794 ἐστιν
809 3742 842 3793 ό
893 3739 1027 3801 Υἱός
1067 3752 1186 3805 μου
1228 3737 1260 3788 ὀ
1307 3734 1632 3802 ἀγαπητὸς,
1663 3733 1733 3786 ἐν
1759 3727 1808 3799 ᾧ

221 3837 563 3904 ηὑδόκησα.
609 3831 716 3885 Τοῦ
749 3827 1065 3898 Πνεύματος
1105 3828 1139 3896 ἡ
1175 3826 1332 3896 χάρις
1354 3826 1623 3895 ἑφοίτησε.
1667 3824 1808 3878 Ταῦ.

222 3945 309 3993 τα,
343 3926 446 3980 καὶ
491 3927 594 3978 ὅσα
644 3920 889 3985 τοιαῦτα,
934 3919 1026 3972 τὸν
1067 3917 1312 3971 διάϐολον
1362 3917 1805 3970 καταπλήττοντα

224 4017 551 4086 προσελθεῖν
574 4015 674 4068 οὐκ
697 4014 782 4065 εἴα
808 4011 884 4081 τῷ
912 4010 1009 4078 τῆς
1032 4007 1305 4079 ἡμετέρας
1339 4007 1550 4074 φύσεως
1576 4007 1803 4078 ἀθλητῇ.

307 4110 400 4172 Ὧς
444 4107 503 4160 δὲ
559 4106 657 4174 τῆς
689 4103 878 4173 πείνης
915 4100 1013 4170 τὴν
1046 4098 1345 4169 προσϐολὴν
1367 4098 1675 4163 ὑπεδέξατο,
1717 4098 1808 4150 καὶ

225 4195 363 4253 εἶδεν
414 4197 578 4250 αὑτὸν
615 4194 825 4265 τροφῆς
865 4190 1211 4262 ἀνθρωπίνης
1243 4191 1516 4260 δεόμενον,
1545 4191 1637 4242 καὶ
1671 4207 1808 4259 καρ-

221 4292 408 4360 τερεῖν
444 4285 760 4356 περαιτέρω
805 4283 912 4336 τῶν
951 4279 1200 4335 παλαιῶν
1238 4279 1448 4350 ἀνδρῶν
1480 4279 1540 4332 οὐ
1582 4278 1811 4346 δυνάμε-

225 4399 335 4445 νον,
369 4379 768 4450 προσέρχεται,
800 4373 970 4445 λαϐὴν
992 4373 1233 4442 οἰόμενος
1259 4370 1493 4441 ἐρημίαν
1526 4370 1807 4439 μεγίστην,

1899 1917 2054 1981 dum,
2097 1919 2214 1970 sine
2257 1916 2380 1970 cibo
2407 1915 2618 1984 peragit
2657 1914 3014 1984 quadraginta
3052 1915 3170 1968 dies
3195 1924 3250 1969 et
3287 1925 3479 1970 noctes

1897 2009 2150 2070 totidem,
2181 2007 2374 2061 nolens
2407 2021 2597 2060 eorum
2622 2006 2715 2074 qui
2740 2005 2869 2058 olim
2895 2006 3226 2074 jejunarant,
3255 2021 3479 2060 mensu-

1900 2115 2016 2154 ram
2065 2099 2352 2160 excedere,
2403 2113 2470 2151 ne
2501 2097 2851 2151 adversarius
2890 2097 3222 2165 singularem
3273 2097 3476 2152 luctam

1901 2191 2195 2262 refugeret,
2227 2205 2402 2259 eoque
2437 2190 2674 2258 cognito,
2699 2189 2846 2258 quod
2869 2190 3090 2252 latebat,
3121 2205 3356 2260 pugnam
3380 2191 3479 2245 ad-

1902 2299 2097 2337 versus
2131 2283 2184 2335 id
2206 2281 2353 2351 quod
2379 2280 2698 2350 apparebat,
2727 2280 3076 2334 detrectaret.
3113 2281 3244 2334 Eam
3270 2281 3340 2334 ob
3361 2297 3478 2335 rem

1902 2385 2026 2444 post
2068 2375 2365 2443 expletum,
2407 2374 2500 2443 qui
2535 2373 2718 2428 dictus
2749 2381 2852 2436 est,
2907 2372 3120 2426 dierum
3166 2388 3476 2436 numerum,

1903 2465 2246 2520 affectionem
2289 2473 2502 2517 natura:
2536 2464 2790 2518 humana:
2819 2463 3082 2526 declarat,
3115 2463 3315 2532 datque
3349 2463 3476 2518 fami

1903 2552 2106 2616 locum,
2167 2553 2327 2606 simul
2378 2569 2477 2623 per
2523 2552 2721 2607 famem
2773 2552 3088 2608 adversario
3133 2554 3479 2610 occasionem

1904 2644 2176 2714 praebens,
2226 2643 2371 2698 unde
2396 2649 2411 2666 ⁶
2447 2645 2622 2714 ipsum
2654 2645 3112 2714 appreliendcret.
3149 2647 3280 2701 Nam
3320 2664 3479 2704 acce-

1905 2733 2037 2788 dere
2075 2749 2184 2787 non
2232 2734 2486 2797 audebat,
2512 2749 2636 2788 cum
2673 2735 2842 2788 multa
2877 2736 3060 2790 divina
3108 2738 3255 2792 circa
3303 2739 3478 2809 ipsum

1906 2825 2200 2894 contigisse
2227 2834 2479 2879 cerneret
2502 2843 2513 2876 :
2541 2825 2812 2894 siquidem
2839 2828 3038 2896 angeli,
3072 2844 3196 2882 cum
3222 2845 3479 2886 nascere-

1907 2923 2016 2978 tur,
2035 2914 2233 2968 choros
2253 2923 2496 2984 egerant,
2528 2924 2716 2969 exorta
2741 2917 2893 2970 stella
2917 2916 3096 2988 Magos
3124 2933 3235 2972 sua:
3259 2920 3483 2988 phalan-

1906 3006 1988 3075 gis
2029 3005 2350 3074 coryphteos
2399 3005 2690 3058 adoratum
2743 3006 2992 3068 duxerat,
3043 3008 3221 3076 ipsum
3263 3026 3480 3079 quoquc

1906 3106 2153 3159 noverat,
2177 3097 2286 3166 jam
2308 3097 2433 3149 inde
2457 3113 2486 3150 a
2512 3112 2704 3166 puero,
2725 3113 2940 3151 omnem
2967 3099 3234 3168 justitiam
3259 3102 3479 3168 sectari,

1907 3185 2165 3238 detestari
2222 3186 2558 3253 nequitiam,
2606 3186 3012 3255 improbitatem
3056 3191 3354 3258 exsecrari,
3391 3207 3479 3246 se-

1909 3274 2148 3328 cundum
2207 3275 2584 3343 propbeticam
2650 3275 3063 3344 praedictionem
3117 3297 3129 3331 :
3182 3282 3478 3352 Antequam

1907 3368 2202 3436 cognoverit
2233 3382 2362 3434 puer
2389 3367 2580 3418 bonum
2610 3365 2692 3420 vel
2722 3367 2944 3428 malum,
2984 3371 3285 3439 reprobobit
3325 3373 3482 3426 mali-

1910 3457 2058 3514 tiam,
2092 3465 2146 3506 ut
2179 3453 2338 3521 eligat
2367 3455 2558 3506 bonum
2583 3466 2622 3507 τ.
2653 3454 2939 3510 Clamabat
2988 3459 3154 3512 etiam
3199 3460 3436 3516 Joannes
3465 3481 3477 3515 :

1911 3543 2042 3597 Ecce
2069 3545 2249 3613 Agnus
2281 3544 2396 3606 Dei,
2418 3546 2504 3614 qui
2533 3544 2672 3598 tollit
2701 3555 2915 3616 peccata
2948 3550 3193 3603 mundi“.
3231 3551 3484 3608 Testatus

1908 3634 2088 3688 fuerat
2135 3635 2296 3688 etiam
2339 3635 2404 3688 de
2436 3636 2574 3689 coelo
2604 3636 2766 3689 Pater
2805 3654 2817 3688 :
2854 3637 2951 3690 llic
3001 3646 3076 3691 est
3124 3638 3290 3694 Filius
3338 3659 3480 3696 meus

1908 3725 2125 3780 dilectus
2163 3730 2218 3778 in
2248 3743 2348 3795 quo
2389 3729 2512 3780 mihi
2561 3727 2852 3798 complacui
2880 3731 2922 3781 ⁸.
2951 3729 3093 3795 Quin
3118 3733 3281 3786 etiam
3308 3735 3482 3801 gratia

1910 3819 2146 3889 Spiritus
2166 3821 2462 3876 advenerat
2495 3839 2507 3873 :
2534 3830 2698 3890 atque
2723 3821 2839 3876 haec
2872 3821 3108 3892 aliaque,
3135 3838 3259 3877 cum
3284 3826 3481 3880 diabo-

1909 3913 2020 3966 lum
2054 3919 2348 3975 tcrrerent,
2372 3928 2497 3966 eum
2530 3927 2638 3966 non
2669 3915 2921 3969 sinebant
2958 3915 3025 3968 ad
3058 3925 3482 3975 naturaenostraa

1909 4005 2168 4058 athletam
2196 4006 2476 4060 accedere.

1987 4097 2143 4166 124.
2167 4095 2273 4151 Sed
2313 4097 2403 4152 ubi
2425 4099 2662 4167 primum
2693 4099 2854 4155 famis
2887 4101 3300 4171 impressionem
3324 4118 3483 4159 exce-

1910 4189 2009 4258 pit,
2026 4203 2263 4257 eumquc
2284 4188 2536 4244 diabolus
2555 4191 2795 4246 humano
2811 4193 2936 4247 cibo
2959 4194 3295 4264 indigentem
3321 4196 3478 4262 vidit,

1911 4294 2011 4333 nec
2041 4286 2222 4333 tamen
2259 4294 2422 4350 supra
2453 4283 2689 4351 majores
2724 4284 3022 4353 patientem
3062 4285 3277 4351 inedi-te,
3320 4303 3479 4344 acce-

1911 4371 2011 4432 dit,
2058 4370 2408 4425 solitudinem
2458 4381 2607 4426 ratus
2641 4387 2762 4428 esse
2787 4377 3251 4443 Opportunitatem
3303 4381 3478 4434 maxi-

224 4474 320 4525 καὶ
357 4471 608 4540 νικήσειν
641 4467 838 4538 ῥᾳδίως
877 4463 1165 4518 πιστεύων.
1191 4462 1299 4514 Καὶ
1323 4459 1573 4531 καθάπερ
1605 4463 1662 4513 ἐν
1695 4464 1799 4523 τοῖς

1912 4475 2076 4523 mam,
2114 4475 2280 4530 seque
2303 4460 2460 4514 facile
2485 4461 2747 4516 victorem
2780 4463 3154 4519 forecredens.
3178 4467 3255 4522 Ac
3286 4483 3482 4537 quem-

225 4561 487 4630 πολέμοις
563 4557 651 4609 τὸν
733 4555 1070 4623 πανταχόθεν
1135 4555 1202 4622 τῇ
1287 4550 1559 4620 πανοπλίᾳ
1643 4567 1807 4604 κεκα-

222 4653 507 4722 λυμμένον
574 4645 970 4712 κατατοξεῦσαί
1036 4662 1119 4707 τις
1173 4643 1407 4704 ἐθέλων,
1496 4642 1614 4694 ὅλον
1669 4644 1805 4713 πόρο

224 4742 402 4813 ῥωθεν
457 4743 574 4801 τοῖς
615 4738 916 4806 ὀφθαλμοῖς
955 4734 1303 4804 περισκοπῶν
1361 4733 1588 4802 ἐρευνᾷ,
1637 4748 1800 4798 γεγυ-

225 4832 517 4903 μνωμένον
552 4830 708 4899 μέλος
743 4826 1032 4896 ἐπιζητῶν,
1057 4827 1140 4878 ἵνα
1181 4827 1294 4877 ἐκεῖ
1321 4823 1480 4895 ῥίψας
1527 4822 1586 4875 τὸ
1629 4822 1799 4891 βέλος,

222 4925 314 4976 τὸν
343 4922 641 4976 ἀντίπαλον
689 4919 889 4991 πλήξῃθ
937 4916 1110 4980 οὕτως
1163 4920 1191 4969 6
1230 4915 1494 4980 διάϐολος,
1535 4913 1678 4985 πάσῃ
1711 4915 1800 4966 τὸν

221 5015 460 5086 Χριστὸν
497 5011 814 5080 δικαιοσύνῃ
857 5007 1304 5077 καθωπλισμένον
1326 5006 1486 5078 ὁρῶν,
1515 5006 1607 5059 καὶ
1641 5005 1804 5058 τόπον

223 5104 487 5175 ἁρμόδιον
519 5101 721 5168 ζητῶν,
759 5101 825 5152 ἵν’
865 5102 980 5153 ἐκεῖ
1017 5098 1076 5152 τὸ
1117 5097 1270 5167 βέλος
1298 5097 1578 5167 ἀκοντίσῃ,
1615 5097 1688 5159 ὡς
1718 5090 1802 5149 εὖ.

224 5212 322 5266 ρεν
354 5197 729 5263 ἀναφανείσαν
773 5193 873 5262 τὴν
929 5193 1137 5253 πεῖναν,
1186 5191 1547 5260 προσέρχεται
1598 5192 1801 5258 θαρσα-

227 5291 380 5354 λέως,
417 5291 498 5351 ὡς
539 5287 716 5358 εὑρὼν
744 5286 804 5338 τὸ
841 5284 1193 5354 ζητούμενον,
1219 5285 1294 5346 ὠς
1333 5283 1424 5336 τοῦ
1461 5282 1803 5351 προπάτορος

295 5419 322 5460 ιι
348 5410 482 5465 Luc.
513 5424 586 5470 tv,
617 5407 670 5460 5.
751 5415 771 5442 τ
808 5402 909 5457 lsa.
943 5420 1036 5466 vn,
1066 5401 1152 5457 t6.

1909 4555 2203 4608 admodum
2255 4555 2308 4608 in
2345 4553 2524 4617 bellis,
2569 4556 2613 4609 si
2639 4557 2764 4625 quis
2798 4557 3076 4612 hominem
3113 4560 3246 4613 velit
3273 4569 3478 4616 tectum

1903 4646 2050 4699 omni
2078 4661 2352 4700 armorum
2378 4662 2575 4716 genere
2620 4646 2782 4703 ferire
2817 4650 3023 4718 jaculo,
3065 4658 3236 4704 totum
3262 4651 3481 4707 eminus

1903 4735 2078 4789 oculis
2117 4736 2570 4804 circumSpiciens
2621 4737 2872 4806 vestigat,
2909 4738 3116 4791 nudum
3151 4739 3478 4808 aiiquodin-

1908 4827 2133 4896 quirtns
2157 4827 2484 4888 membrum,
2518 4828 2567 4880 in
2589 4827 2735 4895 quod
2771 4829 3014 4883 immisso
3035 4831 3236 4898 jaculo,
3279 4831 3476 4885 adver-

1907 4919 2109 4972 sarium
2136 4929 2286 4986 petat
2316 4936 2327 4970 :
2358 4918 2438 4972 sic
2470 4917 2722 4972 diabolus
2745 4918 3024 4973 Christum
3058 4921 3291 4975 intuitus
3324 4923 3474 4976 omni

1901 5011 2114 5081 jastitia
2146 5011 2496 5072 instructum,
2549 5025 2911 5079 quaerensque
2966 5021 3336 5080 opportunum
3391 5013 3476 5067 lo-

1907 5118 2052 5166 cum,
2079 5117 2190 5169 quo
2220 5103 2386 5156 telum
2449 5103 2809 5171 intorqueret,
2845 5105 3028 5158 statim
3073 5112 3235 5170 atque
3267 5102 3477 5157 invenit

1904 5192 2101 5248 famem
2133 5208 2190 5246 se
2219 5192 2562 5262 prodentem,
2603 5194 2865 5248 audacter
2883 5193 3115 5255 accedit,
3155 5195 3381 5263 perinde
3411 5209 3476 5249 ac

1906 5284 1951 5337 si
1987 5284 2279 5352 reperisset
2311 5284 2457 5351 quod
2489 5285 2788 5354 quaerebat,
2824 5294 2879 5340 et
2912 5286 3072 5356 primi
3101 5288 3346 5355 parentis
3385 5285 3469 5340 af-

1230 5413 1250 5440 ²
1286 5401 1441 5457 Joau.
1481 5416 1519 5465 ι,
1548 5400 1639 5457 29.
1703 5400 1721 5436 ί
1758 5400 1948 5458 Matth.
1979 5417 2060 5458 ιιι,
2093 5401 2176 5454 Π.

1508 5559 1743 5614 νΑιιιΑε
1785 5557 2180 5615 LECTIONES.

297 5682 340 5714 ⁸³
362 5682 466 5734 Καὶ
500 5676 674 5741 εἶπεν,
711 5695 764 5730 κ.
791 5693 840 5728 τ.
866 5675 917 5727 λ.
949 5673 1031 5729 Ad
1072 5674 1275 5729 librum
1302 5674 1552 5744 quintum
1585 5673 1688 5744 ista
1730 5675 2026 5741 pertinere,
2059 5672 2274 5727 monuit
2315 5673 2626 5740 Gamerius,
2660 5689 2724 5728 ex
2779 5672 2892 5726 sola
2944 5671 3272 5742 conjectura.
3312 5668 3467 5742 Apud

221 5753 575 5810 “creatorem
609 5749 725 5804 haec
758 5744 1162 5803 desiderantur.

1242 5745 1282 5776 "
1305 5745 1498 5814 τούτῳ.
1548 5743 1746 5798 Aberat
1783 5744 1850 5796 ab
1877 5744 2115 5800 editione
2149 5743 2338 5813 priori.
