4208 6440
689 390 758 456 79
1918 389 2059 449 ΟΡΕ
2070 392 2117 450 R
2128 392 2170 450 υ
2181 393 2233 450 .\l
2274 392 2758 456 THEODORETI
3879 399 3952 461 80

687 502 981 554 fectioncnt
1024 500 1077 552 in
1112 500 1231 568 ipso
1286 499 1526 551 vidisset.
1564 497 1717 551 Hunc
1752 498 1897 552 enim
1943 514 2041 569 per
2088 515 2273 554 come-

2390 502 2440 554 τὸ
2493 494 2661 568 πάθος
2706 507 2764 558 ὲν
2816 506 2965 577 αὐτῷ
2991 506 3294 578 θεωρήσας.
3338 509 3444 563 Καὶ
3486 509 3593 581 γὰρ
3626 509 3829 561 ἐκεῖνον
3860 505 3949 562 δια

689 592 922 645 stionem
965 592 1124 645 beata
1152 593 1257 644 vita
1301 591 1597 660 privatum,
1651 590 1967 655 sudoribus,
2012 590 2268 655 miseriae,

689 686 963 754 mortique
986 684 1213 738 addixit.
1259 690 1262 693 ’

756 777 1037 830 Accedens
1089 778 1253 846 igitur
1287 776 1362 829 ait
1394 794 1405 829 :
1438 774 1493 830 Si
1549 775 1712 828 Filius
1753 776 1843 829 Dei
1875 793 1926 827 es
1950 817 1963 838 ,
1994 776 2075 828 (lic
2108 775 2275 845 lapidi

688 869 795 930 isti,
830 877 884 920 ut
920 869 1073 937 panis
1098 868 1197 935 ﬁat
1219 877 1265 921 υ.
1306 868 1363 920 Id
1395 877 1581 921 autem
1614 884 1723 921 non
1750 867 1993 930 fecisset,
2022 867 2126 920 nisi
2158 868 2249 921 Sal

688 972 845 1014 vator
871 961 1215 1014 ail'ectionem
1258 958 1418 1013 fatuis
1442 959 1794 1029 suscepisset,
1812 958 1960 1027 quod
1987 957 2277 1012 manifeste

658 1052 814 1120 quis
851 1068 918 1105 ex
946 1052 1412 1120 consequentibus
1455 1051 1650 1105 discat.
1688 1051 1805 1104 Mox
1840 1050 1999 1105 enim
2027 1057 2087 1104 ut
2130 1051 2277 1104 luela

688 1144 869 1196 victus
893 1151 995 1205 est,
1026 1142 1475 1212 experientiaqne
1507 1142 1703 1195 didicit
1737 1141 1886 1193 hunc
1911 1140 2090 1209 ipsum
2123 1139 2277 1193 illum

688 1251 828 1299 esse,
863 1250 1025 1304 quem
1066 1251 1259 1288 omnes
1288 1235 1567 1304 propliette
1605 1232 1995 1301 praedixerant,
2020 1247 2091 1285 ne
2122 1246 2280 1299 aspe-

688 1338 834 1381 ctum
865 1326 1087 1395 quidem
1116 1326 1427 1379 aceedentis
1453 1326 1595 1379 ferre
1619 1338 1787 1377 ausus
1817 1331 1920 1387 est,
1967 1321 2061 1376 sed
2095 1320 2276 1375 statim

688 1420 744 1471 in
799 1418 979 1487 fugam
1027 1434 1083 1471 se
1127 1418 1277 1471 dedit
1313 1434 1324 1469 :
1355 1432 1501 1470 nunc
1535 1416 1758 1486 quidem
1809 1417 2052 1469 clamans
2092 1431 2104 1465 :
2138 1414 2278 1478 Quid

690 1510 836 1562 nobis
875 1517 924 1561 et
947 1510 1058 1568 tibi.
1081 1508 1187 1563 Fili
1212 1508 1307 1561 Dci
1337 1510 1361 1561 ?
1390 1509 1516 1578 quid
1547 1509 1731 1561 venisti
1777 1517 1899 1561 ante
1930 1515 2131 1577 tempus
2172 1515 2281 1560 tor-

689 1616 849 1668 qucrc
879 1615 971 1651 nos
996 1599 1056 1650 V?
1087 1613 1233 1652 nunc
1267 1614 1398 1651 vero
1423 1616 1435 1650 :
1479 1597 1611 1651 Novi
1638 1598 1725 1666 qui
1754 1598 1846 1660 sis,
1874 1613 1903 1649 ο
1939 1605 2120 1650 sancte
2152 1597 2277 1661 Dei;

690 1692 880 1759 (πίστιν-ο
913 1699 982 1754 te,
1010 1707 1074 1743 ne
1106 1706 1186 1743 me
1217 1699 1469 1759 torqueas
1498 1703 1543 1741 ι.
1574 1689 1665 1743 Sic
1697 1701 1846 1743 metu
1873 1696 2100 1758 cogente
2126 1688 2279 1757 judi-

2381 593 2636 663 βρώσεως
2677 597 2776 666 τῆς
2825 597 3030 651 ἀλύπου
3072 598 3215 667 ζωῆς
3260 604 3551 669 στερήσας,
3590 600 3805 670 ἱδρῶτι,
3856 604 3950 653 καί

2379 680 2727 753 ταλαιπωρίᾳ
2751 724 2764 747 ,
2801 685 2892 737 καὶ
2940 685 3156 756 Θανάτῳ
3186 687 3490 752 συνέζευξε.

2450 774 2821 845 Προσέρχεται
2854 777 3032 830 τοίνυν
3066 777 3259 845 λέγων·
3296 781 3365 832 Et
3399 780 3534 845 Υἱὸς
3555 780 3613 833 εἷ
3636 780 3743 834 τοῦ
3775 780 3948 839 Θεοῦ.

2378 865 2510 917 εἰπὲ
2558 866 2640 931 τῷ
2674 867 2819 932 λίθῳ
2844 870 3051 937 τούτῳ,
3096 870 3196 922 ἵνα
3237 870 3414 937 ἄρτος
3444 870 3705 939 γένηται.
3739 873 3853 924 υύκ
3886 870 3952 925 ἂν

2377 955 2432 1007 δὲ
2474 956 2633 1009 τοῦτο
2667 960 2986 1026 πεποίηκεν,
3029 962 3077 1013 εί
3128 959 3203 1031 μὴ
3239 960 3300 1013 τὸ
3338 961 3440 1031 τῆς
3477 962 3665 1033 πείνης
3702 965 3731 1017 ὁ
3762 962 3952 1034 Σωτὴρ

2380 1047 2703 1111 κατεδέξατο
2733 1050 2924 1112 πάθος·
2956 1051 3049 1104 καὶ
3080 1050 3235 1104 τοῦτο
3277 1052 3437 1122 μάθοι
3466 1070 3550 1115 τις
3588 1055 3650 1105 ὲκ
3673 1053 3782 1105 τῶν
3815 1055 3951 1123 μετά

2378 1136 2552 1191 ταῦτα
2599 1139 2803 1208 σαφῶς.
2867 1140 2953 1203 Ὧς
2991 1141 3100 1211 γὰρ
3148 1142 3413 1202 παλαίσας
3450 1144 3676 1215 ἡττήθη,
3726 1145 3821 1198 καὶ
3866 1146 3954 1199 διὰ

2378 1228 2477 1299 τῆς
2509 1230 2701 1299 πείρας
2732 1230 2955 1299 ἔμαθεν,
2990 1231 3072 1284 ὅτι
3116 1233 3279 1295 αὐτός
3309 1234 3480 1296 ἐστιν,
3504 1233 3564 1287 ὃν
3595 1235 3644 1286 oi
3675 1235 3953 1305 προφῆται

2381 1319 2761 1389 προεκήρυξαν
2785 1321 3038 1387 ἅπαντες,
3066 1320 3186 1374 οὐδὲ
3217 1322 3315 1393 τὴν
3344 1320 3471 1376 θέαν
3497 1322 3663 1376 αὑτοῦ
3698 1325 3953 1394 προσιόν-

2376 1423 2469 1468 τος
2503 1407 2691 1479 φέρειν
2727 1409 3047 1480 ἐτόλμησεν,
3086 1410 3203 1465 ἀλλ’
3243 1411 3404 1475 εὐθὺς
3444 1412 3831 1482 ὲδραπέτευσε·
3864 1411 3952 1464 νῦν

2383 1501 2479 1569 μὲν
2513 1499 2671 1570 βοῶν’
2715 1502 2774 1554 Τί
2804 1501 2948 1570 ἡμῖν
2992 1502 3090 1555 καί
3135 1504 3258 1566 σοὶ,
3307 1502 3400 1557 Υἱὲ
3447 1501 3551 1556 τοῦ
3596 1502 3745 1556 Θεοῦ
3778 1502 3856 1566 ¹⁸;
3900 1502 3958 1555 τί

2380 1588 2563 1661 ἦλθες
2606 1594 2650 1623 ³⁸
2698 1594 2809 1661 πρὸ
2852 1593 3061 1662 καιροῦ
3103 1594 3443 1658 βασανίσαι
3491 1592 3685 1661 mide;
3726 1591 3822 1645 νῦν
3868 1592 3954 1644 δέ·

2385 1680 2528 1736 Οἶδά
2562 1699 2635 1736 σε
2664 1685 2755 1749 τίς
2784 1679 2856 1744 εἴ,
2908 1687 2940 1737 ό
2990 1684 3156 1752 ἅγιος
3195 1683 3301 1736 τοῦ
3331 1684 3479 1737 Θεοῦ
3502 1701 3516 1714 θ
3550 1682 3754 1751 ὁρκίζω
3783 1684 3825 1714 ν’
3859 1698 3952 1743 σε.

689 1794 808 1832 cem
854 1779 1148 1834 fatebatur.
1179 1779 1408 1831 Talibus
1451 1794 1583 1832 vero
1609 1782 1622 1797 °
1660 1778 1816 1847 125
1849 1786 1975 1833 ante
2012 1778 2275 1833 tentatio-

2390 1774 2462 1843 μή
2496 1792 2573 1842 με
2614 1776 2991 1841 βασανίσῃς.
3043 1774 3228 1839 Οὕτως
3282 1776 3571 1837 ἐδεδοίκει,
3622 1774 3717 1827 καὶ
3763 1772 3957 1842 κριτὴν

688 1884 814 1922 nem
836 1870 1021 1924 verbis
1050 1884 1181 1922 usus
1197 1884 1307 1921 non
1329 1876 1466 1933 erat,
1500 1869 1595 1922 sed
1631 1869 1977 1924 confidenter
2009 1871 2278 1926 accedens

2390 1836 2672 1934 bpoi.6yst'
2706 1863 2829 1917 τότε
2858 1836 3059 1933 δέ’ἒτρδ
3080 1865 3179 1934 τῆς
3210 1836 3412 1935 *πείρας
3431 1868 3489 1916 οὐ
3520 1836 3785 1925 τοιούτοις
3805 1836 3955 1914 ’ἐκέ--

688 1961 901 2014 dixerat
938 1979 950 2012 :
985 1960 1040 2014 Si
1072 1960 1237 2013 Filius
1271 1959 1362 2013 Dei
1408 1976 1481 2023 es,
1528 1961 1610 2013 dic
1642 1961 1837 2030 lapidi,
1870 1969 1927 2013 ut
1956 1963 2110 2031 panis
2156 1961 2272 2029 ﬁat.

687 2052 887 2106 Audivi
914 2052 1061 2107 enim
1086 2052 1290 2120 lapsam
1330 2050 1397 2104 de
1420 2052 1559 2105 ιιωιο
1580 2067 1791 2115 vocem,
1819 2067 1941 2122 quze
1967 2062 2017 2106 te
2046 2052 2151 2109 hoc
2175 2068 2276 2106 no-

690 2144 837 2197 mine
860 2142 1193 2212 appellaret;
1222 2158 1323 2196 nec
1370 2151 1551 2196 tamen
1580 2143 1749 2197 credo
1792 2159 1908 2197 rem
1957 2144 2033 2197 ita
2085 2158 2143 2199 se
2178 2144 2278 2199 ba-

690 2232 841 2296 bere,
874 2232 1051 2287 donec
1074 2233 1416 2303 experientia
1448 2234 1706 2305 magistra
1736 2233 1933 2289 doctus
1958 2234 2136 2289 fuero.
2176 2235 2280 2289 Fa-

690 2322 796 2375 ctis
831 2320 1101 2390 persuade
1131 2336 1256 2374 eum
1289 2330 1340 2375 te
1380 2336 1500 2375 esse
1545 2322 1640 2391 qui
1673 2322 1919 2387 vocaris;
1957 2323 2013 2377 id
2048 2325 2197 2378 enim
2233 2325 2280 2378 si

690 2412 958 2479 didicero,
987 2412 1189 2483 fugiam
1209 2413 1478 2483 protinus,
1504 2422 1559 2467 et
1593 2428 1679 2467 me
1710 2415 2032 2485 proripiam,
2053 2416 2284 2471 luctam-

692 2521 799 2575 que
824 2513 1005 2559 tecum
1036 2505 1356 2560 detrectabo
1389 2524 1400 2556 :
1438 2504 1711 2574 siquidem
1744 2507 1915 2576 probe
1962 2508 2114 2573 novi,
2146 2509 2282 2578 quid

691 2594 1029 2649 discriminis
1070 2610 1156 2648 me
1197 2594 1342 2649 inter
1387 2605 1551 2663 atque
1608 2605 1660 2649 te
1714 2595 2024 2652 intercedat
2061 2614 2073 2651 :
2114 2613 2284 2667 quare

693 2685 1021 2740 miraculum
1065 2693 1240 2755 patra,
1291 2685 1641 2756 mirabilique
1686 2688 2009 2756 operatione
2050 2689 2186 2744 doce
2232 2698 2285 2743 te

692 2778 948 2832 miraculi
984 2786 1265 2832 auctorem
1303 2794 1314 2830 :
1347 2776 1443 2831 Dic
1476 2788 1529 2832 ut
1565 2778 1701 2849 lapis
1730 2780 1831 2833 iste
1865 2782 2019 2852 panis
2047 2782 2165 2852 ﬁat.

766 2956 844 3027 (I)
899 2957 1165 3011 Dominus
1209 2972 1360 3022 vero,
1385 2957 1589 3013 auditis
1639 2959 1967 3029 nequissimi
2026 2959 2285 3024 vocibus,

692 3047 978 3102 abscondit
1043 3049 1264 3116 quidem
1323 3048 1697 3115 divinitatem,
1741 3066 1809 3105 ex
1864 3051 2105 3106 humana
2158 3067 2290 3106 vero

693 3148 889 3192 natura
940 3138 1075 3193 dicit
1128 3157 1141 3194 ξ
1193 3140 1309 3195 Non
1359 3158 1498 3211 pane
1554 3140 1729 3195 solum
1789 3144 1912 3196 vivit
1944 3144 2137 3207 homo,
2191 3145 2283 3197 sed

2390 3152 2693 3218 διαλέγεται
2747 3144 2960 3215 φύσεως
2986 3159 2998 3172 ·

692 3233 748 3284 in
784 3232 927 3284 omni
949 3232 1102 3285 verba
1130 3230 1226 3286 Dei
1246 3242 1303 3298 κς
1333 3234 1491 3302 quasi
1533 3234 1745 3288 diceret
1784 3252 1796 3287 :
1824 3234 2050 3289 Possum
2081 3236 2289 3305 absque

695 3321 930 3388 panibus
947 3322 1039 3385 ali,
1068 3338 1193 3376 cum
1220 3323 1307 3377 bis
1329 3323 1462 3378 solis
1486 3324 1595 3378 vita
1626 3325 1913 3379 hominum
1936 3342 2045 3380 non
2068 3338 2289 3383 susten-

697 3423 862 3477 tetur,
902 3414 998 3468 sed
1027 3414 1134 3469 toti
1166 3425 1375 3470 natura:
1412 3416 1697 3471 hominum
1732 3417 2040 3472 nutriendae
2082 3434 2181 3489 par
2220 3422 2293 3475 sit

696 3508 924 3560 verbum
952 3506 1067 3561 Dei.
1095 3507 1185 3562 Sic
1212 3508 1447 3577 populus
1479 3508 1813 3563 lsracliticus
1843 3525 2017 3563 annos
2050 3511 2291 3581 quadra-

696 3600 845 3669 ginta
903 3600 1153 3654 nutritus
1202 3610 1287 3655 est
1355 3618 1555 3655 manna
1589 3602 1856 3672 colligens
1884 3615 1905 3643 ι
1936 3641 1949 3663 ,
1989 3604 2291 3673 aviumque

696 3694 796 3747 Dei
830 3693 1115 3749 voluntate
1155 3703 1437 3763 captarum
1478 3695 1770 3749 venatione
1825 3694 2136 3764 perfruens.
2201 3696 2293 3753 Sic

697 3785 847 3840 Elias
870 3785 896 3825 δ
933 3800 1129 3840 corvos
1153 3785 1348 3839 habuit
1379 3786 1761 3842 obsonatores.
1787 3789 1879 3843 Sic
1895 3789 2125 3845 Elisazus
2159 3792 2287 3845 lier-

698 3877 783 3930 bis
811 3876 1122 3945 agrestibus
1152 3876 1453 3946 discipulos
1495 3879 1710 3946 pavitC.
1750 3877 1855 3934 Sed
1884 3880 2017 3949 quid
2070 3891 2291 3951 oportet

699 3966 994 4019 memorari
1019 3966 1245 4020 vetera?
1295 3966 1533 4021 Joannes
1582 3967 1695 4031 ille,
1738 3968 1831 4037 qui
1862 3970 2025 4038 paulo
2075 3980 2203 4026 ante
2234 3972 2290 4026 in

696 4055 935 4110 Jordane
976 4054 1320 4125 baptizabat,
1363 4056 1531 4110 vitam
1563 4064 1732 4111 totam
1767 4057 1823 4111 in
1871 4058 2093 4114 deserto
2124 4076 2291 4132 agens

700 4147 929 4201 locustis
951 4147 1310 4212 vescebatur,
1339 4155 1395 4201 et
1433 4162 1597 4216 apum
1629 4149 1928 4218 agrestium
1962 4150 2159 4205 favis".
2190 4152 2287 4207 Ni-

703 4238 779 4291 hil
831 4238 999 4307 igitur
1043 4238 1346 4293 absurdum
1391 4247 1494 4301 est,
1534 4237 1579 4292 si
1623 4248 1679 4292 et
1707 4255 1806 4294 nos
1840 4257 2062 4309 quoque
2107 4258 2137 4295 a
2177 4243 2289 4297 Deo

702 4330 850 4384 victu
884 4343 1027 4384 novo
1050 4330 1123 4385 ita
1149 4330 1478 4393 nutriantur,
1522 4338 1581 4384 ut
1609 4331 1840 4400 panibus
1868 4348 1976 4385 non
2005 4347 2285 4403 egeamus.

777 4685 801 4711 κ
835 4674 968 4730 Luc.
1000 4692 1070 4735 tv,
1105 4676 1158 4729 5.
1230 4686 1255 4712 '
1284 4677 1474 4733 Matth.
1509 4693 1624 4741 vni,
1663 4678 1753 4732 29.

705 4744 822 4799 4-6
854 4761 963 4800 sec.
1002 4744 1167 4800 LXX.

2379 1974 2550 2027 χρητο
2596 1958 2871 2028 ῥήμασιν,
2921 1956 3069 2029 ¹ἀλλεὶι
3113 1956 3327 2026 θαρρῶν
3366 1955 3591 2026 προσῄει
3638 1954 3848 2022 λέγων’
3890 1954 3960 2006 El

2388 2048 2521 2113 Υιὸς
2549 2045 2609 2102 εἷ
2649 2048 2757 2103 τοῦ
2808 2047 2978 2109 Θεοῦ,
3027 2046 3158 2101 ειπέ
3193 2046 3273 2111 τῷ
3310 2047 3478 2112 λίθῳ,
3511 2048 3611 2100 ἵνα
3650 2045 3829 2114 ἄρτος
3868 2043 3962 2112 τέ-

2378 2157 2574 2208 νηται.
2603 2141 2714 2211 Τῆς
2745 2140 2841 2209 μὲν
2871 2141 2979 2209 γὰρ
2998 2139 3201 2192 ἄνωθεν
3230 2138 3491 2207 ἐλθούσης
3522 2137 3703 2207 φωνῆς
3731 2137 3956 2205 ἥκουσα.

2383 2231 2539 2302 φησὶ,
2569 2229 2725 2283 τοῦτο
2767 2247 2825 2283 σε
2873 2228 3203 2298 καλεσάσης,
3253 2227 3470 2280 ἀπιστῶ
3500 2227 3557 2279 δὲ
3589 2226 3690 2287 ἓως
3721 2225 3786 2277 ἂν
3812 2223 3963 2277 λάϐω

2381 2325 2480 2395 τὴν
2512 2326 2708 2394 πεῖραν
2747 2321 3085 2375 διδάσκαλον.
3113 2320 3303 2373 Πεῖσὸν
3335 2337 3401 2390 με
3438 2318 3526 2372 διὰ
3559 2317 3665 2371 τῶν
3700 2317 3961 2388 πραγμάυ

2385 2434 2514 2481 των,
2548 2416 2623 2478 ὡς
2654 2414 2871 2483 ἀληθῶς
2910 2413 3175 2483 ὑπάρχεις
3204 2411 3233 2465 δ
3264 2410 3546 2480 κέκλησαιο
3576 2408 3643 2463 ἂν
3667 2408 3775 2477 γὰρ
3806 2407 3961 2461 τοῦτο

2389 2508 2566 2580 μάθω,
2607 2506 2875 2577 φεύξομαι
2917 2504 3011 2558 καὶ
3039 2502 3412 2576 δραπετεύσω,
3450 2501 3546 2554 καὶ
3578 2501 3680 2572 τὴν
3724 2497 3862 2569 πρὸς
3904 2498 3963 2551 σὲ

2387 2601 2802 2670 παραιτήσομαι
2845 2596 3054 2667 πάλην·
3090 2591 3207 2647 οἶδα
3236 2594 3345 2664 γὰρ
3390 2594 3511 2645 ὅσον
3552 2590 3688 2661 ἐμοῦ
3736 2590 3830 2642 καὶ
3869 2589 3966 2642 σοῦ

2385 2693 2446 2745 τὸ
2474 2692 2752 2760 διάφορονο
2785 2687 2956 2751 δεῖξον
2981 2686 3157 2739 τοίνυν
3190 2684 3251 2737 τὸ
3284 2683 3490 2754 θαῦμα,
3513 2683 3618 2764 ,καὶ
3651 2680 3862 2745 δίδαξον
3896 2683 3964 2750 τῇ

2389 2782 2805 2854 θαυματουργία
2845 2781 2938 2834 τὸν
2975 2779 3070 2833 τοῦ
3104 2779 3380 2849 θαύματος
3407 2778 3659 2847 ποιητήψ
3683 2773 3832 2829 Εἰπὲ
3867 2775 3968 2826 ἵνα

2391 2880 2423 2930 ό
2455 2877 2625 2940 λίθος
2662 2870 2840 2938 οὗτος
2872 2871 3052 2939 ἄρτος
3081 2871 3341 2939 γένηται.

2439 2973 2509 3023 α’.
2527 2966 2790 3027 Ἀκούσας
2802 2963 2933 3032 γοῦν
2950 2964 3056 3015 τῶν
3067 2962 3159 3014 τοῦ
3176 2959 3418 3031 Πονηροῦ
3433 2959 3691 3030 ῥημάτων
3705 2959 3733 3008 ὁ
3745 2957 3969 3026 Κύριος,

2392 3060 2626 3130 κρύπτει
2678 3056 2776 3126 μὲν
2818 3055 2916 3123 τὴν
2958 3051 3212 3120 θεότητα,
3264 3051 3328 3102 ὲκ
3378 3049 3434 3101 δὲ
3473 3048 3574 3117 τῆς
3629 3045 3972 3117 ἀνθρωπείας

3050 3145 3174 3196 Οὐκ
3218 3141 3311 3194 ἐπ’
3348 3139 3505 3208 ἄρτῳ
3547 3141 3741 3208 μόνον
3779 3137 3844 3201 ³⁸,
3880 3136 3971 3189 λέ-

2397 3265 2533 3319 γων,
2568 3243 2806 3311 ζήσεται
2840 3237 3173 3304 ἅνθρωπος,
3210 3235 3348 3288 ἀλλ’
3376 3234 3446 3286 ἐν
3478 3233 3520 3263 ¹⁹
3552 3230 3975 3319 παντὶρήματτ

2397 3315 2563 3392 ἀεοῦ.
2605 3330 2885 3398 Δύναμαι.
2936 3323 3131 3393 φησὶν,
3181 3320 3308 3374 ἄνευ
3352 3320 3521 3395 ἄρτου
3577 3316 3876 3386 τραφῆναισ
3907 3315 3970 3366 οὐ

2393 3428 2504 3499 γὰρ
2551 3424 2616 3483 ἂν
2654 3424 2767 3483 τοῖς
2816 3418 2996 3488 μόνοις
3030 3416 3064 3485 ἠ
3107 3413 3215 3467 τῶν
3251 3409 3557 3481 ἀνθρώπων
3586 3410 3975 3479 συγκρατεῖται

2395 3518 2529 3586 ζωήο
2567 3512 2681 3567 ἀλλ’
2724 3511 2886 3580 ἀρκεῖ
2931 3503 3262 3577 ῥῆμα-Θεοῦ
3302 3506 3487 3556 πᾶσαν
3525 3501 3636 3554 τῶν
3671 3500 3976 3573 ἀνθρώπων

2393 3608 2680 3679 διαθρέψαι
2710 3606 2810 3677 τὴν
2835 3602 3019 3673 φύσιν.
3051 3600 3238 3662 Οὕτως
3267 3601 3295 3652 ὁ
3330 3597 3721 3667 ἰσραηλιτικδς
3758 3592 3975 3663 διετρά-

2395 3720 2471 3771 φη
2514 3700 2641 3762 λαὸς
2673 3695 3084 3766 τεσσαράκοντα
3123 3692 3216 3761 ἐτη
3254 3689 3313 3742 τὸ
3341 3689 3515 3760 μάννα
3553 3686 3849 3751 συλλέγων,
3881 3684 3976 3737 καὶ

2394 3793 2566 3865 θήρας
2595 3789 2823 3862 ὀρνίθων
2855 3785 3144 3840 ἀπολαύων
3187 3782 3574 3853 πεπεδημένης
3606 3780 3767 3850 βουλῇ
3812 3778 3973 3831 Θεοῦ’

2394 3885 2489 3937 καὶ
2544 3882 2732 3943 Ἠλίας
2789 3878 3034 3948 κόρακας
3089 3876 3410 3946 ἑστιάτορας
3457 3874 3613 3945 ἔσχε·
3663 3874 3758 3927 καὶ
3801 3871 3977 3925 Ἐλισ-

2396 3978 2545 4039 σαῖος
2584 3972 2795 4043 ἀγρίοις
2837 3971 3090 4039 λαχάνοις
3134 3970 3261 4030 τοὺς
3298 3966 3567 4030 διασώσας
3616 3967 3663 3998 ὀ
3695 3964 3970 4035 διὲθρεψε.

2393 4067 2503 4121 Καὶ
2538 4065 2595 4117 τί
2638 4080 2704 4134 με
2752 4062 2833 4116 δεῖ
2879 4061 3060 4129 λέγειν
3092 4061 3160 4114 τὰ
3201 4059 3442 4125 παλαιά;
3492 4058 3744 4127 Ἰωάννης
3772 4051 3976 4119 οὗτοςό
4057 4044 4061 4047 ’

2395 4156 2671 4228 βαπτίζων
2716 4155 2942 4225 ἔναγχος
2984 4156 3041 4207 ὲν
3073 4152 3151 4223 τῷ
3200 4152 3464 4222 Ἰορδάνῃ,
3496 4152 3680 4203 πᾶσαν
3716 4150 3818 4220 τὴν
3858 4149 3976 4218 ἡλι-

2392 4250 2519 4303 κίαν
2564 4251 2622 4302 ἐν
2652 4251 2717 4319 τῇ
2753 4248 2947 4318 ἐρήμῳ
2985 4244 3516 4315 διατελέσας,ἀκρίσι
3554 4243 3844 4313 τρέφεται,
3881 4241 3974 4294 καὶ

2395 4344 2657 4414 μελιττῶν
2698 4341 2907 4410 ἀγρίων
2938 4338 3159 4410 καρπῷ.
3190 4337 3355 4391 Οὐδὲν
3386 4336 3565 4389 τοίνυν
3599 4334 3830 4396 ἀπεικὸς
3874 4334 3973 4385 καὶ

2393 4436 2539 4505 ἡμᾶς
2588 4434 2693 4487 ὑπὸ
2738 4432 2872 4484 Θεοῦ
2925 4430 3051 4503 ξένῃ
3082 4427 3398 4498 ὲστιαθῆναι
3429 4429 3627 4498 τροφῇ,
3664 4426 3761 4479 καὶ
3791 4427 3975 4498 ἄρτων

2325 4513 2370 4568 D
2399 4519 2473 4591 μὴ
2498 4519 2778 4591 δεηθῆναι.

1834 4694 1859 4719 ι
1891 4677 2056 4731 Marc.
2098 4692 2135 4734 ι.
2157 4677 2248 4732 ει.

2390 4676 2519 4732 Luc.
2553 4691 2627 4741 ιν,
2653 4677 2706 4730 4.
2786 4688 2810 4717 ι
2832 4674 2977 4730 Psal.
3007 4690 3202 4739 ιλιι-ιι,
3229 4673 3298 4727 23
3324 4688 3439 4743 seq.
3520 4672 3546 4711 ι)
3581 4671 3645 4728 IIl
3678 4673 3808 4744 Reg.
3838 4688 3974 4738 xvu,

1250 4758 1271 4785 ε
1315 4748 1377 4801 IV
1424 4748 1558 4817 Itcg.
1607 4763 1679 4813 tv,
1708 4749 1777 4801 58
1805 4764 1921 4817 seq.
2001 4746 2026 4786 ἀ
2063 4745 2231 4802 Marc.
2281 4750 2325 4812 I,‘
2358 4748 2409 4803 6.

2038 4862 2269 4918 VARUE
2306 4863 2597 4919 LECTION
2607 4864 2708 4918 ES.

777 5002 822 5035 υ
847 5001 942 5054 re
971 5020 1019 5055 τ.
1051 5003 1114 5056 Θ.
1145 5004 1267 5057 Des.
1287 5003 1479 5076 Ἰησοῦ.
1506 4976 1651 5073 quod
1678 5004 1797 5076 l.gc.
1829 5003 2106 5076 pra‘cedit.
2186 5006 2227 5038 ¹⁶
2250 5004 2300 5058 τί
2327 5001 2448 5076 ἦλθ.
2476 5005 2617 5060 Ibid.
2641 5001 2803 5076 ἦλθες
2836 5000 2960 5059 ὧδε.
3007 5005 3083 5076 ᾼίτ
3108 5002 3699 5076 ὁρκίζω-βασανίσῃς,
3733 5002 3861 5059 Haec
3887 5005 3976 5059 vi-

709 5071 908 5158 dentur
936 5087 1003 5158 es
1023 5077 1228 5158 (κν-7,
1256 5075 1441 5158 addita
1468 5071 1589 5158 esse
1630 5071 1844 5158 omisso
1859 5076 1970 5158 τὸν.
1990 5075 2124 5157 Θεὸν
2149 5071 2515 5158 ροειιρρκίζω
2551 5093 2629 5158 σε.
2665 5071 2676 5076 ⁷
2710 5077 2769 5158 η.
2790 5076 2969 5143 μόνον.
3004 5074 3148 5158 Post.
3173 5088 3348 5158 pauca
3389 5071 3596 5158 legitur
3623 5071 3775 5144 μόνῳ
3795 5113 3808 5137 ,
3852 5090 3978 5143 qua:

706 5151 785 5197 est
822 5153 1039 5213 recepta
1076 5143 1238 5198 lectio
1277 5145 1315 5198 I.
1343 5160 1391 5199 c.
1476 5145 1517 5175 ιθ
1547 5146 1626 5198 ὲν.
1652 5144 1798 5198 Loco
1830 5145 1923 5199 cit.
1958 5145 2062 5213 leg.
2090 5142 2202 5198 ὲτὲί.
2280 5148 2326 5177 ²⁰
2350 5142 2503 5199 διασ.
2552 5142 2869 5216 Legendum
2903 5160 3027 5200 esse
3059 5146 3280 5199 videtur
3315 5142 3603 5207 θιασώτας.

2234 5276 2466 5334 NOTAE.

781 5389 857 5458 (Ι)
886 5387 1054 5441 Addit
1086 5386 1448 5443 Combelisnus
1472 5404 1557 5457 ap.
1585 5388 1830 5444 Galland.
1860 5389 1952 5455 IX,
1976 5391 2080 5444 £18
2110 5409 2121 5443 :
2146 5390 2287 5456 Quid

707 5475 840 5515 vero
872 5458 1171 5512 Dominus?
1197 5460 1418 5528 Appetit
1460 5460 1683 5528 quidem
1711 5462 1917 5523 cibum,
1964 5471 2018 5515 at
2043 5461 2293 5515 domina-

709 5544 796 5583 tur
824 5528 1113 5597 appetitui,
1137 5545 1244 5581 non
1278 5529 1447 5583 servit
1472 5530 1865 5598 voluptatibus.
1915 5532 2115 5585 Invitat
2161 5548 2291 5585 esu-

708 5599 899 5653 riendo
930 5599 1304 5652 adversarium
1328 5600 1393 5653 ad
1420 5601 1581 5669 lucta:
1607 5609 1914 5667 certamen;
1940 5603 2088 5657 illius
2106 5611 2291 5658 autem

711 5670 887 5722 victor
930 5669 1165 5722 efﬁcitur
1218 5670 1560 5739 pltilosephia
1617 5671 1877 5732 humana.
1936 5688 2044 5726 non
2103 5673 2290 5728 divina

708 5739 968 5813 potentia.
1006 5740 1772 5813 Pugnat._expngnat,vincit.
1819 5742 1988 5811 fugat,
2040 5744 2288 5813 tyranni-

710 5807 832 5863 dem
857 5807 1125 5875 dissolvit,
1168 5809 1602 5865 imbecillitatem
1632 5813 1830 5879 arguit,
1866 5807 2091 5867 r'eiatan't
2118 5813 2289 5868 victo-

2398 5392 2534 5446 riam
2569 5392 2854 5462 bostisque
2908 5393 3117 5449 cladem
3162 5395 3420 5452 traducit.
3460 5417 3477 5448 ι
3502 5392 3771 5453 Confidite
3802 5398 3965 5452 enim.

2394 5464 2591 5537 inquit,
2624 5480 2725 5531 ego
2753 5464 2858 5517 vici
2890 5466 3160 5537 mundum
3191 5485 3208 5517 ι
3234 5466 3417 5536 (Joan.
3449 5485 3555 5531 xw,
3591 5468 3702 5537 52).
3736 5467 3980 5522 Concul—

2391 5535 2627 5587 candum
2658 5544 2949 5605 tyrannum
2982 5536 3050 5589 iis
3071 5538 3165 5604 qui
3196 5535 3340 5591 servi
3373 5539 3503 5591 olim
3532 5535 3974 5592 illi-addiceban-

2392 5612 2483 5657 tur
2519 5606 2763 5674 exponit.
2815 5624 2831 5655 ι
2858 5605 2997 5660 Ecce
3024 5607 3147 5661 dedi
3176 5608 3334 5661 vobis
3362 5617 3690 5677 potestatem
3726 5609 3976 5663 ealcandi

2391 5690 2559 5743 super
2597 5686 2884 5750 serpentes
2907 5685 2963 5750 e_t
2988 5677 3308 5750 scorpiones
3337 5689 3391 5734 et
3417 5695 3582 5750 super
3606 5694 3828 5734 omnem
3861 5679 3977 5734 vir-

2395 5755 2567 5800 tutem
2607 5745 2815 5800 inimici
2848 5766 2865 5797 ι
2900 5746 3048 5817 (Luc.
3078 5745 3129 5812 κ,
3164 5748 3269 5821 I9).
