4208 6440
208 372 266 435 81
1359 378 1782 438 ΑΗΕΤΑΗΙΙΜ

1879 403 1939 411 -
1976 379 2073 437 AD
2108 379 2283 437 ΤΟΜ.
2328 380 2420 437 1V.
3395 386 3462 446 8’2

279 482 524 552 ’ίιλγησε
579 483 677 552 μὲν
719 484 793 547 ὡς
842 485 1093 556 ἡττηθεὶς
1122 485 1271 550 ἅπαξ
1304 486 1332 537 6
1386 486 1649 555 Πονηρὸς,
1686 486 1782 537 οὐκ

1962 486 2121 555 126
2151 485 2333 538 Doluit
2379 484 2598 553 quidem
2646 501 2877 554 nequam
2924 484 3011 539 iilc
3057 485 3223 541 semel
3265 486 3461 546 victus.

203 573 556 641 ἀπηγόρευσε
606 574 661 625 δὲ
708 575 805 645 τὴν
844 576 1033 646 νίκην,
1087 575 1328 638 ἀκούσας
1379 576 1453 637 ὼς
1499 575 1783 646 άνθρωπος

202 663 311 731 εἴη·
346 664 468 715 Diu:
509 664 603 715 ἐπ’
644 663 800 732 ἄρτῳ
830 666 968 735 γάρ,
1004 666 1160 736 φησὶ,
1188 666 1354 735 μόνῳ
1399 664 1638 731 ζήσεται
1678 667 1783 718 ἀν-

202 754 456 818 θρωπος.
502 752 595 804 Διὸ
644 753 905 823 δευτέραν
937 754 1086 825 αὐτῷ
1120 756 1211 808 καὶ
1249 756 1440 825 τρίτην
1474 751 1635 818 αὖθις
1665 757 1783 807 πεῖ-

201 859 303 909 ραν
340 844 585 913 προᾴδει,
631 844 705 913 πὴ
743 844 840 913 μὲν
884 844 1078 911 λέγων·
1108 848 1179 899 Et
1224 846 1354 911 Υἱὸς
1390 842 1447 899 εἷ
1477 846 1582 900 τοῦ
1614 846 1783 910 Θεοῦ,

194 931 358 993 βάλε
406 934 671 988 σεαυτὸν
698 936 929 989 ἀνωθεν
968 936 1016 967 ³⁸⁵
1049 945 1063 959 ⁸
1088 936 1264 1001 κάτω,
1305 937 1398 989 καὶ
1438 936 1523 990 διὰ
1575 937 1785 990 κενοδο-

200 1022 322 1085 ξίας
346 1023 732 1080 ἐπιϐουλεύων·
774 1027 851 1096 πὴ
897 1026 953 1079 δὲ
992 1026 1092 1090 τὰς
1133 1028 1231 1098 τῆς
1267 1029 1597 1098 οἰκουμένης
1625 1028 1782 1097 βασι-

198 1113 351 1175 λείας
396 1115 725 1181 ἐπιδεικνὺς,
761 1119 855 1169 καὶ
891 1117 1093 1181 ταύτας
1123 1118 1446 1171 ἀντιδώσειν
1491 1119 1784 1187 ὑπισχνού-

199 1219 388 1270 μενος,
445 1208 493 1257 εί
550 1208 813 1277 πρότερον
865 1210 994 1279 παρ’
1030 1206 1200 1262 ἀὐτοῦ
1250 1209 1349 1277 τὴν
1411 1208 1784 1279 προσκύνησιν

196 1294 376 1348 λάϐοι.
420 1294 510 1359 Ὠς
556 1298 612 1350 δὲ
660 1298 823 1351 πάλιν
870 1299 1033 1354 αὑτὸν
1077 1299 1185 1351 τῶν
1217 1299 1464 1354 παλαιῶν
1512 1299 1782 1370 ἀνέμνησε

195 1386 471 1456 νομίμων,
515 1389 610 1441 καὶ⁵
650 1389 887 1454 ἐδίδαξεν
927 1390 1010 1443 ὅτι
1055 1391 1155 1443 ούκ
1199 1390 1448 1454 ἀνέξεται
1479 1391 1650 1459 ἑτέρῳ
1674 1388 1782 1440 τινὶ

192 1477 254 1528 τὸ
289 1477 436 1529 θεῖον
458 1478 626 1549 γέρας
665 1482 1075 1550 προσενεγκεῖν,
1116 1480 1398 1551 ὑπέμνησε
1428 1480 1487 1533 δὲ
1527 1480 1621 1533 καὶ
1663 1479 1783 1532 ἑτέ-

197 1585 315 1635 ρων
344 1568 442 1621 τοῦ
468 1569 603 1622 Θεοῦ
642 1570 987 1640 διδαγμάτων
1018 1571 1446 1642 διαγορευόντων
1489 1571 1563 1642 μὴ
1588 1571 1783 1642 πειρά·

195 1656 319 1720 ζειν
370 1659 465 1712 τὸν
518 1660 626 1714 τῶν
677 1662 815 1714 ὅλων
849 1662 1002 1727 Θεὸν,
1033 1664 1063 1715 6
1094 1663 1192 1732 μὲν
1240 1662 1448 1732 ἀπέδρα
1489 1662 1589 1731 τῆς
1616 1663 1783 1732 ἥττης

194 1749 300 1820 τὴν
332 1752 600 1821 αἰσχύνην
646 1754 709 1805 οὐ
752 1753 954 1824 φέρων,
1009 1754 1102 1807 καὶ
1149 1754 1359 1806 δειλιῶν
1399 1758 1491 1807 καὶ
1540 1754 1779 1825 τρέμων,

1890 591 1991 628 nec
2021 585 2200 629 tamen
2230 576 2296 629 de
2322 576 2547 629 victoria
2584 593 2734 646 spem
2771 578 2988 648 abjeeit,
3021 594 3143 631 cum
3174 579 3318 633 hunc
3344 596 3466 635 esse

1889 664 2165 719 hominem
2190 668 2425 729 audiret,
2446 667 2537 737 qui
2569 667 2785 721 diccbat
2815 686 2824 719 :
2852 667 2965 721 Non
2996 685 3131 737 pane
3154 669 3323 723 solum
3342 672 3466 725 vivit

1886 760 2058 811 homo.
2090 760 2214 813 Ideo
2248 759 2476 812 alteram
2522 758 2641 827 ipsi,
2686 758 3013 827 tertiamque
3049 755 3310 814 Continuo
3341 770 3464 815 ten-

1888 849 2153 903 tationem
2180 850 2331 903 velut
2378 849 2649 919 praecinit,
2692 850 2854 903 modo
2900 849 3121 918 quidem
3147 848 3335 903 dicens
3372 848 3471 903 :Si‘

1887 937 2050 992 Filius
2079 940 2170 993 Dei
2198 957 2270 1002 es,
2308 943 2451 993 mitte
2484 950 2529 992 te
2556 941 2817 1005 deorsum,
2836 942 3053 995 inanem
3081 942 3304 1012 gloriam
3328 941 3464 995 insi-

1885 1027 2038 1082 diose
2092 1030 2382 1083 consulens
2432 1048 2443 1082 :
2486 1030 2647 1083 modo
2696 1046 2859 1099 regna
2907 1032 3148 1084 universi
3192 1040 3461 1085 terrarum

1886 1118 2034 1173 orbis
2073 1129 2373 1184 ostentans,
2420 1137 2592 1190 caque
2633 1137 2689 1175 se
2730 1122 3124 1176 retributurum
3162 1121 3460 1191 spondens,

1886 1211 1928 1266 si
1956 1212 2109 1281 prius
2135 1212 2203 1265 ab
2232 1227 2299 1266 eo
2347 1212 2683 1266 adorationis
2723 1213 2930 1267 cultum
2980 1213 3301 1282 accepisset.
3350 1212 3453 1270 Seu

1885 1312 2175 1373 postquam
2202 1304 2380 1374 ipsum
2406 1303 2656 1358 Christus
2687 1305 2755 1358 ad
2796 1313 3044 1359 veterum
3086 1305 3458 1357 institutorum

1886 1398 2206 1451 memoriam
2256 1396 2551 1458 revocavit,
2589 1397 2882 1465 docuitque
2926 1411 2983 1450 se
3010 1410 3117 1449 non
3142 1395 3465 1448 commissu-

1886 1504 2027 1552 rum,
2057 1497 2117 1542 ut
2142 1489 2408 1542 honorem
2438 1489 2547 1541 Deo
2574 1488 2821 1541 debitum
2850 1487 3005 1539 alteri
3022 1486 3276 1554 cuiquam
3308 1484 3462 1538 exhi-

1885 1579 2061 1640 beret,
2095 1594 2195 1633 nec
2218 1594 2326 1632 non
2361 1578 2646 1632 admonuit
2674 1578 2904 1632 aliorum
2932 1576 3029 1629 Dei
3056 1575 3459 1629 mandatorum.

1884 1687 2006 1739 qua:
2042 1672 2288 1735 edicunt,
2336 1686 2443 1724 non
2478 1673 2493 1689 ‘
2536 1668 2854 1724 tentandum
2903 1683 3021 1722 esse
3078 1668 3459 1722 universorum

1886 1762 2057 1815 Deum
2086 1780 2098 1814 :
2135 1761 2344 1831 aufugit
2369 1762 2456 1815 ille
2479 1760 2724 1830 quidem,
2752 1775 2861 1813 non
2884 1759 3068 1813 ferens
3106 1757 3458 1828 ignominiam

195 1840 296 1893 καί
321 1840 425 1909 τῆς
448 1843 763 1912 τυραννίδος
787 1844 1221 1914 ὲκδληθήσεσθαι
1241 1845 1575 1916 προσδοκῶν.
1601 1846 1782 1898 Πάντα

1887 1852 2057 1906 cladis
2090 1867 2223 1915 suae,
2261 1865 2575 1921 pavensquc
2620 1865 2682 1903 ac
2716 1849 3163 1912 contremiscens,
3202 1862 3366 1916 seque
3394 1863 3457 1901 ex

192 1930 311 2002 γὰρ
360 1931 526 1985 αὐτοῦ
567 1935 815 1998 κενώσας
862 1936 927 1988 τά
969 1934 1121 2007 βέλη,
1162 1936 1256 1989 καὶ
1282 1936 1461 1997 πάσας
1489 1934 1654 1989 αὑτοῦ
1683 1935 1785 2005 τῆς

194 2022 418 2093 ἀπάτης
461 2024 563 2086 τὰς
601 2024 780 2087 πάλας
828 2024 1206 2095 προσενεγκὼν
1228 2068 1242 2090 ,
1279 2024 1521 2095 ἄτρωτον
1542 2020 1665 2096 εὗρε
1691 2025 1784 2078 καὶ

196 2114 472 2184 ἀήττητον
522 2116 612 2168 τὸν
649 2115 909 2186 ἀθλητὴν,
933 2117 1027 2170 καὶ
1068 2117 1143 2181 ὡς
1168 2116 1243 2188 τῷ
1278 2117 1450 2187 Ἀδάμ
1476 2117 1785 2187 προσελθὼν

191 2206 296 2276 οὐχ
334 2198 517 2277 εὗρεν,
560 2206 619 2259 ὃν
655 2206 1046 2277 προσεδόκησε.

270 2405 365 2476 Τῷ
401 2405 459 2458 δὲ
486 2406 682 2476 νικητῇ
719 2404 1111 2474 προσελθόντες
1152 2405 1395 2473 ἄγγελοι,
1423 2407 1473 2458 οἳ
1503 2405 1783 2477 πόρρωθεν

196 2498 474 2568 ἐθεώρουν
512 2495 612 2567 τὴν
648 2496 848 2566 πάλην,
872 2495 1124 2568 καθάπερ
1156 2498 1295 2559 τινὲς
1330 2497 1555 2567 ἐρασταὶ
1600 2496 1783 2565 διηκό-

196 2605 345 2649 νουν,
379 2587 655 2657 ἐχόρευον,
701 2586 987 2656 εὐφήμουν
1021 2586 1113 2639 τὸν
1145 2584 1403 2657 ἀθλητὴν,
1433 2586 1779 2656 ἐστεφάνουν,

197 2681 591 2749 ἀνεκήρυττον,
622 2677 841 2747 ἔχαιρον
878 2678 971 2731 ἐπὶ
1014 2680 1079 2750 τῇ
1106 2678 1213 2731 τῶν
1245 2679 1549 2749 ὁμοδούλων
1575 2679 1783 2750 ἀνθρώ-

198 2789 319 2822 πων
353 2769 663 2841 ἐλευθερίᾳ,
698 2772 990 2836 ὲγάννυντο
1028 2769 1125 2824 τοῦ
1150 2770 1444 2824 ἀντιπάλου
1483 2770 1582 2841 τὴν
1614 2765 1783 2841 ἧτταν

198 2863 456 2934 ὁρῶντες.

265 2974 460 3029 Ταῦτα
482 2977 582 3047 τὴν
623 2976 999 3048 Ἀπολιναρίου
1040 2976 1423 3047 ματαιολογίαν
1456 2977 1687 3047 ἐλέγχει,
1723 2976 1782 3038 δς

197 3068 318 3121 ἀντὶ
347 3066 443 3119 νοῦ
478 3068 569 3121 τὸν
604 3068 737 3121 Θεὸν
781 3069 955 3135 Λόγον
993 3069 1274 3138 ἐνοικῆσαι
1322 3069 1472 3137 λέγει
1500 3072 1564 3139 τῇ
1607 3085 1773 3133 προσ-

1886 1946 2172 2017 lyrannide
2233 1945 2600 2015 dejiciendum
2653 1951 3009 2012 exspectans,
3076 1941 3275 2011 quippe
3336 1957 3459 1994 cum

1884 2038 2168 2092 exhaustis
2196 2036 2453 2091 omnibus
2499 2035 2644 2097 telis,
2687 2033 3052 2101 omnibusque
3089 2031 3348 2085 adhibitis
3378 2033 3461 2084 lu—

1885 2128 2071 2183 ctandi
2114 2128 2256 2183 dolis
2302 2127 2705 2181 invulneratum
2748 2124 3058 2194 reperisset,
3090 2123 3461 2191 invictumque

1886 2220 2146 2290 pugilem,
2190 2235 2291 2273 nec
2340 2220 2555 2289 qualem
2587 2216 2958 2287 exspectabat,
2996 2230 3119 2269 cum
3162 2214 3228 2267 ad
3284 2214 3459 2282 ipsum

1886 2310 2116 2379 perinde
2148 2318 2313 2376 atque
2342 2308 2409 2361 ad
2441 2307 2707 2361 Adamum
2744 2304 3047 2359 accederet.

1951 2401 2141 2469 Angeli
2167 2402 2261 2469 qui
2304 2414 2539 2469 pugnam
2584 2397 2799 2451 eminus
2822 2394 3163 2464 spectabant,
3198 2394 3463 2447 acceden-

1884 2501 1967 2544 tes
2006 2488 2222 2551 victori,
2258 2488 2408 2542 velut
2445 2487 2603 2541 amici
2640 2486 2862 2555 quidam
2911 2483 3315 2544 ministrabant,
3340 2500 3461 2555 age-

1883 2582 2122 2650 bantque
2148 2580 2397 2639 choreas,
2430 2587 2484 2633 et
2512 2579 2843 2649 gratulantes
2863 2576 3170 2641 victoriam,
3201 2574 3458 2629 athletam

1883 2671 2241 2734 coronabant,
2265 2670 2523 2724 laudibus
2544 2668 2869 2732 alliciebant,
2904 2676 2959 2721 et
2990 2666 3311 2723 laetabantur
3345 2675 3458 2720 tum

1884 2764 1952 2818 de
1978 2780 2369 2819 conservorum
2414 2764 2697 2818 hominum
2726 2764 2998 2828 libertate,
3031 2772 3142 2817 tum
3169 2761 3236 2817 de
3269 2760 3461 2816 adver-

1884 2857 2014 2911 sarii
2046 2856 2221 2921 clade,
2258 2872 2421 2926 quam
2448 2856 2821 2910 intuebantur.

1956 2968 2081 3023 Haec
2126 2969 2511 3039 Apollinaris"
2559 2977 2798 3040 arguunt
2833 2970 3161 3033 vanitatem,
3215 2970 3309 3039 qui
3359 2987 3458 3039 pro

1884 3062 2099 3116 ratione
2157 3062 2263 3132 (vel
2314 3062 2518 3132 mente)
2574 3064 2746 3116 Deum
2796 3063 3033 3118 Verbum
3080 3064 3134 3116 in
3184 3072 3459 3132 assumpta

196 3158 464 3229 ληφθείσῃ
498 3158 682 3229 σαρκί.
718 3158 779 3212 Εί
824 3160 932 3229 γάρ
962 3161 1063 3213 οὐκ
1098 3156 1243 3230 εἶχεν
1280 3160 1618 3229 ἀνθρώπινον
1654 3160 1777 3213 νοῦν

1883 3168 2048 3209 carne
2076 3154 2273 3209 asserit
2302 3154 2595 3209 habitasse.
2621 3154 2755 3209 Nam
2801 3155 2845 3208 si
2879 3171 2987 3208 non
3027 3155 3218 3209 habuit
3263 3156 3457 3209 huma-

198 3251 231 3319 ἡ
256 3250 632 3317 ἀναληφθεῖσα
661 3249 842 3317 φύσις,
892 3251 1023 3313 Θεὸς
1054 3252 1154 3320 μὲν
1202 3248 1270 3323 ἦν
1301 3252 1329 3305 6
1372 3254 1506 3324 πρὸς
1545 3254 1635 3307 τὸν
1662 3254 1777 3307 διά-

196 3340 350 3393 ϐολον
380 3339 815 3410 ἀγωνισάμενος,
842 3340 975 3404 Θεὸς
1003 3341 1059 3394 δὲ
1090 3342 1117 3394 6
1151 3341 1251 3412 τὴν
1300 3342 1464 3413 νίκην
1503 3343 1777 3413 ἀναδησά-

204 3448 387 3502 μενος,
418 3430 556 3483 Θεοῦ
586 3430 644 3483 δὲ
677 3432 1045 3502 νενικηκότος,
1079 3431 1189 3501 ἐγὼ
1219 3432 1317 3502 μὲν
1341 3433 1532 3487 οὐδένα
1566 3435 1781 3488 ἀπωνά-

204 3541 310 3591 μην
349 3523 455 3592 τῆς
485 3523 680 3592 νίκης,
729 3522 805 3586 ὡς
850 3523 1002 3576 οὐδὲν
1052 3525 1131 3587 είς
1182 3524 1386 3593 ταύτην
1430 3526 1775 3594 εἰσενεγκὼν.

212 3615 374 3668 Ἀ).λά
437 3615 532 3667 καὶ
573 3614 671 3685 τῆς
722 3613 973 3667 ἐντεῦθεν
1024 3616 1367 3685 εὐφροσύνης
1417 3616 1775 3687 γεγύμνωμαι

201 3706 290 3757 ἐπὶ
332 3705 619 3777 τροπαίοις
647 3703 890 3775 γαυριῶν
924 3704 1243 3776 ἀλλοτρίοις·
1293 3708 1450 3777 αὐχεῖ
1497 3708 1553 3761 δὲ
1588 3710 1615 3761 6
1662 3707 1777 3761 διά-

202 3796 349 3858 δολος
378 3795 476 3848 καὶ
522 3793 794 3865 κομπάξει
841 3794 937 3847 καὶ
974 3795 1116 3864 μέγα
1150 3798 1338 3866 φρονεῖ
1384 3798 1481 3849 καὶ
1515 3796 1778 3867 σεμνύνε-

201 3904 306 3950 ται,
331 3885 410 3949 ὡς
434 3884 554 3956 Θεῷ
593 3885 861 3949 παλαίσας
896 3886 990 3939 καὶ
1023 3886 1129 3939 ὑπὸ
1156 3886 1289 3939 Θεοῦ
1318 3887 1599 3960 ἡττηθείς·
1631 3889 1776 3962 μέγα

204 3985 305 4049 γὰρ
328 3977 481 4031 αὺτῶ
507 3977 602 4031 καὶ
625 3977 684 4031 τὸ
704 3978 1001 4049 ἡττηθῆναι
1036 3978 1141 4034 ὑπὸ
1162 3979 1317 4034 Θεοῦ.

270 4154 554 4226 Χρήσαιτο
598 4152 645 4207 δ’
674 4152 740 4207 ἂν
781 4155 877 4207 καὶ
914 4155 1299 4223 δικαιολογίαις
1353 4156 1630 4225 εὐλόγοις,
1684 4160 1777 4212 καὶ

206 4246 364 4299 etnot-
418 4243 582 4313 Ἐγὼ,
623 4245 869 4299 Δέσποτα
905 4247 995 4298 καὶ
1029 4247 1229 4316 ποιητά
1249 4248 1355 4301 τῶν
1378 4249 1535 4311 ὅλων,
1558 4250 1616 4302 ού
1642 4250 1776 4317 πρὸς

206 4335 263 4387 σὲ
292 4336 396 4406 τὴν
432 4335 614 4405 μάχην
648 4336 1003 4407 ἀνεδεξάμην
1043 4334 1158 4390 οἴδα
1190 4339 1299 4409 γάρ
1344 4356 1437 4391 σου
1471 4341 1570 4411 τὴν
1599 4339 1775 4405 ἀξίαν,

206 4424 503 4493 ἐπίσταμαι
544 4424 644 4494 τὴν
672 4425 941 4488 ἐξουσίαν,
992 4427 1245 4493 γινώσκω
1285 4428 1382 4499 τὴν
1422 4430 1775 4495 δεσποτείαν,

1876 3259 2003 3299 nam
2024 3254 2263 3300 mentem
2301 3246 2455 3314 127
2493 3255 2767 3315 assumpta
2796 3256 2991 3299 natura
3015 3287 3028 3309 ,
3066 3246 3207 3301 Deus
3237 3246 3456 3315 quidem

1876 3335 2067 3401 erit“,
2116 3336 2211 3405 qui
2256 3345 2447 3390 contra
2478 3335 2751 3389 diabolum
2785 3336 3014 3389 certavit
3044 3354 3055 3388 :
3090 3337 3230 3389 Deus
3269 3338 3454 3398 etiam,

1877 3429 1971 3499 qui
2016 3428 2306 3483 victoriam
2356 3437 2615 3499 operatus
2680 3430 2922 3495 est,Deo
2969 3439 3151 3487 autem
3198 3440 3457 3499 operante

1874 3521 2179 3584 victoriam,
2199 3538 2300 3591 ego
2330 3521 2551 3591 quidem
2573 3522 2639 3576 de
2672 3522 2772 3576 hac
2795 3521 3023 3575 victoria
3052 3520 3186 3574 nihil
3208 3520 3458 3574 utilitatis

1877 3612 2084 3683 accepi,
2114 3614 2266 3667 velut
2306 3613 2400 3683 qui
2441 3612 2579 3666 nihil
2623 3612 2751 3667 huic
2789 3612 2989 3666 inferre
3016 3610 3312 3680 potuerim.
3350 3610 3458 3664 Sed

1877 3714 1933 3757 et
1973 3704 2182 3767 laetitia,
2227 3686 2350 3773 quae
2392 3718 2459 3757 ex
2485 3704 2587 3758 hac
2632 3720 2690 3758 re
2718 3704 2965 3773 contigit,
3014 3702 3237 3772 privor,
3283 3717 3450 3771 super

1877 3793 2168 3863 triumphis
2198 3792 2392 3847 alienis
2417 3794 2727 3857 exsultans;
2763 3792 3024 3861 tripudiat
3057 3798 3239 3845 autem
3267 3791 3459 3846 diabo-

1877 3885 1985 3947 lus,
2016 3892 2071 3938 ct
2101 3885 2403 3948 extollitur,
2429 3892 2485 3939 et
2514 3884 2782 3953 superbit,
2808 3894 2971 3951 atque
2987 3882 3273 3953 gloriatur,
3300 3885 3456 3950 quasi

1879 3990 2004 4030 cum
2059 3975 2170 4029 Deo
2226 3975 2463 4029 luctatus
2496 3974 2630 4028 sit"
2665 3992 2678 4026 :
2713 3988 2967 4043 magnum
3022 3978 3107 4025 est
3147 3971 3293 4025 enim
3341 3971 3454 4035 illi,

1878 4067 2040 4120 etiam
2064 4081 2092 4118 a
2112 4066 2223 4119 Deo
2257 4066 2526 4134 superari.

1949 4155 2061 4210 Hac
2100 4156 2265 4209 etiam
2290 4172 2422 4210 usus
2439 4154 2759 4211 defensione
2791 4156 3184 4211 convenienter
3206 4157 3457 4211 diabolus

1879 4246 1992 4300 Deo
2023 4245 2206 4299 dicere
2247 4254 2463 4314 poterat
2497 4264 2509 4297 :
2541 4246 2675 4316 Ego,
2723 4246 2949 4299 Domine
2994 4255 3049 4299 et
3091 4255 3305 4300 creator
3334 4248 3455 4299 uni-

1881 4351 2190 4399 versorum,
2232 4352 2341 4389 non
2370 4345 2558 4390 contra
2595 4345 2646 4390 te
2689 4344 2963 4389 certamen
3008 4336 3306 4405 assumpsi;
3344 4338 3457 4390 seio

1880 4441 2116 4495 namque
2140 4425 2455 4494 dignitatem
2485 4434 2652 4488 tuam,
2698 4426 2940 4496 intelligo
2982 4434 3326 4494 potestatem,
3363 4442 3455 4478 cu-

205 4514 453 4584 όμολογῶ
492 4516 591 4587 τὴν
625 4516 891 4583 δουλείαν,
938 4517 1034 4581 καὶ
1079 4517 1176 4588 τὴν
1220 4519 1556 4573 ἀποστασίαν
1598 4522 1772 4574 νοσῶο

1879 4531 2076 4585 gnosco
2101 4514 2552 4579 dominationem,
2605 4516 2777 4569 fateor
2820 4516 3165 4578 servitutem,
3208 4516 3457 4584 quamvis

210 4608 523 4679 παραχωρῶ
551 4607 607 4661 δὲ
644 4609 737 4662 καὶ
779 4609 1031 4677 ἀγγέλοις
1072 4610 1172 4679 τῆς
1200 4611 1353 4681 νίκης
1387 4611 1481 4663 καὶ
1508 4614 1639 4666 πᾶσι
1670 4616 1779 4676 τοῖς

208 4698 381 4763 ἁγίοις
439 4697 660 4768 δήμοις,
692 4689 767 4753 ὧν
796 4714 923 4749 ποτε
973 4699 1065 4751 καὶ
1104 4700 1133 4751 6
1177 4700 1519 4772 ταλαίπωρος
1559 4696 1636 4765 εἷς
1680 4704 1780 4755 ὑπ-

206 4790 371 4860 ῆρχον
403 4790 653 4860 ἐγώ.Τὴν
674 4790 730 4843 δὲ
759 4790 939 4861 μάχην
967 4791 1101 4860 πρὸς
1129 4791 1315 4845 τοῦτον
1336 4794 1690 4865 ἀνεδεξάμην,
1713 4795 1779 4866 ἥν

208 4878 311 4930 ἀπὸ
340 4878 515 4949 πηλοῦ
549 4879 647 4948 μὲν
688 4878 1001 4943 διέπλασας,
1029 4880 1146 4932 κατ’
1164 4882 1349 4932 εἰκόνα
1366 4882 1420 4934 δὲ
1458 4883 1555 4952 σὴν
1580 4884 1767 4952 ἐποίη-

210 4983 304 5030 σας
363 4969 460 5021 καὶ
524 4970 791 5040 ἐτίμησας
820 4969 895 5040 τῷ
925 4969 1087 5037 λόγῳ,
1131 4970 1224 5023 καὶ
1261 4972 1589 5042 παραδείσου
1632 4974 1777 5027 πολί-

210 5075 305 5126 την
346 5060 712 5129 κατέστησας,
770 5060 865 5112 καὶ
904 5060 1009 5130 γῆς
1054 5062 1149 5114 καὶ
1196 5061 1464 5133 θαλάττης
1510 5062 1775 5134 δεσπότην

212 5150 507 5221 ἀπέφηνας.
527 5152 749 5217 Τοῦτον,
792 5152 976 5223 ἀπάτῃ
1009 5155 1373 5223 χρησάμενος,
1396 5156 1484 5207 οὐ)
1524 5156 1764 5228 ἀνάγκη,

212 5242 487 5314 νενίκηκα·
543 5242 729 5297 τοῦτον
783 5244 943 5313 μέχρι
974 5244 1071 5314 τῆς
1103 5245 1340 5316 σήμερον
1370 5248 1578 5317 ἡμέρας
1610 5247 1774 5299 νικῶν

1880 4606 2061 4676 refuga
2083 4622 2202 4659 esse
2238 4621 2532 4675 cognoscar
2568 4624 2580 4658 :
2618 4606 2903 4661 victoriam
2938 4622 3067 4660 vero
3102 4607 3261 4671 cedo,
3283 4616 3339 4659 et
3362 4624 3456 4661 an-

1877 4699 2036 4767 gelis,
2078 4706 2134 4751 et
2172 4697 2320 4751 omni
2352 4698 2565 4751 cmlcsti
2614 4697 2978 4761 multitudini,
3027 4714 3089 4751 cx
3125 4699 3325 4767 quibus
3354 4700 3453 4751 ali-

1876 4788 2095 4859 quando
2115 4797 2171 4843 et
2194 4803 2293 4857 ego
2314 4788 2498 4841 infelix
2514 4789 2851 4843 exstiteram.
2870 4788 3071 4844 Contra
3104 4789 3249 4843 hunc
3272 4798 3453 4843 autem

1877 4883 2091 4949 suscepi
2123 4889 2420 4943 certamen,
2474 4898 2638 4951 quem
2684 4882 2751 4935 de
2805 4883 2935 4935 limo
2982 4882 3245 4945 formasti,
3296 4891 3349 4935 et
3389 4883 3454 4934 ad

1887 4972 2175 5042 imaginem
2202 4982 2347 5028 tuam
2384 4973 2586 5034 fecisti,
2615 4981 2669 5025 ct
2705 4973 2910 5026 ratione
2940 4972 3217 5025 honorasti
3238 5012 3252 5036 ,
3279 4980 3333 5025 c1
3362 4987 3456 5039 pa-

1886 5064 2052 5118 radisi
2089 5066 2265 5119 civem
2300 5064 2649 5129 constituisti,
2691 5072 2746 5118 et
2778 5073 2937 5117 terrae
2979 5062 3253 5131 marisque
3284 5063 3463 5116 domi.

1887 5171 2014 5208 num
2042 5155 2449 5209 demonstrasti.
2474 5156 2630 5210 Hunc
2650 5155 2990 5219 seductione,
3011 5170 3117 5207 non
3137 5153 3456 5208 necessitate

1885 5246 2074 5316 decepi
2096 5249 2168 5310 ²³;
2204 5245 2351 5301 hunc
2369 5262 2539 5316 usque.
2568 5247 2621 5300 in
2643 5246 2970 5300 hodiernum
3006 5245 3151 5298 diem
3175 5259 3453 5312 superare,

1497 5420 1729 5477 VARMS
1769 5421 2169 5480 LECTIONES.

276 5564 338 5591 ’θ’
364 5564 449 5617 ἄν.
473 5561 780 5633 ἰλυεηιῇθ,
805 5561 1186 5631 1ος.ὲντεῦθεν.
1266 5563 1305 5593 ²¹
1336 5563 1454 5616 Have
1479 5562 1942 5633 Apollinaris,ctc.
1971 5566 2047 5619 Ex
2074 5564 2240 5618 Mario
2270 5565 2567 5618 Mercatore
2602 5562 2821 5632 quidem
2846 5561 2961 5633 hinc
2991 5559 3272 5627 desumpta
3306 5570 3451 5633 sunt,

212 5634 298 5685 ml
321 5649 429 5687 non
450 5648 589 5702 opus
613 5631 717 5702 fuit
745 5631 847 5687 hoc
873 5633 991 5686 loco
1019 5649 1154 5685 nova
1182 5631 1799 5702 interpretatione,quia
1821 5646 1997 5689 textus
2028 5634 2244 5688 Grzecus
2266 5635 2497 5688 maxima
2520 5650 2583 5686 ex
2620 5631 2774 5702 parte
2797 5648 2919 5686 cum
2947 5631 3136 5684 Latino
3160 5631 3451 5702 consentit.

213 5704 252 5731 "
275 5703 413 5755 Erit.
451 5701 816 5757 Scribendum
842 5710 984 5757 esset
1018 5713 1150 5755 erat.
1230 5704 1274 5734 ’³

212 5775 333 5841 (φὶ.
358 5774 451 5827 Vel
486 5772 667 5844 potius
697 5773 810 5824 viri.

1340 5713 1459 5756 .m't.
1497 5704 1579 5755 sit.
1628 5700 1773 5756 Azidc
1818 5706 1966 5772 juxta
2002 5714 2205 5758 textum
2245 5704 2511 5766 Graecum,
2551 5711 2595 5755 ct
2622 5700 2854 5771 inferior
2890 5702 3196 5753 disnmsnrit.
3272 5700 3313 5729 "'
3347 5700 3450 5755 Ife-
