4208 6440
686 379 757 442 83
1914 386 2231 449 OPERUM
2269 389 2274 403 '

2358 388 2758 449 [EODORETI
3871 384 3940 449 84

688 487 947 559 dejicere,
992 502 1057 540 ac
1095 490 1258 540 morti
1310 488 1525 542 tradere
1574 504 1684 541 non
1734 504 1918 556 cesso;
1975 507 2266 559 persevera

2370 495 2463 546 καὶ
2502 493 2732 561 βάλλων,
2765 491 2860 544 καὶ
2900 490 2977 560 τῷ
3016 490 3232 559 θανάτῳ
3276 488 3659 559 παραπέμπων
3690 490 3937 545 διατελῶ

684 581 833 633 hunc
865 577 933 631 ad
969 577 1205 631 stadium
1230 578 1555 647 perducens,
1589 586 1646 631 et
1668 594 1882 633 mecum
1910 580 2102 634 luctari
2121 597 2261 649 pra:-

685 668 920 739 cipiens.
970 669 1113 736 Ipse,
1151 678 1429 738 spectator
1476 668 1701 735 assiste;
1753 670 1914 743 etiam
1956 680 2071 725 arte
2100 688 2262 740 quam

686 758 903 811 athleta:
950 756 1251 820 insumunt,
1305 756 1547 811 ostende
1576 758 1735 827 128
1766 758 1959 835 luctari
2000 760 2265 813 :demon-

686 861 796 902 sua
831 857 886 902 et
918 847 1165 902 instituta
1196 848 1511 903 certaminis
1529 848 1573 879 ⁸⁸
1600 866 1612 899 :
1651 866 1812 918 unge,
1845 858 1898 903 ut
1936 850 2119 916 voles;
2150 860 2265 905 tan-

687 949 805 995 tum
859 956 929 995 ne
981 940 1148 993 buic‘
1186 940 1447 993 auxilium
1494 940 1741 1010 prtebeas
1782 956 1934 993 :non
1987 942 2133 995 enim
2187 943 2299 997 sic.

687 1031 864 1085 audax
898 1047 997 1101 ego
1020 1040 1077 1085 et
1111 1041 1292 1086 mente
1317 1033 1581 1101 privatus,
1612 1038 1673 1085 ut
1691 1029 1985 1087 adversum
2012 1040 2066 1087 te
2092 1032 2265 1087 facto-

688 1136 803 1175 rem
839 1131 1050 1175 eertare
1073 1128 1406 1189 pertentem.

760 1303 886 1357 Haec
906 1301 974 1357 ad
1008 1302 1344 1357 Salvatorem
1366 1301 1646 1358 Christum
1675 1304 1822 1374 juste
1842 1302 2094 1357 diabolus
2119 1302 2269 1357 diee-

687 1402 794 1458 ret,
838 1394 883 1448 si
914 1411 1024 1447 non
1063 1402 1208 1448 esset
1236 1394 1423 1459 homo,
1456 1395 1551 1450 sed
1595 1396 1759 1460 Deus,
1782 1396 1877 1464 qui
1918 1410 2017 1463 pro
2045 1394 2267 1448 homine

689 1485 994 1539 decertaret
1010 1486 1074 1537 “.

762 1574 817 1630 Si
849 1576 996 1631 enim
1031 1576 1087 1630 in
1114 1576 1336 1631 Christo
1360 1592 1515 1631 mens
1545 1576 1783 1631 humana
1813 1592 1925 1630 non
1954 1584 2094 1640 erat,
2120 1577 2267 1631 Deus

690 1675 873 1719 autem
906 1682 1005 1736 pro
1038 1677 1221 1721 mente
1248 1668 1518 1721 exsistens
1561 1669 1894 1736 Operabatur
1935 1668 2117 1720 omnia
2147 1683 2268 1735 qua:

690 1757 890 1809 mentis
918 1765 1045 1812 sunt
1074 1774 1085 1808 :
1116 1758 1258 1810 Deus
1285 1765 1421 1820 erat,
1452 1758 1546 1825 qui
1579 1757 1988 1811 laboravitcum
2016 1772 2266 1826 corpore;

689 1844 837 1899 Deus
891 1856 1030 1910 erat,
1066 1847 1160 1914 qui
1209 1846 1345 1900 alias
1387 1846 1629 1901 hominis
1668 1847 1949 1917 passiones
1992 1847 2272 1901 sustinuit.

690 1935 847 2001 Quod
870 1936 915 1989 si
958 1946 1139 1989 autem
1180 1937 1291 1997 ille,
1318 1942 1412 2004 qui
1449 1938 1687 1991 luctatus
1716 1946 1801 1991 est
1827 1938 2090 2007 vicitque,
2118 1939 2265 2001 Deus

690 2035 829 2088 erat,
879 2025 946 2079 ad
982 2042 1067 2079 me
1121 2034 1270 2080 certe
1322 2026 1549 2081 victoria
1594 2044 1704 2082 non
1760 2029 2021 2098 pertinet,
2052 2027 2149 2085 sed
2204 2028 2272 2081 ad

690 2115 885 2182 Deum,
908 2118 1001 2186 qui
1026 2118 1294 2185 justitiam
1321 2133 1539 2172 omnem
1568 2120 1797 2190 peregit.
1831 2120 1936 2175 Sed
1968 2121 2160 2189 procul
2198 2120 2275 2173 fa-

691 2217 872 2262 cessat
901 2209 1224 2277 Apollinarii
1258 2204 1578 2278 nugacitas:
1604 2226 1705 2264 nos
1735 2220 1941 2275 autem,
1966 2227 2127 2279 quam
2160 2211 2276 2265 Sal-

689 2308 847 2352 vator
900 2300 1111 2369 peregit
1162 2299 1651 2369 dispensationem,
1692 2301 1860 2356 fuisse
1911 2301 2273 2356 necessariam

691 2391 1156 2447 demonstremus.
2126 2440 2129 2445 .

759 2484 1030 2551 Quoniam
1068 2492 1216 2539 totus
1234 2485 1399 2539 homo
1428 2484 1692 2553 deceptus
1721 2492 1825 2549 est,
1853 2494 2108 2554 totusque
2143 2500 2274 2554 pec-

691 2584 814 2628 cato
849 2575 1159 2638 succubuit,
1185 2591 1420 2643 cumque
1446 2590 1603 2627 mens
1626 2583 1750 2628 ante
1769 2590 1971 2644 corpus
2003 2575 2277 2643 deceptio-

690 2682 818 2720 nem
849 2667 1129 2721 admiserit
1158 2666 1335 2735 (prius
1361 2667 1508 2720 enim
1546 2666 1747 2720 mentis
1765 2682 2065 2720 consensus
2083 2682 2275 2735 pecca-

694 2765 807 2809 tum
843 2757 994 2809 velut
1018 2755 1330 2817 adumbrat,
1359 2770 1561 2823 corpus
1591 2754 1788 2809 deinde
1807 2756 2119 2824 operatione
2143 2755 2275 2809 illud

691 2846 910 2916 format)
944 2847 1106 2901 :ideo
1127 2846 1385 2901 Christus
1417 2848 1701 2910 Dominus,
1743 2863 1867 2900 eum
1906 2856 2157 2900 naturam
2193 2846 2274 2900 la-

688 2952 843 3006 psam
875 2938 1087 3005 erigere
1110 2937 1293 2999 vellet,
1328 2936 1426 2989 toti
1454 2952 1674 2989 manum
1701 2936 1949 3006 porrigit,
1975 2945 2271 3005 totamque,

692 3042 912 3080 carnem
947 3026 1071 3080 dico
1101 3035 1157 3080 et
1189 3034 1450 3088 mentem,
1488 3041 1608 3093 qua:
1638 3026 1704 3079 ad
1741 3025 2030 3095 imaginem
2053 3025 2275 3081 Creato-

664 3132 665 3135 η
693 3115 770 3168 ris
798 3113 938 3167 facta
971 3122 1075 3177 est,
1095 3115 1367 3183 jacentem
1394 3113 1612 3166 attollit.
1648 3114 1767 3167 Non
1804 3113 1988 3182 itaque
2024 3114 2273 3182 despexit

694 3214 933 3260 mentem
956 3215 1106 3260 tanto
1129 3207 1337 3260 honore
1366 3206 1638 3268 all‘eetam,
1667 3214 1885 3274 tamque
1920 3206 2155 3275 indigam
2183 3221 2275 3259 cu-

697 3298 926 3352 rationis
959 3314 972 3350 :
1002 3313 1183 3367 neque
1227 3312 1351 3351 cum
1381 3303 1687 3373 assumeret
1728 3295 1783 3350 id
1822 3296 2093 3360 hominis,
2129 3296 2275 3365 quod

696 3389 889 3443 morbo
913 3396 970 3442 et
1015 3395 1300 3442 senectute
1352 3387 1761 3455 corrumpitur,
1819 3386 2076 3456 quodque
2114 3388 2275 3441 morti

696 3478 990 3533 obnoxium
1029 3478 1373 3546 est,'sprevit
1400 3477 1534 3531 illud
1562 3476 1706 3546 quod
1741 3478 2067 3539 immortale,
2100 3478 2275 3546 quod-

697 3584 806 3638 que
835 3568 1098 3620 orationis
1114 3567 1409 3635 particeps,
1440 3574 1498 3619 et
1519 3565 1583 3618 ad
1618 3565 1912 3634 imaginem
1942 3564 2084 3635 (Dei)
2120 3565 2279 3635 129

698 3657 923 3719 factum,
962 3665 1125 3725 atque
1156 3656 1400 3724 insuper,
1436 3662 1497 3708 ut
1526 3654 1747 3724 ipsimet
1768 3654 1981 3717 dicunt,
2032 3655 2174 3708 male
2201 3654 2279 3708 af-

698 3749 935 3814 fectum;
968 3749 1064 3803 sed
1104 3749 1468 3802 inveteratam
1498 3756 1751 3801 naturam
1785 3746 2275 3811 renovavittotam,

698 3858 802 3896 nec
828 3842 1000 3911 ipsius
1018 3850 1229 3910 partem
1250 3854 1413 3892 unam
1448 3854 1645 3892 novam
1675 3837 1887 3899 refecit,
1927 3837 2153 3891 alteram
2178 3853 2277 3891 an-

705 3934 971 4001 tiquatam
996 3932 1129 3986 licet
1152 3941 1317 4000 atque
1344 3938 1681 3999 corruptam,
1704 3928 2006 3981 insanatam
2034 3926 2276 3995 reliquit,

704 4023 1006 4093 praesertim
1033 4038 1157 4077 cum
1190 4023 1260 4076 sit
1282 4021 1628 4092 praestantior
1654 4018 1945 4090 potiorque
1976 4019 2279 4090 intelligen-

705 4114 839 4168 tium
864 4124 1210 4168 naturarum.
1646 4121 1674 4129 ”

771 4205 1088 4259 Absurdum
1128 4218 1399 4272 namque,
1462 4218 1664 4271 corpus
1690 4200 1911 4271 quidem
1952 4201 2159 4255 luteum
2216 4216 2278 4256 ac

702 4305 1001 4358 terrenum,
1049 4294 1509 4364 passionibusque
1550 4292 1875 4361 implicitum
1917 4291 2141 4355 assumi,
2190 4306 2277 4345 as-

702 4395 1091 4454 sumptumqne
1107 4385 1172 4438 ad
1191 4385 1469 4439 dexteram
1494 4384 1791 4452 majestatis
1809 4382 2061 4437 collocari
2082 4399 2095 4445 ;
2125 4397 2278 4435 men-

2367 585 2554 637 τοῦτον
2588 586 2667 647 εἰς
2688 585 2748 636 τὸ
2780 583 2991 636 στάδιον
3021 579 3267 650 ἀγαγὼν,
3300 582 3392 634 καὶ
3424 581 3673 633 παλαίειν
3706 582 3829 651 ἐμοὶ
3856 600 3940 636 κε-

2366 666 2582 735 λεύσας.
2632 673 2801 729 Αὐτὸς
2840 671 2999 740 γενοῦ
3034 668 3233 739 θεατὴς
3265 670 3359 722 καὶ
3404 670 3512 721 τῶν
3547 671 3942 741 παλαισμάτων

2365 765 2723 833 ἀγωνοθέτης.
2759 764 2821 815 Εἰ
2850 763 2904 814 δὲ
2941 761 3119 832 βούλει
3144 761 3240 814 καὶ
3279 760 3346 813 τὰ
3372 761 3715 831 παιδοτρίϐου
3747 765 3941 825 ποιεῖν,

2365 854 2570 918 δίδαξον
2613 854 2896 917 παλαίειν,
2961 852 3240 915 ὑπόδειξον
3266 852 3414 921 αὐτῷ
3468 851 3566 914 τὰς
3625 854 3722 923 τῆς
3766 853 3926 922 νίκης

2372 945 2563 1008 λαϐὰς,
2596 946 2833 1013 ἄλειψον,
2872 943 2947 1006 ὡς
2992 942 3214 1005 ἐθέλεις,
3256 942 3413 1009 μόνον
3464 942 3537 1011 μὴ
3578 945 3943 1013 συμμαχήσῃς

2368 1041 2671 1092 παλαίοντι·
2722 1039 2783 1090 οὐ
2816 1037 2926 1107 γὰρ
2958 1036 3100 1089 οὓτω
3154 1037 3359 1105 θρασὺς
3390 1034 3521 1103 ἐγὼ,
3552 1036 3648 1087 καὶ
3678 1036 3772 1088 τοῦ
3812 1054 3943 1104 φρο-

2367 1134 2477 1183 νεῖν
2533 1127 2863 1199 ἐξεστηκὼς,
2903 1128 2978 1192 ὣς
3037 1145 3117 1180 σοι
3157 1128 3234 1196 τῷ
3275 1128 3471 1197 ποιητῇ
3526 1126 3775 1179 παλαίειν
3829 1128 3944 1179 ὲπι·

2368 1221 2641 1290 χειρῆσαι.

2438 1309 2602 1361 Ταῦτ’
2650 1308 2717 1362 ἂν
2760 1303 2911 1361 εἶπεν
2940 1307 2968 1359 6
3024 1306 3269 1369 διάόολος
3316 1306 3504 1359 δίκαια
3534 1304 3672 1376 πρὸς
3707 1303 3798 1356 τὸν
3829 1306 3943 1355 Σωο

2367 1401 2508 1470 τῆρα
2560 1399 2814 1469 Χριστὸν,
2850 1398 3008 1468 εἴπερ
3046 1400 3148 1450 οὐκ
3182 1398 3467 1469 ἄνθρωπος
3515 1393 3607 1468 ἦν,
3641 1394 3779 1450 ἀλλά
3813 1395 3946 1458 Θεὸς

2338 1496 2397 1545 ’ὁ
2425 1493 2542 1545 ἀντὶ
2572 1490 2863 1561 ἀνθρώπου
2906 1488 3172 1543 παλαίων.

2438 1584 2502 1635 Εἰ
2532 1585 2639 1652 γὰρ
2666 1583 2766 1647 οὐκ
2797 1578 2864 1651 ἦν
2906 1584 2965 1635 ὲν
3025 1580 3171 1649 αὑτῴ
3224 1578 3349 1642 νοῦς
3387 1577 3763 1648 ἀνθρώπινος,
3811 1576 3944 1640 Θεδς

2369 1670 2424 1723 δὲ
2457 1672 2576 1723 ἀντὶ
2616 1670 2707 1723 νοῦ
2744 1671 3003 1739 ὑπάρχων
3026 1671 3092 1722 τὰ
3122 1667 3196 1737 τῷ
3228 1667 3303 1737 νῷ
3328 1668 3549 1736 ἐνήργει
3577 1667 3945 1736 προσηκον-ια’

2371 1762 2503 1824 Θεὸς
2537 1762 2635 1832 μὲν
2663 1758 2731 1833 ἦν
2756 1765 2782 1814 6
2804 1761 2882 1830 τῷ
2914 1761 3126 1829 σώματι
3156 1760 3532 1828 συμπονήσας,
3556 1756 3687 1819 Θεὸς
3716 1756 3772 1808 δὲ
3815 1758 3843 1809 6
3878 1756 3945 1808 τὰ

2306 1840 2348 1893 Β
2377 1854 2512 1906 ἄλλα
2554 1854 2620 1905 τά
2664 1852 2983 1924 ἀνθρώπινα
3016 1851 3319 1920 ὑπομείνας
3368 1847 3689 1919 παθήματα.
3728 1849 3791 1900 Ei
3814 1846 3947 1909 Θεὸς

2371 1945 2424 1998 δὲ
2449 1948 2477 1999 6
2509 1946 2779 2008 παλαίσας
2806 1946 2900 1997 καὶ
2930 1945 3179 2013 νικήσας,
3224 1940 3377 2009 κάγὼ
3414 1942 3512 2011 τῆς
3536 1941 3692 2007 νίκης
3722 1941 3946 2008 ἐστέρη-

2376 2051 2496 2104 μαι.
2523 2034 2654 2096 6εὸς
2681 2035 2738 2087 δὲ
2771 2036 2801 2087 6
2848 2033 2945 2102 τὴν
3004 2031 3350 2101 δικαιοσύνην
3400 2030 3617 2083 ἅπασαν
3670 2028 3947 2099 κατορθώ·

2372 2104 2491 2188 σας.
2535 2127 2672 2180 Ἀλλ’
2714 2126 2937 2179 ἀπέστω
2985 2127 3027 2157 ²⁷
3065 2128 3097 2196 ἠ
3154 2124 3249 2178 τοῦ
3321 2121 3706 2193 Ἀπολιναρίου
3757 2120 3945 2173 ἀδολε-

2374 2222 2518 2290 σχίαν
2549 2224 2709 2290 ἡμεῖς
2738 2220 2793 2272 δὲ
2817 2219 3080 2287 δείξωμεν
3109 2219 3207 2288 τὴν
3236 2217 3327 2271 τοῦ
3356 2217 3608 2287 Σωτῆρος
3634 2213 3945 2283 οἰκονομίαν

2372 2312 2684 2381 ἀναγκαίως
2712 2312 3105 2381 γεγενημένην.

2456 2487 2675 2557 Ἐπειδὴ
2703 2486 2810 2556 γάρ
2838 2486 2982 2549 ἄπας
3010 2487 3035 2537 6
3059 2484 3340 2554 ἄνθρωπος
3368 2480 3647 2551 ἠπατήθη,
3680 2479 3774 2532 καὶ
3800 2479 3945 2539 ἄπας

2375 2578 2477 2630 ὑπὸ
2502 2578 2599 2646 τὴν
2635 2578 2912 2647 ἁμαρτίαν
2959 2576 3194 2643 ἐγένετο,
3227 2574 3318 2627 καὶ
3353 2574 3459 2643 πρὸ
3494 2573 3588 2625 τοῦ
3622 2571 3869 2640 σώματος
3919 2571 3947 2620 6

2375 2668 2497 2730 νοῦς
2524 2668 2624 2739 τὴν
2654 2668 2873 2738 ἀπάτην
2899 2668 3215 2732 ὑπεδέξατο·
3247 2668 3508 2737 πρότερον
3538 2664 3646 2735 γὰρ
3682 2662 3826 2733 ήτοῦ
3855 2660 3946 2713 νοῦ

2378 2757 2773 2827 συγκατάθεσις
2830 2761 3162 2828 σκιαγραφεῖ
3202 2759 3300 2826 τὴν
3336 2756 3633 2826 ἁμαρτίαν,
3668 2750 3765 2807 εἷθ’
3801 2752 3945 2805 οὕτω

2376 2850 2465 2903 διὰ
2502 2852 2601 2919 τῆς
2636 2850 2917 2920 ἐνεργείας
2949 2850 3009 2902 τὸ
3050 2850 3207 2919 σῶμα
3234 2848 3437 2918 ταύτην
3476 2849 3690 2918 μορφοῖσ
3724 2846 3948 2908 εἰκότως

2376 2944 2403 2995 ὀ
2445 2942 2719 3010 Δεσπότης
2767 2941 3001 3011 Χριστὸς
3053 2944 3411 2994 πεπτωκυῖαν
3449 2940 3610 3008 φύσιν
3647 2939 3948 3006 ἀναστῆσαι

2381 3032 2720 3102 βουλόμενος,
2768 3032 2916 3100 πάσῃ
2951 3035 3109 3104 χεῖρα
3139 3032 3345 3102 ὀρέγει,
3388 3031 3481 3083 καὶ
3516 3030 3776 3100 κειμένην
3810 3029 3949 3096 ἐγεί-

2382 3141 2484 3195 ρει’
2520 3124 2618 3193 τὴν
2654 3124 2833 3193 σάρκα
2875 3125 3017 3194 φημὶ
3066 3124 3162 3177 καὶ
3193 3124 3283 3175 τὸν
3332 3122 3475 3184 νοῦν,
3506 3122 3581 3186 ὡς
3614 3122 3734 3174 κατ’
3765 3121 3950 3172 εἰκόνα

2378 3216 2619 3283 ἐγεγόνει
2651 3215 2749 3269 τοῦ
2804 3218 3106 3279 κτίσαντος.
3146 3217 3258 3268 Οὐκ
3293 3210 3384 3267 οὖν
3418 3215 3650 3283 ἠτίμασε
3684 3213 3772 3265 τὸν
3809 3211 3951 3264 οὕτω

2377 3309 2554 3377 τίμιον
2574 3307 2865 3375 θεραπείας
2897 3307 3167 3376 δεόμενον·
3197 3307 3315 3358 οὐδὲ
3343 3307 3401 3358 τὸ
3430 3308 3524 3375 μὲν
3560 3304 3937 3373 φθειρόμενον,

2378 3397 2471 3448 καὶ
2512 3396 2650 3464 νόσῳ
2675 3398 2768 3448 καὶ
2800 3396 2947 3466 γήρα
2996 3396 3089 3447 καὶ
3128 3394 3341 3465 θανάτῳ
3384 3394 3661 3457 δουλεῦον,
3694 3390 3950 3444 ἀνέλαῦε·

2378 3487 2438 3538 τὸ
2472 3486 2528 3539 δὲ
2560 3487 2824 3539 ἀθάνατον
2856 3486 2948 3539 καὶ
2976 3485 3194 3553 λογικὸν
3216 3487 3309 3539 καὶ
3349 3486 3467 3538 κατ’
3498 3484 3681 3537 εἰκόνα
3721 3498 3951 3551 γεγενη-

2382 3577 2538 3648 μένον
2576 3580 2815 3648 παρεῖδε,
2858 3578 2953 3631 καὶ
2993 3578 3166 3630 ταῦτα
3210 3577 3413 3641 κακῶς,
3449 3576 3525 3639 ὣς
3561 3592 3713 3644 φασι,
3744 3572 3942 3627 διακεί-

2385 3685 2563 3738 μενον,
2609 3668 2745 3722 ἀλλὲ
2776 3670 2955 3721 πᾶσαν
3002 3668 3406 3721 παλαιωθεῖσαν
3455 3668 3552 3736 τὴν
3599 3666 3758 3734 φύσιν
3800 3666 3971 3715 ὲνεοση

2382 3759 2596 3825 ποίησε,
2634 3760 2725 3811 καὶ
2759 3760 2819 3811 οὔ
2855 3760 2913 3812 τὸ
2949 3760 3045 3828 μὲν
3088 3759 3258 3827 αὐτῆς
3302 3757 3485 3811 καινὸν
3536 3757 3910 3828 ἀπειργάσατο
3934 3796 3951 3818 ,

2379 3847 2440 3900 τὸ
2503 3848 2559 3900 δὲ
2615 3848 3066 3919 πεπαλαιωμένον
3124 3849 3219 3902 καὶ
3266 3848 3656 3919 διεφθαρμένον
3732 3847 3953 3900 ἀνίατον

2380 3939 2549 4001 εῖασε,
2584 3939 2680 3992 καὶ
2707 3940 2881 3993 ταῦτα
2924 3940 3251 4010 τιμιώτατον
3288 3940 3553 4011 ὑπάρχον,
3588 3937 3682 3992 καὶ
3714 3938 3811 4009 τῆς
3840 3937 3951 3990 τῶν

2381 4030 2586 4100 νοητῶν
2620 4030 2834 4102 μοίρας.

2456 4203 2691 4254 Ἀτοπον
2723 4202 2852 4272 γὰρ,
2872 4202 2933 4255 τὸ
2960 4204 3058 4272 μὲν
3087 4205 3244 4273 σῶμα
3280 4205 3338 4256 τὸ
3370 4204 3592 4274 πήλινον
3630 4203 3721 4256 καὶ
3747 4203 3950 4273 χοῖκὺν,

2382 4294 2477 4345 καὶ
2514 4294 2710 4345 πάθεσι
2762 4293 3209 4363 συνεζευγμένον,
3257 4296 3350 4347 καὶ
3388 4295 3828 4365 προσληφοῆναι,
3859 4297 3954 4348 καὶ

2381 4384 2785 4453 ἀναληφθῆναι,
2835 4385 2930 4437 καὶ
2964 4387 3025 4437 ἐκ
3061 4385 3250 4449 δεξιῶν
3280 4387 3379 4454 τῆς
3416 4386 3789 4456 μεγαλοσύνης
3816 4389 3951 4439 καθ-

704 4484 813 4529 tem
835 4490 967 4528 vero
989 4475 1339 4539 invisibilem,
1376 4475 1760 4538 immortalem,
1782 4473 2032 4528 animalis
2058 4474 2273 4538 ducem,

2386 4476 2714 4543 ιδρυνθῆναι·
2748 4476 2839 4529 τὸν
2877 4474 2932 4528 δὲ
2966 4476 3089 4529 νοῦν
3123 4479 3212 4528 τὸν
3249 4478 3500 4546 ἀόρατον,
3542 4478 3632 4529 τὸν
3662 4477 3950 4541 ἀθάνατον,
4010 4464 4013 4467 Α

704 4568 771 4622 ad
797 4569 1088 4638 imaginem
1114 4570 1213 4624 Dei
1251 4571 1471 4633 factam,
1498 4572 1747 4640 corporis
1772 4572 1922 4626 velut
1949 4572 2190 4643 aurigam
2215 4588 2279 4627 ac

705 4660 1169 4730 gubernatrieem,
1193 4671 1250 4718 et
1288 4662 1588 4717 harmonia:
1611 4663 1865 4733 peritam,
1898 4666 2055 4734 c‘ujus
2076 4665 2280 4720 beneﬁ-

704 4751 791 4805 cio
822 4751 910 4814 ﬁt,
938 4760 999 4805 ut
1022 4753 1201 4805 homo
1220 4768 1329 4807 non
1354 4753 1424 4807 sit
1447 4768 1644 4822 expers
1670 4753 1918 4819 rationis,
1949 4754 2044 4808 sed
2065 4756 2281 4824 sapien-

708 4843 818 4906 tiae,
862 4844 994 4898 artis
1022 4853 1079 4899 et
1112 4845 1356 4899 scientia:
1397 4844 1615 4899 abunde
1664 4846 1961 4914 particeps,
2013 4847 2279 4915 abjectam

707 4932 860 4988 humi
892 4935 1081 5001 fuisse,
1108 4952 1210 4991 nec
1237 4951 1581 4990 communem
1601 4951 1725 4990 eum
1757 4951 1985 5005 corpore
2012 4922 2277 4991 honorem

708 5025 1014 5093 accepisse:
1042 5036 1302 5091 mentem,
1328 5026 1571 5096 inquam,
1593 5031 1611 5047 ‘
1639 5026 1796 5095 cujus
1818 5042 1976 5081 causa
2004 5034 2059 5081 et
2080 5043 2279 5096 corpus

710 5116 1040 5172 conditionis
1068 5126 1151 5173 est
1174 5118 1453 5172 rationalis
1471 5126 1527 5171 et
1556 5117 1702 5186 leges
1720 5117 1842 5172 latae
1866 5126 2014 5181 sunt,
2044 5125 2099 5171 et
2125 5117 2278 5171 factae

708 5207 1012 5276 prophetiae
1040 5225 1058 5264 ι
1089 5217 1312 5278 propter
1345 5222 1508 5277 quam
1548 5207 1873 5270 certamina,
1900 5206 2080 5271 luctze,
2110 5205 2279 5261 victo.

2375 4567 2467 4620 τὸν
2496 4568 2737 4637 ἡγεμόνα
2768 4567 2859 4621 τοῦ
2914 4568 3074 4633 ζῶον,
3111 4570 3200 4622 τὸν
3230 4572 3348 4622 κατ’
3375 4570 3558 4623 εἰκόνα
3603 4571 3752 4623 θείαν
3787 4586 3955 4639 γεγε-

2377 4658 2627 4728 νημένον,
2655 4660 2743 4712 τὸν
2788 4658 2883 4712 τοῦ
2916 4659 3166 4730 σώματος
3217 4662 3428 4730 ἡνίοχον
3465 4662 3559 4714 καὶ
3584 4662 3949 4731 κυϐερνήτην,

2379 4750 2471 4803 καὶ
2507 4750 2783 4818 μουσικὸν,
2812 4750 2878 4802 δι’
2906 4750 2966 4803 ὃν
3002 4751 3099 4803 οὐκ
3132 4752 3323 4819 ἄλογος
3357 4754 3389 4822 ἡ
3424 4751 3737 4821 ἀνθρωπεία
3768 4752 3949 4820 φύσις,

2379 4842 2513 4896 ἀλλά
2556 4843 2747 4911 σοφίας
2791 4843 2884 4895 καὶ
2935 4843 3128 4914 τέχνης
3154 4846 3249 4897 καὶ
3288 4846 3600 4915 ἐπιστήμης
3640 4846 3952 4910 ἀνάπλεως,

2381 4934 2567 4987 τοῦτον
2601 4934 2935 5006 ἀπερρίφθαι
2981 4937 3150 4999 κάτω,
3201 4935 3294 4989 καὶ
3326 4940 3424 5005 τῆς
3456 4936 3549 4988 τοῦ
3593 4936 3841 5007 σώματος
3874 4938 3952 5007 μὴ

2387 5026 2812 5098 μεταλαγχάνειν
2853 5027 3037 5097 τιμῆς,
3076 5026 3143 5080 δι’
3174 5026 3236 5078 ὃν
3282 5027 3342 5079 τὸ
3396 5026 3553 5096 σῶμα
3599 5027 3698 5095 τῆς
3725 5028 3953 5095 λογικῆς

2383 5119 2598 5188 ἐγένετο
2642 5119 2890 5181 κτίσεως,
2923 5118 2991 5170 δι’
3023 5117 3082 5171 ὃν
3122 5118 3432 5189 νομοθεσίαι
3469 5120 3561 5172 καὶ
3591 5122 3946 5189 προφητεῖαι,

2382 5207 2449 5260 δι’
2483 5208 2543 5261 ὃν
2589 5208 2800 5277 ἀγῶνες
2836 5208 2927 5261 καὶ
2962 5208 3128 5263 πάλαι
3167 5209 3259 5261 καὶ
3285 5207 3433 5261 νίκαι
3458 5210 3553 5262 καὶ
3593 5212 3948 5280 ἀναρρήσεις,

2012 5363 2248 5419 VARUE
2288 5364 2688 5420 LECTIUNES.

785 5497 830 5529 ⁸³
852 5496 973 5551 lnse
994 5496 1325 5569 f-_ins!itt_1ta
1360 5496 1681 5549 certaminis.
1723 5496 1802 5569 Eg
1831 5495 2124 5569 Crtecoita
2155 5498 2526 5569 restituendus
2549 5506 2632 5552 est
2672 5507 2850 5553 textus
2872 5498 3025 5552 Marii
3051 5499 3366 5554 Mereatoris
3394 5518 3406 5553 :
3437 5501 3554 5569 Ipse
3587 5510 3948 5569 spectatorrm

714 5576 770 5621 et
794 5566 1107 5648 certaminis
1133 5564 1529 5648 moderatorem
1559 5581 1704 5633 agas.
1733 5565 2198 5648 ‘Siqu'envolueris
2238 5568 2378 5648 artis
2402 5569 2772 5648 gymnasticae.
2793 5577 3178 5648 praeceptorem
3213 5585 3390 5639 agere,
3416 5564 3789 5648 doceas-illum
3812 5588 3949 5641 quo-

717 5636 878 5690 modo
936 5636 1005 5687 sit
1051 5634 1392 5697 certandum,
1442 5644 1841 5689 commonstres
1877 5636 1951 5689 illi
1997 5652 2105 5703 qua
2150 5638 2359 5691 ratione
2389 5634 2702 5692 obtineatur
2723 5634 2971 5693 victoria.

717 5705 860 5776 apud
900 5704 1126 5776 Marium
1166 5703 1542 5776 Mercatorem.

3047 5639 3093 5670 "
3119 5639 3444 5709 Degertaret.
3485 5641 3711 5709 Reliqua
3749 5639 3952 5695 deSunt

1618 5703 1798 5778 ἢάλλ’
1827 5706 2063 5778 ἀπέστω,
2098 5723 2150 5759 κ.
2182 5724 2230 5778 τί.
2260 5709 2308 5759 λ.
2342 5708 2623 5762 Notandus
2673 5709 2775 5762 iste
2803 5708 2958 5763 locus
2987 5716 3177 5763 contra
3200 5706 3544 5770 Garnerium,
3580 5703 3671 5778 qui
3699 5710 3923 5765 Theodo
3942 5744 3957 5751 -

719 5774 893 5828 ri-tum
928 5775 979 5827 in
1014 5774 1363 5828 recensendis
1389 5774 1703 5843 Apollinarii
1733 5776 2012 5829 erroribus
2033 5776 2179 5845 justo
2211 5777 2514 5833 breviorem
2545 5778 2713 5832 fuisse
2747 5778 2993 5848 perhibet
3033 5780 3088 5832 in
3122 5778 3252 5832 diss.
3283 5778 3337 5842 2,
3365 5794 3483 5849 cap.
3517 5782 3560 5834 ί.
