  <div class='ocr_page' id='page_1' title='image "/cluster/home/n/w/nwhite01/storage/ocr_20150623/84/nnc1.0114605970/053.png"; bbox 0 0 4208 6440; ppageno 0'>
   <div class='ocr_carea' id='block_1_1' title="bbox 681 385 3945 454">
    <p class='ocr_par' dir='ltr' id='par_1_1' title="bbox 681 385 3945 454">
     <span class='ocr_line' id='line_1_1' title="bbox 681 385 3945 454; baseline -0.004 0"><span class='ocrx_word' id='word_1_1' title='bbox 681 390 749 454; x_wconf 76' lang='grc'>87</span> <span class='ocrx_word' id='word_1_2' title='bbox 1799 385 2175 448; x_wconf 78' lang='lat' dir='ltr'><strong>GARNERII</strong></span> <span class='ocrx_word' id='word_1_3' title='bbox 2210 385 2712 447; x_wconf 79' lang='lat' dir='ltr'><strong>DISSERTATIO</strong></span> <span class='ocrx_word' id='word_1_4' title='bbox 2749 386 2775 445; x_wconf 88' lang='grc' dir='ltr'>ῐ</span> <span class='ocrx_word' id='word_1_5' title='bbox 3872 388 3945 452; x_wconf 77' lang='lat'><strong>83</strong></span> 
     </span>
    </p>
   </div>
   <div class='ocr_carea' id='block_1_2' title="bbox 680 498 2251 575">
    <p class='ocr_par' dir='ltr' id='par_1_2' title="bbox 680 501 2251 571">
     <span class='ocr_line' id='line_1_2' title="bbox 680 501 2251 571; baseline -0.002 -15"><span class='ocrx_word' id='word_1_6' title='bbox 680 506 1092 559; x_wconf 83' lang='lat' dir='ltr'><strong>destructurum</strong></span> <span class='ocrx_word' id='word_1_7' title='bbox 1119 542 1133 567; x_wconf 96' lang='lat'><strong>,</strong></span> <span class='ocrx_word' id='word_1_8' title='bbox 1173 501 1459 556; x_wconf 86' lang='lat' dir='ltr'><strong>hominum</strong></span> <span class='ocrx_word' id='word_1_9' title='bbox 1488 516 1622 557; x_wconf 84' lang='lat' dir='ltr'><strong>vero</strong></span> <span class='ocrx_word' id='word_1_10' title='bbox 1661 507 1874 556; x_wconf 69' lang='lat' dir='ltr'><strong>natura:</strong></span> <span class='ocrx_word' id='word_1_11' title='bbox 1908 515 2148 571; x_wconf 71' lang='lat' dir='ltr'><strong>pmsens</strong></span> <span class='ocrx_word' id='word_1_12' title='bbox 2176 514 2251 553; x_wconf 89' lang='lat' dir='ltr'><strong>re-</strong></span> 
     </span>
    </p>
   </div>
   <div class='ocr_carea' id='block_1_3' title="bbox 2349 498 3949 575">
    <p class='ocr_par' dir='ltr' id='par_1_3' title="bbox 2366 498 3949 575">
     <span class='ocr_line' id='line_1_3' title="bbox 2366 498 3949 575; baseline 0.003 -22"><span class='ocrx_word' id='word_1_13' title='bbox 2366 498 2538 571; x_wconf 78' lang='grc' dir='ltr'>αὐτὴν</span> <span class='ocrx_word' id='word_1_14' title='bbox 2577 498 3032 571; x_wconf 76' lang='grc' dir='ltr'><strong>διαφθείρουσαν,</strong></span> <span class='ocrx_word' id='word_1_15' title='bbox 3083 503 3146 572; x_wconf 77' lang='grc' dir='ltr'><strong>τῇ</strong></span> <span class='ocrx_word' id='word_1_16' title='bbox 3191 504 3250 557; x_wconf 80' lang='grc' dir='ltr'><strong>δὲ</strong></span> <span class='ocrx_word' id='word_1_17' title='bbox 3294 503 3454 575; x_wconf 70' lang='grc' dir='ltr'>φύσει</span> <span class='ocrx_word' id='word_1_18' title='bbox 3492 503 3602 557; x_wconf 83' lang='grc' dir='ltr'>τῶν</span> <span class='ocrx_word' id='word_1_19' title='bbox 3638 501 3949 574; x_wconf 77' lang='grc' dir='ltr'>ἀνθρώπων</span> 
     </span>
    </p>
   </div>
   <div class='ocr_carea' id='block_1_4' title="bbox 681 592 2262 662">
    <p class='ocr_par' dir='ltr' id='par_1_4' title="bbox 681 592 2262 662">
     <span class='ocr_line' id='line_1_4' title="bbox 681 592 2262 662; baseline -0.003 -14"><span class='ocrx_word' id='word_1_20' title='bbox 681 594 925 648; x_wconf 87' lang='lat' dir='ltr'><strong>medium</strong></span> <span class='ocrx_word' id='word_1_21' title='bbox 977 592 1043 646; x_wconf 90' lang='lat' dir='ltr'><strong>ad</strong></span> <span class='ocrx_word' id='word_1_22' title='bbox 1102 593 1535 662; x_wconf 74' lang='lat' dir='ltr'><strong>recuperandam</strong></span> <span class='ocrx_word' id='word_1_23' title='bbox 1585 592 1874 662; x_wconf 79' lang='lat' dir='ltr'><strong>pristinam</strong></span> <span class='ocrx_word' id='word_1_24' title='bbox 1929 592 2158 662; x_wconf 86' lang='lat' dir='ltr'><strong>gratiam</strong></span> <span class='ocrx_word' id='word_1_25' title='bbox 2204 597 2262 644; x_wconf 90' lang='lat' dir='ltr'><strong>et</strong></span> 
     </span>
    </p>
   </div>
   <div class='ocr_carea' id='block_1_5' title="bbox 680 684 1467 739">
    <p class='ocr_par' dir='ltr' id='par_1_5' title="bbox 680 684 1467 739">
     <span class='ocr_line' id='line_1_5' title="bbox 680 684 1467 739; baseline -0.003 -1"><span class='ocrx_word' id='word_1_26' title='bbox 680 684 1147 738; x_wconf 68' lang='lat' dir='ltr'><strong>immortalitatem</strong></span> <span class='ocrx_word' id='word_1_27' title='bbox 1185 684 1467 739; x_wconf 83' lang='lat' dir='ltr'><strong>amissam.</strong></span> 
     </span>
    </p>
   </div>
   <div class='ocr_carea' id='block_1_6' title="bbox 748 772 2257 844">
    <p class='ocr_par' dir='ltr' id='par_1_6' title="bbox 748 772 2257 844">
     <span class='ocr_line' id='line_1_6' title="bbox 748 772 2257 844; baseline -0.003 -16"><span class='ocrx_word' id='word_1_28' title='bbox 748 773 819 828; x_wconf 90' lang='lat' dir='ltr'><strong>Ut</strong></span> <span class='ocrx_word' id='word_1_29' title='bbox 840 772 990 827; x_wconf 91' lang='lat' dir='ltr'><strong>enim</strong></span> <span class='ocrx_word' id='word_1_30' title='bbox 1025 772 1164 842; x_wconf 90' lang='lat' dir='ltr'><strong>ipse,</strong></span> <span class='ocrx_word' id='word_1_31' title='bbox 1191 788 1317 829; x_wconf 92' lang='lat' dir='ltr'><strong>cum</strong></span> <span class='ocrx_word' id='word_1_32' title='bbox 1369 788 1531 827; x_wconf 89' lang='lat' dir='ltr'><strong>suum</strong></span> <span class='ocrx_word' id='word_1_33' title='bbox 1580 772 1951 844; x_wconf 84' lang='lat' dir='ltr'><strong>improbitatis</strong></span> <span class='ocrx_word' id='word_1_34' title='bbox 1981 786 2257 826; x_wconf 82' lang='lat' dir='ltr'><strong>venenum</strong></span> 
     </span>
    </p>
   </div>
   <div class='ocr_carea' id='block_1_7' title="bbox 678 864 2256 935">
    <p class='ocr_par' dir='ltr' id='par_1_7' title="bbox 678 864 2256 935">
     <span class='ocr_line' id='line_1_7' title="bbox 678 864 2256 935; baseline -0.001 -16"><span class='ocrx_word' id='word_1_35' title='bbox 678 866 827 935; x_wconf 86' lang='lat' dir='ltr'><strong>ligno</strong></span> <span class='ocrx_word' id='word_1_36' title='bbox 890 865 1138 921; x_wconf 83' lang='lat' dir='ltr'><strong>scientiae</strong></span> <span class='ocrx_word' id='word_1_37' title='bbox 1190 865 1514 932; x_wconf 81' lang='lat' dir='ltr'><strong>infudisset,</strong></span> <span class='ocrx_word' id='word_1_38' title='bbox 1568 877 1820 921; x_wconf 83' lang='lat' dir='ltr'><strong>naturam</strong></span> <span class='ocrx_word' id='word_1_39' title='bbox 1873 864 2256 935; x_wconf 84' lang='lat' dir='ltr'><strong>degustantem</strong></span> 
     </span>
    </p>
   </div>
   <div class='ocr_carea' id='block_1_8' title="bbox 679 954 2263 1027">
    <p class='ocr_par' dir='ltr' id='par_1_8' title="bbox 679 954 2263 1027">
     <span class='ocr_line' id='line_1_8' title="bbox 679 954 2263 1027; baseline -0.002 -16"><span class='ocrx_word' id='word_1_40' title='bbox 679 958 967 1027; x_wconf 85' lang='lat' dir='ltr'><strong>corrupit;</strong></span> <span class='ocrx_word' id='word_1_41' title='bbox 1004 958 1079 1013; x_wconf 87' lang='lat' dir='ltr'><strong>ita</strong></span> <span class='ocrx_word' id='word_1_42' title='bbox 1107 972 1232 1012; x_wconf 90' lang='lat' dir='ltr'><strong>cum</strong></span> <span class='ocrx_word' id='word_1_43' title='bbox 1257 957 1524 1014; x_wconf 87' lang='lat' dir='ltr'><strong>voluisset</strong></span> <span class='ocrx_word' id='word_1_44' title='bbox 1546 972 1766 1012; x_wconf 88' lang='lat' dir='ltr'><strong>carnem</strong></span> <span class='ocrx_word' id='word_1_45' title='bbox 1785 956 2125 1011; x_wconf 84' lang='lat' dir='ltr'><strong>Dominicam</strong></span> <span class='ocrx_word' id='word_1_46' title='bbox 2157 954 2263 1009; x_wconf 85' lang='lat' dir='ltr'><strong>de-</strong></span> 
     </span>
    </p>
   </div>
   <div class='ocr_carea' id='block_1_9' title="bbox 677 1047 2256 1121">
    <p class='ocr_par' dir='ltr' id='par_1_9' title="bbox 677 1047 2256 1121">
     <span class='ocr_line' id='line_1_9' title="bbox 677 1047 2256 1121; baseline -0.001 -19"><span class='ocrx_word' id='word_1_47' title='bbox 677 1050 902 1118; x_wconf 79' lang='lat' dir='ltr'><strong>glutire,</strong></span> <span class='ocrx_word' id='word_1_48' title='bbox 937 1056 1230 1120; x_wconf 87' lang='lat' dir='ltr'><strong>corruptus</strong></span> <span class='ocrx_word' id='word_1_49' title='bbox 1266 1058 1352 1105; x_wconf 91' lang='lat' dir='ltr'><strong>est</strong></span> <span class='ocrx_word' id='word_1_50' title='bbox 1383 1050 1437 1104; x_wconf 86' lang='lat' dir='ltr'><strong>vi</strong></span> <span class='ocrx_word' id='word_1_51' title='bbox 1473 1047 1773 1105; x_wconf 81' lang='lat' dir='ltr'><strong>divinitatis</strong></span> <span class='ocrx_word' id='word_1_52' title='bbox 1811 1048 1869 1104; x_wconf 92' lang='lat' dir='ltr'><strong>in</strong></span> <span class='ocrx_word' id='word_1_53' title='bbox 1906 1061 2073 1102; x_wconf 81' lang='lat' dir='ltr'><strong>carne</strong></span> <span class='ocrx_word' id='word_1_54' title='bbox 2106 1047 2256 1121; x_wconf 80' lang='lat' dir='ltr'><strong>exsi-</strong></span> 
     </span>
    </p>
   </div>
   <div class='ocr_carea' id='block_1_10' title="bbox 677 1141 894 1194">
    <p class='ocr_par' dir='ltr' id='par_1_10' title="bbox 677 1141 894 1194">
     <span class='ocr_line' id='line_1_10' title="bbox 677 1141 894 1194; baseline 0 -2"><span class='ocrx_word' id='word_1_55' title='bbox 677 1141 894 1194; x_wconf 89' lang='lat' dir='ltr'><strong>stentis.</strong></span> 
     </span>
    </p>
   </div>
   <div class='ocr_carea' id='block_1_11' title="bbox 742 1230 2253 1304">
    <p class='ocr_par' dir='ltr' id='par_1_11' title="bbox 742 1230 2253 1304">
     <span class='ocr_line' id='line_1_11' title="bbox 742 1230 2253 1304; baseline 0 -20"><span class='ocrx_word' id='word_1_56' title='bbox 742 1230 921 1296; x_wconf 84' lang='lat' dir='ltr'><strong>Quare</strong></span> <span class='ocrx_word' id='word_1_57' title='bbox 956 1246 1214 1302; x_wconf 81' lang='lat' dir='ltr'><strong>magnum</strong></span> <span class='ocrx_word' id='word_1_58' title='bbox 1250 1231 1450 1287; x_wconf 74' lang='lat' dir='ltr'><strong>divinze</strong></span> <span class='ocrx_word' id='word_1_59' title='bbox 1482 1231 1878 1286; x_wconf 70' lang='lat' dir='ltr'><strong>incarnationis</strong></span> <span class='ocrx_word' id='word_1_60' title='bbox 1931 1232 2253 1304; x_wconf 83' lang='lat' dir='ltr'><strong>mysterium</strong></span> 
     </span>
    </p>
   </div>
   <div class='ocr_carea' id='block_1_12' title="bbox 675 1323 2254 1395">
    <p class='ocr_par' dir='ltr' id='par_1_12' title="bbox 675 1323 2254 1395">
     <span class='ocr_line' id='line_1_12' title="bbox 675 1323 2254 1395; baseline 0.001 -23"><span class='ocrx_word' id='word_1_61' title='bbox 675 1335 808 1375; x_wconf 76' lang='lat' dir='ltr'><strong>vere.</strong></span> <span class='ocrx_word' id='word_1_62' title='bbox 843 1335 1064 1392; x_wconf 79' lang='lat' dir='ltr'><strong>semper</strong></span> <span class='ocrx_word' id='word_1_63' title='bbox 1092 1323 1412 1395; x_wconf 86' lang='lat' dir='ltr'><strong>mysterium</strong></span> <span class='ocrx_word' id='word_1_64' title='bbox 1435 1332 1541 1378; x_wconf 91' lang='lat' dir='ltr'><strong>est.</strong></span> <span class='ocrx_word' id='word_1_65' title='bbox 1578 1323 1726 1378; x_wconf 89' lang='lat' dir='ltr'><strong>Deus</strong></span> <span class='ocrx_word' id='word_1_66' title='bbox 1758 1324 1905 1377; x_wconf 90' lang='lat' dir='ltr'><strong>enim</strong></span> <span class='ocrx_word' id='word_1_67' title='bbox 1933 1338 2101 1393; x_wconf 88' lang='lat' dir='ltr'><strong>super</strong></span> <span class='ocrx_word' id='word_1_68' title='bbox 2133 1336 2254 1375; x_wconf 91' lang='lat' dir='ltr'><strong>om-</strong></span> 
     </span>
    </p>
   </div>
   <div class='ocr_carea' id='block_1_13' title="bbox 673 1413 2254 1481">
    <p class='ocr_par' dir='ltr' id='par_1_13' title="bbox 673 1413 2254 1481">
     <span class='ocr_line' id='line_1_13' title="bbox 673 1413 2254 1481; baseline 0.001 -16"><span class='ocrx_word' id='word_1_69' title='bbox 673 1428 802 1466; x_wconf 77' lang='lat' dir='ltr'><strong>nem</strong></span> <span class='ocrx_word' id='word_1_70' title='bbox 866 1413 1228 1468; x_wconf 86' lang='lat' dir='ltr'><strong>substantiam</strong></span> <span class='ocrx_word' id='word_1_71' title='bbox 1293 1415 1587 1480; x_wconf 75' lang='lat' dir='ltr'><strong>exsistens,</strong></span> <span class='ocrx_word' id='word_1_72' title='bbox 1644 1415 1755 1470; x_wconf 94' lang='lat' dir='ltr'><strong>imo</strong></span> <span class='ocrx_word' id='word_1_73' title='bbox 1818 1413 2031 1468; x_wconf 79' lang='lat' dir='ltr'><strong>inﬁnite</strong></span> <span class='ocrx_word' id='word_1_74' title='bbox 2087 1427 2254 1481; x_wconf 90' lang='lat' dir='ltr'><strong>super</strong></span> 
     </span>
    </p>
   </div>
   <div class='ocr_carea' id='block_1_14' title="bbox 671 1502 2253 1572">
    <p class='ocr_par' dir='ltr' id='par_1_14' title="bbox 671 1502 2253 1572">
     <span class='ocr_line' id='line_1_14' title="bbox 671 1502 2253 1572; baseline 0 -17"><span class='ocrx_word' id='word_1_75' title='bbox 671 1516 892 1556; x_wconf 90' lang='lat' dir='ltr'><strong>omnem</strong></span> <span class='ocrx_word' id='word_1_76' title='bbox 926 1502 1613 1572; x_wconf 86' lang='lat' dir='ltr'><strong>supersubstantialitatem</strong></span> <span class='ocrx_word' id='word_1_77' title='bbox 1668 1502 1881 1572; x_wconf 84' lang='lat' dir='ltr'><strong>positus</strong></span> <span class='ocrx_word' id='word_1_78' title='bbox 1906 1542 1921 1567; x_wconf 94' lang='lat'><strong>,</strong></span> <span class='ocrx_word' id='word_1_79' title='bbox 1973 1516 2100 1557; x_wconf 90' lang='lat' dir='ltr'><strong>cum</strong></span> <span class='ocrx_word' id='word_1_80' title='bbox 2154 1516 2253 1555; x_wconf 82' lang='lat' dir='ltr'><strong>vo-</strong></span> 
     </span>
    </p>
   </div>
   <div class='ocr_carea' id='block_1_15' title="bbox 670 1592 2253 1663">
    <p class='ocr_par' dir='ltr' id='par_1_15' title="bbox 670 1592 2253 1663">
     <span class='ocr_line' id='line_1_15' title="bbox 670 1592 2253 1663; baseline 0.001 -18"><span class='ocrx_word' id='word_1_81' title='bbox 670 1593 867 1648; x_wconf 86' lang='lat' dir='ltr'><strong>luisset</strong></span> <span class='ocrx_word' id='word_1_82' title='bbox 898 1592 967 1646; x_wconf 90' lang='lat' dir='ltr'><strong>ad</strong></span> <span class='ocrx_word' id='word_1_83' title='bbox 1001 1593 1367 1648; x_wconf 72' lang='lat' dir='ltr'><strong>subsmntiam</strong></span> <span class='ocrx_word' id='word_1_84' title='bbox 1398 1595 1610 1660; x_wconf 69' lang='lat' dir='ltr'><strong>venire,</strong></span> <span class='ocrx_word' id='word_1_85' title='bbox 1648 1592 2253 1663; x_wconf 86' lang='lat' dir='ltr'><strong>supersubstantialiter</strong></span> 
     </span>
    </p>
   </div>
   <div class='ocr_carea' id='block_1_16' title="bbox 670 1684 2252 1756">
    <p class='ocr_par' dir='ltr' id='par_1_16' title="bbox 670 1684 2252 1756">
     <span class='ocr_line' id='line_1_16' title="bbox 670 1684 2252 1756; baseline -0.001 -16"><span class='ocrx_word' id='word_1_86' title='bbox 670 1685 1178 1741; x_wconf 83' lang='lat' dir='ltr'><strong>substantialisatus</strong></span> <span class='ocrx_word' id='word_1_87' title='bbox 1228 1694 1335 1741; x_wconf 87' lang='lat' dir='ltr'><strong>est.</strong></span> <span class='ocrx_word' id='word_1_88' title='bbox 1370 1684 1550 1751; x_wconf 76' lang='lat' dir='ltr'><strong>Quare</strong></span> <span class='ocrx_word' id='word_1_89' title='bbox 1603 1694 1831 1756; x_wconf 85' lang='lat' dir='ltr'><strong>propter</strong></span> <span class='ocrx_word' id='word_1_90' title='bbox 1868 1686 2139 1749; x_wconf 89' lang='lat' dir='ltr'><strong>homines,</strong></span> <span class='ocrx_word' id='word_1_91' title='bbox 2188 1693 2252 1739; x_wconf 91' lang='lat' dir='ltr'><strong>ut</strong></span> 
     </span>
    </p>
   </div>
   <div class='ocr_carea' id='block_1_17' title="bbox 2362 589 3943 666">
    <p class='ocr_par' dir='ltr' id='par_1_17' title="bbox 2362 589 3943 666">
     <span class='ocr_line' id='line_1_17' title="bbox 2362 589 3943 666; baseline 0.003 -23"><span class='ocrx_word' id='word_1_92' title='bbox 2362 590 2701 661; x_wconf 81' lang='grc' dir='ltr'>ἀλεξιτήριον</span> <span class='ocrx_word' id='word_1_93' title='bbox 2731 591 2866 662; x_wconf 75' lang='grc' dir='ltr'>πρὸς</span> <span class='ocrx_word' id='word_1_94' title='bbox 2888 590 2985 661; x_wconf 85' lang='grc' dir='ltr'><strong>τὴν</strong></span> <span class='ocrx_word' id='word_1_95' title='bbox 3014 589 3076 656; x_wconf 80' lang='grc' dir='ltr'><strong>ἐξ</strong></span> <span class='ocrx_word' id='word_1_96' title='bbox 3114 593 3287 664; x_wconf 81' lang='grc' dir='ltr'>ἀρχῆς</span> <span class='ocrx_word' id='word_1_97' title='bbox 3322 594 3483 666; x_wconf 81' lang='grc' dir='ltr'>χάριν</span> <span class='ocrx_word' id='word_1_98' title='bbox 3524 593 3616 648; x_wconf 73' lang='grc' dir='ltr'><strong>καὶ</strong></span> <span class='ocrx_word' id='word_1_99' title='bbox 3640 593 3943 649; x_wconf 75' lang='grc' dir='ltr'><strong>ἀθανασίαν</strong></span> 
     </span>
    </p>
   </div>
   <div class='ocr_carea' id='block_1_18' title="bbox 2361 681 2755 753">
    <p class='ocr_par' dir='ltr' id='par_1_18' title="bbox 2361 681 2755 753">
     <span class='ocr_line' id='line_1_18' title="bbox 2361 681 2755 753; baseline 0.003 -19"><span class='ocrx_word' id='word_1_100' title='bbox 2361 681 2557 735; x_wconf 85' lang='grc' dir='ltr'>ἀναλου</span> <span class='ocrx_word' id='word_1_101' title='bbox 2566 682 2755 753; x_wconf 81' lang='grc' dir='ltr'><strong>μένην.</strong></span> 
     </span>
    </p>
   </div>
   <div class='ocr_carea' id='block_1_19' title="bbox 2445 773 3939 848">
    <p class='ocr_par' dir='ltr' id='par_1_19' title="bbox 2445 773 3939 848">
     <span class='ocr_line' id='line_1_19' title="bbox 2445 773 3939 848; baseline 0.003 -23"><span class='ocrx_word' id='word_1_102' title='bbox 2445 774 2532 837; x_wconf 83' lang='grc' dir='ltr'>Ὠς</span> <span class='ocrx_word' id='word_1_103' title='bbox 2579 773 2684 843; x_wconf 81' lang='grc' dir='ltr'>γὰρ</span> <span class='ocrx_word' id='word_1_104' title='bbox 2740 774 2904 838; x_wconf 59' lang='lat' dir='ltr'><strong>alito;</strong></span> <span class='ocrx_word' id='word_1_105' title='bbox 2944 774 3033 827; x_wconf 80' lang='grc' dir='ltr'><strong>τὸν</strong></span> <span class='ocrx_word' id='word_1_106' title='bbox 3080 775 3157 830; x_wconf 83' lang='grc' dir='ltr'>ίὸν</span> <span class='ocrx_word' id='word_1_107' title='bbox 3210 776 3408 831; x_wconf 71' lang='grc' dir='ltr'>ἑαυτοῦ</span> <span class='ocrx_word' id='word_1_108' title='bbox 3466 776 3569 847; x_wconf 84' lang='grc' dir='ltr'><strong>τῆς</strong></span> <span class='ocrx_word' id='word_1_109' title='bbox 3620 777 3820 840; x_wconf 78' lang='grc' dir='ltr'>κακίας</span> <span class='ocrx_word' id='word_1_110' title='bbox 3862 776 3939 848; x_wconf 81' lang='grc' dir='ltr'><strong>τῷ</strong></span> 
     </span>
    </p>
   </div>
   <div class='ocr_carea' id='block_1_20' title="bbox 2361 861 3937 938">
    <p class='ocr_par' dir='ltr' id='par_1_20' title="bbox 2361 861 3937 938">
     <span class='ocr_line' id='line_1_20' title="bbox 2361 861 3937 938; baseline 0.001 -22"><span class='ocrx_word' id='word_1_111' title='bbox 2361 861 2501 933; x_wconf 75' lang='grc' dir='ltr'>ξύλῳ</span> <span class='ocrx_word' id='word_1_112' title='bbox 2526 863 2625 934; x_wconf 83' lang='grc' dir='ltr'><strong>τῆς</strong></span> <span class='ocrx_word' id='word_1_113' title='bbox 2641 862 2899 934; x_wconf 78' lang='grc' dir='ltr'>γνώσεως</span> <span class='ocrx_word' id='word_1_114' title='bbox 2931 865 3148 935; x_wconf 73' lang='grc' dir='ltr'><strong>ἐγχέας,</strong></span> <span class='ocrx_word' id='word_1_115' title='bbox 3176 866 3275 936; x_wconf 81' lang='grc' dir='ltr'><strong>τὴν</strong></span> <span class='ocrx_word' id='word_1_116' title='bbox 3301 866 3645 937; x_wconf 75' lang='grc' dir='ltr'>γευσαμένην</span> <span class='ocrx_word' id='word_1_117' title='bbox 3665 866 3937 938; x_wconf 77' lang='grc' dir='ltr'>διέφθειρε</span> 
     </span>
    </p>
   </div>
   <div class='ocr_carea' id='block_1_21' title="bbox 2360 953 3937 1030">
    <p class='ocr_par' dir='ltr' id='par_1_21' title="bbox 2360 953 3937 1030">
     <span class='ocr_line' id='line_1_21' title="bbox 2360 953 3937 1030; baseline 0.001 -21"><span class='ocrx_word' id='word_1_118' title='bbox 2360 956 2538 1024; x_wconf 81' lang='grc' dir='ltr'>φύσιν·</span> <span class='ocrx_word' id='word_1_119' title='bbox 2572 953 2715 1009; x_wconf 76' lang='grc' dir='ltr'><strong>οὕτω</strong></span> <span class='ocrx_word' id='word_1_120' title='bbox 2749 956 2845 1008; x_wconf 73' lang='grc' dir='ltr'><strong>καὶ</strong></span> <span class='ocrx_word' id='word_1_121' title='bbox 2880 956 3046 1021; x_wconf 81' lang='grc' dir='ltr'>αὐτὸς</span> <span class='ocrx_word' id='word_1_122' title='bbox 3074 960 3340 1028; x_wconf 74' lang='grc' dir='ltr'><strong>ἐμφαγεῖν</strong></span> <span class='ocrx_word' id='word_1_123' title='bbox 3364 959 3463 1028; x_wconf 82' lang='grc' dir='ltr'><strong>τῆς</strong></span> <span class='ocrx_word' id='word_1_124' title='bbox 3497 959 3700 1030; x_wconf 80' lang='grc' dir='ltr'>σαρκὸς</span> <span class='ocrx_word' id='word_1_125' title='bbox 3738 959 3937 1029; x_wconf 73' lang='grc' dir='ltr'>βουληο</span> 
     </span>
    </p>
   </div>
   <div class='ocr_carea' id='block_1_22' title="bbox 2358 1046 3935 1120">
    <p class='ocr_par' dir='ltr' id='par_1_22' title="bbox 2358 1046 3935 1120">
     <span class='ocr_line' id='line_1_22' title="bbox 2358 1046 3935 1120; baseline 0.001 -19"><span class='ocrx_word' id='word_1_126' title='bbox 2358 1048 2469 1111; x_wconf 77' lang='grc' dir='ltr'>θεὶς</span> <span class='ocrx_word' id='word_1_127' title='bbox 2496 1046 2592 1101; x_wconf 79' lang='grc' dir='ltr'><strong>τοῦ</strong></span> <span class='ocrx_word' id='word_1_128' title='bbox 2618 1046 2910 1110; x_wconf 84' lang='grc' dir='ltr'>Δεσπότου,</span> <span class='ocrx_word' id='word_1_129' title='bbox 2933 1050 3001 1120; x_wconf 79' lang='grc' dir='ltr'><strong>τῇ</strong></span> <span class='ocrx_word' id='word_1_130' title='bbox 3023 1049 3248 1120; x_wconf 81' lang='grc' dir='ltr'><strong>δυνάμει</strong></span> <span class='ocrx_word' id='word_1_131' title='bbox 3274 1049 3370 1120; x_wconf 83' lang='grc' dir='ltr'><strong>τῆς</strong></span> <span class='ocrx_word' id='word_1_132' title='bbox 3407 1050 3465 1102; x_wconf 82' lang='grc' dir='ltr'>ὲν</span> <span class='ocrx_word' id='word_1_133' title='bbox 3494 1051 3631 1120; x_wconf 76' lang='grc' dir='ltr'><strong>αὐτῇ</strong></span> <span class='ocrx_word' id='word_1_134' title='bbox 3666 1048 3935 1120; x_wconf 80' lang='grc' dir='ltr'><strong>διεφθάρη</strong></span> 
     </span>
    </p>
   </div>
   <div class='ocr_carea' id='block_1_23' title="bbox 2357 1138 2627 1209">
    <p class='ocr_par' dir='ltr' id='par_1_23' title="bbox 2357 1138 2627 1209">
     <span class='ocr_line' id='line_1_23' title="bbox 2357 1138 2627 1209; baseline 0.004 -17"><span class='ocrx_word' id='word_1_135' title='bbox 2357 1138 2627 1209; x_wconf 86' lang='grc' dir='ltr'><strong>θεότητος.</strong></span> 
     </span>
    </p>
   </div>
   <div class='ocr_carea' id='block_1_24' title="bbox 2430 1229 3937 1302">
    <p class='ocr_par' dir='ltr' id='par_1_24' title="bbox 2430 1229 3937 1302">
     <span class='ocr_line' id='line_1_24' title="bbox 2430 1229 3937 1302; baseline -0.001 -18"><span class='ocrx_word' id='word_1_136' title='bbox 2430 1229 2591 1284; x_wconf 84' lang='grc' dir='ltr'>Ὅθεν</span> <span class='ocrx_word' id='word_1_137' title='bbox 2625 1231 2719 1285; x_wconf 72' lang='grc' dir='ltr'>καὶ</span> <span class='ocrx_word' id='word_1_138' title='bbox 2743 1231 2806 1284; x_wconf 82' lang='grc' dir='ltr'><strong>τὺ</strong></span> <span class='ocrx_word' id='word_1_139' title='bbox 2847 1230 2991 1302; x_wconf 81' lang='grc' dir='ltr'><strong>μέγα</strong></span> <span class='ocrx_word' id='word_1_140' title='bbox 3022 1231 3123 1301; x_wconf 78' lang='grc' dir='ltr'><strong>τῆς</strong></span> <span class='ocrx_word' id='word_1_141' title='bbox 3153 1230 3304 1295; x_wconf 84' lang='grc' dir='ltr'>θείας</span> <span class='ocrx_word' id='word_1_142' title='bbox 3341 1231 3810 1302; x_wconf 77' lang='grc' dir='ltr'>ὲνανθρωπήσεως</span> <span class='ocrx_word' id='word_1_143' title='bbox 3840 1248 3937 1301; x_wconf 88' lang='grc' dir='ltr'><strong>μυ-</strong></span> 
     </span>
    </p>
   </div>
   <div class='ocr_carea' id='block_1_25' title="bbox 2356 1320 3936 1394">
    <p class='ocr_par' dir='ltr' id='par_1_25' title="bbox 2356 1320 3936 1394">
     <span class='ocr_line' id='line_1_25' title="bbox 2356 1320 3936 1394; baseline -0.001 -20"><span class='ocrx_word' id='word_1_144' title='bbox 2356 1322 2578 1393; x_wconf 79' lang='grc' dir='ltr'>στήριον</span> <span class='ocrx_word' id='word_1_145' title='bbox 2628 1321 2716 1375; x_wconf 71' lang='grc' dir='ltr'><strong>ἀεὶ</strong></span> <span class='ocrx_word' id='word_1_146' title='bbox 2770 1321 2939 1385; x_wconf 76' lang='grc' dir='ltr'>ὅντως</span> <span class='ocrx_word' id='word_1_147' title='bbox 2974 1323 3273 1394; x_wconf 78' lang='grc' dir='ltr'>μυστήριόν</span> <span class='ocrx_word' id='word_1_148' title='bbox 3320 1323 3487 1377; x_wconf 77' lang='grc' dir='ltr'>ἐστιν.</span> <span class='ocrx_word' id='word_1_149' title='bbox 3542 1324 3601 1375; x_wconf 89' lang='lat'><strong>&#39;0</strong></span> <span class='ocrx_word' id='word_1_150' title='bbox 3648 1322 3758 1391; x_wconf 83' lang='grc' dir='ltr'><strong>γὰρ</strong></span> <span class='ocrx_word' id='word_1_151' title='bbox 3803 1320 3936 1383; x_wconf 83' lang='grc' dir='ltr'>Θεὸς</span> 
     </span>
    </p>
   </div>
   <div class='ocr_carea' id='block_1_26' title="bbox 2354 1410 3936 1485">
    <p class='ocr_par' dir='ltr' id='par_1_26' title="bbox 2354 1410 3936 1485">
     <span class='ocr_line' id='line_1_26' title="bbox 2354 1410 3936 1485; baseline -0.002 -20"><span class='ocrx_word' id='word_1_152' title='bbox 2354 1411 2684 1482; x_wconf 83' lang='grc' dir='ltr'>ὑπερούσιος</span> <span class='ocrx_word' id='word_1_153' title='bbox 2704 1411 2802 1477; x_wconf 83' lang='grc' dir='ltr'><strong>ὣν,</strong></span> <span class='ocrx_word' id='word_1_154' title='bbox 2843 1414 2940 1465; x_wconf 76' lang='grc' dir='ltr'><strong>καὶ</strong></span> <span class='ocrx_word' id='word_1_155' title='bbox 2969 1412 3049 1466; x_wconf 74' lang='grc' dir='ltr'><strong>ἔτι</strong></span> <span class='ocrx_word' id='word_1_156' title='bbox 3079 1413 3534 1485; x_wconf 81' lang='grc' dir='ltr'>ὑπερουσιότητος</span> <span class='ocrx_word' id='word_1_157' title='bbox 3568 1413 3751 1482; x_wconf 80' lang='grc' dir='ltr'><strong>πάσης</strong></span> <span class='ocrx_word' id='word_1_158' title='bbox 3779 1410 3936 1465; x_wconf 77' lang='grc' dir='ltr'>ἀπεί-</span> 
     </span>
    </p>
   </div>
   <div class='ocr_carea' id='block_1_27' title="bbox 2364 1502 3932 1576">
    <p class='ocr_par' dir='ltr' id='par_1_27' title="bbox 2364 1502 3932 1576">
     <span class='ocr_line' id='line_1_27' title="bbox 2364 1502 3932 1576; baseline -0.001 -18"><span class='ocrx_word' id='word_1_159' title='bbox 2364 1521 2474 1576; x_wconf 85' lang='grc' dir='ltr'><strong>ρως</strong></span> <span class='ocrx_word' id='word_1_160' title='bbox 2507 1504 2991 1576; x_wconf 79' lang='grc' dir='ltr'>ὑπερανεστηκὼς,</span> <span class='ocrx_word' id='word_1_161' title='bbox 3036 1506 3118 1569; x_wconf 87' lang='grc' dir='ltr'><strong>είς</strong></span> <span class='ocrx_word' id='word_1_162' title='bbox 3170 1506 3361 1560; x_wconf 78' lang='grc' dir='ltr'>οὐσίαν</span> <span class='ocrx_word' id='word_1_163' title='bbox 3405 1502 3581 1559; x_wconf 78' lang='grc' dir='ltr'>ἐλθεῖν</span> <span class='ocrx_word' id='word_1_164' title='bbox 3614 1504 3932 1575; x_wconf 67' lang='grc' dir='ltr'>βουληθεὶς,</span> 
     </span>
    </p>
   </div>
   <div class='ocr_carea' id='block_1_28' title="bbox 2352 1593 3933 1668">
    <p class='ocr_par' dir='ltr' id='par_1_28' title="bbox 2352 1593 3933 1668">
     <span class='ocr_line' id='line_1_28' title="bbox 2352 1593 3933 1668; baseline -0.001 -20"><span class='ocrx_word' id='word_1_165' title='bbox 2352 1595 2691 1665; x_wconf 80' lang='grc' dir='ltr'>ὑπερουσίως</span> <span class='ocrx_word' id='word_1_166' title='bbox 2710 1595 2964 1668; x_wconf 83' lang='grc' dir='ltr'>οὒσιώθη.</span> <span class='ocrx_word' id='word_1_167' title='bbox 2984 1596 3073 1649; x_wconf 82' lang='grc' dir='ltr'><strong>Διὸ</strong></span> <span class='ocrx_word' id='word_1_168' title='bbox 3091 1597 3185 1653; x_wconf 79' lang='grc' dir='ltr'><strong>καὶ</strong></span> <span class='ocrx_word' id='word_1_169' title='bbox 3228 1596 3371 1668; x_wconf 81' lang='grc' dir='ltr'><strong>ὑπὲρ</strong></span> <span class='ocrx_word' id='word_1_170' title='bbox 3393 1596 3693 1667; x_wconf 77' lang='grc' dir='ltr'>ἀνθρώπων</span> <span class='ocrx_word' id='word_1_171' title='bbox 3709 1595 3784 1657; x_wconf 82' lang='grc' dir='ltr'>ὡς</span> <span class='ocrx_word' id='word_1_172' title='bbox 3810 1593 3933 1661; x_wconf 86' lang='grc' dir='ltr'>φιλ-</span> 
     </span>
    </p>
   </div>
   <div class='ocr_carea' id='block_1_29' title="bbox 2350 1685 3933 1759">
    <p class='ocr_par' dir='ltr' id='par_1_29' title="bbox 2350 1685 3933 1759">
     <span class='ocr_line' id='line_1_29' title="bbox 2350 1685 3933 1759; baseline -0.001 -20"><span class='ocrx_word' id='word_1_173' title='bbox 2350 1685 2633 1757; x_wconf 80' lang='grc' dir='ltr'>άνθρωπος</span> <span class='ocrx_word' id='word_1_174' title='bbox 2678 1688 2742 1739; x_wconf 81' lang='grc' dir='ltr'><strong>ὲκ</strong></span> <span class='ocrx_word' id='word_1_175' title='bbox 2816 1687 2915 1756; x_wconf 84' lang='grc' dir='ltr'><strong>τῆς</strong></span> <span class='ocrx_word' id='word_1_176' title='bbox 2979 1687 3086 1741; x_wconf 83' lang='grc' dir='ltr'><strong>τῶν</strong></span> <span class='ocrx_word' id='word_1_177' title='bbox 3126 1687 3428 1759; x_wconf 72' lang='grc' dir='ltr'>ἀνθρώπων</span> <span class='ocrx_word' id='word_1_178' title='bbox 3476 1686 3666 1749; x_wconf 76' lang='grc' dir='ltr'>οὐσίας</span> <span class='ocrx_word' id='word_1_179' title='bbox 3716 1685 3933 1756; x_wconf 80' lang='grc' dir='ltr'>ἀληθῶς</span> 
     </span>
    </p>
   </div>
   <div class='ocr_carea' id='block_1_30' title="bbox 669 1773 2251 1861">
    <p class='ocr_par' dir='ltr' id='par_1_30' title="bbox 669 1773 2251 1844">
     <span class='ocr_line' id='line_1_30' title="bbox 669 1773 2251 1844; baseline -0.001 -15"><span class='ocrx_word' id='word_1_180' title='bbox 669 1784 791 1830; x_wconf 89' lang='lat' dir='ltr'><strong>erat</strong></span> <span class='ocrx_word' id='word_1_181' title='bbox 814 1775 1099 1831; x_wconf 82' lang='lat' dir='ltr'><strong>hominum</strong></span> <span class='ocrx_word' id='word_1_182' title='bbox 1124 1774 1557 1840; x_wconf 90' lang='lat' dir='ltr'><strong>amantissimus,</strong></span> <span class='ocrx_word' id='word_1_183' title='bbox 1593 1783 1809 1844; x_wconf 89' lang='lat' dir='ltr'><strong>sumpta</strong></span> <span class='ocrx_word' id='word_1_184' title='bbox 1829 1790 1898 1828; x_wconf 86' lang='lat' dir='ltr'><strong>ex</strong></span> <span class='ocrx_word' id='word_1_185' title='bbox 1935 1773 2251 1829; x_wconf 89' lang='lat' dir='ltr'><strong>hominibus</strong></span> 
     </span>
    </p>
   </div>
   <div class='ocr_carea' id='block_1_31' title="bbox 2349 1773 3931 1861">
    <p class='ocr_par' dir='ltr' id='par_1_31' title="bbox 2350 1775 3931 1850">
     <span class='ocr_line' id='line_1_31' title="bbox 2350 1775 3931 1850; baseline -0.001 -20"><span class='ocrx_word' id='word_1_186' title='bbox 2350 1776 2635 1847; x_wconf 82' lang='grc' dir='ltr'>ἄνθρωπος</span> <span class='ocrx_word' id='word_1_187' title='bbox 2671 1775 2933 1845; x_wconf 84' lang='grc' dir='ltr'>γεγονὼς,</span> <span class='ocrx_word' id='word_1_188' title='bbox 2976 1776 3069 1830; x_wconf 75' lang='grc' dir='ltr'><strong>τὸν</strong></span> <span class='ocrx_word' id='word_1_189' title='bbox 3105 1778 3200 1831; x_wconf 79' lang='grc' dir='ltr'><strong>τοῦ</strong></span> <span class='ocrx_word' id='word_1_190' title='bbox 3245 1779 3361 1841; x_wconf 87' lang='grc' dir='ltr'>πῶς</span> <span class='ocrx_word' id='word_1_191' title='bbox 3408 1778 3699 1850; x_wconf 78' lang='grc' dir='ltr'>ἄνθρωπος</span> <span class='ocrx_word' id='word_1_192' title='bbox 3737 1778 3931 1845; x_wconf 81' lang='grc' dir='ltr'>γέγονε</span> 
     </span>
    </p>
   </div>
   <div class='ocr_carea' id='block_1_32' title="bbox 670 1865 2251 1939">
    <p class='ocr_par' dir='ltr' id='par_1_32' title="bbox 670 1865 2251 1935">
     <span class='ocr_line' id='line_1_32' title="bbox 670 1865 2251 1935; baseline -0.001 -13"><span class='ocrx_word' id='word_1_193' title='bbox 670 1867 979 1923; x_wconf 70' lang='lat' dir='ltr'><strong>substantia</strong></span> <span class='ocrx_word' id='word_1_194' title='bbox 1020 1882 1151 1922; x_wconf 83' lang='lat' dir='ltr'><strong>vere</strong></span> <span class='ocrx_word' id='word_1_195' title='bbox 1198 1867 1365 1921; x_wconf 90' lang='lat' dir='ltr'><strong>homo</strong></span> <span class='ocrx_word' id='word_1_196' title='bbox 1421 1866 1619 1931; x_wconf 83' lang='lat' dir='ltr'><strong>factus,</strong></span> <span class='ocrx_word' id='word_1_197' title='bbox 1659 1866 1883 1921; x_wconf 92' lang='lat' dir='ltr'><strong>modum</strong></span> <span class='ocrx_word' id='word_1_198' title='bbox 1920 1880 2030 1935; x_wconf 93' lang='lat' dir='ltr'><strong>quo</strong></span> <span class='ocrx_word' id='word_1_199' title='bbox 2076 1865 2251 1921; x_wconf 80' lang='lat' dir='ltr'><strong>lactus</strong></span> 
     </span>
    </p>
   </div>
   <div class='ocr_carea' id='block_1_33' title="bbox 2349 1865 3933 1939">
    <p class='ocr_par' dir='ltr' id='par_1_33' title="bbox 2349 1867 3933 1939">
     <span class='ocr_line' id='line_1_33' title="bbox 2349 1867 3933 1939; baseline 0 -20"><span class='ocrx_word' id='word_1_200' title='bbox 2349 1868 2550 1938; x_wconf 86' lang='grc' dir='ltr'>τρόπον</span> <span class='ocrx_word' id='word_1_201' title='bbox 2590 1868 2743 1939; x_wconf 81' lang='grc' dir='ltr'>μένει</span> <span class='ocrx_word' id='word_1_202' title='bbox 2773 1868 3066 1931; x_wconf 80' lang='grc' dir='ltr'>διαπαντὸς</span> <span class='ocrx_word' id='word_1_203' title='bbox 3098 1867 3238 1938; x_wconf 75' lang='grc' dir='ltr'>ἔχων</span> <span class='ocrx_word' id='word_1_204' title='bbox 3273 1868 3632 1939; x_wconf 78' lang='grc' dir='ltr'>ἀνέκφαντον’</span> <span class='ocrx_word' id='word_1_205' title='bbox 3667 1867 3808 1938; x_wconf 81' lang='grc' dir='ltr'><strong>ὑπὲρ</strong></span> <span class='ocrx_word' id='word_1_206' title='bbox 3842 1868 3933 1920; x_wconf 79' lang='grc' dir='ltr'><strong>ἀν-</strong></span> 
     </span>
    </p>
   </div>
   <div class='ocr_carea' id='block_1_34' title="bbox 671 1956 2251 2027">
    <p class='ocr_par' dir='ltr' id='par_1_34' title="bbox 671 1956 2251 2027">
     <span class='ocr_line' id='line_1_34' title="bbox 671 1956 2251 2027; baseline 0 -16"><span class='ocrx_word' id='word_1_207' title='bbox 671 1957 837 2012; x_wconf 79' lang='lat' dir='ltr'><strong>homo</strong></span> <span class='ocrx_word' id='word_1_208' title='bbox 853 1965 960 2023; x_wconf 89' lang='lat' dir='ltr'><strong>est,</strong></span> <span class='ocrx_word' id='word_1_209' title='bbox 994 1957 1220 2014; x_wconf 89' lang='lat' dir='ltr'><strong>omnino</strong></span> <span class='ocrx_word' id='word_1_210' title='bbox 1254 1956 1589 2013; x_wconf 68' lang='lat' dir='ltr'><strong>ineffabilem</strong></span> <span class='ocrx_word' id='word_1_211' title='bbox 1620 1972 1838 2027; x_wconf 86' lang='lat' dir='ltr'><strong>semper</strong></span> <span class='ocrx_word' id='word_1_212' title='bbox 1878 1956 2044 2011; x_wconf 86' lang='lat' dir='ltr'><strong>habet</strong></span> <span class='ocrx_word' id='word_1_213' title='bbox 2074 1974 2086 2010; x_wconf 92' lang='lat'>:</span> <span class='ocrx_word' id='word_1_214' title='bbox 2124 1970 2251 2025; x_wconf 88' lang='lat' dir='ltr'><strong>pro-</strong></span> 
     </span>
    </p>
   </div>
   <div class='ocr_carea' id='block_1_35' title="bbox 675 2048 1792 2121">
    <p class='ocr_par' dir='ltr' id='par_1_35' title="bbox 675 2048 1792 2121">
     <span class='ocr_line' id='line_1_35' title="bbox 675 2048 1792 2121; baseline -0.004 -14"><span class='ocrx_word' id='word_1_215' title='bbox 675 2060 799 2121; x_wconf 57' lang='lat' dir='ltr'><strong>pter</strong></span> <span class='ocrx_word' id='word_1_216' title='bbox 830 2050 1084 2106; x_wconf 73' lang='lat' dir='ltr'><strong>homines</strong></span> <span class='ocrx_word' id='word_1_217' title='bbox 1106 2050 1255 2106; x_wconf 86' lang='lat' dir='ltr'><strong>enim</strong></span> <span class='ocrx_word' id='word_1_218' title='bbox 1280 2050 1447 2106; x_wconf 83' lang='lat' dir='ltr'><strong>homo</strong></span> <span class='ocrx_word' id='word_1_219' title='bbox 1474 2048 1655 2105; x_wconf 81' lang='lat' dir='ltr'><strong>factus</strong></span> <span class='ocrx_word' id='word_1_220' title='bbox 1683 2055 1792 2105; x_wconf 88' lang='lat' dir='ltr'><strong>est.</strong></span> 
     </span>
    </p>
   </div>
   <div class='ocr_carea' id='block_1_36' title="bbox 737 2137 2255 2212">
    <p class='ocr_par' dir='ltr' id='par_1_36' title="bbox 737 2137 2255 2212">
     <span class='ocr_line' id='line_1_36' title="bbox 737 2137 2255 2212; baseline 0 -19"><span class='ocrx_word' id='word_1_221' title='bbox 737 2139 918 2206; x_wconf 84' lang='lat' dir='ltr'><strong>Quare</strong></span> <span class='ocrx_word' id='word_1_222' title='bbox 950 2140 1170 2196; x_wconf 87' lang='lat' dir='ltr'><strong>divinus</strong></span> <span class='ocrx_word' id='word_1_223' title='bbox 1194 2141 1310 2212; x_wconf 86' lang='lat' dir='ltr'><strong>ipse</strong></span> <span class='ocrx_word' id='word_1_224' title='bbox 1344 2140 1640 2211; x_wconf 79' lang='lat' dir='ltr'><strong>Apostolus</strong></span> <span class='ocrx_word' id='word_1_225' title='bbox 1666 2139 1815 2195; x_wconf 88' lang='lat' dir='ltr'><strong>clare</strong></span> <span class='ocrx_word' id='word_1_226' title='bbox 1849 2137 2255 2208; x_wconf 80' lang='lat' dir='ltr'><strong>contemplatus</strong></span> 
     </span>
    </p>
   </div>
   <div class='ocr_carea' id='block_1_37' title="bbox 669 2230 2245 2303">
    <p class='ocr_par' dir='ltr' id='par_1_37' title="bbox 669 2230 2245 2303">
     <span class='ocr_line' id='line_1_37' title="bbox 669 2230 2245 2303; baseline -0.001 -18"><span class='ocrx_word' id='word_1_227' title='bbox 669 2232 914 2303; x_wconf 75' lang='lat' dir='ltr'><strong>mysterii</strong></span> <span class='ocrx_word' id='word_1_228' title='bbox 946 2232 1229 2298; x_wconf 81' lang='lat' dir='ltr'><strong>virtutem,</strong></span> <span class='ocrx_word' id='word_1_229' title='bbox 1260 2232 1337 2287; x_wconf 86' lang='lat' dir='ltr'><strong>ait</strong></span> <span class='ocrx_word' id='word_1_230' title='bbox 1369 2250 1382 2285; x_wconf 87' lang='lat'>:</span> <span class='ocrx_word' id='word_1_231' title='bbox 1410 2232 1561 2288; x_wconf 78' lang='lat' dir='ltr'><strong>Iesus</strong></span> <span class='ocrx_word' id='word_1_232' title='bbox 1585 2230 1822 2288; x_wconf 76' lang='lat' dir='ltr'><strong>Christus</strong></span> <span class='ocrx_word' id='word_1_233' title='bbox 1847 2232 1961 2285; x_wconf 83' lang='lat' dir='ltr'><strong>lteri</strong></span> <span class='ocrx_word' id='word_1_234' title='bbox 1990 2238 2040 2284; x_wconf 85' lang='lat' dir='ltr'><strong>et</strong></span> <span class='ocrx_word' id='word_1_235' title='bbox 2070 2230 2245 2296; x_wconf 82' lang='lat' dir='ltr'><strong>hodie,</strong></span> 
     </span>
    </p>
   </div>
   <div class='ocr_carea' id='block_1_38' title="bbox 667 2319 2237 2395">
    <p class='ocr_par' dir='ltr' id='par_1_38' title="bbox 667 2319 2237 2395">
     <span class='ocr_line' id='line_1_38' title="bbox 667 2319 2237 2395; baseline 0 -21"><span class='ocrx_word' id='word_1_236' title='bbox 667 2321 805 2376; x_wconf 83' lang='lat' dir='ltr'><strong>idem</strong></span> <span class='ocrx_word' id='word_1_237' title='bbox 826 2331 876 2376; x_wconf 83' lang='lat' dir='ltr'><strong>et</strong></span> <span class='ocrx_word' id='word_1_238' title='bbox 894 2324 1006 2395; x_wconf 74' lang='lat' dir='ltr'><strong>ipse</strong></span> <span class='ocrx_word' id='word_1_239' title='bbox 1026 2324 1080 2378; x_wconf 83' lang='lat' dir='ltr'><strong>in</strong></span> <span class='ocrx_word' id='word_1_240' title='bbox 1102 2322 1299 2379; x_wconf 70' lang='lat' dir='ltr'><strong>uacula</strong></span> <span class='ocrx_word' id='word_1_241' title='bbox 1317 2325 1374 2389; x_wconf 64' lang='lat'><strong>3;</strong></span> <span class='ocrx_word' id='word_1_242' title='bbox 1399 2322 1698 2378; x_wconf 90' lang='lat' dir='ltr'><strong>ostendens</strong></span> <span class='ocrx_word' id='word_1_243' title='bbox 1713 2319 1991 2392; x_wconf 91' lang='lat' dir='ltr'><strong>quomodo</strong></span> <span class='ocrx_word' id='word_1_244' title='bbox 2017 2335 2237 2391; x_wconf 84' lang='lat' dir='ltr'><strong>semper</strong></span> 
     </span>
    </p>
   </div>
   <div class='ocr_carea' id='block_1_39' title="bbox 668 2414 2249 2487">
    <p class='ocr_par' dir='ltr' id='par_1_39' title="bbox 668 2414 2249 2487">
     <span class='ocr_line' id='line_1_39' title="bbox 668 2414 2249 2487; baseline -0.001 -18"><span class='ocrx_word' id='word_1_245' title='bbox 668 2430 873 2469; x_wconf 79' lang='lat' dir='ltr'><strong>novum</strong></span> <span class='ocrx_word' id='word_1_246' title='bbox 909 2415 982 2470; x_wconf 89' lang='lat' dir='ltr'><strong>sit</strong></span> <span class='ocrx_word' id='word_1_247' title='bbox 1028 2414 1372 2487; x_wconf 84' lang='lat' dir='ltr'><strong>mysterium,</strong></span> <span class='ocrx_word' id='word_1_248' title='bbox 1405 2424 1463 2471; x_wconf 92' lang='lat' dir='ltr'><strong>et</strong></span> <span class='ocrx_word' id='word_1_249' title='bbox 1497 2415 1814 2471; x_wconf 86' lang='lat' dir='ltr'><strong>nullatenus</strong></span> <span class='ocrx_word' id='word_1_250' title='bbox 1864 2414 2067 2471; x_wconf 90' lang='lat' dir='ltr'><strong>mentis</strong></span> <span class='ocrx_word' id='word_1_251' title='bbox 2095 2429 2249 2470; x_wconf 84' lang='lat' dir='ltr'><strong>com-</strong></span> 
     </span>
    </p>
   </div>
   <div class='ocr_carea' id='block_1_40' title="bbox 667 2507 1391 2577">
    <p class='ocr_par' dir='ltr' id='par_1_40' title="bbox 667 2507 1391 2577">
     <span class='ocr_line' id='line_1_40' title="bbox 667 2507 1391 2577; baseline -0.001 -14"><span class='ocrx_word' id='word_1_252' title='bbox 667 2507 1035 2577; x_wconf 87' lang='lat' dir='ltr'><strong>prehensione</strong></span> <span class='ocrx_word' id='word_1_253' title='bbox 1060 2514 1391 2565; x_wconf 83' lang='lat' dir='ltr'><strong>veterascat.</strong></span> 
     </span>
    </p>
   </div>
   <div class='ocr_carea' id='block_1_41' title="bbox 1128 2755 1783 2827">
    <p class='ocr_par' dir='ltr' id='par_1_41' title="bbox 1128 2755 1783 2827">
     <span class='ocr_line' id='line_1_41' title="bbox 1128 2755 1783 2827; baseline -0.005 -15"><span class='ocrx_word' id='word_1_254' title='bbox 1128 2755 1285 2827; x_wconf 78' lang='lat'><strong>132</strong></span> <span class='ocrx_word' id='word_1_255' title='bbox 1333 2771 1483 2812; x_wconf 69' lang='lat' dir='ltr'><strong>none</strong></span> <span class='ocrx_word' id='word_1_256' title='bbox 1516 2770 1783 2811; x_wconf 63' lang='lat' dir='ltr'><strong>omnes“.</strong></span> 
     </span>
    </p>
   </div>
   <div class='ocr_carea' id='block_1_42' title="bbox 734 2868 2247 2924">
    <p class='ocr_par' dir='ltr' id='par_1_42' title="bbox 734 2868 2247 2924">
     <span class='ocr_line' id='line_1_42' title="bbox 734 2868 2247 2924; baseline 0.001 -2"><span class='ocrx_word' id='word_1_257' title='bbox 734 2868 798 2922; x_wconf 83' lang='lat' dir='ltr'><strong>In</strong></span> <span class='ocrx_word' id='word_1_258' title='bbox 827 2885 1084 2923; x_wconf 77' lang='lat' dir='ltr'><strong>sermone.</strong></span> <span class='ocrx_word' id='word_1_259' title='bbox 1106 2869 1497 2924; x_wconf 78' lang='lat' dir='ltr'><strong>Framentum</strong></span> <span class='ocrx_word' id='word_1_260' title='bbox 1533 2871 1640 2924; x_wconf 89' lang='lat' dir='ltr'><strong>hoc</strong></span> <span class='ocrx_word' id='word_1_261' title='bbox 1670 2868 1923 2924; x_wconf 79' lang='lat' dir='ltr'><strong>exhibuit</strong></span> <span class='ocrx_word' id='word_1_262' title='bbox 1950 2868 2247 2924; x_wconf 81' lang='lat' dir='ltr'><strong>Vaticanus</strong></span> 
     </span>
    </p>
   </div>
   <div class='ocr_carea' id='block_1_43' title="bbox 663 2938 2243 3010">
    <p class='ocr_par' dir='ltr' id='par_1_43' title="bbox 663 2938 2243 3010">
     <span class='ocr_line' id='line_1_43' title="bbox 663 2938 2243 3010; baseline 0 -18"><span class='ocrx_word' id='word_1_263' title='bbox 663 2939 835 3010; x_wconf 53' lang='lat' dir='ltr'><strong>code;</strong></span> <span class='ocrx_word' id='word_1_264' title='bbox 864 2940 989 3003; x_wconf 70' lang='lat'><strong>469,</strong></span> <span class='ocrx_word' id='word_1_265' title='bbox 1026 2955 1162 3010; x_wconf 71' lang='lat' dir='ltr'><strong>pag-</strong></span> <span class='ocrx_word' id='word_1_266' title='bbox 1183 2938 1270 2997; x_wconf 83' lang='lat'><strong>85.</strong></span> <span class='ocrx_word' id='word_1_267' title='bbox 1303 2939 1481 2995; x_wconf 88' lang='lat' dir='ltr'><strong>Locus</strong></span> <span class='ocrx_word' id='word_1_268' title='bbox 1512 2955 1646 2995; x_wconf 80' lang='lat' dir='ltr'><strong>vero</strong></span> <span class='ocrx_word' id='word_1_269' title='bbox 1671 2938 1919 3009; x_wconf 79' lang='lat' dir='ltr'><strong>Gregorii</strong></span> <span class='ocrx_word' id='word_1_270' title='bbox 1952 2938 2243 3009; x_wconf 88' lang='lat' dir='ltr'><strong>Theologi,</strong></span> 
     </span>
    </p>
   </div>
   <div class='ocr_carea' id='block_1_44' title="bbox 662 3008 2247 3080">
    <p class='ocr_par' dir='ltr' id='par_1_44' title="bbox 662 3008 2247 3080">
     <span class='ocr_line' id='line_1_44' title="bbox 662 3008 2247 3080; baseline 0.001 -17"><span class='ocrx_word' id='word_1_271' title='bbox 662 3025 776 3080; x_wconf 90' lang='lat' dir='ltr'><strong>quo</strong></span> <span class='ocrx_word' id='word_1_272' title='bbox 799 3008 1186 3065; x_wconf 82' lang='lat' dir='ltr'><strong>Theodoretus</strong></span> <span class='ocrx_word' id='word_1_273' title='bbox 1212 3010 1407 3080; x_wconf 86' lang='lat' dir='ltr'><strong>utitur,</strong></span> <span class='ocrx_word' id='word_1_274' title='bbox 1442 3013 1769 3079; x_wconf 88' lang='lat' dir='ltr'><strong>desumptus</strong></span> <span class='ocrx_word' id='word_1_275' title='bbox 1790 3008 1882 3064; x_wconf 83' lang='lat' dir='ltr'><strong>est</strong></span> <span class='ocrx_word' id='word_1_276' title='bbox 1904 3008 2247 3080; x_wconf 58' lang='lat' dir='ltr'><strong>essermone</strong></span> 
     </span>
    </p>
   </div>
   <div class='ocr_carea' id='block_1_45' title="bbox 663 3077 2245 3150">
    <p class='ocr_par' dir='ltr' id='par_1_45' title="bbox 663 3077 2245 3150">
     <span class='ocr_line' id='line_1_45' title="bbox 663 3077 2245 3150; baseline 0.001 -19"><span class='ocrx_word' id='word_1_277' title='bbox 663 3077 1024 3150; x_wconf 76' lang='lat' dir='ltr'><strong>apologetico,</strong></span> <span class='ocrx_word' id='word_1_278' title='bbox 1066 3096 1177 3150; x_wconf 92' lang='lat' dir='ltr'><strong>quo</strong></span> <span class='ocrx_word' id='word_1_279' title='bbox 1212 3079 1512 3150; x_wconf 78' lang='lat' dir='ltr'><strong>Gregorius</strong></span> <span class='ocrx_word' id='word_1_280' title='bbox 1540 3077 1810 3134; x_wconf 74' lang='lat' dir='ltr'><strong>rationem</strong></span> <span class='ocrx_word' id='word_1_281' title='bbox 1838 3077 2245 3150; x_wconf 12' lang='lat' dir='ltr'><strong>reddiditgfugae</strong></span> 
     </span>
    </p>
   </div>
   <div class='ocr_carea' id='block_1_46' title="bbox 665 3148 2242 3219">
    <p class='ocr_par' dir='ltr' id='par_1_46' title="bbox 665 3148 2242 3219">
     <span class='ocr_line' id='line_1_46' title="bbox 665 3148 2242 3219; baseline -0.001 -16"><span class='ocrx_word' id='word_1_282' title='bbox 665 3164 780 3204; x_wconf 63' lang='lat' dir='ltr'><strong>suae</strong></span> <span class='ocrx_word' id='word_1_283' title='bbox 818 3148 873 3204; x_wconf 79' lang='lat' dir='ltr'><strong>in</strong></span> <span class='ocrx_word' id='word_1_284' title='bbox 900 3148 1156 3214; x_wconf 84' lang='lat' dir='ltr'><strong>Pontum,</strong></span> <span class='ocrx_word' id='word_1_285' title='bbox 1193 3148 1358 3219; x_wconf 83' lang='lat' dir='ltr'><strong>quem</strong></span> <span class='ocrx_word' id='word_1_286' title='bbox 1393 3150 1448 3204; x_wconf 92' lang='lat' dir='ltr'><strong>in</strong></span> <span class='ocrx_word' id='word_1_287' title='bbox 1484 3150 1665 3204; x_wconf 90' lang='lat' dir='ltr'><strong>locum</strong></span> <span class='ocrx_word' id='word_1_288' title='bbox 1701 3151 1842 3204; x_wconf 85' lang='lat' dir='ltr'><strong>clam</strong></span> <span class='ocrx_word' id='word_1_289' title='bbox 1869 3163 1927 3203; x_wconf 91' lang='lat' dir='ltr'><strong>se</strong></span> <span class='ocrx_word' id='word_1_290' title='bbox 1960 3148 2242 3202; x_wconf 79' lang='lat' dir='ltr'><strong>subduxe-</strong></span> 
     </span>
    </p>
   </div>
   <div class='ocr_carea' id='block_1_47' title="bbox 664 3219 2241 3343">
    <p class='ocr_par' dir='ltr' id='par_1_47' title="bbox 664 3219 2241 3343">
     <span class='ocr_line' id='line_1_47' title="bbox 664 3219 2241 3343; baseline 0 -70"><span class='ocrx_word' id='word_1_291' title='bbox 664 3229 772 3342; x_wconf 47' lang='lat' dir='ltr'><strong>Fat,</strong></span> <span class='ocrx_word' id='word_1_292' title='bbox 799 3235 925 3343; x_wconf 52' lang='lat' dir='ltr'><strong>chum</strong></span> <span class='ocrx_word' id='word_1_293' title='bbox 952 3221 1242 3292; x_wconf 81' lang='lat' dir='ltr'><strong>presbyter</strong></span> <span class='ocrx_word' id='word_1_294' title='bbox 1272 3220 1451 3275; x_wconf 80' lang='lat' dir='ltr'><strong>factus</strong></span> <span class='ocrx_word' id='word_1_295' title='bbox 1473 3231 1641 3286; x_wconf 89' lang='lat' dir='ltr'><strong>esset,</strong></span> <span class='ocrx_word' id='word_1_296' title='bbox 1666 3229 1723 3275; x_wconf 87' lang='lat' dir='ltr'><strong>et</strong></span> <span class='ocrx_word' id='word_1_297' title='bbox 1746 3219 2124 3289; x_wconf 88' lang='lat' dir='ltr'><strong>episcopatum</strong></span> <span class='ocrx_word' id='word_1_298' title='bbox 2151 3233 2241 3273; x_wconf 90' lang='lat' dir='ltr'><strong>re-</strong></span> 
     </span>
     <span class='ocr_line' id='line_1_48' title="bbox 688 3300 1938 3343; baseline 0 0"><span class='ocrx_word' id='word_1_299' title='bbox 688 3304 827 3343; x_wconf 76' lang='lat' dir='ltr'><strong>ormi</strong></span> <span class='ocrx_word' id='word_1_300' title='bbox 871 3300 1011 3343; x_wconf 84' lang='lat' dir='ltr'><strong>aret.</strong></span> <span class='ocrx_word' id='word_1_301' title='bbox 1928 3302 1938 3315; x_wconf 59' lang='grc' dir='ltr'><strong>λ</strong></span> 
     </span>
    </p>
   </div>
   <div class='ocr_carea' id='block_1_48' title="bbox 688 3300 1938 3344">
    <p class='ocr_par' dir='ltr' id='par_1_48' title="bbox 688 3300 1938 3344">
     <span class='ocr_line' id='line_1_49' title="bbox 688 3300 1938 3344; baseline 0.001 -1"><span class='ocrx_word' id='word_1_302' title='bbox 688 3300 1011 3344; x_wconf 82' lang='lat' dir='ltr'><strong>ormldaret.</strong></span> <span class='ocrx_word' id='word_1_303' title='bbox 1928 3302 1938 3315; x_wconf 68' lang='grc'><em>²</em></span> 
     </span>
    </p>
   </div>
   <div class='ocr_carea' id='block_1_49' title="bbox 734 3358 2238 3430">
    <p class='ocr_par' dir='ltr' id='par_1_49' title="bbox 734 3358 2238 3430">
     <span class='ocr_line' id='line_1_50' title="bbox 734 3358 2238 3430; baseline -0.002 -16"><span class='ocrx_word' id='word_1_304' title='bbox 734 3360 819 3414; x_wconf 66' lang='lat' dir='ltr'><strong>Ea:</strong></span> <span class='ocrx_word' id='word_1_305' title='bbox 847 3362 1000 3414; x_wconf 83' lang='lat' dir='ltr'><strong>tertio</strong></span> <span class='ocrx_word' id='word_1_306' title='bbox 1031 3362 1072 3393; x_wconf 86' lang='grc'><strong>³¹</strong></span> <span class='ocrx_word' id='word_1_307' title='bbox 1111 3361 1263 3414; x_wconf 84' lang='lat' dir='ltr'><strong>libro.</strong></span> <span class='ocrx_word' id='word_1_308' title='bbox 1297 3358 1440 3426; x_wconf 82' lang='lat' dir='ltr'><strong>Quin</strong></span> <span class='ocrx_word' id='word_1_309' title='bbox 1487 3359 1621 3414; x_wconf 89' lang='lat' dir='ltr'><strong>illud</strong></span> <span class='ocrx_word' id='word_1_310' title='bbox 1662 3358 2238 3430; x_wconf 27' lang='lat' dir='ltr'><strong>fragmentumAperti-</strong></span> 
     </span>
    </p>
   </div>
   <div class='ocr_carea' id='block_1_50' title="bbox 662 3427 2233 3499">
    <p class='ocr_par' dir='ltr' id='par_1_50' title="bbox 662 3427 2233 3499">
     <span class='ocr_line' id='line_1_51' title="bbox 662 3427 2233 3499; baseline -0.001 -16"><span class='ocrx_word' id='word_1_311' title='bbox 662 3438 791 3484; x_wconf 88' lang='lat' dir='ltr'><strong>neat</strong></span> <span class='ocrx_word' id='word_1_312' title='bbox 824 3430 898 3485; x_wconf 89' lang='lat' dir='ltr'><strong>ad</strong></span> <span class='ocrx_word' id='word_1_313' title='bbox 929 3431 1153 3486; x_wconf 87' lang='lat' dir='ltr'><strong>tertium</strong></span> <span class='ocrx_word' id='word_1_314' title='bbox 1189 3431 1391 3484; x_wconf 90' lang='lat' dir='ltr'><strong>librum</strong></span> <span class='ocrx_word' id='word_1_315' title='bbox 1430 3427 1773 3499; x_wconf 54' lang='lat' dir='ltr'><strong>Pentalogii,&#39;</strong></span> <span class='ocrx_word' id='word_1_316' title='bbox 1800 3429 1984 3499; x_wconf 86' lang='lat' dir='ltr'><strong>nullus</strong></span> <span class='ocrx_word' id='word_1_317' title='bbox 2020 3427 2233 3482; x_wconf 91' lang='lat' dir='ltr'><strong>dubito.</strong></span> 
     </span>
    </p>
   </div>
   <div class='ocr_carea' id='block_1_51' title="bbox 665 3497 2234 3556">
    <p class='ocr_par' dir='ltr' id='par_1_51' title="bbox 665 3497 2234 3556">
     <span class='ocr_line' id='line_1_52' title="bbox 665 3497 2234 3556; baseline -0.003 0"><span class='ocrx_word' id='word_1_318' title='bbox 665 3499 780 3556; x_wconf 82' lang='lat' dir='ltr'><strong>Hoc</strong></span> <span class='ocrx_word' id='word_1_319' title='bbox 801 3501 959 3555; x_wconf 85' lang='lat' dir='ltr'><strong>enim</strong></span> <span class='ocrx_word' id='word_1_320' title='bbox 991 3501 1049 3555; x_wconf 94' lang='lat' dir='ltr'><strong>in</strong></span> <span class='ocrx_word' id='word_1_321' title='bbox 1078 3502 1220 3555; x_wconf 91' lang='lat' dir='ltr'><strong>libro</strong></span> <span class='ocrx_word' id='word_1_322' title='bbox 1252 3508 1569 3555; x_wconf 85' lang='lat' dir='ltr'><strong>sanctorum</strong></span> <span class='ocrx_word' id='word_1_323' title='bbox 1620 3497 1846 3554; x_wconf 79' lang='lat' dir='ltr'><strong>Patrum</strong></span> <span class='ocrx_word' id='word_1_324' title='bbox 1878 3497 1946 3554; x_wconf 90' lang='lat' dir='ltr'><strong>de</strong></span> <span class='ocrx_word' id='word_1_325' title='bbox 1979 3499 2234 3553; x_wconf 89' lang='lat' dir='ltr'><strong>incarna-</strong></span> 
     </span>
    </p>
   </div>
   <div class='ocr_carea' id='block_1_52' title="bbox 666 3570 1846 3626">
    <p class='ocr_par' dir='ltr' id='par_1_52' title="bbox 666 3570 1846 3626">
     <span class='ocr_line' id='line_1_53' title="bbox 666 3570 1846 3626; baseline -0.003 -2"><span class='ocrx_word' id='word_1_326' title='bbox 666 3571 812 3625; x_wconf 90' lang='lat' dir='ltr'><strong>tione</strong></span> <span class='ocrx_word' id='word_1_327' title='bbox 836 3572 1144 3626; x_wconf 89' lang='lat' dir='ltr'><strong>doctrinam</strong></span> <span class='ocrx_word' id='word_1_328' title='bbox 1179 3570 1563 3625; x_wconf 88' lang='lat' dir='ltr'><strong>Theodoretus</strong></span> <span class='ocrx_word' id='word_1_329' title='bbox 1589 3570 1757 3623; x_wconf 79' lang='lat' dir='ltr'><strong>refert</strong></span> <span class='ocrx_word' id='word_1_330' title='bbox 1782 3570 1846 3621; x_wconf 82' lang='lat'><strong>“.</strong></span> 
     </span>
    </p>
   </div>
   <div class='ocr_carea' id='block_1_53' title="bbox 730 3638 2233 3710">
    <p class='ocr_par' dir='ltr' id='par_1_53' title="bbox 730 3638 2233 3710">
     <span class='ocr_line' id='line_1_54' title="bbox 730 3638 2233 3710; baseline -0.002 -15"><span class='ocrx_word' id='word_1_331' title='bbox 730 3641 927 3695; x_wconf 89' lang='lat' dir='ltr'><strong>Nullus</strong></span> <span class='ocrx_word' id='word_1_332' title='bbox 951 3641 1158 3709; x_wconf 92' lang='lat' dir='ltr'><strong>pariter</strong></span> <span class='ocrx_word' id='word_1_333' title='bbox 1191 3639 1385 3710; x_wconf 80' lang='lat' dir='ltr'><strong>dubito</strong></span> <span class='ocrx_word' id='word_1_334' title='bbox 1417 3641 1551 3710; x_wconf 89' lang='lat' dir='ltr'><strong>quin</strong></span> <span class='ocrx_word' id='word_1_335' title='bbox 1577 3640 1741 3710; x_wconf 85' lang='lat' dir='ltr'><strong>etiam</strong></span> <span class='ocrx_word' id='word_1_336' title='bbox 1791 3645 1968 3710; x_wconf 87' lang='lat' dir='ltr'><strong>totum</strong></span> <span class='ocrx_word' id='word_1_337' title='bbox 1996 3638 2048 3710; x_wconf 89' lang='lat' dir='ltr'><strong>id</strong></span> <span class='ocrx_word' id='word_1_338' title='bbox 2082 3645 2233 3692; x_wconf 89' lang='lat' dir='ltr'><strong>attu-</strong></span> 
     </span>
    </p>
   </div>
   <div class='ocr_carea' id='block_1_54' title="bbox 662 3708 2239 3789">
    <p class='ocr_par' dir='ltr' id='par_1_54' title="bbox 662 3708 2239 3789">
     <span class='ocr_line' id='line_1_55' title="bbox 662 3708 2239 3789; baseline 0 -26"><span class='ocrx_word' id='word_1_339' title='bbox 662 3708 982 3789; x_wconf 77' lang='lat' dir='ltr'><strong>lerit,__quo_d</strong></span> <span class='ocrx_word' id='word_1_340' title='bbox 1002 3721 1086 3768; x_wconf 89' lang='lat' dir='ltr'><strong>est</strong></span> <span class='ocrx_word' id='word_1_341' title='bbox 1109 3709 1260 3789; x_wconf 75' lang='lat' dir='ltr'><strong>apud</strong></span> <span class='ocrx_word' id='word_1_342' title='bbox 1274 3708 1700 3789; x_wconf 74' lang='lat' dir='ltr'><strong>Nazianzenum,</strong></span> <span class='ocrx_word' id='word_1_343' title='bbox 1715 3708 1954 3789; x_wconf 73' lang='lat' dir='ltr'><strong>facitque</strong></span> <span class='ocrx_word' id='word_1_344' title='bbox 1973 3708 2239 3789; x_wconf 74' lang='lat' dir='ltr'><strong>adversus</strong></span> 
     </span>
    </p>
   </div>
   <div class='ocr_carea' id='block_1_55' title="bbox 660 3778 2238 3851">
    <p class='ocr_par' dir='ltr' id='par_1_55' title="bbox 660 3778 2238 3851">
     <span class='ocr_line' id='line_1_56' title="bbox 660 3778 2238 3851; baseline -0.003 -15"><span class='ocrx_word' id='word_1_345' title='bbox 660 3778 1080 3851; x_wconf 80' lang='lat' dir='ltr'><strong>Apollinarium,</strong></span> <span class='ocrx_word' id='word_1_346' title='bbox 1128 3778 1195 3836; x_wconf 77' lang='lat' dir='ltr'><strong>ad</strong></span> <span class='ocrx_word' id='word_1_347' title='bbox 1229 3780 1722 3836; x_wconf 85' lang='lat' dir='ltr'><strong>demonstrandum</strong></span> <span class='ocrx_word' id='word_1_348' title='bbox 1780 3778 1880 3833; x_wconf 91' lang='lat' dir='ltr'><strong>toti</strong></span> <span class='ocrx_word' id='word_1_349' title='bbox 1937 3778 2149 3834; x_wconf 90' lang='lat' dir='ltr'><strong>homini</strong></span> <span class='ocrx_word' id='word_1_350' title='bbox 2207 3793 2238 3831; x_wconf 90' lang='lat' dir='ltr'><strong>a</strong></span> 
     </span>
    </p>
   </div>
   <div class='ocr_carea' id='block_1_56' title="bbox 2348 1956 3319 2031">
    <p class='ocr_par' dir='ltr' id='par_1_56' title="bbox 2348 1956 3319 2031">
     <span class='ocr_line' id='line_1_57' title="bbox 2348 1956 3319 2031; baseline 0.005 -21"><span class='ocrx_word' id='word_1_351' title='bbox 2348 1956 2585 2028; x_wconf 82' lang='grc' dir='ltr'>θρὼπων</span> <span class='ocrx_word' id='word_1_352' title='bbox 2622 1957 2732 2030; x_wconf 83' lang='grc' dir='ltr'>γὰρ</span> <span class='ocrx_word' id='word_1_353' title='bbox 2761 1958 2983 2027; x_wconf 83' lang='grc' dir='ltr'>γέγονεν</span> <span class='ocrx_word' id='word_1_354' title='bbox 3010 1958 3319 2031; x_wconf 79' lang='grc' dir='ltr'>ἅνθρωπος.</span> 
     </span>
    </p>
   </div>
   <div class='ocr_carea' id='block_1_57' title="bbox 2424 2134 3926 2215">
    <p class='ocr_par' dir='ltr' id='par_1_57' title="bbox 2424 2134 3926 2215">
     <span class='ocr_line' id='line_1_58' title="bbox 2424 2134 3926 2215; baseline 0.008 -27"><span class='ocrx_word' id='word_1_355' title='bbox 2424 2135 2585 2190; x_wconf 89' lang='grc' dir='ltr'>Ὅθεν</span> <span class='ocrx_word' id='word_1_356' title='bbox 2641 2134 2738 2189; x_wconf 78' lang='grc' dir='ltr'><strong>καὶ</strong></span> <span class='ocrx_word' id='word_1_357' title='bbox 2790 2134 2953 2201; x_wconf 77' lang='grc' dir='ltr'>αὐτὸς</span> <span class='ocrx_word' id='word_1_358' title='bbox 2999 2137 3028 2190; x_wconf 85' lang='grc' dir='ltr'>ὁ</span> <span class='ocrx_word' id='word_1_359' title='bbox 3059 2136 3201 2201; x_wconf 88' lang='grc' dir='ltr'>θεῖος</span> <span class='ocrx_word' id='word_1_360' title='bbox 3243 2139 3565 2206; x_wconf 75' lang='grc' dir='ltr'>’Δπόστολος</span> <span class='ocrx_word' id='word_1_361' title='bbox 3615 2144 3801 2215; x_wconf 81' lang='grc' dir='ltr'>σαφῶς</span> <span class='ocrx_word' id='word_1_362' title='bbox 3828 2145 3926 2199; x_wconf 81' lang='grc' dir='ltr'><strong>τοῦ</strong></span> 
     </span>
    </p>
   </div>
   <div class='ocr_carea' id='block_1_58' title="bbox 2350 2227 3927 2306">
    <p class='ocr_par' dir='ltr' id='par_1_58' title="bbox 2350 2227 3927 2306">
     <span class='ocr_line' id='line_1_59' title="bbox 2350 2227 3927 2306; baseline 0.007 -23"><span class='ocrx_word' id='word_1_363' title='bbox 2350 2227 2651 2301; x_wconf 83' lang='grc' dir='ltr'>μυστηρίου</span> <span class='ocrx_word' id='word_1_364' title='bbox 2681 2228 3053 2299; x_wconf 84' lang='grc' dir='ltr'>διασκοπήσας</span> <span class='ocrx_word' id='word_1_365' title='bbox 3075 2230 3176 2300; x_wconf 84' lang='grc' dir='ltr'><strong>τὴν</strong></span> <span class='ocrx_word' id='word_1_366' title='bbox 3204 2230 3455 2305; x_wconf 76' lang='grc' dir='ltr'>δύναμιν,</span> <span class='ocrx_word' id='word_1_367' title='bbox 3491 2236 3675 2305; x_wconf 80' lang='grc' dir='ltr'>φησίν·</span> <span class='ocrx_word' id='word_1_368' title='bbox 3695 2239 3927 2306; x_wconf 80' lang='grc' dir='ltr'>Ἰησοῦς</span> 
     </span>
    </p>
   </div>
   <div class='ocr_carea' id='block_1_59' title="bbox 2346 2319 3929 2397">
    <p class='ocr_par' dir='ltr' id='par_1_59' title="bbox 2346 2319 3929 2397">
     <span class='ocr_line' id='line_1_60' title="bbox 2346 2319 3929 2397; baseline 0.005 -20"><span class='ocrx_word' id='word_1_369' title='bbox 2346 2321 2604 2390; x_wconf 83' lang='grc' dir='ltr'>Χριστὸς</span> <span class='ocrx_word' id='word_1_370' title='bbox 2639 2319 2782 2389; x_wconf 83' lang='grc' dir='ltr'>χθὲς</span> <span class='ocrx_word' id='word_1_371' title='bbox 2815 2320 2914 2374; x_wconf 79' lang='grc' dir='ltr'><strong>καὶ</strong></span> <span class='ocrx_word' id='word_1_372' title='bbox 2936 2320 3225 2390; x_wconf 80' lang='grc' dir='ltr'>σήμερον,</span> <span class='ocrx_word' id='word_1_373' title='bbox 3255 2326 3287 2377; x_wconf 87' lang='lat' dir='ltr'><strong>d</strong></span> <span class='ocrx_word' id='word_1_374' title='bbox 3322 2326 3505 2392; x_wconf 82' lang='grc' dir='ltr'>αὐτὸς</span> <span class='ocrx_word' id='word_1_375' title='bbox 3536 2327 3637 2381; x_wconf 81' lang='grc' dir='ltr'>καί</span> <span class='ocrx_word' id='word_1_376' title='bbox 3664 2330 3751 2395; x_wconf 76' lang='grc' dir='ltr'>εἰς</span> <span class='ocrx_word' id='word_1_377' title='bbox 3784 2330 3929 2397; x_wconf 83' lang='grc' dir='ltr'>τοὺς</span> 
     </span>
    </p>
   </div>
   <div class='ocr_carea' id='block_1_60' title="bbox 2348 2411 3927 2492">
    <p class='ocr_par' dir='ltr' id='par_1_60' title="bbox 2348 2411 3927 2492">
     <span class='ocr_line' id='line_1_61' title="bbox 2348 2411 3927 2492; baseline 0.006 -25"><span class='ocrx_word' id='word_1_378' title='bbox 2348 2411 2568 2479; x_wconf 73' lang='grc' dir='ltr'>αἰῶνας</span> <span class='ocrx_word' id='word_1_379' title='bbox 2592 2451 2609 2478; x_wconf 85' lang='grc'><em>,</em></span> <span class='ocrx_word' id='word_1_380' title='bbox 2649 2412 2827 2482; x_wconf 81' lang='grc' dir='ltr'>δηλῶν</span> <span class='ocrx_word' id='word_1_381' title='bbox 2865 2411 2939 2476; x_wconf 83' lang='grc' dir='ltr'>ὡς</span> <span class='ocrx_word' id='word_1_382' title='bbox 2986 2413 3075 2466; x_wconf 75' lang='grc' dir='ltr'><strong>ἀεὶ</strong></span> <span class='ocrx_word' id='word_1_383' title='bbox 3129 2415 3314 2469; x_wconf 72' lang='grc' dir='ltr'>καινὸν</span> <span class='ocrx_word' id='word_1_384' title='bbox 3355 2417 3413 2469; x_wconf 59' lang='grc' dir='ltr'><strong>τδ</strong></span> <span class='ocrx_word' id='word_1_385' title='bbox 3479 2421 3799 2492; x_wconf 77' lang='grc' dir='ltr'>μυστήριον,</span> <span class='ocrx_word' id='word_1_386' title='bbox 3832 2422 3927 2477; x_wconf 73' lang='grc' dir='ltr'><strong>καὶ</strong></span> 
     </span>
    </p>
   </div>
   <div class='ocr_carea' id='block_1_61' title="bbox 2349 2502 3527 2579">
    <p class='ocr_par' dir='ltr' id='par_1_61' title="bbox 2349 2502 3527 2579">
     <span class='ocr_line' id='line_1_62' title="bbox 2349 2502 3527 2579; baseline 0.003 -20"><span class='ocrx_word' id='word_1_387' title='bbox 2349 2504 2608 2559; x_wconf 77' lang='grc' dir='ltr'>οὐδέποτε</span> <span class='ocrx_word' id='word_1_388' title='bbox 2633 2502 2928 2574; x_wconf 84' lang='grc' dir='ltr'>περιλήψει</span> <span class='ocrx_word' id='word_1_389' title='bbox 2957 2503 3075 2569; x_wconf 72' lang='grc' dir='ltr'>νοὸς</span> <span class='ocrx_word' id='word_1_390' title='bbox 3106 2505 3527 2579; x_wconf 80' lang='grc' dir='ltr'>παλαιούμενον.</span> 
     </span>
    </p>
   </div>
   <div class='ocr_carea' id='block_1_62' title="bbox 2350 2728 3923 2800">
    <p class='ocr_par' dir='ltr' id='par_1_62' title="bbox 2350 2728 3923 2800">
     <span class='ocr_line' id='line_1_63' title="bbox 2350 2728 3923 2800; baseline 0 -14"><span class='ocrx_word' id='word_1_391' title='bbox 2350 2729 2571 2786; x_wconf 87' lang='lat' dir='ltr'><strong>Christo</strong></span> <span class='ocrx_word' id='word_1_392' title='bbox 2616 2728 2847 2784; x_wconf 89' lang='lat' dir='ltr'><strong>salutem</strong></span> <span class='ocrx_word' id='word_1_393' title='bbox 2874 2743 3003 2800; x_wconf 90' lang='lat' dir='ltr'><strong>esse</strong></span> <span class='ocrx_word' id='word_1_394' title='bbox 3045 2729 3367 2800; x_wconf 87' lang='lat' dir='ltr'><strong>impensam,</strong></span> <span class='ocrx_word' id='word_1_395' title='bbox 3394 2731 3519 2799; x_wconf 71' lang='lat' dir='ltr'><strong>quTa</strong></span> <span class='ocrx_word' id='word_1_396' title='bbox 3570 2737 3715 2786; x_wconf 87' lang='lat' dir='ltr'><strong>totus</strong></span> <span class='ocrx_word' id='word_1_397' title='bbox 3761 2730 3923 2786; x_wconf 91' lang='lat' dir='ltr'><strong>homo</strong></span> 
     </span>
    </p>
   </div>
   <div class='ocr_carea' id='block_1_63' title="bbox 2351 2799 3922 2870">
    <p class='ocr_par' dir='ltr' id='par_1_63' title="bbox 2351 2799 3922 2870">
     <span class='ocr_line' id='line_1_64' title="bbox 2351 2799 3922 2870; baseline -0.001 -15"><span class='ocrx_word' id='word_1_398' title='bbox 2351 2807 2669 2868; x_wconf 85' lang='lat' dir='ltr'><strong>assumptus</strong></span> <span class='ocrx_word' id='word_1_399' title='bbox 2688 2807 2793 2853; x_wconf 93' lang='lat' dir='ltr'><strong>est.</strong></span> <span class='ocrx_word' id='word_1_400' title='bbox 2828 2799 3089 2870; x_wconf 85' lang='lat' dir='ltr'><strong>Idemque</strong></span> <span class='ocrx_word' id='word_1_401' title='bbox 3119 2799 3213 2853; x_wconf 86' lang='lat' dir='ltr'><strong>aut</strong></span> <span class='ocrx_word' id='word_1_402' title='bbox 3241 2800 3421 2856; x_wconf 88' lang='lat' dir='ltr'><strong>simile</strong></span> <span class='ocrx_word' id='word_1_403' title='bbox 3456 2801 3761 2856; x_wconf 83' lang='lat' dir='ltr'><strong>secundum</strong></span> <span class='ocrx_word' id='word_1_404' title='bbox 3791 2817 3922 2870; x_wconf 88' lang='lat' dir='ltr'><strong>pro-</strong></span> 
     </span>
    </p>
   </div>
   <div class='ocr_carea' id='block_1_64' title="bbox 2351 2869 3926 2951">
    <p class='ocr_par' dir='ltr' id='par_1_64' title="bbox 2351 2869 3926 2951">
     <span class='ocr_line' id='line_1_65' title="bbox 2351 2869 3926 2951; baseline 0 -26"><span class='ocrx_word' id='word_1_405' title='bbox 2351 2872 2663 2951; x_wconf 74' lang='lat' dir='ltr'><strong>portionem</strong></span> <span class='ocrx_word' id='word_1_406' title='bbox 2698 2869 3193 2951; x_wconf 24' lang='lat' dir='ltr'><strong>plmstitum&#39;1‘dum</strong></span> <span class='ocrx_word' id='word_1_407' title='bbox 3224 2872 3370 2925; x_wconf 89' lang='lat' dir='ltr'><strong>salus</strong></span> <span class='ocrx_word' id='word_1_408' title='bbox 3417 2879 3741 2951; x_wconf 35' lang='lat' dir='ltr'><strong>curaretur:</strong></span> <span class='ocrx_word' id='word_1_409' title='bbox 3778 2869 3926 2941; x_wconf 87' lang='lat' dir='ltr'><strong>quod</strong></span> 
     </span>
    </p>
   </div>
   <div class='ocr_carea' id='block_1_65' title="bbox 2354 2939 3929 3011">
    <p class='ocr_par' dir='ltr' id='par_1_65' title="bbox 2354 2939 3929 3011">
     <span class='ocr_line' id='line_1_66' title="bbox 2354 2939 3929 3011; baseline 0.001 -17"><span class='ocrx_word' id='word_1_410' title='bbox 2354 2939 2409 3011; x_wconf 89' lang='lat' dir='ltr'><strong>in</strong></span> <span class='ocrx_word' id='word_1_411' title='bbox 2435 2941 2592 3011; x_wconf 83' lang='lat' dir='ltr'><strong>lapsu</strong></span> <span class='ocrx_word' id='word_1_412' title='bbox 2625 2947 2831 2993; x_wconf 61' lang='lat' dir='ltr'><strong>natura:</strong></span> <span class='ocrx_word' id='word_1_413' title='bbox 2875 2939 3296 3011; x_wconf 88' lang='lat' dir='ltr'><strong>perditioneque</strong></span> <span class='ocrx_word' id='word_1_414' title='bbox 3322 2941 3645 3011; x_wconf 79' lang='lat' dir='ltr'><strong>contigerat.</strong></span> <span class='ocrx_word' id='word_1_415' title='bbox 3680 2939 3836 3011; x_wconf 82' lang='lat' dir='ltr'><strong>Nam,</strong></span> <span class='ocrx_word' id='word_1_416' title='bbox 3869 2951 3929 2995; x_wconf 90' lang='lat' dir='ltr'><strong>ut</strong></span> 
     </span>
    </p>
   </div>
   <div class='ocr_carea' id='block_1_66' title="bbox 2354 3008 3926 3081">
    <p class='ocr_par' dir='ltr' id='par_1_66' title="bbox 2354 3008 3926 3081">
     <span class='ocr_line' id='line_1_67' title="bbox 2354 3008 3926 3081; baseline 0 -19"><span class='ocrx_word' id='word_1_417' title='bbox 2354 3010 2431 3081; x_wconf 66' lang='lat' dir='ltr'><strong>ait</strong></span> <span class='ocrx_word' id='word_1_418' title='bbox 2466 3008 3259 3081; x_wconf 47' lang='grc' dir='ltr'><strong>Νορίθηιειξιιεζᾊντεισήχθη</strong></span> <span class='ocrx_word' id='word_1_419' title='bbox 3297 3010 3393 3081; x_wconf 29' lang='grc' dir='ltr'><strong>,τῷ</strong></span> <span class='ocrx_word' id='word_1_420' title='bbox 3440 3008 3662 3081; x_wconf 15' lang='grc' dir='ltr'><strong>κτίαλαιῷ</strong></span> <span class='ocrx_word' id='word_1_421' title='bbox 3691 3010 3755 3081; x_wconf 58' lang='grc' dir='ltr'><strong>ίτὺ</strong></span> <span class='ocrx_word' id='word_1_422' title='bbox 3786 3011 3926 3081; x_wconf 65' lang='grc' dir='ltr'>νέον,</span> 
     </span>
    </p>
   </div>
   <div class='ocr_carea' id='block_1_67' title="bbox 2352 3078 3926 3149">
    <p class='ocr_par' dir='ltr' id='par_1_67' title="bbox 2352 3078 3926 3149">
     <span class='ocr_line' id='line_1_68' title="bbox 2352 3078 3926 3149; baseline 0.001 -18"><span class='ocrx_word' id='word_1_423' title='bbox 2352 3079 2499 3149; x_wconf 85' lang='lat' dir='ltr'><strong>Elias</strong></span> <span class='ocrx_word' id='word_1_424' title='bbox 2523 3078 2805 3149; x_wconf 85' lang='lat' dir='ltr'><strong>Cretensis</strong></span> <span class='ocrx_word' id='word_1_425' title='bbox 2828 3081 2906 3149; x_wconf 85' lang='lat' dir='ltr'><strong>in</strong></span> <span class='ocrx_word' id='word_1_426' title='bbox 2940 3078 3374 3135; x_wconf 77' lang='lat' dir='ltr'><strong>Commentariis</strong></span> <span class='ocrx_word' id='word_1_427' title='bbox 3390 3080 3458 3133; x_wconf 89' lang='lat' dir='ltr'><strong>ad</strong></span> <span class='ocrx_word' id='word_1_428' title='bbox 3496 3078 3646 3135; x_wconf 82' lang='lat' dir='ltr'><strong>hunc</strong></span> <span class='ocrx_word' id='word_1_429' title='bbox 3676 3079 3926 3149; x_wconf 86' lang='lat' dir='ltr'><strong>Gregorii</strong></span> 
     </span>
    </p>
   </div>
   <div class='ocr_carea' id='block_1_68' title="bbox 2350 3148 3927 3214">
    <p class='ocr_par' dir='ltr' id='par_1_68' title="bbox 2350 3148 3927 3214">
     <span class='ocr_line' id='line_1_69' title="bbox 2350 3148 3927 3214; baseline 0.001 -12"><span class='ocrx_word' id='word_1_430' title='bbox 2350 3148 2532 3203; x_wconf 90' lang='lat' dir='ltr'><strong>locum</strong></span> <span class='ocrx_word' id='word_1_431' title='bbox 2558 3148 2778 3202; x_wconf 81' lang='lat' dir='ltr'><strong>videtur</strong></span> <span class='ocrx_word' id='word_1_432' title='bbox 2824 3148 2881 3203; x_wconf 90' lang='lat' dir='ltr'><strong>in</strong></span> <span class='ocrx_word' id='word_1_433' title='bbox 2914 3150 3322 3204; x_wconf 87' lang='lat' dir='ltr'><strong>Theodoretum</strong></span> <span class='ocrx_word' id='word_1_434' title='bbox 3372 3149 3678 3209; x_wconf 82' lang='lat' dir='ltr'><strong>intendisse</strong></span> <span class='ocrx_word' id='word_1_435' title='bbox 3712 3148 3927 3214; x_wconf 80' lang='lat' dir='ltr'><strong>oculos,</strong></span> 
     </span>
    </p>
   </div>
   <div class='ocr_carea' id='block_1_69' title="bbox 2350 3218 3922 3291">
    <p class='ocr_par' dir='ltr' id='par_1_69' title="bbox 2350 3218 3922 3291">
     <span class='ocr_line' id='line_1_70' title="bbox 2350 3218 3922 3291; baseline -0.001 -18"><span class='ocrx_word' id='word_1_436' title='bbox 2350 3219 2484 3291; x_wconf 89' lang='lat' dir='ltr'><strong>dum</strong></span> <span class='ocrx_word' id='word_1_437' title='bbox 2549 3218 2736 3291; x_wconf 77' lang='lat' dir='ltr'><strong>ipsius</strong></span> <span class='ocrx_word' id='word_1_438' title='bbox 2779 3218 3320 3291; x_wconf 76' lang='lat' dir='ltr'><strong>interpretationem</strong></span> <span class='ocrx_word' id='word_1_439' title='bbox 3362 3220 3569 3291; x_wconf 72' lang='lat' dir='ltr'><strong>arguit.</strong></span> <span class='ocrx_word' id='word_1_440' title='bbox 3624 3220 3922 3291; x_wconf 88' lang='lat' dir='ltr'><strong>Postquam</strong></span> 
     </span>
    </p>
   </div>
   <div class='ocr_carea' id='block_1_70' title="bbox 2352 3288 3931 3359">
    <p class='ocr_par' dir='ltr' id='par_1_70' title="bbox 2352 3288 3931 3359">
     <span class='ocr_line' id='line_1_71' title="bbox 2352 3288 3931 3359; baseline 0 -17"><span class='ocrx_word' id='word_1_441' title='bbox 2352 3290 2502 3359; x_wconf 89' lang='lat' dir='ltr'><strong>enim</strong></span> <span class='ocrx_word' id='word_1_442' title='bbox 2525 3288 2746 3359; x_wconf 83' lang='lat' dir='ltr'><strong>duobus</strong></span> <span class='ocrx_word' id='word_1_443' title='bbox 2779 3288 2866 3343; x_wconf 91' lang='lat' dir='ltr'><strong>his</strong></span> <span class='ocrx_word' id='word_1_444' title='bbox 2896 3288 3205 3359; x_wconf 78' lang='lat' dir='ltr'><strong>adjectivis,</strong></span> <span class='ocrx_word' id='word_1_445' title='bbox 3229 3288 3481 3359; x_wconf 72' lang='grc' dir='ltr'>παλαιὸν,</span> <span class='ocrx_word' id='word_1_446' title='bbox 3515 3290 3657 3352; x_wconf 84' lang='grc' dir='ltr'>νέον,</span> <span class='ocrx_word' id='word_1_447' title='bbox 3684 3288 3931 3343; x_wconf 87' lang='lat' dir='ltr'><strong>nomini-</strong></span> 
     </span>
    </p>
   </div>
   <div class='ocr_carea' id='block_1_71' title="bbox 2348 3358 3931 3429">
    <p class='ocr_par' dir='ltr' id='par_1_71' title="bbox 2348 3358 3931 3429">
     <span class='ocr_line' id='line_1_72' title="bbox 2348 3358 3931 3429; baseline -0.001 -17"><span class='ocrx_word' id='word_1_448' title='bbox 2348 3358 2454 3412; x_wconf 87' lang='lat' dir='ltr'><strong>bus</strong></span> <span class='ocrx_word' id='word_1_449' title='bbox 2484 3358 2901 3429; x_wconf 18' lang='lat' dir='ltr'><strong>substareidixit</strong></span> <span class='ocrx_word' id='word_1_450' title='bbox 2934 3358 3134 3413; x_wconf 90' lang='lat' dir='ltr'><strong>nomen</strong></span> <span class='ocrx_word' id='word_1_451' title='bbox 3159 3359 3303 3428; x_wconf 89' lang='lat' dir='ltr'><strong>quod</strong></span> <span class='ocrx_word' id='word_1_452' title='bbox 3341 3358 3690 3414; x_wconf 80' lang='lat' dir='ltr'><strong>affectionem</strong></span> <span class='ocrx_word' id='word_1_453' title='bbox 3718 3358 3931 3429; x_wconf 84' lang='lat' dir='ltr'><strong>signiti-</strong></span> 
     </span>
    </p>
   </div>
   <div class='ocr_carea' id='block_1_72' title="bbox 2345 3428 3930 3500">
    <p class='ocr_par' dir='ltr' id='par_1_72' title="bbox 2345 3428 3930 3500">
     <span class='ocr_line' id='line_1_73' title="bbox 2345 3428 3930 3500; baseline -0.001 -17"><span class='ocrx_word' id='word_1_454' title='bbox 2345 3437 2454 3491; x_wconf 90' lang='lat' dir='ltr'><strong>cat,</strong></span> <span class='ocrx_word' id='word_1_455' title='bbox 2486 3429 2663 3497; x_wconf 84' lang='lat' dir='ltr'><strong>pergit</strong></span> <span class='ocrx_word' id='word_1_456' title='bbox 2696 3446 2707 3480; x_wconf 93' lang='lat'>:</span> <span class='ocrx_word' id='word_1_457' title='bbox 2736 3428 2995 3482; x_wconf 81' lang='lat' dir='ltr'><strong>Nonnulli</strong></span> <span class='ocrx_word' id='word_1_458' title='bbox 3024 3446 3116 3500; x_wconf 86' lang='lat' dir='ltr'><strong>per</strong></span> <span class='ocrx_word' id='word_1_459' title='bbox 3145 3438 3291 3482; x_wconf 82' lang='lat' dir='ltr'><strong>vetus</strong></span> <span class='ocrx_word' id='word_1_460' title='bbox 3324 3439 3373 3483; x_wconf 90' lang='lat' dir='ltr'><strong>et</strong></span> <span class='ocrx_word' id='word_1_461' title='bbox 3402 3446 3591 3483; x_wconf 87' lang='lat' dir='ltr'><strong>novum</strong></span> <span class='ocrx_word' id='word_1_462' title='bbox 3612 3469 3628 3494; x_wconf 95' lang='lat'><strong>,</strong></span> <span class='ocrx_word' id='word_1_463' title='bbox 3661 3428 3930 3500; x_wconf 29' lang='lat' dir='ltr'><strong>nonfaﬂ&#39;e-</strong></span> 
     </span>
    </p>
   </div>
   <div class='ocr_carea' id='block_1_73' title="bbox 2346 3499 3929 3569">
    <p class='ocr_par' dir='ltr' id='par_1_73' title="bbox 2346 3499 3929 3569">
     <span class='ocr_line' id='line_1_74' title="bbox 2346 3499 3929 3569; baseline 0 -18"><span class='ocrx_word' id='word_1_464' title='bbox 2346 3500 2575 3552; x_wconf 82' lang='lat' dir='ltr'><strong>ctionem</strong></span> <span class='ocrx_word' id='word_1_465' title='bbox 2597 3500 2651 3551; x_wconf 87' lang='lat' dir='ltr'><strong>in</strong></span> <span class='ocrx_word' id='word_1_466' title='bbox 2679 3514 2794 3561; x_wconf 83' lang='lat' dir='ltr'><strong>nos,</strong></span> <span class='ocrx_word' id='word_1_467' title='bbox 2817 3508 2867 3552; x_wconf 91' lang='lat' dir='ltr'><strong>et</strong></span> <span class='ocrx_word' id='word_1_468' title='bbox 2895 3501 3163 3569; x_wconf 76' lang='lat' dir='ltr'><strong>disparem</strong></span> <span class='ocrx_word' id='word_1_469' title='bbox 3213 3501 3335 3554; x_wconf 65' lang='lat' dir='ltr'><strong>vita:</strong></span> <span class='ocrx_word' id='word_1_470' title='bbox 3361 3502 3622 3554; x_wconf 85' lang='lat' dir='ltr'><strong>rationem</strong></span> <span class='ocrx_word' id='word_1_471' title='bbox 3651 3499 3929 3552; x_wconf 75' lang='lat' dir='ltr'><strong>intellexe-</strong></span> 
     </span>
    </p>
   </div>
   <div class='ocr_carea' id='block_1_74' title="bbox 2343 3569 3931 3638">
    <p class='ocr_par' dir='ltr' id='par_1_74' title="bbox 2343 3569 3931 3638">
     <span class='ocr_line' id='line_1_75' title="bbox 2343 3569 3931 3638; baseline 0.001 -18"><span class='ocrx_word' id='word_1_472' title='bbox 2343 3577 2467 3620; x_wconf 84' lang='lat' dir='ltr'><strong>runt</strong></span> <span class='ocrx_word' id='word_1_473' title='bbox 2498 3606 2516 3629; x_wconf 88' lang='lat'><strong>,</strong></span> <span class='ocrx_word' id='word_1_474' title='bbox 2548 3569 2639 3622; x_wconf 82' lang='lat' dir='ltr'><strong>sed</strong></span> <span class='ocrx_word' id='word_1_475' title='bbox 2669 3570 2763 3621; x_wconf 82' lang='lat' dir='ltr'><strong>hoc</strong></span> <span class='ocrx_word' id='word_1_476' title='bbox 2790 3569 2963 3622; x_wconf 88' lang='lat' dir='ltr'><strong>virum</strong></span> <span class='ocrx_word' id='word_1_477' title='bbox 2989 3578 3234 3622; x_wconf 78' lang='lat' dir='ltr'><strong>sanctum</strong></span> <span class='ocrx_word' id='word_1_478' title='bbox 3276 3569 3407 3623; x_wconf 77' lang='lat' dir='ltr'><strong>velle</strong></span> <span class='ocrx_word' id='word_1_479' title='bbox 3450 3578 3764 3624; x_wconf 83' lang='lat' dir='ltr'><strong>censuerunt</strong></span> <span class='ocrx_word' id='word_1_480' title='bbox 3792 3584 3809 3623; x_wconf 90' lang='lat'><strong><em>:</em></strong></span> <span class='ocrx_word' id='word_1_481' title='bbox 3834 3585 3931 3638; x_wconf 89' lang='lat' dir='ltr'><strong>pro</strong></span> 
     </span>
    </p>
   </div>
   <div class='ocr_carea' id='block_1_75' title="bbox 2341 3639 3930 3709">
    <p class='ocr_par' dir='ltr' id='par_1_75' title="bbox 2341 3639 3930 3709">
     <span class='ocr_line' id='line_1_76' title="bbox 2341 3639 3930 3709; baseline 0 -18"><span class='ocrx_word' id='word_1_482' title='bbox 2341 3640 2503 3692; x_wconf 82' lang='lat' dir='ltr'><strong>ueteri</strong></span> <span class='ocrx_word' id='word_1_483' title='bbox 2529 3639 2686 3709; x_wconf 82' lang='lat' dir='ltr'><strong>primi</strong></span> <span class='ocrx_word' id='word_1_484' title='bbox 2732 3640 2968 3709; x_wconf 76' lang='lat' dir='ltr'><strong>parentis</strong></span> <span class='ocrx_word' id='word_1_485' title='bbox 2998 3640 3241 3709; x_wconf 79' lang='lat' dir='ltr'><strong>passione</strong></span> <span class='ocrx_word' id='word_1_486' title='bbox 3273 3656 3463 3694; x_wconf 84' lang='lat' dir='ltr'><strong>novam</strong></span> <span class='ocrx_word' id='word_1_487' title='bbox 3491 3639 3683 3695; x_wconf 77' lang='lat' dir='ltr'><strong>Christi</strong></span> <span class='ocrx_word' id='word_1_488' title='bbox 3723 3640 3930 3709; x_wconf 77' lang='lat' dir='ltr'><strong>passio-</strong></span> 
     </span>
    </p>
   </div>
   <div class='ocr_carea' id='block_1_76' title="bbox 2347 3707 3925 3776">
    <p class='ocr_par' dir='ltr' id='par_1_76' title="bbox 2347 3707 3925 3776">
     <span class='ocr_line' id='line_1_77' title="bbox 2347 3707 3925 3776; baseline 0 -15"><span class='ocrx_word' id='word_1_489' title='bbox 2347 3725 2464 3761; x_wconf 85' lang='lat' dir='ltr'><strong>nem</strong></span> <span class='ocrx_word' id='word_1_490' title='bbox 2502 3707 2861 3763; x_wconf 82' lang='lat' dir='ltr'><strong>introductam</strong></span> <span class='ocrx_word' id='word_1_491' title='bbox 2887 3707 3014 3763; x_wconf 70' lang='lat' dir='ltr'><strong>esse.</strong></span> <span class='ocrx_word' id='word_1_492' title='bbox 3049 3709 3273 3762; x_wconf 80' lang='lat' dir='ltr'><strong>Rectene</strong></span> <span class='ocrx_word' id='word_1_493' title='bbox 3314 3718 3518 3776; x_wconf 88' lang='lat' dir='ltr'><strong>autem,</strong></span> <span class='ocrx_word' id='word_1_494' title='bbox 3552 3726 3621 3764; x_wconf 86' lang='lat' dir='ltr'><strong>an</strong></span> <span class='ocrx_word' id='word_1_495' title='bbox 3649 3707 3817 3774; x_wconf 80' lang='lat' dir='ltr'><strong>secus,</strong></span> <span class='ocrx_word' id='word_1_496' title='bbox 3850 3707 3925 3761; x_wconf 87' lang='lat' dir='ltr'><strong>le-</strong></span> 
     </span>
    </p>
   </div>
   <div class='ocr_carea' id='block_1_77' title="bbox 2347 3778 3306 3849">
    <p class='ocr_par' dir='ltr' id='par_1_77' title="bbox 2347 3778 3306 3849">
     <span class='ocr_line' id='line_1_78' title="bbox 2347 3778 3306 3849; baseline 0.001 -17"><span class='ocrx_word' id='word_1_497' title='bbox 2347 3779 2576 3833; x_wconf 83' lang='lat' dir='ltr'><strong>ctoribus</strong></span> <span class='ocrx_word' id='word_1_498' title='bbox 2603 3778 3004 3847; x_wconf 74' lang='lat' dir='ltr'><strong>expendendum</strong></span> <span class='ocrx_word' id='word_1_499' title='bbox 3045 3778 3306 3849; x_wconf 81' lang='lat' dir='ltr'><strong>relinquo.</strong></span> 
     </span>
    </p>
   </div>
   <div class='ocr_carea' id='block_1_78' title="bbox 736 3939 1243 4006">
    <p class='ocr_par' dir='ltr' id='par_1_78' title="bbox 736 3939 1243 4006">
     <span class='ocr_line' id='line_1_79' title="bbox 736 3939 1243 4006; baseline 0 -11"><span class='ocrx_word' id='word_1_500' title='bbox 736 3940 762 3980; x_wconf 77' lang='grc'>⁸</span> <span class='ocrx_word' id='word_1_501' title='bbox 800 3939 972 3995; x_wconf 78' lang='lat' dir='ltr'><strong>Hebr.</strong></span> <span class='ocrx_word' id='word_1_502' title='bbox 1019 3956 1136 4006; x_wconf 77' lang='lat' dir='ltr'><strong>nn,</strong></span> <span class='ocrx_word' id='word_1_503' title='bbox 1170 3940 1243 3995; x_wconf 78' lang='lat'><strong>8.</strong></span> 
     </span>
    </p>
   </div>
   <div class='ocr_carea' id='block_1_79' title="bbox 1959 4050 2640 4108">
    <p class='ocr_par' dir='ltr' id='par_1_79' title="bbox 1959 4050 2640 4108">
     <span class='ocr_line' id='line_1_80' title="bbox 1959 4050 2640 4108; baseline 0.004 -3"><span class='ocrx_word' id='word_1_504' title='bbox 1959 4050 2194 4107; x_wconf 77' lang='lat' dir='ltr'><strong>VARUE</strong></span> <span class='ocrx_word' id='word_1_505' title='bbox 2237 4050 2640 4108; x_wconf 82' lang='lat' dir='ltr'><strong>LECTIONES.</strong></span> 
     </span>
    </p>
   </div>
   <div class='ocr_carea' id='block_1_80' title="bbox 734 4164 3931 4238">
    <p class='ocr_par' dir='ltr' id='par_1_80' title="bbox 734 4164 3931 4238">
     <span class='ocr_line' id='line_1_81' title="bbox 734 4164 3931 4238; baseline 0 -18"><span class='ocrx_word' id='word_1_506' title='bbox 734 4168 776 4199; x_wconf 85' lang='grc'><strong>³¹</strong></span> <span class='ocrx_word' id='word_1_507' title='bbox 800 4166 989 4238; x_wconf 74' lang='lat' dir='ltr'><strong>Tertio.</strong></span> <span class='ocrx_word' id='word_1_508' title='bbox 1016 4165 1126 4223; x_wconf 82' lang='lat' dir='ltr'><strong>Sed</strong></span> <span class='ocrx_word' id='word_1_509' title='bbox 1159 4168 1225 4222; x_wconf 91' lang='lat' dir='ltr'><strong>ad</strong></span> <span class='ocrx_word' id='word_1_510' title='bbox 1256 4167 1559 4223; x_wconf 82' lang='lat' dir='ltr'><strong>secundum</strong></span> <span class='ocrx_word' id='word_1_511' title='bbox 1598 4166 1802 4223; x_wconf 90' lang='lat' dir='ltr'><strong>librum</strong></span> <span class='ocrx_word' id='word_1_512' title='bbox 1836 4168 1937 4222; x_wconf 89' lang='lat' dir='ltr'><strong>ista</strong></span> <span class='ocrx_word' id='word_1_513' title='bbox 1973 4167 2254 4238; x_wconf 89' lang='lat' dir='ltr'><strong>pertinere</strong></span> <span class='ocrx_word' id='word_1_514' title='bbox 2279 4166 2659 4223; x_wconf 85' lang='lat' dir='ltr'><strong>declaraverat</strong></span> <span class='ocrx_word' id='word_1_515' title='bbox 2696 4164 3019 4238; x_wconf 87' lang='lat' dir='ltr'><strong>Garnerius.</strong></span> <span class='ocrx_word' id='word_1_516' title='bbox 3097 4167 3141 4198; x_wconf 82' lang='grc'><strong>³¹</strong></span> <span class='ocrx_word' id='word_1_517' title='bbox 3172 4166 3563 4238; x_wconf 51' lang='grc' dir='ltr'>Ηοεῖ-νείετι.</span> <span class='ocrx_word' id='word_1_518' title='bbox 3593 4164 3813 4220; x_wconf 84' lang='lat' dir='ltr'><strong>Scilicet</strong></span> <span class='ocrx_word' id='word_1_519' title='bbox 3859 4181 3931 4221; x_wconf 82' lang='lat' dir='ltr'><strong>ex</strong></span> 
     </span>
    </p>
   </div>
   <div class='ocr_carea' id='block_1_81' title="bbox 663 4236 3935 4308">
    <p class='ocr_par' dir='ltr' id='par_1_81' title="bbox 663 4236 3935 4308">
     <span class='ocr_line' id='line_1_82' title="bbox 663 4236 3935 4308; baseline -0 -18"><span class='ocrx_word' id='word_1_520' title='bbox 663 4237 950 4308; x_wconf 81' lang='lat' dir='ltr'><strong>hypothesi</strong></span> <span class='ocrx_word' id='word_1_521' title='bbox 988 4238 1269 4305; x_wconf 89' lang='lat' dir='ltr'><strong>Garnerii,</strong></span> <span class='ocrx_word' id='word_1_522' title='bbox 1296 4240 1391 4308; x_wconf 91' lang='lat' dir='ltr'><strong>qui</strong></span> <span class='ocrx_word' id='word_1_523' title='bbox 1417 4239 1617 4294; x_wconf 88' lang='lat' dir='ltr'><strong>librum</strong></span> <span class='ocrx_word' id='word_1_524' title='bbox 1642 4237 1945 4294; x_wconf 86' lang='lat' dir='ltr'><strong>secundum</strong></span> <span class='ocrx_word' id='word_1_525' title='bbox 1974 4236 2031 4293; x_wconf 85' lang='lat' dir='ltr'><strong>et</strong></span> <span class='ocrx_word' id='word_1_526' title='bbox 2060 4238 2286 4292; x_wconf 86' lang='lat' dir='ltr'><strong>tertium</strong></span> <span class='ocrx_word' id='word_1_527' title='bbox 2339 4237 2548 4292; x_wconf 91' lang='lat' dir='ltr'><strong>codicis</strong></span> <span class='ocrx_word' id='word_1_528' title='bbox 2587 4252 2756 4307; x_wconf 86' lang='lat' dir='ltr'><strong>supra</strong></span> <span class='ocrx_word' id='word_1_529' title='bbox 2788 4237 2921 4292; x_wconf 88' lang='lat' dir='ltr'><strong>dicti</strong></span> <span class='ocrx_word' id='word_1_530' title='bbox 2950 4251 3051 4307; x_wconf 88' lang='lat' dir='ltr'><strong>pro</strong></span> <span class='ocrx_word' id='word_1_531' title='bbox 3082 4253 3221 4302; x_wconf 89' lang='lat' dir='ltr'><strong>uno,</strong></span> <span class='ocrx_word' id='word_1_532' title='bbox 3252 4236 3503 4308; x_wconf 84' lang='lat' dir='ltr'><strong>adeoque</strong></span> <span class='ocrx_word' id='word_1_533' title='bbox 3538 4245 3795 4307; x_wconf 90' lang='lat' dir='ltr'><strong>quartum</strong></span> <span class='ocrx_word' id='word_1_534' title='bbox 3828 4251 3935 4305; x_wconf 85' lang='lat' dir='ltr'><strong>pro</strong></span> 
     </span>
    </p>
   </div>
   <div class='ocr_carea' id='block_1_82' title="bbox 665 4308 1072 4365">
    <p class='ocr_par' dir='ltr' id='par_1_82' title="bbox 665 4308 1072 4365">
     <span class='ocr_line' id='line_1_83' title="bbox 665 4308 1072 4365; baseline 0.005 -5"><span class='ocrx_word' id='word_1_535' title='bbox 665 4309 832 4364; x_wconf 90' lang='lat' dir='ltr'><strong>tertio</strong></span> <span class='ocrx_word' id='word_1_536' title='bbox 857 4308 1072 4365; x_wconf 83' lang='lat' dir='ltr'><strong>habuit.</strong></span> 
     </span>
    </p>
   </div>
   <div class='ocr_carea' id='block_1_83' title="bbox 691 4509 1075 4520">
    <p class='ocr_par' dir='ltr' id='par_1_83' title="bbox 691 4509 1075 4520">
     <span class='ocr_line' id='line_1_84' title="bbox 691 4509 1075 4520; baseline 0 -1"><span class='ocrx_word' id='word_1_537' title='bbox 691 4509 1075 4520; x_wconf 37' lang='lat' dir='ltr'><strong>—-——__a</strong></span> 
     </span>
    </p>
   </div>
   <div class='ocr_carea' id='block_1_84' title="bbox 1347 4646 3254 4758">
    <p class='ocr_par' dir='ltr' id='par_1_84' title="bbox 1347 4646 3254 4758">
     <span class='ocr_line' id='line_1_85' title="bbox 1347 4646 3254 4758; baseline 0 -6"><span class='ocrx_word' id='word_1_538' title='bbox 1347 4646 1504 4717; x_wconf 67' lang='lat'><strong>133</strong></span> <span class='ocrx_word' id='word_1_539' title='bbox 1563 4662 2273 4756; x_wconf 78' lang='grc' dir='ltr'><strong>ἈΒΜΟΝΙΤΙΟ</strong></span> <span class='ocrx_word' id='word_1_540' title='bbox 2346 4664 2496 4753; x_wconf 81' lang='lat' dir='ltr'><strong>AD</strong></span> <span class='ocrx_word' id='word_1_541' title='bbox 2572 4664 3254 4758; x_wconf 74' lang='lat' dir='ltr'><strong>LECTOBEM.</strong></span> 
     </span>
    </p>
   </div>
   <div class='ocr_carea' id='block_1_85' title="bbox 728 4968 3927 5044">
    <p class='ocr_par' dir='ltr' id='par_1_85' title="bbox 728 4968 3927 5044">
     <span class='ocr_line' id='line_1_86' title="bbox 728 4968 3927 5044; baseline -0.001 -16"><span class='ocrx_word' id='word_1_542' title='bbox 728 4972 1291 5041; x_wconf 32' lang='lat' dir='ltr'><strong>Proximum‘quidem</strong></span> <span class='ocrx_word' id='word_1_543' title='bbox 1316 4971 1497 5027; x_wconf 89' lang='lat' dir='ltr'><strong>locum</strong></span> <span class='ocrx_word' id='word_1_544' title='bbox 1537 4986 1591 5041; x_wconf 94' lang='lat' dir='ltr'><strong>p.</strong></span> <span class='ocrx_word' id='word_1_545' title='bbox 1626 4968 1883 5024; x_wconf 66' lang='lat'><strong>51—107</strong></span> <span class='ocrx_word' id='word_1_546' title='bbox 1934 4970 2179 5027; x_wconf 85' lang='lat' dir='ltr'><strong>Auctarii</strong></span> <span class='ocrx_word' id='word_1_547' title='bbox 2221 4982 2410 5029; x_wconf 89' lang='lat' dir='ltr'><strong>tenent</strong></span> <span class='ocrx_word' id='word_1_548' title='bbox 2436 4972 2683 5044; x_wconf 70' lang='lat' dir='ltr'><strong>epistola:</strong></span> <span class='ocrx_word' id='word_1_549' title='bbox 2728 4970 3066 5027; x_wconf 89' lang='lat' dir='ltr'><strong>Theodoreti</strong></span> <span class='ocrx_word' id='word_1_550' title='bbox 3109 4985 3137 5025; x_wconf 89' lang='lat' dir='ltr'><strong>a</strong></span> <span class='ocrx_word' id='word_1_551' title='bbox 3173 4970 3470 5026; x_wconf 89' lang='lat' dir='ltr'><strong>Sirmondo</strong></span> <span class='ocrx_word' id='word_1_552' title='bbox 3502 4970 3742 5036; x_wconf 78' lang='lat' dir='ltr'><strong>omissae,</strong></span> <span class='ocrx_word' id='word_1_553' title='bbox 3786 4985 3927 5041; x_wconf 88' lang='lat' dir='ltr'><strong>quas</strong></span> 
     </span>
    </p>
   </div>
   <div class='ocr_carea' id='block_1_86' title="bbox 662 5058 3929 5132">
    <p class='ocr_par' dir='ltr' id='par_1_86' title="bbox 662 5058 3929 5132">
     <span class='ocr_line' id='line_1_87' title="bbox 662 5058 3929 5132; baseline -0.001 -15"><span class='ocrx_word' id='word_1_554' title='bbox 662 5078 787 5117; x_wconf 87' lang='lat' dir='ltr'><strong>eum</strong></span> <span class='ocrx_word' id='word_1_555' title='bbox 818 5061 1045 5132; x_wconf 83' lang='lat' dir='ltr'><strong>prolixis</strong></span> <span class='ocrx_word' id='word_1_556' title='bbox 1067 5060 1555 5115; x_wconf 78' lang='lat' dir='ltr'><strong>observationibus</strong></span> <span class='ocrx_word' id='word_1_557' title='bbox 1592 5059 1709 5114; x_wconf 89' lang='lat' dir='ltr'><strong>suis</strong></span> <span class='ocrx_word' id='word_1_558' title='bbox 1741 5058 1917 5114; x_wconf 89' lang='lat' dir='ltr'><strong>edidit</strong></span> <span class='ocrx_word' id='word_1_559' title='bbox 1948 5060 2268 5119; x_wconf 89' lang='lat' dir='ltr'><strong>Garnerius.</strong></span> <span class='ocrx_word' id='word_1_560' title='bbox 2303 5062 2398 5118; x_wconf 67' lang='lat' dir='ltr'><strong>llas</strong></span> <span class='ocrx_word' id='word_1_561' title='bbox 2431 5070 2613 5117; x_wconf 88' lang='lat' dir='ltr'><strong>autem</strong></span> <span class='ocrx_word' id='word_1_562' title='bbox 2651 5062 2920 5132; x_wconf 80' lang='lat' dir='ltr'><strong>epistolae,</strong></span> <span class='ocrx_word' id='word_1_563' title='bbox 2952 5078 3058 5116; x_wconf 93' lang='lat' dir='ltr'><strong>una</strong></span> <span class='ocrx_word' id='word_1_564' title='bbox 3110 5078 3236 5117; x_wconf 90' lang='lat' dir='ltr'><strong>cum</strong></span> <span class='ocrx_word' id='word_1_565' title='bbox 3290 5061 3397 5117; x_wconf 91' lang='lat' dir='ltr'><strong>illis</strong></span> <span class='ocrx_word' id='word_1_566' title='bbox 3430 5077 3566 5132; x_wconf 89' lang='lat' dir='ltr'><strong>quas</strong></span> <span class='ocrx_word' id='word_1_567' title='bbox 3598 5061 3929 5127; x_wconf 84' lang='lat' dir='ltr'><strong>Sirmondus</strong></span> 
     </span>
    </p>
   </div>
   <div class='ocr_carea' id='block_1_87' title="bbox 660 5151 3930 5225">
    <p class='ocr_par' dir='ltr' id='par_1_87' title="bbox 660 5151 3930 5225">
     <span class='ocr_line' id='line_1_88' title="bbox 660 5151 3930 5225; baseline 0 -15"><span class='ocrx_word' id='word_1_568' title='bbox 660 5154 933 5219; x_wconf 82' lang='lat' dir='ltr'><strong>ediderat,</strong></span> <span class='ocrx_word' id='word_1_569' title='bbox 952 5153 1135 5209; x_wconf 85' lang='lat' dir='ltr'><strong>locum</strong></span> <span class='ocrx_word' id='word_1_570' title='bbox 1152 5161 1328 5208; x_wconf 64' lang='lat' dir='ltr'><strong>nacta</strong></span> <span class='ocrx_word' id='word_1_571' title='bbox 1358 5162 1488 5207; x_wconf 89' lang='lat' dir='ltr'><strong>sunt</strong></span> <span class='ocrx_word' id='word_1_572' title='bbox 1512 5153 1567 5207; x_wconf 89' lang='lat' dir='ltr'><strong>in</strong></span> <span class='ocrx_word' id='word_1_573' title='bbox 1597 5151 1704 5206; x_wconf 84' lang='lat' dir='ltr'><strong>ﬁne</strong></span> <span class='ocrx_word' id='word_1_574' title='bbox 1730 5154 1862 5208; x_wconf 90' lang='lat' dir='ltr'><strong>tomi</strong></span> <span class='ocrx_word' id='word_1_575' title='bbox 1885 5155 2190 5224; x_wconf 89' lang='lat' dir='ltr'><strong>superioris</strong></span> <span class='ocrx_word' id='word_1_576' title='bbox 2218 5153 2479 5210; x_wconf 89' lang='lat' dir='ltr'><strong>editionis</strong></span> <span class='ocrx_word' id='word_1_577' title='bbox 2501 5161 2721 5209; x_wconf 82' lang='lat' dir='ltr'><strong>nostrae.</strong></span> <span class='ocrx_word' id='word_1_578' title='bbox 2757 5154 2923 5225; x_wconf 87' lang='lat' dir='ltr'><strong>Typis</strong></span> <span class='ocrx_word' id='word_1_579' title='bbox 2943 5154 3130 5225; x_wconf 90' lang='lat' dir='ltr'><strong>itaque</strong></span> <span class='ocrx_word' id='word_1_580' title='bbox 3154 5170 3305 5209; x_wconf 91' lang='lat' dir='ltr'><strong>nunc</strong></span> <span class='ocrx_word' id='word_1_581' title='bbox 3336 5153 3712 5210; x_wconf 71' lang='lat' dir='ltr'><strong>exscribenda:</strong></span> <span class='ocrx_word' id='word_1_582' title='bbox 3741 5165 3930 5211; x_wconf 89' lang='lat' dir='ltr'><strong>essent</strong></span> 
     </span>
    </p>
   </div>
   <div class='ocr_carea' id='block_1_88' title="bbox 661 5245 3927 5317">
    <p class='ocr_par' dir='ltr' id='par_1_88' title="bbox 661 5245 3927 5317">
     <span class='ocr_line' id='line_1_89' title="bbox 661 5245 3927 5317; baseline 0 -13"><span class='ocrx_word' id='word_1_583' title='bbox 661 5247 790 5304; x_wconf 75' lang='lat' dir='ltr'><strong>solae</strong></span> <span class='ocrx_word' id='word_1_584' title='bbox 818 5246 1070 5302; x_wconf 88' lang='lat' dir='ltr'><strong>Garnerii</strong></span> <span class='ocrx_word' id='word_1_585' title='bbox 1114 5245 1171 5300; x_wconf 88' lang='lat' dir='ltr'><strong>in</strong></span> <span class='ocrx_word' id='word_1_586' title='bbox 1194 5245 1457 5315; x_wconf 87' lang='lat' dir='ltr'><strong>epistolas</strong></span> <span class='ocrx_word' id='word_1_587' title='bbox 1498 5260 1694 5301; x_wconf 90' lang='lat' dir='ltr'><strong>recens</strong></span> <span class='ocrx_word' id='word_1_588' title='bbox 1726 5245 1907 5300; x_wconf 91' lang='lat' dir='ltr'><strong>editas</strong></span> <span class='ocrx_word' id='word_1_589' title='bbox 1935 5254 2100 5312; x_wconf 72' lang='lat' dir='ltr'><strong>notae,</strong></span> <span class='ocrx_word' id='word_1_590' title='bbox 2140 5247 2237 5303; x_wconf 90' lang='lat' dir='ltr'><strong>sed</strong></span> <span class='ocrx_word' id='word_1_591' title='bbox 2264 5256 2638 5317; x_wconf 81' lang='lat' dir='ltr'><strong>opportunum</strong></span> <span class='ocrx_word' id='word_1_592' title='bbox 2666 5245 2776 5300; x_wconf 92' lang='lat' dir='ltr'><strong>illis</strong></span> <span class='ocrx_word' id='word_1_593' title='bbox 2811 5245 3068 5300; x_wconf 88' lang='lat' dir='ltr'><strong>dabimus</strong></span> <span class='ocrx_word' id='word_1_594' title='bbox 3103 5246 3285 5300; x_wconf 90' lang='lat' dir='ltr'><strong>locum</strong></span> <span class='ocrx_word' id='word_1_595' title='bbox 3325 5246 3380 5300; x_wconf 93' lang='lat' dir='ltr'><strong>in</strong></span> <span class='ocrx_word' id='word_1_596' title='bbox 3414 5246 3806 5302; x_wconf 88' lang='lat' dir='ltr'><strong>dissertatione</strong></span> <span class='ocrx_word' id='word_1_597' title='bbox 3837 5266 3927 5305; x_wconf 79' lang='lat' dir='ltr'><strong>se-</strong></span> 
     </span>
    </p>
   </div>
   <div class='ocr_carea' id='block_1_89' title="bbox 659 5337 3929 5409">
    <p class='ocr_par' dir='ltr' id='par_1_89' title="bbox 659 5337 3929 5409">
     <span class='ocr_line' id='line_1_90' title="bbox 659 5337 3929 5409; baseline 0.001 -15"><span class='ocrx_word' id='word_1_598' title='bbox 659 5338 840 5395; x_wconf 88' lang='lat' dir='ltr'><strong>cunda</strong></span> <span class='ocrx_word' id='word_1_599' title='bbox 879 5337 1151 5403; x_wconf 89' lang='lat' dir='ltr'><strong>Garnerii,</strong></span> <span class='ocrx_word' id='word_1_600' title='bbox 1178 5338 1408 5408; x_wconf 83' lang='lat' dir='ltr'><strong>ejusque</strong></span> <span class='ocrx_word' id='word_1_601' title='bbox 1438 5338 1615 5407; x_wconf 88' lang='lat' dir='ltr'><strong>capite</strong></span> <span class='ocrx_word' id='word_1_602' title='bbox 1648 5338 1861 5407; x_wconf 90' lang='lat' dir='ltr'><strong>quinto.</strong></span> <span class='ocrx_word' id='word_1_603' title='bbox 1906 5337 2037 5405; x_wconf 68' lang='lat' dir='ltr'><strong>Quae</strong></span> <span class='ocrx_word' id='word_1_604' title='bbox 2069 5339 2245 5409; x_wconf 83' lang='lat' dir='ltr'><strong>prima</strong></span> <span class='ocrx_word' id='word_1_605' title='bbox 2277 5346 2361 5393; x_wconf 92' lang='lat' dir='ltr'><strong>est</strong></span> <span class='ocrx_word' id='word_1_606' title='bbox 2390 5340 2533 5393; x_wconf 89' lang='lat' dir='ltr'><strong>inter</strong></span> <span class='ocrx_word' id='word_1_607' title='bbox 2563 5339 2808 5407; x_wconf 86' lang='lat' dir='ltr'><strong>quinque</strong></span> <span class='ocrx_word' id='word_1_608' title='bbox 2851 5338 3270 5393; x_wconf 89' lang='lat' dir='ltr'><strong>dissertationes</strong></span> <span class='ocrx_word' id='word_1_609' title='bbox 3298 5337 3551 5393; x_wconf 90' lang='lat' dir='ltr'><strong>Garnerii</strong></span> <span class='ocrx_word' id='word_1_610' title='bbox 3585 5340 3741 5409; x_wconf 92' lang='lat' dir='ltr'><strong>prelo</strong></span> <span class='ocrx_word' id='word_1_611' title='bbox 3779 5356 3929 5397; x_wconf 87' lang='lat' dir='ltr'><strong>nunc</strong></span> 
     </span>
    </p>
   </div>
   <div class='ocr_carea' id='block_1_90' title="bbox 660 5431 3927 5505">
    <p class='ocr_par' dir='ltr' id='par_1_90' title="bbox 660 5431 3927 5505">
     <span class='ocr_line' id='line_1_91' title="bbox 660 5431 3927 5505; baseline -0.001 -14"><span class='ocrx_word' id='word_1_612' title='bbox 660 5438 862 5491; x_wconf 86' lang='lat' dir='ltr'><strong>iterum</strong></span> <span class='ocrx_word' id='word_1_613' title='bbox 894 5431 1270 5505; x_wconf 89' lang='lat' dir='ltr'><strong>subjiciendas</strong></span> <span class='ocrx_word' id='word_1_614' title='bbox 1328 5433 1713 5504; x_wconf 89' lang='lat' dir='ltr'><strong>complectitur</strong></span> <span class='ocrx_word' id='word_1_615' title='bbox 1744 5431 2038 5488; x_wconf 87' lang='lat' dir='ltr'><strong>Historiam</strong></span> <span class='ocrx_word' id='word_1_616' title='bbox 2071 5434 2428 5500; x_wconf 87' lang='lat' dir='ltr'><strong>Theodoreti,</strong></span> <span class='ocrx_word' id='word_1_617' title='bbox 2459 5433 2633 5488; x_wconf 90' lang='lat' dir='ltr'><strong>multo</strong></span> <span class='ocrx_word' id='word_1_618' title='bbox 2666 5432 2889 5503; x_wconf 90' lang='lat' dir='ltr'><strong>quidem</strong></span> <span class='ocrx_word' id='word_1_619' title='bbox 2942 5447 3068 5487; x_wconf 91' lang='lat' dir='ltr'><strong>cum</strong></span> <span class='ocrx_word' id='word_1_620' title='bbox 3115 5432 3322 5497; x_wconf 89' lang='lat' dir='ltr'><strong>studio,</strong></span> <span class='ocrx_word' id='word_1_621' title='bbox 3356 5432 3452 5488; x_wconf 92' lang='lat' dir='ltr'><strong>sed</strong></span> <span class='ocrx_word' id='word_1_622' title='bbox 3485 5440 3598 5488; x_wconf 92' lang='lat' dir='ltr'><strong>tam</strong></span> <span class='ocrx_word' id='word_1_623' title='bbox 3636 5433 3831 5503; x_wconf 87' lang='lat' dir='ltr'><strong>iniquo</strong></span> <span class='ocrx_word' id='word_1_624' title='bbox 3870 5433 3927 5488; x_wconf 81' lang='lat' dir='ltr'><strong>in</strong></span> 
     </span>
    </p>
   </div>
   <div class='ocr_carea' id='block_1_91' title="bbox 660 5525 3927 5599">
    <p class='ocr_par' dir='ltr' id='par_1_91' title="bbox 660 5525 3927 5599">
     <span class='ocr_line' id='line_1_92' title="bbox 660 5525 3927 5599; baseline 0.001 -19"><span class='ocrx_word' id='word_1_625' title='bbox 660 5530 841 5586; x_wconf 76' lang='lat' dir='ltr'><strong>virum</strong></span> <span class='ocrx_word' id='word_1_626' title='bbox 871 5529 1080 5586; x_wconf 86' lang='lat' dir='ltr'><strong>bonum</strong></span> <span class='ocrx_word' id='word_1_627' title='bbox 1096 5528 1281 5584; x_wconf 83' lang='lat' dir='ltr'><strong>animo</strong></span> <span class='ocrx_word' id='word_1_628' title='bbox 1300 5529 1684 5599; x_wconf 87' lang='lat' dir='ltr'><strong>compositam,</strong></span> <span class='ocrx_word' id='word_1_629' title='bbox 1719 5536 1781 5583; x_wconf 91' lang='lat' dir='ltr'><strong>ut</strong></span> <span class='ocrx_word' id='word_1_630' title='bbox 1809 5530 1929 5599; x_wconf 87' lang='lat' dir='ltr'><strong>ejus</strong></span> <span class='ocrx_word' id='word_1_631' title='bbox 1958 5529 2253 5586; x_wconf 86' lang='lat' dir='ltr'><strong>Historiam</strong></span> <span class='ocrx_word' id='word_1_632' title='bbox 2288 5546 2396 5585; x_wconf 90' lang='lat' dir='ltr'><strong>non</strong></span> <span class='ocrx_word' id='word_1_633' title='bbox 2417 5543 2677 5584; x_wconf 86' lang='lat' dir='ltr'><strong>enarrare</strong></span> <span class='ocrx_word' id='word_1_634' title='bbox 2706 5535 2763 5582; x_wconf 89' lang='lat' dir='ltr'><strong>et</strong></span> <span class='ocrx_word' id='word_1_635' title='bbox 2787 5544 2888 5597; x_wconf 87' lang='lat' dir='ltr'><strong>pro</strong></span> <span class='ocrx_word' id='word_1_636' title='bbox 2926 5525 3003 5581; x_wconf 89' lang='lat' dir='ltr'><strong>rei</strong></span> <span class='ocrx_word' id='word_1_637' title='bbox 3038 5526 3305 5598; x_wconf 86' lang='lat' dir='ltr'><strong>dignitate</strong></span> <span class='ocrx_word' id='word_1_638' title='bbox 3332 5542 3626 5593; x_wconf 83' lang='lat' dir='ltr'><strong>exornare,</strong></span> <span class='ocrx_word' id='word_1_639' title='bbox 3668 5527 3764 5581; x_wconf 92' lang='lat' dir='ltr'><strong>sed</strong></span> <span class='ocrx_word' id='word_1_640' title='bbox 3783 5527 3927 5582; x_wconf 89' lang='lat' dir='ltr'><strong>male</strong></span> 
     </span>
    </p>
   </div>
   <div class='ocr_carea' id='block_1_92' title="bbox 661 5617 3927 5696">
    <p class='ocr_par' dir='ltr' id='par_1_92' title="bbox 661 5617 3927 5696">
     <span class='ocr_line' id='line_1_93' title="bbox 661 5617 3927 5696; baseline -0.001 -18"><span class='ocrx_word' id='word_1_641' title='bbox 661 5625 727 5680; x_wconf 76' lang='lat' dir='ltr'><strong>ad</strong></span> <span class='ocrx_word' id='word_1_642' title='bbox 750 5630 1001 5696; x_wconf 87' lang='lat' dir='ltr'><strong>posteros</strong></span> <span class='ocrx_word' id='word_1_643' title='bbox 1020 5622 1426 5686; x_wconf 82' lang='lat' dir='ltr'><strong>commendare,</strong></span> <span class='ocrx_word' id='word_1_644' title='bbox 1466 5623 1712 5693; x_wconf 90' lang='lat' dir='ltr'><strong>atrisque</strong></span> <span class='ocrx_word' id='word_1_645' title='bbox 1735 5624 2013 5678; x_wconf 90' lang='lat' dir='ltr'><strong>coloribus</strong></span> <span class='ocrx_word' id='word_1_646' title='bbox 2037 5624 2263 5695; x_wconf 81' lang='lat' dir='ltr'><strong>pingere</strong></span> <span class='ocrx_word' id='word_1_647' title='bbox 2296 5623 2537 5677; x_wconf 85' lang='lat' dir='ltr'><strong>voluisse</strong></span> <span class='ocrx_word' id='word_1_648' title='bbox 2560 5621 2837 5677; x_wconf 81' lang='lat' dir='ltr'><strong>videatur.</strong></span> <span class='ocrx_word' id='word_1_649' title='bbox 2873 5617 3006 5687; x_wconf 65' lang='lat' dir='ltr'><strong>Quae</strong></span> <span class='ocrx_word' id='word_1_650' title='bbox 3039 5619 3263 5691; x_wconf 89' lang='lat' dir='ltr'><strong>quidem</strong></span> <span class='ocrx_word' id='word_1_651' title='bbox 3287 5618 3539 5675; x_wconf 85' lang='lat' dir='ltr'><strong>Garnerii</strong></span> <span class='ocrx_word' id='word_1_652' title='bbox 3575 5618 3927 5674; x_wconf 82' lang='lat' dir='ltr'><strong>immodestia</strong></span> 
     </span>
    </p>
   </div>
   <div class='ocr_carea' id='block_1_93' title="bbox 660 5711 3925 5787">
    <p class='ocr_par' dir='ltr' id='par_1_93' title="bbox 660 5711 3925 5787">
     <span class='ocr_line' id='line_1_94' title="bbox 660 5711 3925 5787; baseline -0.001 -18"><span class='ocrx_word' id='word_1_653' title='bbox 660 5731 770 5772; x_wconf 90' lang='lat' dir='ltr'><strong>non</strong></span> <span class='ocrx_word' id='word_1_654' title='bbox 792 5715 972 5787; x_wconf 87' lang='lat' dir='ltr'><strong>potuit</strong></span> <span class='ocrx_word' id='word_1_655' title='bbox 998 5713 1192 5785; x_wconf 86' lang='lat' dir='ltr'><strong>peritis</strong></span> <span class='ocrx_word' id='word_1_656' title='bbox 1215 5723 1271 5769; x_wconf 91' lang='lat' dir='ltr'><strong>et</strong></span> <span class='ocrx_word' id='word_1_657' title='bbox 1299 5717 1473 5786; x_wconf 66' lang='lat' dir='ltr'><strong>aequis</strong></span> <span class='ocrx_word' id='word_1_658' title='bbox 1490 5715 1685 5771; x_wconf 89' lang='lat' dir='ltr'><strong>harum</strong></span> <span class='ocrx_word' id='word_1_659' title='bbox 1717 5732 1900 5771; x_wconf 86' lang='lat' dir='ltr'><strong>rerum</strong></span> <span class='ocrx_word' id='word_1_660' title='bbox 1929 5717 2149 5772; x_wconf 83' lang='lat' dir='ltr'><strong>arbitris</strong></span> <span class='ocrx_word' id='word_1_661' title='bbox 2176 5718 2415 5786; x_wconf 82' lang='lat' dir='ltr'><strong>placerc_</strong></span> <span class='ocrx_word' id='word_1_662' title='bbox 2436 5715 2735 5771; x_wconf 78' lang='lat' dir='ltr'><strong>Multorum</strong></span> <span class='ocrx_word' id='word_1_663' title='bbox 2761 5714 2947 5784; x_wconf 81' lang='lat' dir='ltr'><strong>itaque</strong></span> <span class='ocrx_word' id='word_1_664' title='bbox 2967 5716 3145 5786; x_wconf 87' lang='lat' dir='ltr'><strong>justas</strong></span> <span class='ocrx_word' id='word_1_665' title='bbox 3168 5714 3405 5770; x_wconf 89' lang='lat' dir='ltr'><strong>incurrit</strong></span> <span class='ocrx_word' id='word_1_666' title='bbox 3428 5711 3925 5784; x_wconf 80' lang='lat' dir='ltr'><strong>reprehensiones,</strong></span> 
     </span>
    </p>
   </div>
   <div class='ocr_carea' id='block_1_94' title="bbox 662 5806 1998 5880">
    <p class='ocr_par' dir='ltr' id='par_1_94' title="bbox 662 5806 1998 5880">
     <span class='ocr_line' id='line_1_95' title="bbox 662 5806 1998 5880; baseline 0.001 -16"><span class='ocrx_word' id='word_1_667' title='bbox 662 5810 727 5864; x_wconf 79' lang='lat' dir='ltr'><strong>de</strong></span> <span class='ocrx_word' id='word_1_668' title='bbox 758 5808 962 5880; x_wconf 86' lang='lat' dir='ltr'><strong>quibus</strong></span> <span class='ocrx_word' id='word_1_669' title='bbox 985 5807 1096 5879; x_wconf 85' lang='lat' dir='ltr'><strong>jam</strong></span> <span class='ocrx_word' id='word_1_670' title='bbox 1125 5806 1229 5862; x_wconf 85' lang='lat' dir='ltr'><strong>alio</strong></span> <span class='ocrx_word' id='word_1_671' title='bbox 1249 5807 1371 5863; x_wconf 87' lang='lat' dir='ltr'><strong>loco</strong></span> <span class='ocrx_word' id='word_1_672' title='bbox 1404 5824 1489 5865; x_wconf 90' lang='lat' dir='ltr'><strong>me</strong></span> <span class='ocrx_word' id='word_1_673' title='bbox 1528 5809 1710 5864; x_wconf 84' lang='lat' dir='ltr'><strong>dicere</strong></span> <span class='ocrx_word' id='word_1_674' title='bbox 1762 5812 1998 5867; x_wconf 60' lang='lat' dir='ltr'><strong>mumini.</strong></span> 
     </span>
    </p>
   </div>
  </div>
