4208 6440
246 397 318 459 83
896 376 899 377 ί
1424 398 1791 458 HISTORIA
1832 397 2351 458 THEODORETI.
3427 400 3492 461 90

1018 752 1701 869 HISTORIA
1802 750 2725 868 THEODORETI

1488 980 1626 1041 (WB
1638 977 1853 1039 ENSIS
1891 980 2249 1039 EPISCOPI.

844 1262 1227 1321 PREFATIO.

308 1356 350 1411 l.
373 1353 612 1411 Historia
634 1352 965 1412 Theodoreti
1002 1357 1134 1410 mihi
1149 1355 1363 1411 videtur
1386 1371 1493 1410 non
1524 1355 1814 1411 admodum

235 1446 521 1503 dissimilis
543 1444 954 1502 narrationibus
990 1446 1097 1501 illis
1132 1446 1495 1514 theatrorum,
1532 1462 1653 1517 quae
1683 1462 1811 1515 per-

235 1536 418 1607 plexis
477 1553 707 1592 casuum
776 1533 1344 1602 commutationibus,
1410 1537 1815 1607 insperatisque

232 1628 547 1693 eventibus,
603 1643 715 1681 non
757 1635 970 1682 tantum
1010 1625 1437 1681 admirabundos
1487 1627 1813 1697 populorum

232 1716 453 1772 animos
500 1714 867 1786 suspendunt,
901 1715 997 1771 sed
1044 1714 1209 1769 etiam
1245 1713 1578 1786 prudentum
1622 1729 1814 1785 exspe-

233 1807 533 1862 ctationem
574 1823 718 1877 smpe
765 1807 981 1873 fallunt,
1014 1806 1221 1878 judicia
1258 1815 1405 1860 certe
1432 1821 1648 1874 semper
1683 1822 1813 1860 con-

232 1899 435 1953 trarias
467 1899 521 1953 in
550 1909 735 1970 partes
755 1899 1091 1953 distrahunt.

308 1988 372 2044 Il.
413 1990 536 2044 Vita
582 1990 732 2043 enim
774 1989 1010 2044 celebris
1054 1990 1219 2061 hujus
1263 1990 1519 2063 Cyrensis
1565 1992 1805 2063 episcopi

229 2079 370 2134 laetis
412 2078 582 2133 initiis
618 2093 841 2144 exorsa,
886 2094 987 2150 per
1019 2080 1201 2135 varios
1244 2080 1374 2135 licet
1414 2096 1577 2135 casus
1616 2082 1806 2136 multi-

231 2169 516 2238 plicesque
548 2184 734 2223 rerum
761 2169 1149 2223 conversiones
1182 2178 1301 2224 acta
1336 2170 1425 2232 sit,
1471 2179 1684 2240 poterat
1726 2180 1809 2225 ta-

230 2276 358 2315 men
397 2260 549 2315 credi
601 2260 895 2331 aliquando
948 2260 1185 2315 ﬁnienda
1230 2263 1383 2316 exitu
1427 2261 1598 2316 initiis
1648 2262 1805 2332 pari;

228 2353 337 2407 nisi
377 2368 546 2418 mors,
581 2368 705 2422 qua}
753 2351 890 2406 solet
927 2352 1051 2408 aliis
1083 2367 1203 2407 esse
1240 2353 1419 2423 quies,
1462 2350 1809 2408 Theodoreto

228 2453 482 2499 motuum
523 2459 686 2499 causa
733 2444 1056 2499 exstitisset.
1090 2445 1225 2499 Nam
1259 2461 1384 2499 cum
1418 2443 1717 2498 Ecclesiam
1754 2443 1807 2497 in

225 2535 457 2590 Oriente
490 2536 703 2595 vivens,
753 2542 848 2589 aut
890 2534 1119 2590 consilio
1170 2544 1266 2589 aut
1304 2534 1647 2604 imprudens,
1687 2542 1806 2587 tur—

226 2627 447 2682 basset:
497 2627 747 2681 eamdem
799 2626 1004 2697 ubique
1060 2635 1351 2691 terrarum,
1405 2641 1505 2681 suo
1558 2626 1797 2691 nomine,

224 2726 522 2788 postquam
569 2716 865 2772 defunctus
896 2725 1001 2782 est,
1030 2716 1086 2771 in
1124 2725 1310 2787 partes
1356 2716 1577 2782 divisit;
1627 2731 1799 2786 eaque

225 2806 457 2870 exstitit,
491 2806 654 2861 unius
677 2806 794 2861 fere
815 2806 1057 2861 hominis
1084 2806 1155 2860 ob
1185 2821 1424 2871 causam,
1463 2807 1631 2861 totius
1654 2806 1804 2862 orbis

222 2896 529 2952 Christiani
586 2897 807 2965 divisio,
851 2908 913 2954 ut
962 2898 1198 2952 necdum
1234 2908 1358 2968 post
1406 2906 1487 2952 tot
1536 2913 1805 2952 annorum

226 2989 503 3044 curricula
547 2989 664 3043 tolli
705 2990 969 3059 potuerit.
1017 2988 1300 3059 Siquidem
1340 2987 1464 3043 aliis
1505 2990 1805 3044 etiamnum

226 3081 284 3135 in
306 3079 533 3135 Oriente
550 3079 805 3150 gentibus
827 3080 1234 3135 Theodoretum
1251 3079 1400 3134 velut
1415 3079 1641 3150 impium
1653 3096 1807 3137 exse;

225 3169 532 3233 crantibus,
562 3167 721 3241 134
748 3168 870 3224 aliis
905 3168 1055 3224 velut
1091 3168 1351 3224 eximium
1398 3169 1523 3223 ﬁdei
1570 3179 1802 3225 tutorem

226 3260 564 3325 colentibus,
630 3275 813 3330 pugna
864 3259 1110 3315 nondum
1183 3259 1563 3332 dissensioque
1617 3261 1806 3318 sedata

226 3360 330 3406 est.

312 3443 408 3498 Ill.
449 3443 603 3498 Hane
639 3458 771 3514 ergo
817 3458 1004 3498 rerum
1044 3442 1240 3499 faciem
1285 3444 1602 3516 variamque
1652 3448 1807 3517 quasi

225 3534 505 3588 fortunam
533 3534 663 3588 dum
692 3536 955 3590 attentius
999 3536 1310 3604 considero,
1360 3538 1606 3594 adducor
1647 3539 1806 3593 facile

227 3630 287 3677 ut
333 3623 579 3689 credam,
610 3624 815 3678 factum
870 3639 990 3679 esse
1034 3625 1284 3680 Numinis
1339 3628 1681 3696 providentia
1749 3629 1803 3680 in

226 3714 582 3769 Theodoreto
604 3715 935 3783 exemplum,
959 3714 1103 3769 unde
1128 3715 1335 3769 scirent
1364 3716 1637 3782 homines,
1670 3718 1803 3786 quid

225 3804 496 3858 malorum
549 3804 751 3868 facere,
782 3803 983 3873 quidve
1040 3805 1153 3875 pati
1205 3810 1378 3875 possit
1427 3808 1603 3863 virtus
1665 3809 1800 3878 ipsa,

222 3912 369 3959 cum,
404 3896 585 3965 specie
609 3896 831 3965 pietatis
847 3895 1132 3960 illudente,
1159 3896 1540 3967 imprudenter
1560 3899 1803 3955 adhazret

223 3986 477 4055 partibus
511 3987 565 4039 in
594 3985 891 4041 Ecclesiam
919 4001 1160 4055 pugnare
1187 3988 1355 4041 ausis.

289 4077 381 4131 IV.
416 4077 486 4131 Et
520 4084 669 4131 certe
693 4076 783 4128 vix
818 4076 1115 4145 quidquam
1170 4077 1414 4131 sanctius
1453 4077 1805 4136 Theodoreto

223 4167 469 4237 reperire
518 4174 621 4231 est,
660 4167 777 4220 sive
807 4174 963 4220 ortus
996 4174 1297 4237 spectetur,
1331 4168 1424 4238 qui
1456 4169 1803 4241 prodigiosus

223 4254 534 4320 miraculis;
568 4255 683 4308 sive
704 4253 981 4309 institutio
1013 4255 1157 4320 vite,
1178 4256 1232 4310 in
1249 4257 1371 4311 sinu
1395 4259 1804 4332 thaumaturgo—

221 4362 379 4411 rum;
404 4346 520 4400 sive
551 4345 838 4414 professio,
868 4362 975 4416 qua
1005 4346 1193 4403 effusis
1219 4348 1271 4402 in
1301 4365 1567 4420 pauperes
1586 4353 1801 4421 Opibus,

221 4448 382 4502 egere
420 4434 631 4499 voluit;
695 4435 809 4489 sive
842 4435 1086 4488 studium
1116 4436 1447 4504 litterarum,
1477 4457 1585 4510 quo
1616 4459 1805 4499 omnes

221 4524 661 4593 comprehendit,
710 4539 894 4579 sacras
947 4526 1659 4599 admirabiliterintellexit;
1689 4536 1805 4591 sive

222 4613 347 4667 ﬁdei
389 4614 563 4677 zelus,
614 4614 781 4669 etiam
816 4616 1096 4683 sanguinis
1123 4618 1415 4689 prodigus;
1440 4623 1554 4677 sive
1583 4626 1801 4681 tandem

221 4703 533 4759 innocentia
549 4720 782 4771 morum,
796 4722 901 4776 qua
919 4705 1118 4761 factum
1136 4718 1240 4773 est,
1259 4719 1364 4764 uta
1382 4711 1801 4769 suisincredibi-

221 4796 346 4849 liter
367 4804 668 4860 amaretur,
700 4797 770 4850 ab
807 4798 1153 4863 adversariis,
1191 4810 1677 4875 quantumcunque
1715 4808 1799 4861 iti—

227 4887 400 4941 fensis
428 4896 486 4941 et
518 4888 772 4951 curiosis,
828 4888 963 4943 nihil
1015 4891 1417 4949 criminationis
1468 4896 1539 4950 sit
1586 4913 1797 4967 passus,

218 4977 365 5046 quod
396 4977 767 5047 integritatem
788 4979 913 5034 vita:
940 4981 1217 5037 attineret.

264 5066 352 5149 ⁸ν.
379 5066 478 5119 Vir
513 5076 693 5122 tamen
719 5076 902 5123 tantus
934 5070 1059 5125 inde
1099 5072 1294 5129 illusus
1322 5084 1426 5141 est,
1449 5077 1591 5132 unde
1620 5082 1799 5151 magni

217 5155 417 5220 sdlent,
450 5157 535 5211 sui
588 5172 703 5227 praa
745 5160 870 5214 aliis
897 5161 1278 5230 aestimatione,
1317 5167 1555 5236 partium
1594 5170 1797 5236 studio,

215 5264 404 5304 amore
425 5249 631 5320 gloriae.
667 5248 760 5304 His
779 5252 959 5307 causis
990 5253 1266 5309 abductus
1289 5270 1319 5310 a
1351 5267 1520 5323 recto,
1553 5261 1798 5329 pertina-
1831 5264 1876 5319 D

215 5347 355 5395 citer
400 5341 662 5398 hazretico
690 5342 845 5410 favit,
888 5347 1264 5405 sanctissimos
1304 5348 1430 5405 ﬁdei
1479 5352 1796 5412 defensores

1846 1258 2250 1331 Aimpotenter
2300 1257 2656 1329 impugnavit,
2706 1258 2973 1329 synodum
3026 1257 3194 1314 totius
3235 1258 3495 1316 Ecclesia:

1921 1350 2349 1414 traduxit,velut
2380 1350 2633 1405 factionis
2658 1351 2941 1420 cujusdam
2974 1355 3212 1416 potentis
3249 1354 3491 1421 tyranni-

1918 1437 2063 1501 dem,
2088 1453 2276 1506 pacem
2298 1438 2577 1502 Ecclesia,
2606 1454 2769 1507 quam
2795 1440 3057 1494 voluisset
3083 1440 3201 1494 suis
3221 1439 3491 1493 conditio-

1919 1528 2082 1582 nibus
2105 1528 2242 1592 fleri,
2274 1528 2341 1583 ab
2370 1529 2495 1583 aliis
2522 1528 2717 1583 factam
2745 1529 3109 1585 calumniatus
3144 1539 3247 1595 est,
3282 1541 3335 1586 et
3371 1542 3494 1599 post

1916 1619 2155 1672 alternas
2196 1618 2553 1688 depositionis
2581 1619 3056 1689 restitutionisque
3098 1622 3271 1684 vices,
3308 1620 3363 1674 in
3402 1636 3492 1674 re-

1915 1720 2062 1766 moto
2085 1711 2154 1765 ab
2174 1711 2491 1766 hominibus
2532 1727 2750 1767 secessu
2778 1712 2948 1766 latere
2976 1722 3200 1768 coactus
3236 1722 3352 1767 est:
3387 1714 3492 1767 du-

1916 1802 2065 1856 bium
2090 1819 2156 1855 an
2186 1804 2543 1871 poenitentiae,
2573 1819 2641 1856 an
2667 1804 2887 1856 ruboris
2915 1819 3097 1858 causa.

1987 1892 2075 1946 Vl.
2102 1892 2233 1946 Tam
2278 1892 2480 1946 variam
2522 1901 2741 1962 tamque
2784 1894 3137 1963 multiplicem
3191 1896 3357 1949 vitam
3398 1896 3493 1949 de-

1912 1984 2237 2054 pingendam
2275 1984 2534 2055 suscipio,
2564 1999 2667 2040 nec
2700 1994 2883 2039 tamen
2911 1986 3096 2055 petitis
3134 1986 3352 2040 aliunde
3379 1986 3492 2040 fere

1912 2075 2209 2140 coloribus,
2236 2092 2399 2146 quam
2425 2076 2566 2130 unde
2597 2075 2792 2131 leviter
2816 2076 3114 2132 delineavit
3144 2076 3488 2142 Sirmondus,

1909 2183 1978 2221 ex
2004 2167 2337 2222 Theodoreti
2375 2168 2552 2222 libris.
2587 2167 2719 2222 Nam
2764 2183 2874 2238 quo
2922 2175 3169 2237 tempore
3212 2176 3372 2222 natus
3396 2169 3487 2233 sit,

1910 2276 2015 2329 qua
2043 2260 2095 2313 in
2121 2259 2360 2315 Orientis
2393 2270 2570 2329 parte,
2597 2260 2800 2329 quibus
2846 2275 2911 2314 ex
2964 2259 3285 2329 parentibus
3323 2274 3487 2328 quam

1910 2352 2073 2405 vitam
2103 2366 2212 2406 non
2230 2351 2405 2406 solum
2432 2362 2557 2405 ante
2583 2350 2955 2419 episcopatum
2985 2348 3178 2419 egerit,
3207 2348 3303 2403 sed
3324 2350 3486 2403 etiam

1909 2452 2033 2498 ante
2090 2443 2360 2514 synodum
2411 2442 2762 2511 Ephesinam,
2818 2449 3017 2510 praeter
3086 2440 3262 2509 ipsum
3326 2457 3491 2495 nemo

1907 2533 2047 2586 a'ius
2070 2530 2357 2584 meminit:
2389 2546 2489 2585 nec
2510 2530 2624 2600 ipse
2653 2538 2833 2583 tamen
2858 2530 3069 2599 uspiam
3098 2529 3165 2583 de
3194 2530 3487 2594 industria,

1908 2621 2001 2675 sed
2040 2622 2326 2676 occasione
2366 2621 2650 2686 duntaxat,
2698 2636 2823 2677 cum
2866 2621 3082 2677 duobus
3113 2622 3169 2675 in
3204 2623 3485 2692 cperihus,

1906 2710 2175 2766 Philotheo
2212 2719 2267 2766 et
2297 2711 2566 2782 Epistolis,
2595 2713 2742 2766 aliud
2773 2721 2981 2783 ageret.

1974 2802 2086 2856 νη.
2112 2803 2381 2868 Quoniam
2406 2819 2537 2857 vero
2574 2819 2685 2858 non
2714 2803 3116 2857 exactissimam
3150 2804 3215 2857 ad
3244 2804 3486 2859 severio-

1910 2907 1999 2947 res
2022 2894 2170 2965 leges
2208 2896 2492 2951 historiam
2540 2896 2784 2950 scribere
2812 2897 2824 2913 '
2860 2896 3169 2965 aggredior,
3197 2902 3487 2950 auctorum

1906 2980 2089 3035 verbis
2119 2983 2333 3050 quoties
2355 2983 2640 3037 commode
2684 2983 2738 3036 in
2770 2984 3035 3039 orationis
3074 2985 3270 3038 seriem
3304 2985 3487 3039 induci

1905 3078 2183 3141 poterunt,
2210 3074 2472 3129 utendum
2497 3074 2699 3142 potius,
2740 3090 2902 3144 quam
2939 3077 3076 3129 meis
3111 3077 3320 3146 putavi.
3346 3076 3485 3130 Cum

1904 3163 2049 3217 enim
2083 3164 2198 3218 suis
2230 3166 2460 3234 quisque
2487 3165 2672 3220 verbis
2702 3168 3075 3222 testimonium
3098 3168 3261 3231 dicet,
3293 3177 3348 3223 et
3377 3185 3490 3224 ma—

1899 3255 1987 3324 jor
2011 3254 2103 3309 fiet
2134 3258 2424 3310 assertioni
2450 3256 2606 3322 ﬁdes,
2646 3266 2701 3313 et
2736 3274 2893 3314 suum
2917 3262 3090 3315 lector
3130 3261 3358 3319 faciliori
3388 3281 3487 3319 ne-

1904 3346 2050 3415 gotio
2070 3347 2335 3416 judicium
2368 3347 2524 3403 feret.

2301 3455 2457 3524 135
2504 3454 2730 3514 CAPUT
2783 3459 3070 3517 PRIMUM.

1904 3545 1944 3598 1.
1981 3543 2092 3608 Quo
2123 3554 2351 3616 tempore
2395 3556 2549 3599 natus
2592 3548 2958 3605 Theodoretus.
2984 3552 3049 3605 Il.
3087 3550 3200 3616 Quo
3237 3552 3485 3607 Ecclesia:

1972 3614 2244 3687 orientalis
2278 3623 2449 3687 statu.
2489 3618 2577 3670 Ill.
2614 3616 2733 3682 Qua
2781 3621 2834 3672 in
2882 3622 3026 3673 urbe.
3077 3614 3163 3675 IV.
3200 3621 3393 3687 Quibus
3423 3639 3487 3677 ea:

1973 3684 2301 3760 parentibus.
2414 3684 2650 3760 Quorum
2665 3697 2968 3760 sanctorum
2992 3684 3246 3760 precibus.
3269 3692 3356 3746 VI.
3385 3692 3486 3745 Per

1972 3770 2089 3822 qua:
2106 3754 2387 3831 miracula.
2416 3756 2527 3809 Vll.
2559 3756 2702 3831 Unde
2725 3775 2911 3813 nomen
2935 3754 3152 3831 accepit.
3178 3762 3312 3816 V'lll.
3338 3761 3482 3827 Quo-

1978 3840 2093 3876 rum
2124 3825 2180 3877 in
2205 3824 2480 3894 complexu
2510 3829 2691 3881 crevit.

2303 3916 2379 3965 Ab
2403 3929 2532 3965 anno
2558 3915 2738 3967 Christi
2761 3917 2855 3966 586
2876 3919 2935 3967 ad
2962 3918 3070 3968 595.

1978 4018 2017 4072 l.
2051 4018 2169 4085 Quo
2210 4029 2457 4090 tempore
2494 4031 2657 4077 natus
2686 4022 3176 4088 sitTheodoretus,
3217 4040 3323 4080 nec
3367 4027 3481 4096 ipse

1907 4110 2073 4163 tradit
2099 4112 2309 4179 uspiam
2334 4128 2614 4181 expresse,
2648 4130 2751 4168 nec
2772 4115 2915 4168 ullus
2940 4114 3081 4169 alius
3105 4115 3431 4184 scriptorum
3462 4136 3475 4171 :

1905 4199 2077 4255 series
2109 4210 2293 4256 tamen
2312 4204 2459 4269 vitae,
2496 4220 2603 4258 non
2631 4221 2740 4259 una
2762 4206 2847 4260 sui
2873 4216 3046 4276 parte,
3085 4209 3347 4277 temporis
3376 4225 3476 4265 no-

1906 4298 1988 4345 tas
2008 4290 2172 4345 habet
2203 4292 2243 4345 '.
2284 4292 2439 4348 Unde
2469 4295 2514 4348 si
2539 4295 2663 4363 quis
2689 4296 2871 4350 animo
2903 4297 3147 4350 remetiri
3181 4299 3312 4352 velit
3340 4314 3478 4369 prae-

1906 4378 2121 4433 teritam
2161 4389 2398 4446 aetatem,
2436 4382 2595 4437 facile
2631 4385 2873 4440 inveniet
2937 4385 3267 4443 Theodoreti
3294 4400 3475 4445 ortum

1905 4471 2161 4526 incidisse
2196 4472 2251 4525 in
2278 4475 2623 4529 consulatum
2648 4475 2876 4530 Honorii
2911 4477 3142 4534 Caasaris
3171 4491 3227 4534 et
3260 4482 3470 4548 Evodii,

1904 4563 1997 4632 qui
2034 4578 2212 4617 annus
2256 4563 2361 4617 fuit
2392 4564 2599 4619 Christi
2650 4566 3069 4622 trecentesimus
3105 4571 3473 4640 octogesimus

1904 4659 2111 4715 sextus,
2137 4651 2316 4706 Siricii
2340 4654 2536 4707 summi
2565 4655 2840 4724 pontiﬁcis
2864 4657 3160 4723 secundus,
3179 4659 3471 4716 Theodosii

1904 4740 2079 4810 Magni
2110 4741 2457 4810 imperatoris
2487 4750 2733 4798 octavus.

1974 4830 2037 4883 ll.
2079 4830 2155 4883 Ea
2196 4829 2312 4884 fere
2364 4838 2705 4900 tempestate,
2749 4850 2871 4903 qua:
2919 4847 3177 4906 quartum
3211 4838 3473 4894 saeculum

1902 4937 2026 4975 cum
2045 4922 2238 4990 quinto
2261 4925 2536 4988 nectebat,
2553 4923 2797 4980 Orientis
2819 4928 3061 4984 Ecclesia
3090 4946 3157 4986 eo
3177 4941 3320 4987 statu
3346 4932 3471 4998 fuit,

1902 5028 2012 5083 quo
2044 5029 2235 5083 magna
2277 5022 2490 5083 poterat
2517 5023 2574 5069 et
2600 5015 2792 5073 timere
2825 5027 2883 5074 et
2912 5037 3132 5091 sperare
3161 5041 3173 5077 :
3205 5039 3325 5078 nam
3350 5040 3476 5093 par-

1905 5104 2252 5160 turiebantur
2278 5105 2515 5162 haereses
2538 5106 2644 5162 illa:
2672 5116 2788 5165 tres
2815 5111 3055 5179 famosae,
3076 5130 3196 5184 quae
3218 5132 3249 5170 a
3276 5116 3474 5171 Nesto-

1904 5195 1987 5250 rio
2014 5195 2341 5267 Pelagioque
2371 5211 2434 5252 ac
2462 5198 2711 5271 Eutyche
2741 5216 2941 5256 nomen
2962 5213 3299 5274 acceperunt
3329 5222 3345 5260 :
3376 5207 3473 5260 sed

1901 5288 2065 5343 simul
2116 5288 2397 5359 fulgebant
2436 5291 2696 5347 Ecclesiae
2757 5300 2838 5347 tot
2893 5295 3199 5351 clarissima
3244 5297 3472 5363 lumina,

1897 5385 2033 5446 quot
2059 5377 2223 5432 simul
2246 5378 2523 5434 exstitisse
2548 5380 2798 5451 prodigio
2826 5381 3003 5439 simile
3037 5390 3139 5438 est.

1554 5524 1864 5583 SCHULZII
1895 5529 2119 5586 ΝΟΤᾸΞ.

220 5606 956 5701 ΞῌἨιικθξιξῆξιρξιιζξηξη
993 5612 1336 5701 gompositas
1374 5618 1806 5701 nuncﬂdixerjm
1866 5622 2110 5680 funestas
2142 5624 2263 5682 illas
2291 5627 2435 5682 lites.
2467 5628 2942 5701 lpngarnerius,
2972 5632 3062 5701 qui
3102 5633 3242 5689 hanc
3278 5635 3464 5690 tibiam

220 5678 1237 5774 iterlu-rp—iﬂflarejﬁisusest._filiasue
1266 5687 1490 5774 excidit.
1527 5688 1847 5760 Suspiciunt
1895 5678 2043 5774 nunc
2087 5678 3480 5774 iveitér'ah’igi'ri.{né'jiﬁb‘db’ééii'idlégr'éiﬁwmléﬁiéii;

218 5755 507 5837 atmeximia
533 5755 771 5837 mmerita,
808 5756 1419 5837 quotquotusuntndign‘i
1450 5755 1651 5837 harum:
1675 5776 1856 5817 rerum
1904 5765 2280 5833 zestimatores,
2322 5755 2516 5823 sivc'in
2548 5768 2772 5825 Oriente
2814 5755 3019 5837 vivant,
3045 5755 3166 5829 Elite.
3188 5755 3478 5829 ilice};—

223 5815 397 5871 dcnte.
477 5820 497 5850 ²
533 5819 710 5891 Tnnp.
748 5815 851 5876 noi.
894 5815 1011 5878 hab.
1055 5824 1171 5879 Vid.
1212 5815 1359 5881 diss?
1387 5827 1439 5891 Ξ,
1479 5844 1519 5881 ca
