4208 6440
705 448 767 513 91
1826 434 2207 499 GARNERII
2249 430 2752 493 DISSERTATIO
2794 430 2843 489 Ι.
3891 405 3957 465 θέ

776 562 969 616 Tantis
1009 559 1131 613 fidei
1187 558 1463 628 magistris
1512 554 1857 625 providentia
1896 550 2150 606 Numinis
2190 545 2289 600 ad—
2322 545 2364 598 A
2391 542 2717 612 alloquens:
2751 540 2845 594 Dic
2888 539 3034 599 mihi,
3080 531 3278 601 inquit,
3312 524 3606 628 ﬁlia‘jipsa
3644 517 3790 619 enim
3840 515 3961 628 ejus

704 654 886 725 junxit
936 652 1084 705 velut
1134 652 1432 703 auxiliares
1473 649 1794 701 innumeros
1836 644 2134 699 monachos
2170 642 2285 695 vita

706 743 1101 804 sanctissimos,
1139 743 1230 811 qui
1255 740 1576 795 doctoribus
1592 738 1957 793 conciliabant
1983 735 2165 798 ﬁdem,
2204 741 2284 786 tot

706 832 986 899 tantisque
1034 830 1263 899 patratis
1303 827 1600 887 miraculis,
1643 835 1704 878 ut
1744 822 1960 891 impleri
2001 820 2284 873 videretur

707 929 841 973 tunc
876 920 1110 972 titaxime
1150 917 1470 969 vaticinium
1500 913 1703 968 Christi
1742 912 1810 965 de
1848 909 2111 979 operibus
2146 907 2277 961 lide-

638 1049 641 1051 -
706 1010 842 1064 lium
872 1026 970 1063 sua
1002 1007 1365 1076 superaturis.

778 1100 1154 1155 Constitutum
1193 1098 1372 1150 fuerat
1406 1096 1625 1163 quidem
1654 1094 1994 1147 inconcussa:
2021 1090 2143 1143 fidei
2182 1105 2281 1143 no-

709 1199 832 1244 strae
854 1189 1289 1249 fundamentum,
1314 1187 1552 1239 Trinitas
1577 1185 1887 1237 divinarum
1906 1194 2281 1250 personarum.

706 1281 840 1334 Nam
873 1279 1105 1332 concilia
1132 1278 1242 1332 duo
1268 1276 1624 1338 meumenica,
1645 1275 1923 1328 Nicaenum
1943 1284 1999 1325 et
2018 1272 2285 1326 Constan-

709 1370 1153 1438 tinopolitanum,
1188 1368 1536 1421 sanciverant
1574 1366 1917 1419 divinitatem
1952 1361 2113 1416 Verbi
2156 1376 2281 1414 san-

708 1463 893 1531 ctique
945 1461 1225 1529 Spiritus:
1263 1459 1359 1513 sed
1415 1458 1602 1526 plures
1657 1466 1835 1509 tamen
1878 1453 2122 1506 nondum
2167 1451 2281 1505 Arii

707 1550 1120 1618 Macedoniique
1161 1549 1395 1603 haeresin
1422 1550 1832 1616 deposuerant;
1872 1546 1980 1599 imo
2029 1559 2156 1597 suas
2183 1541 2283 1595 ad-

707 1642 819 1695 huc
846 1642 1085 1695 ha:retici
1116 1642 1170 1695 in
1202 1641 1503 1710 majoribus
1533 1638 1871 1700 civitatibus,
1902 1637 2126 1705 ipsaque
2149 1632 2284 1686 urbe

708 1733 857 1803 regia
888 1731 1379 1799 Constantinopoli,
1412 1745 1642 1799 synaxes
1665 1729 1922 1797 agebant.

776 1825 917 1890 Quin
951 1825 1117 1877 etiam
1161 1824 1429 1878 catholica
1459 1822 1704 1876 Ecclesia
1736 1820 2016 1875 intestinis
2040 1818 2283 1872 dissidiis

706 1918 1013 1973 laborabat.
1044 1920 1179 1972 Nam
1216 1926 1275 1972 ut
1308 1919 1374 1972 de
1401 1919 1523 1971 aliis
1549 1917 1684 1971 locis
1714 1925 1951 1977 taceam,
1988 1914 2286 1968 tumultua-

706 2009 913 2063 bautur
948 2009 1051 2063 viri
1083 2025 1303 2078 quoque
1347 2005 1681 2061 sanctissimi
1723 2004 2116 2074 Hierosolymis
2153 2019 2284 2073 pro-

706 2107 830 2167 pter
877 2098 1190 2167 Origenem,
1240 2112 1402 2167 quem
1461 2095 1551 2150 alii
1601 2094 1978 2164 suspiciebant
2028 2100 2283 2161 tanquam

704 2186 965 2241 Ecclesia:
992 2188 1334 2256 magistrum,
1355 2185 1444 2238 alii
1471 2184 1902 2238 exsecrabantur
1936 2183 2086 2236 velut
2109 2183 2285 2236 haare—

706 2291 828 2329 sum
860 2276 1086 2346 hydram
1118 2284 1172 2329 et
1206 2276 1357 2329 orbis
1383 2284 1612 2342 pestem.

777 2365 1011 2433 lpsamct
1032 2362 1320 2417 Antiochia
1354 2360 1593 2415 Orientis
1612 2369 1777 2431 caput
1812 2359 1952 2414 duos
1982 2360 2039 2412 in
2066 2360 2284 2429 episco-

706 2468 806 2522 pos
830 2454 1188 2512 orthodoxos,
1218 2452 1496 2505 Meletium
1526 2458 1579 2503 et
1603 2451 1913 2513 Paulinum,
1937 2449 2281 2504 distraheba-

709 2553 821 2607 tur,
862 2554 917 2597 ct
948 2552 1100 2597 tanto
1129 2544 1352 2612 quidem
1378 2543 1456 2596 rei
1480 2542 1808 2597 Christianze
1837 2541 2190 2603 detrimento,
2224 2547 2285 2594 ut

706 2636 1130 2706 Chrysostomus
1157 2635 1514 2688 Antiochenrc
1534 2634 1792 2688 Ecclesia:
1811 2632 1967 2687 sidus
1997 2632 2281 2696 eximium,

708 2742 834 2780 cum
879 2728 1171 2795 utriusque
1212 2726 1375 2780 ﬁdem
1422 2726 1705 2796 probaret,
1759 2724 2057 2778 triennium
2102 2724 2155 2777 in
2193 2738 2278 2778 se-

707 2835 865 2874 cessu
902 2820 1070 2873 latere
1100 2820 1357 2884 voluerit,
1389 2830 1572 2873 certus
1609 2827 1867 2873 neutrum
1902 2818 2079 2887 sequi,
2108 2833 2283 2886 quan-

708 2912 806 2966 diu
832 2913 1043 2966 socium
1088 2912 1337 2966 haberet.
1382 2912 1565 2966 Videri
1614 2911 1793 2979 potuit
1836 2911 2017 2964 sa:culi
2055 2909 2285 2979 hujusce

707 3004 901 3075 genius
926 3003 1147 3057 licentia
1185 3003 1521 3072 dogmatum,
1549 3012 1604 3055 et
1636 3002 1932 3054 factionum
1969 3016 2140 3054 amor.

785 3091 870 3145 Ill.
898 3092 1036 3144 Dum
1057 3091 1131 3144 ita
1148 3091 1499 3146 scinderetur
1525 3091 1577 3143 in
1604 3098 1788 3159 partes
1803 3089 2285 3153 Antiochia,venit

709 3183 767 3235 in
794 3182 971 3235 lucem
1005 3181 1198 3235 eadem
1239 3182 1294 3235 in
1340 3181 1477 3235 urbe
1523 3180 1925 3241 Theodorctus.
1986 3193 2096 3247 Quo
2142 3194 2286 3233 anno

709 3274 946 3329 celebris
987 3275 1075 3328 ille
1111 3274 1369 3337 Joannes,
1396 3273 1505 3341 jam
1536 3286 1644 3324 non
1690 3270 1847 3339 136
1872 3269 2139 3323 insolente
2168 3269 2285 3338 pri-

709 3367 933 3437 vilegio,
961 3375 1022 3422 ut
1068 3376 1249 3431 antea,
1292 3367 1559 3420 diaconus
1602 3365 1668 3419 ad
1713 3364 1979 3434 populum
2024 3364 2282 3430 dicebat,

712 3459 805 3512 sed
830 3474 930 3512 suo
961 3460 1117 3528 quasi
1148 3460 1270 3528 jure
1306 3466 1522 3527 poterat
1555 3457 1846 3527 presbyter
1869 3456 2045 3510 factus
2070 3457 2288 3510 concio-

714 3550 877 3604 nibus
897 3550 1195 3603 Ecclesiam
1222 3548 1440 3602 docere.
1469 3548 1640 3602 Tanta
1664 3564 1795 3603 vero
1816 3549 1898 3601 sui
1924 3548 2287 3604 admiratione

714 3642 1023 3709 complebat
1051 3641 1378 3710 populorum
1413 3641 1623 3693 animos
1646 3648 1706 3693 ut
1746 3640 1873 3694 inde
1906 3640 2285 3711 Chrysostomi

713 3747 912 3784 nomen
962 3732 1214 3799 adeptus,
1267 3740 1390 3799 post
1432 3731 1748 3785 octennium
1784 3730 2285 3802 Constantinopoli-

716 3829 855 3876 tanae
876 3823 1131 3875 Ecclesia:
1154 3822 1543 3891 praeficeretur.

781 3913 867 3967 ιν.
896 3913 1173 3982 Originem
1227 3913 1381 3966 duxit
1424 3929 1489 3966 ex
1532 3914 1853 3982 parentibus
1897 3913 2178 3969 nobilibus
2225 3930 2290 3969 ac

713 4004 1007 4073 opulentis,
1041 4003 1136 4055 sed
1167 4003 1369 4072 pietate
1400 4004 1560 4072 longe
1590 4004 2094 4072 przestantioribus;
2133 4014 2188 4060 ct
2220 4006 2288 4060 de

713 4104 884 4150 matre
917 4097 1136 4165 quidam
1160 4105 1344 4147 narrat
1376 4095 1509 4164 ipse,
1543 4111 1648 4164 qua
1684 4096 1893 4148 ratione
1931 4113 2041 4149 uno
2063 4096 2288 4150 codem-

712 4204 819 4258 que
840 4188 981 4241 Petri
1012 4198 1206 4242 asceta:
1230 4187 1527 4249 miraculo,
1557 4201 1679 4239 cum
1708 4187 2027 4240 vicesimum
2066 4188 2287 4242 tertium

712 4294 916 4332 annum
942 4287 1145 4346 ageret,
1175 4286 1229 4332 et
1254 4294 1282 4331 a
1311 4277 1499 4330 mundi
1527 4292 1734 4339 amore,
1763 4292 1872 4345 quo
1902 4277 2211 4342 tenebatur,
2236 4287 2291 4332 et

711 4371 779 4426 ab
810 4372 1155 4441 mgritudinc,
1177 4387 1281 4439 qua
1316 4369 1699 4438 torquebatur,
1728 4376 1914 4422 sanata
1950 4378 2053 4423 est.

794 4480 808 4508 ε
833 4459 1141 4513 Laborabat
1182 4460 1221 4523 ³,
1253 4460 1444 4528 inquit.
1490 4458 1566 4510 illi
1595 4460 1731 4511 alter
1770 4459 2056 4511 oculorum
2093 4457 2288 4514 morbo

2383 633 2549 687 verba
2593 631 2892 701 proferam,
2929 636 2983 682 et
3017 632 3216 680 sancta:
3261 620 3405 674 illius
3446 615 3647 683 lingua:
3675 606 3957 663 aiiocutio—

2383 741 2508 778 nem
2532 739 2640 777 non
2666 717 3018 787 immutabo),
3048 717 3090 769 si
3118 712 3231 784 quis
3265 712 3431 781 pictor
3461 705 3590 759 artis
3615 715 3723 754 sua:
3754 698 3958 765 peritis-

2382 820 2543 870 simus
2592 814 2874 883 imaginem
2913 809 3148 879 aliquam
3193 819 3255 857 ex
3299 800 3428 853 artis
3474 796 3667 864 legibus
3714 795 3958 843 accurate

2384 908 2652 976 depurgat,
2687 881 2733 955 et
2765 903 2901 954 hanc
2931 899 3101 951 videre
3133 891 3425 947 volentibus
3457 881 3800 955 spectandam
3831 892 3954 947 pro-

2385 1006 2565 1069 ponat.
2590 995 2865 1062 teniatqnc
2900 991 3040 1042 alius
3070 986 3332 1057 quispiam
3358 983 3412 1033 in
3444 985 3559 1032 arte
3596 973 3762 1030 rudis,
3796 968 3862 1021 ad
3896 967 3959 1018 li-

2387 1088 2610 1141 bidinem
2639 1100 2699 1136 ea
2729 1081 2952 1151 ﬁngens,
2979 1093 3095 1147 qua:
3126 1077 3339 1145 pingere
3368 1067 3587 1121 coluerit
3610 1081 3628 1127 ;
3652 1059 3831 1114 deinde
3868 1072 3957 1109 ar-

2387 1175 2663 1243 tiﬁciosam
2688 1169 2838 1224 illam
2864 1168 3126 1237 picturam
3158 1157 3559 1229 reprehendens,
3585 1144 3878 1219 superciliis
3909 1150 3956 1194 et

2386 1235 2518 1319 ciliis
2552 1264 2716 1316 lineas
2748 1235 2909 1314 addat
2945 1255 3203 1324 longiores
3233 1292 3245 1311 ,
3281 1258 3329 1302 et
3366 1244 3724 1300 candidiorcm
3754 1235 3955 1291 vultum

2386 1355 2592 1416 reddat,
2614 1360 2660 1404 et
2696 1351 2911 1403 rubrum
2929 1346 3072 1417 genis
3103 1340 3328 1396 colorem
3354 1336 3567 1389 inducat
3593 1348 3607 1385 :
3629 1347 3696 1383 an
3732 1328 3957 1398 priorem

2385 1448 2632 1517 pictorem
2665 1450 2817 1512 putas
2847 1454 2951 1491 non
2974 1445 3363 1491 succcnsurum,
3391 1438 3645 1493 tanquam
3670 1419 3773 1472 arti
3804 1422 3819 1436 ’
3847 1432 3959 1469 sua

2383 1512 2533 1606 pravi
2563 1535 2703 1605 facta
2735 1530 2956 1600 injuria,
2988 1534 3035 1579 et
3064 1518 3454 1580 additamentis,
3486 1512 3668 1585 quibus
3699 1525 3825 1579 opus
3853 1524 3958 1559 non

2384 1634 2520 1690 erat,
2554 1626 2615 1678 ab
2645 1622 2853 1677 indocta
2885 1634 3044 1673 manu
3076 1609 3375 1684 impositis?
3405 1608 3570 1676 Ergo,
3603 1602 3802 1670 inquit,
3832 1616 3957 1651 con-

2384 1718 2604 1770 ditorem
2638 1727 2841 1783 quoque
2870 1709 3131 1769 omnium,
3179 1712 3486 1769 natumque
3517 1706 3706 1749 nostra:
3735 1692 3958 1762 ﬁgulum

2386 1814 2433 1858 et
2463 1806 2731 1875 pictorem,
2762 1800 2946 1853 merito
2966 1793 3235 1862 indignari
3257 1790 3468 1851 credite,
3491 1784 3627 1856 quod
3648 1785 3958 1836 immensam

2318 1877 2360 1933 Β
2388 1898 2538 1952 illam
2568 1892 2884 1965 sapientiam
2913 1885 3187 1957 imperitia:
3216 1880 3456 1951 arguitis.
3490 1875 3666 1945 Neque
3696 1875 3834 1926 enim
3864 1888 3958 1923 ru—

2387 1993 2536 2045 bcum
2563 1998 2652 2040 aut
2682 1984 2859 2038 album
2888 1988 2935 2033 et
2966 1981 3175 2048 nigrant
3204 1973 3429 2027 colorem
3459 1966 3824 2040 infunderetis,
3858 1964 3959 2017 nisi

2388 2084 2481 2136 hoc
2522 2079 2884 2133 additamenta
2915 2087 3063 2141 egere
3091 2085 3178 2122 vos
3210 2063 3489 2137 putaretis.
3524 2059 3819 2129 Imaginem
3862 2054 3960 2109 Dei

2386 2190 2448 2228 ne
2478 2167 2851 2239 corrumpatis,
2874 2179 3038 2234 neque
3060 2160 3287 2231 adjicere
3318 2154 3573 2209 conemini
3604 2166 3720 2221 qua:
3747 2149 3958 2218 sapien-

2387 2275 2463 2318 ter
2493 2279 2597 2317 non
2626 2237 2804 2323 dedit;
2828 2271 2993 2326 neque
3020 2250 3374 2306 adulterinum
3405 2243 3701 2313 excogitetis
3728 2237 3959 2309 pulchri-

2387 2357 2641 2419 tudinem,
2673 2366 2789 2422 quw
2817 2356 2865 2402 et
2896 2346 3110 2417 pudicas
3138 2340 3401 2411 labefacit,
3423 2333 3711 2391 videntibus
3743 2330 3957 2383 tendens

2383 2448 2624 2503 insidias.
2656 2441 2846 2497 Audiit
2874 2440 2990 2492 haac
3020 2434 3220 2488 femina
3250 2432 3411 2499 longe
3438 2426 3665 2496 optima,
3694 2422 3956 2490 Patrique

2385 2541 2487 2596 reti
2508 2554 2634 2593 mox
2659 2542 2816 2605 capta
2842 2538 2945 2593 est,
2972 2525 3315 2598 pedibusque
3338 2519 3456 2589 ejus
3475 2515 3751 2575 advoluta,
3777 2521 3831 2566 et
3855 2510 3954 2563 ob-

2387 2642 2595 2686 testans
2620 2602 2908 2681 sanitatem
2940 2618 3102 2674 oculo
3129 2612 3344 2669 restitui
3372 2608 3615 2679 rogabat.
3653 2604 3723 2658 At
3746 2603 3837 2657 ille.
3859 2602 3958 2655 ho-

2385 2724 2589 2778 minem
2616 2734 2674 2773 se
2702 2731 2823 2771 esse
2848 2713 3087 2773 dicebat,
3126 2716 3288 2775 atque
3318 2701 3507 2758 eadem
3529 2714 3653 2754 cum
3680 2696 3794 2766 ipsa
3821 2708 3960 2763 prte-

2386 2813 2560 2867 ditum
2600 2816 2796 2863 natura
2837 2822 2850 2855 :
2891 2815 3054 2871 grave
3096 2806 3360 2866 praeterea
3425 2797 3774 2862 peccatorum
3816 2798 3960 2837 onus

2386 2904 2680 2966 sustinere,
2723 2907 2951 2963 eamque
3005 2890 3075 2944 ob
3130 2900 3351 2941 causam
3403 2882 3521 2936 sine
3572 2878 3768 2933 fitlncia
3814 2874 3957 2944 apud

2386 2998 2558 3051 Deam
2591 3006 2731 3046 esse.
2768 2988 3015 3053 Cumque
3054 2981 3271 3050 lugeret
3308 2983 3483 3028 mater
3521 2970 3677 3040 137
3716 2977 3771 3022 et
3801 2967 3962 3021 obse-

2386 3094 2588 3149 craret,
2626 3097 2729 3137 nec
2753 3080 3068 3133 relicturam
3095 3088 3151 3128 se
3187 3069 3506 3127 affirmaret,
3538 3061 3640 3116 nisi
3667 3059 3958 3113 sanitatem

2318 3206 2359 3260 ρ
2392 3179 2689 3237 obtineret,
2726 3172 2900 3225 Deum
2926 3168 3122 3219 horum
3150 3170 3458 3216 curatorem
3483 3168 3603 3209 esse
3631 3151 3791 3214 dixit,
3813 3164 3958 3203 sem-

2388 3286 2595 3346 perque
2649 3262 3035 3321 crcdentibus,
3087 3272 3207 3327 qua:
3261 3250 3571 3346 postulant,
3625 3243 3958 3346 concedere;

2388 3331 2640 3431 proinde,
2672 3353 2824 3408 Dabit
2858 3367 2994 3402 nunc
3035 3346 3215 3405 etiam,
3241 3338 3439 3408 inquit,
3463 3353 3563 3389 non
3589 3334 3713 3387 mihi
3733 3331 3962 3401 gratiam

2390 3423 2618 3502 tribuens
2643 3488 2656 3510 ,
2688 3442 2776 3497 sed
2806 3440 2961 3509 ﬁdem
2986 3446 3131 3488 tuam
3165 3431 3500 3485 considerans
3524 3442 3540 3478 :
3562 3438 3728 3494 quare
3755 3423 3800 3474 si
3828 3423 3966 3473 hanc

2389 3542 2654 3609 integram
2682 3533 2837 3588 habes
2870 3537 2916 3582 et
2946 3529 3202 3581 sinceram
3222 3562 3234 3585 ,
3284 3530 3329 3573 et
3363 3518 3424 3573 ab
3470 3516 3611 3569 omni
3641 3512 3967 3565 dubitatione

2391 3603 2634 3693 liberam,
2666 3622 2959 3679 valedicens
2985 3625 3031 3670 et
3064 3614 3271 3669 medicis
3302 3620 3348 3665 et
3369 3609 3687 3679 pltarmacis,
3718 3603 3967 3657 divinitus

2390 3722 2572 3775 datum
2605 3718 2779 3787 accipe
2824 3715 2918 3767 hoc
2947 3707 3255 3762 remedium.
3302 3703 3399 3756 llis
3429 3699 3613 3760 dictis,
3656 3696 3816 3749 oculo
3845 3708 3966 3745 ma-

2391 3828 2523 3865 num
2565 3784 2847 3877 imposuit,
2885 3811 2942 3855 et
2980 3796 3234 3853 salutaris
3273 3793 3426 3862 signo
3457 3784 3657 3844 crucis’
3679 3800 3964 3855 expresso,

2391 3876 2900 3965 morbumidepulit.
2927 3890 3065 3945 inde
3097 3887 3319 3940 domum
3353 3896 3594 3941 reversa,
3622 3878 3773 3931 eluto
3793 3876 3963 3946 phar-

2390 4008 2568 4054 maco,
2614 3986 2965 4053 ascititioqne
3001 3978 3152 4033 omni
3192 3984 3386 4029 ornatu
3423 3973 3655 4041 abjccto,
3695 3970 3859 4022 vitam
3894 3982 3965 4020 ex

2389 4080 2724 4154 prmscriptis
2747 4094 2777 4131 a
2814 4074 3029 4129 medico
3062 4069 3277 4139 legibus
3320 4062 3580 4125 instituit,
3617 4075 3719 4114 nec
3757 4058 3961 4112 variam

2392 4175 2629 4228 induens
2662 4176 2892 4231 vestem,
2931 4178 3035 4217 nec
3062 4176 3196 4215 auro
3226 4173 3282 4213 se
3311 4160 3716 4211 convenustans
3750 4168 3762 4202 :
3799 4161 3962 4217 atque

2392 4267 2510 4321 hate
2554 4278 2680 4319 cum
2714 4258 2935 4332 juvenis
2963 4254 3259 4310 admodum
3302 4258 3470 4312 esset,
3501 4260 3705 4301 annum
3753 4243 3965 4298 scilicet

2390 4356 2567 4411 artatis
2611 4368 2776 4424 agens
2822 4348 3146 4404 vicesimum
3199 4342 3425 4399 tertium
3467 4356 3480 4391 :
3521 4335 3757 4392 necdum
3796 4334 3961 4388 etiam

2394 4455 2568 4502 mater
2593 4446 2752 4498 facta.
2779 4461 2796 4492 ι

710 4549 1000 4617 ejusmodi.
1049 4548 1138 4603 cui
1175 4548 1369 4602 cedere
1407 4563 1494 4601 ars
1538 4548 1751 4601 medica
1789 4548 2097 4601 videbatur.
2148 4547 2285 4603 Cum
2319 4538 2363 4592 D
2461 4538 2525 4592 V.
2564 4537 2726 4590 Facta
2756 4539 2840 4587 est
2862 4544 2995 4583 vero
3029 4534 3203 4581 mater
3232 4521 3417 4576 divina
3440 4520 3667 4581 virtute,
3700 4523 3756 4569 et
3783 4513 3963 4567 Mace-

711 4640 845 4694 nithil
884 4640 1011 4693 huic
1038 4639 1283 4695 curando
1311 4638 1589 4691 admotum
1615 4654 1724 4691 non
1750 4638 1977 4704 fuisset,
2019 4639 2287 4694 accedens

712 4728 912 4782 mulier
950 4728 1196 4796 quaedam
1225 4742 1292 4779 ex
1324 4725 1661 4788 domesticis,
1707 4724 1831 4778 facti
1863 4726 2084 4779 a'Petro
2116 4727 2286 4779 mira-

711 4820 822 4877 culi
861 4819 1193 4873 mentionem
1236 4817 1366 4871 fecit
1395 4835 1407 4870 :
1445 4816 1656 4870 audivit
1683 4816 1814 4870 hera
1838 4856 1851 4877 ,
1883 4814 2286 4885 confestimque

710 4908 779 4962 ad
813 4908 1059 4962 divinum
1103 4907 1383 4961 hominem
1428 4921 1486 4960 se
1528 4907 1782 4960 contulit.
1814 4904 2065 4959 Habebat
2099 4916 2283 4961 autem

713 4998 803 5053 illa
837 4997 983 5053 circa
1022 5012 1080 5050 se
1104 5005 1159 5050 et
1178 4996 1419 5060 inaures,
1442 5003 1498 5049 et
1524 4994 1771 5057 monilia,
1811 5001 1867 5047 et
1893 4994 1998 5047 alia
2027 5010 2095 5048 ex
2122 5010 2279 5061 auro,

712 5093 770 5139 et
811 5092 1016 5139 vestem
1062 5084 1267 5137 variam
1300 5099 1366 5137 ex
1396 5083 1589 5137 sericis
1623 5082 1730 5136 filis
1763 5091 2071 5136 contextam
2103 5101 2115 5136 :
2150 5099 2287 5138 non-

712 5176 844 5230 dum
866 5177 1015 5230 enim
1043 5175 1431 5255 perfectiorem
1453 5174 1715 5228 virtutem
1740 5172 2076 5243 degustarat,
2104 5182 2160 5228 et
2186 5175 2285 5229 flos

711 5276 833 5322 erat
858 5269 1055 5333 astatis,
1090 5266 1503 5338 juventutisque
1533 5274 1730 5319 ornatu
1754 5264 2157 5319 delectabatur.
2193 5266 2287 5320 Di-

712 5357 899 5411 vinum
941 5372 1075 5426 ergo
1122 5366 1285 5425 caput
1327 5357 1445 5409 haec
1490 5356 1731 5416 intuens,
1775 5352 1960 5407 nimia:
2007 5353 2289 5424 elegantiae

714 5450 949 5517 primum
972 5448 1349 5519 aegritudinem
1376 5446 1607 5510 sanavit,
1630 5446 1686 5499 in
1710 5446 1859 5499 hunc
1884 5444 2030 5498 illam
2062 5444 2287 5500 modum

2391 4629 2541 4685 donii
2580 4633 2778 4682 ascetae
2813 4618 3139 4677 sanctissimi
3178 4613 3460 4686 precibus,
3493 4608 3639 4680 quod
3671 4608 3747 4661 ita
3780 4606 3964 4660 Theo-

2392 4724 2619 4778 doretus
2642 4717 2830 4779 refert,
2863 4720 2988 4784 post
3009 4724 3182 4765 annos
3203 4704 3467 4761 tredecim
3488 4698 3744 4769 conjugii.
3780 4715 3799 4745 ι
3828 4695 3965 4749 Nec-

2393 4814 2524 4868 dum
2550 4813 2752 4865 liberos
2777 4800 3150 4874 susceperat‘,
3186 4805 3379 4852 natura
3393 4793 3601 4849 scilicet
3617 4788 3964 4860 prohibente,

2393 4921 2463 4961 ne
2485 4905 2725 4959 fructum
2750 4899 2950 4961 ferret;
2979 4909 3101 4964 qua:
3124 4906 3214 4945 res
3244 4889 3417 4958 ipsam
3445 4882 3666 4953 quidem
3694 4878 3835 4932 male
3869 4876 3966 4930 ad-

2392 4995 2617 5051 modum
2652 5007 2762 5045 non
2791 4987 3053 5052 habebat,
3074 4983 3129 5036 in
3158 4978 3363 5035 divinis
3378 4976 3525 5031 enim
3549 4970 3765 5027 erudita
3789 4968 3843 5023 id
3865 4982 3962 5021 ex-

2394 5086 2580 5158 pedire
2606 5081 2867 5137 credebat
2895 5097 2908 5131 :
2940 5086 3153 5147 patrem
3185 5087 3318 5126 vero
3342 5082 3524 5123 meum
3555 5064 3767 5120 orbitas
3792 5062 3963 5116 vehe-

2392 5151 2606 5234 menter
2652 5172 2919 5243 angebat,
2967 5176 3026 5223 et
3068 5173 3517 5235 quoquoversum
3560 5156 3825 5210 oberrans
3866 5151 3965 5205 Dei

2390 5283 2582 5325 servos
2604 5240 2818 5326 orabat,
2841 5269 2902 5314 ut
2924 5257 3030 5314 sibi
3049 5256 3253 5310 liberos
3273 5266 3302 5306 a
3328 5251 3441 5305 Deo
3459 5246 3823 5318 postularent.
3855 5240 3964 5296 Alii

2390 5368 2521 5424 ergo
2551 5361 2607 5406 et
2640 5357 2894 5405 oraturos
2919 5360 2979 5399 se
3013 5338 3430 5413 promittebant,
3452 5344 3509 5391 et
3539 5343 3598 5389 ut
3622 5333 3677 5387 in
3702 5330 3798 5385 Dei
3822 5338 3963 5383 nutu

2390 5420 2784 5513 acquiesceret,
2827 5436 3211 5492 hortabantur.
3258 5430 3327 5484 At
3366 5428 3451 5482 vir
3480 5425 3702 5480 divinus
3736 5428 3791 5475 et
3824 5420 3965 5489 peti—

2034 5604 2345 5662 SCHULle
2385 5598 2610 5663 ΝΟΤᾸΕ.

790 5738 811 5771 ⁸
831 5736 1151 5818 laborabat.
1190 5747 1307 5792 etet.
1350 5739 1657 5794 Pleniorem
1708 5742 2075 5796 narrationem
2129 5742 2251 5798 vide

2341 5761 2488 5818 upra,
2525 5752 2565 5796 t.
2598 5742 2687 5804 111,
2723 5756 2773 5810 p.
2814 5738 2945 5793 H88
2979 5750 3093 5804 seq.
3169 5730 3188 5762 ⁸
3220 5719 3777 5789 Necdum,cat._'i'idc
3812 5717 3846 5771 Ι.
3888 5729 3917 5769 c
3950 5757 3960 5780 ,

716 5826 769 5882 ιι.
828 5806 960 5860 lilii
1013 5820 1126 5873 seq.
