4208 6440
271 382 342 445 93
1447 392 1814 452 HISTORIA

1930 390 2358 455 iEODOBETl.
3446 392 3517 454 94

269 493 404 548 tioni
428 493 637 563 liquido
659 495 874 561 annult,
905 504 959 549 et
984 495 1151 550 filium
1177 513 1343 551 unum
1368 500 1437 554 ab
1463 502 1843 557 universorum
1879 507 1916 559 Α
2020 500 2206 570 Neque
2226 502 2491 556 hactenus
2508 501 2754 555 constitit
2774 501 3041 570 singulare
3059 501 3154 554 Dei
3171 499 3514 556 beneficium.

269 595 493 641 auctore
524 595 878 655 accepturum
909 588 1189 656 pollicitus
1218 601 1322 646 est.
1348 593 1473 647 Post
1509 601 1620 647 tres
1648 608 1841 658 annos,

268 691 394 733 cum
428 677 634 731 exitum
674 678 968 746 promissio
996 683 1187 736 sortita
1221 698 1329 736 non
1360 694 1525 750 esset,
1559 684 1720 738 rediit
1750 686 1846 738 ite-

268 781 392 819 rum
424 776 580 835 pater
614 768 878 834 promissa
918 785 1231 838 reposcens.
1260 773 1352 827 llle
1374 774 1504 827 vero
1529 775 1669 828 mitti
1695 777 1762 828 ad
1788 792 1843 829 se

268 859 757 927 conjugcmjussit.
792 860 857 913 Et
880 876 1004 914 cum
1038 862 1254 918 adesset
1277 875 1471 929 mater,
1508 866 1646 919 dixit
1671 866 1720 919 ei
1761 865 1844 917 vir

266 948 513 1013 divinus,
551 958 606 1002 et
648 951 948 1018 petiturum
990 969 1070 1017 se,
1099 962 1154 1006 et
1190 955 1337 1008 illam
1387 956 1558 1009 lilium
1590 966 1847 1025 acceptu-

266 1054 385 1091 ram
424 1057 437 1091 :
472 1039 567 1093 sed
605 1040 755 1094 hunc
786 1042 1039 1096 donatori
1085 1044 1241 1098 reddi
1288 1056 1564 1115 oportere.
1594 1047 1842 1116 Cumque

266 1143 435 1183 unam
482 1129 587 1183 sibi
628 1132 824 1185 anima:
884 1133 1114 1187 salutem
1155 1136 1526 1205 gehennzeqoe
1564 1138 1845 1191 liberatio-

262 1234 395 1273 nem
427 1221 482 1274 in
526 1222 670 1273 votis
700 1237 820 1276 esse
849 1235 1024 1277 mater
1056 1225 1414 1293 responderet
1441 1246 1453 1280 :
1479 1227 1721 1296 Insuper,
1754 1231 1841 1280 in-

261 1310 409 1379 quit,
445 1322 494 1364 et
533 1311 708 1379 ﬁlium
753 1314 899 1366 dabit
937 1316 1214 1383 muniﬁcus
1263 1316 1484 1387 largitor
1520 1336 1537 1372 :
1576 1321 1638 1372 iis
1679 1322 1838 1384 enim,

260 1403 353 1472 qui
385 1404 585 1455 sincere
612 1413 817 1473 petunt,
864 1407 919 1459 in
953 1406 1175 1476 duplum
1207 1418 1390 1479 erogat
1425 1409 1691 1477 beneﬁcia.
1731 1412 1839 1464 Re-

260 1508 427 1547 versa
462 1495 592 1549 hinc
616 1504 793 1549 mater
822 1499 1204 1566 promissionis
1235 1500 1674 1555 benedictionem
1701 1502 1842 1556 refe-

260 1599 416 1649 rens,
441 1594 641 1654 quarto
662 1597 789 1657 post
816 1604 1004 1643 mense
1034 1606 1196 1658 quam
1224 1592 1572 1659 promiserat,
1602 1591 1840 1660 concipit

256 1686 321 1732 et
344 1686 565 1733 uterum
591 1681 753 1750 gerit,
782 1681 1033 1751 reditque
1056 1682 1130 1737 ad
1158 1684 1332 1737 virum
1360 1684 1479 1749 Dei,
1502 1685 1839 1740 benedictio-

258 1768 349 1822 nis
369 1771 641 1824 seminum
670 1773 982 1843 manipulos
1014 1773 1334 1830 ostendens.
1371 1794 1389 1826 ι

329 1859 417 1911 Vl.
459 1860 799 1930 Couceptum
840 1864 1107 1918 miraculo
1152 1866 1355 1929 fetum,
1398 1883 1468 1921 ne
1511 1869 1839 1924 immaturus

257 1949 662 2015 cﬂ'underetur,
699 1955 1051 2008 retinuerunt
1093 1956 1195 2009 viri
1238 1960 1413 2011 sancti
1451 1974 1663 2027 preces.
1703 1960 1837 2014 Nam

266 2064 285 2095 ι
323 2046 518 2113 quinto
541 2058 667 2114 post
694 2048 1114 2115 conceptionem
1144 2064 1354 2113 mense,
1380 2050 1557 2118 inquit
1585 2051 1839 2106 Theodo-

257 2144 416 2189 retus
446 2138 487 2199 ⁵,
522 2146 695 2192 mater
726 2138 781 2191 in
802 2138 1100 2193 discrimen
1123 2139 1429 2193 abortionis
1452 2142 1620 2204 venit,
1655 2152 1711 2197 et
1738 2143 1838 2197 ite-

256 2242 383 2281 rum
416 2228 584 2293 misit,
620 2229 749 2297 quia
782 2229 863 2283 ire
895 2230 1066 2298 ipsam
1102 2231 1328 2285 morbus
1350 2233 1590 2294 vetabat,
1633 2234 1699 2285 ad
1734 2250 1834 2286 no-

257 2334 386 2372 vum
411 2336 572 2374 suum
594 2322 869 2383 Eiisaaum,
884 2322 1232 2391 suggeritque
1251 2339 1309 2377 se
1327 2333 1555 2378 matrem
1584 2324 1700 2378 ﬁeri
1727 2341 1834 2379 non

256 2422 496 2481 aptasse.
531 2413 802 2482 simulque
826 2412 895 2467 ab
915 2428 981 2466 eo
1006 2414 1273 2481 promissa
1298 2424 1517 2469 revocat
1548 2418 1601 2469 in
1624 2431 1834 2470 memo-

256 2504 418 2557 riam.
460 2504 556 2558 lile
586 2521 716 2559 vero
749 2504 1058 2559 venientem
1085 2508 1273 2574 procul
1318 2508 1567 2570 intuitus,
1603 2517 1659 2562 et
1689 2509 1833 2562 illam

255 2596 499 2665 agnovit,
538 2605 593 2649 ct
638 2596 797 2666 138
831 2611 1053 2650 causam
1091 2597 1436 2666 signiﬁcavit.
1471 2599 1641 2653 Noctu
1686 2601 1832 2654 enim

255 2688 525 2741 Dominus
570 2685 647 2739 illi
688 2695 744 2740 et
776 2687 1033 2741 morbum
1060 2696 1116 2741 et
1148 2689 1378 2742 salutem
1411 2688 1695 2744 indicarat.
1730 2691 1833 2744 As-

256 2789 479 2848 sumpto
511 2778 675 2847 igitur
714 2779 912 2833 baculo
940 2779 1161 2833 innixus
1190 2780 1345 2838 abiit.
1378 2781 1711 2850 domumque
1750 2781 1835 2834 in-

256 2885 501 2939 gressus,
534 2878 591 2922 et
613 2870 778 2938 pacis,
806 2878 865 2923 ut
881 2870 1112 2935 solebat,
1133 2871 1460 2926 salutatione
1482 2872 1608 2925 data
1635 2871 1831 2938 :Bono,

257 2958 462 3026 inquit,
489 2960 561 3012 sis
589 2961 789 3023 animo,
814 2975 907 3012 nec
930 2960 1151 3014 timeas:
1177 2976 1340 3030 neque
1355 2963 1491 3013 enim
1514 2960 1709 3013 donum
1734 2950 1832 3014 au-

256 3048 408 3117 feret,
449 3051 537 3118 qui
575 3049 735 3113 dedit,
774 3051 875 3103 nisi
909 3059 965 3103 tu
996 3052 1130 3104 inita
1163 3061 1318 3121 pacta
1357 3050 1590 3104 t'iolaris.
1632 3051 1836 3105 Promi-

1949 592 2081 646 Nam
2108 602 2283 646 mater
2318 608 2510 646 recens
2542 584 2570 646 ὁ
2604 600 2765 662 partu
2798 596 2814 612 ⁹
2848 593 2996 646 letali
3026 592 3217 647 morbo
3251 592 3517 647 exstincta

1946 694 2110 747 esset,
2136 684 2496 752 pcriissetque
2520 682 2865 737 Tbeodoreto
2888 698 3141 748 magnum
3167 682 3234 736 ad
3259 681 3518 736 virtutem

1947 774 2357 828 incitamentum
2406 789 2470 827 ac
2528 775 2878 843 exemplum,
2932 774 3039 827 nisi
3094 773 3239 827 Petri
3302 772 3514 835 iisdem,

1944 868 2144 934 qu‘ltus
2181 867 2247 920 ad
2280 867 2448 919 Deum
2490 880 2756 919 conversa
2777 874 2914 929 erat,
2939 863 3516 934 precibusrsanitatem

1946 970 2341 1026 recuperasset.
2372 957 2694 1011 )liraculum
2716 956 3095 1010 Theodoretus
3119 955 3190 1008 ita
3213 953 3512 1008 describit:

1952 1066 1969 1097 ι
2004 1048 2374 1101 Decumbebat
2405 1050 2421 1078 ⁷
2454 1058 2628 1102 mater
2658 1062 2777 1100 mea
2815 1056 2935 1115 post
2966 1055 3183 1115 partum
3210 1085 3224 1109 ,
3267 1043 3514 1106 medicis,

1944 1145 2004 1189 ut
2034 1136 2237 1196 ferunt,
2267 1136 2705 1205 desperantibus,
2750 1136 3062 1204 lugentibus
3092 1133 3427 1193 domesticis,
3462 1140 3518 1185 et

1943 1228 2151 1282 obitum
2193 1228 2652 1297 praestolantibus,
2696 1227 2898 1281 clausis
2941 1226 3116 1279 oculis
3156 1240 3345 1294 magna
3389 1238 3515 1278 cum

1941 1318 2095 1373 febre
2121 1319 2460 1381 contiictans,
2501 1318 2848 1371 familiarium
2883 1316 3158 1370 neminem
3191 1330 3512 1383 agnoscens.

1941 1411 2011 1465 Ut
2033 1422 2212 1463 autem
2250 1409 2470 1463 advenit
2496 1409 2605 1472 ille,
2628 1409 2725 1477 qui
2749 1406 3106 1477 apostolicum
3129 1421 3328 1459 nomen
3358 1420 3517 1474 gere-

1942 1500 2035 1555 bat
2064 1509 2119 1554 et
2145 1500 2405 1569 gratiam,
2432 1509 2507 1563 et,
2539 1498 2655 1553 Pax
2685 1499 2793 1561 tibi,
2833 1498 2974 1566 ﬁlia,
3014 1498 3150 1551 dixit
3185 1496 3324 1566 (haec
3364 1496 3513 1548 enim

1941 1593 2059 1660 ejus
2091 1601 2210 1645 erat
2237 1592 2542 1657 salutatio),
2586 1591 2877 1644 confestim
2923 1589 3210 1659 palpebras
3238 1601 3517 1641 reserasse

1942 1682 2162 1746 dicitur,
2189 1690 2245 1735 et
2270 1682 2320 1735 in
2345 1682 2495 1736 illum
2518 1681 2636 1735 fixis
2656 1681 2829 1735 oculis
2854 1680 3152 1750 aspexisse,
3176 1677 3516 1733 benedictio-

1942 1772 2136 1840 nisque
2156 1771 2393 1825 fructum
2424 1772 2746 1847 postulasse.
2776 1772 3068 1839 Postquam
3098 1770 3331 1824 ululavit
3358 1767 3516 1822 femi-

1945 1878 2138 1915 narum
2171 1862 2373 1917 chorus
2405 1863 2582 1931 (mista
2613 1862 2760 1916 enim
2790 1877 2914 1916 cum
2948 1862 3137 1915 dolore
3172 1861 3338 1915 animi
3372 1860 3509 1913 laeti-

1948 1955 2019 2009 tia
2074 1954 2365 2008 clamorem
2430 1955 2583 2007 illum
2647 1954 3048 2023 expresserat),
3113 1952 3375 2023 przecepit
3428 1951 3513 2003 vir

1943 2046 2181 2108 divinus,
2217 2054 2277 2098 ut
2318 2054 2539 2099 orarent
2582 2061 2704 2099 cum
2753 2046 2870 2114 ipso
2914 2046 3202 2100 universae.
3235 2043 3327 2097 Sic
3361 2042 3510 2097 enim

1940 2140 2170 2193 salutem
2210 2136 2483 2205 recepisse
2522 2136 2739 2189 dicebat
2776 2135 3087 2198 Tabitham,
3115 2133 3298 2187 viduis
3331 2134 3508 2203 lacry-

1940 2229 2239 2290 mantibus,
2283 2235 2339 2282 et
2381 2242 2576 2296 magno
2611 2227 2773 2281 Petro
2815 2228 3031 2281 illarum
3082 2226 3193 2280 Deo
3243 2225 3509 2295 lacrymas

1946 2305 2103 2389 139
2124 2320 2409 2373 offerente.
2438 2318 2681 2374 Orarunt
2705 2326 2765 2372 ut
2784 2320 3042 2389 jusserat,
3066 2326 3122 2372 et
3143 2315 3352 2386 adepta:
3383 2323 3508 2370 sunt

1939 2421 1999 2467 ut
2045 2412 2309 2482 praedixit.
2356 2412 2533 2465 Finita
2576 2412 2721 2465 enim
2772 2413 3039 2474 oratione,
3084 2410 3245 2464 finem
3291 2424 3509 2479 quoque

1937 2504 2163 2557 morbus
2200 2503 2442 2572 accepit,
2480 2503 2757 2573 sudorque
2794 2520 2920 2558 mox
2954 2503 3193 2571 undique
3231 2499 3509 2571 proﬂuens

1939 2595 2190 2651 ardorem
2220 2596 2369 2649 illum
2397 2595 2675 2649 exstinxit.
2709 2614 2725 2644 ι

2008 2688 2264 2755 Ejusdem
2288 2688 2430 2742 Petri
2459 2703 2593 2741 zona
2619 2703 2728 2740 non
2754 2687 2921 2741 semel
2945 2702 2975 2740 a
2999 2687 3191 2741 morbo
3220 2703 3318 2757 per
3340 2686 3506 2739 mira-

1938 2780 2120 2833 culum
2152 2779 2528 2832 Theodoretus
2570 2779 2685 2847 ipse
2724 2778 2936 2832 solutus
2962 2786 3066 2832 est.
3110 2797 3126 2828 ι
3161 2778 3332 2847 llujus
3366 2791 3508 2845 quo~

1938 2885 2045 2938 que
2070 2867 2114 2932 ⁸,
2136 2869 2330 2937 inquit,
2356 2869 2497 2923 sicut
2514 2868 2818 2922 beatissimi
2846 2868 2997 2922 Pauli
3026 2869 3347 2923 vestimenta
3377 2882 3506 2935 ope-

1940 2960 2220 3013 rabantur.
2248 2959 2380 3013 Nam
2405 2974 2541 3013 zona
2568 2974 2661 3014 sua
2686 2959 2937 3012 bifariam
2962 2959 3156 3022 divisa,
3174 2958 3280 3012 lata
3306 2958 3509 3026 quippe

1938 3060 1993 3105 et
2022 3052 2181 3121 longa
2212 3058 2352 3113 erat,
2400 3066 2587 3105 crasso
2630 3067 2695 3103 ex
2748 3051 2860 3103 lino
2900 3058 3174 3107 contexta.
3214 3057 3369 3117 parte
3399 3063 3508 3102 una

256 3142 373 3194 sisti
425 3158 609 3211 nempe
656 3141 983 3194 reddituram
1018 3152 1067 3195 te
1118 3142 1257 3212 quod
1294 3142 1523 3205 dabitur,
1562 3143 1835 3212 divinaque
1864 3166 1905 3223 ρ
1941 3158 2097 3197 renes
2135 3157 2266 3196 suos
2296 3142 2494 3204 cinxit,
2528 3143 2698 3196 altera
2730 3156 2903 3195 meos.
2940 3139 3094 3194 Hanc
3122 3148 3297 3193 mater
3334 3155 3508 3209 πει-ο-

257 3233 501 3301 obscquio
556 3241 1006 3285 consecraturam.
1060 3232 1151 3287 Sic
1202 3241 1257 3287 et
1311 3247 1447 3300 ego,
1512 3233 1589 3285 ait
1641 3242 1833 3298 mater,

254 3336 453 3389 parere
480 3321 606 3374 volo
628 3330 683 3375 et
711 3330 860 3389 opto.
900 3320 1172 3375 Potiorem
1206 3321 1348 3374 enim
1380 3321 1688 3374 abortivum
1716 3338 1839 3390 par-

259 3423 373 3468 tum
411 3413 680 3478 duxerim,
717 3429 879 3483 quam
916 3413 1146 3467 alienam
1175 3411 1267 3465 filii
1292 3412 1689 3467 educationem.
1714 3414 1839 3467 Bibe

255 3506 442 3574 igitur,
470 3505 649 3573 inquit
681 3505 768 3557 vir
804 3504 1043 3566 divinus,
1071 3505 1206 3557 hanc
1228 3520 1444 3573 aquam,
1472 3512 1519 3556 et
1543 3506 1732 3558 senties
1758 3506 1835 3558 di-

256 3598 437 3649 vinum
475 3595 757 3649 auxilium.
802 3594 946 3648 Bibit
984 3593 1076 3647 illa
1120 3602 1181 3647 ut
1216 3594 1478 3663 iusserat,
1517 3602 1573 3648 et
1610 3594 1835 3649 abortus

255 3686 564 3755 periculum
599 3684 884 3739 abscessit.
926 3701 946 3734 ι

325 3777 443 3830 V’ll.
470 3778 648 3846 Atque
672 3776 787 3829 hmo
812 3789 977 3830 causa
1002 3772 1124 3836 fuit,
1154 3787 1254 3827 cur
1279 3773 1608 3827 Theodoreti
1635 3788 1833 3828 nomen

258 3884 383 3923 cum
430 3875 776 3930 nasceretur,
818 3866 1128 3934 acceperit,
1179 3865 1333 3933 quasi
1369 3864 1604 3918 donatus
1653 3881 1683 3918 a
1722 3866 1835 3920 Deo

257 3960 605 4030 parentibus,
640 3967 697 4012 et
733 3974 763 4013 a
799 3958 1121 4027 parentibus
1150 3957 1388 4010 vicissim
1428 3956 1647 4011 oblatus
1698 3956 1832 4020 Deo,

258 4052 348 4106 cui
371 4051 607 4105 serviret
639 4050 696 4104 in
724 4049 1079 4107 monasterio,
1114 4048 1207 4102 ubi
1232 4048 1465 4117 primum
1495 4063 1592 4116 per
1619 4058 1834 4103 astatem

256 4144 451 4198 liceret
483 4160 497 4195 :
535 4142 641 4196 hoc
677 4141 825 4196 enim
870 4140 1052 4194 fuerat
1087 4148 1374 4208 parentum
1411 4140 1833 4208 supplicantium

256 4242 469 4295 votum,
507 4231 622 4284 haec
645 4238 954 4283 sanctorum
979 4228 1388 4297 deprecantium
1410 4227 1515 4281 lex.

328 4321 466 4376 Vill.
521 4322 673 4375 lianc
720 4319 984 4380 nascendi
1041 4319 1413 4374 conditionem
1458 4318 1830 4385 Theodoreto,

257 4423 549 4482 postquam
588 4412 871 4472 crevisset,
911 4411 1204 4465 revocabat
1242 4411 1295 4463 in
1326 4419 1564 4465 mentem
1587 4411 1835 4467 Macedo-

1942 3232 2073 3286 tanti
2102 3231 2235 3285 mihi
2270 3246 2410 3300 saepe
2445 3232 2752 3301 imponens,
2783 3246 2923 3301 saepe
2951 3233 3115 3285 etiam
3152 3230 3315 3299 patri,
3359 3246 3509 3284 mor-

1939 3323 2070 3377 bum
2086 3323 2317 3391 depulit,
2340 3323 2644 3391 eodemque
2669 3324 2737 3377 ad
2756 3324 3045 3377 sanitatem
3067 3322 3183 3391 ipsa
3204 3321 3367 3376 etiam
3389 3338 3512 3391 pcr-

1939 3429 2083 3483 saepe
2113 3428 2209 3467 usa
2237 3421 2321 3467 est
2355 3413 2618 3467 remedio.
2659 3431 2676 3463 ι

2012 3506 2184 3575 Atque
2214 3506 2328 3560 hrec
2353 3520 2515 3559 causa
2544 3505 2771 3581 exstitit,
2805 3520 2905 3559 cur
2931 3505 3020 3575 pia
3048 3516 3226 3561 mater
3249 3505 3510 3559 infantem

1936 3594 2153 3649 deferre
2176 3595 2336 3649 solita
2362 3606 2509 3648 esset
2536 3594 2602 3647 ad
2625 3590 2965 3663 spiritualem
2990 3595 3225 3658 Patrem,
3259 3604 3319 3648 ut
3347 3610 3376 3647 a
3402 3608 3511 3662 quo

1934 3687 2105 3742 vitam
2136 3687 2251 3755 ipsa
2284 3685 2450 3739 animi
2477 3685 2836 3754 corporisque
2874 3693 3182 3754 acceperat,
3214 3685 3283 3739 ab
3311 3700 3377 3739 eo
3418 3684 3512 3737 be-

1935 3778 2179 3832 nedictio
2209 3777 2347 3846 proli
2386 3778 2438 3829 in
2468 3777 2589 3830 dies
2615 3777 2887 3831 crescenti
2916 3776 3307 3846 impertiretur.
3341 3774 3509 3829 llabi-

1936 3869 2090 3924 tabat
2125 3869 2212 3920 vir
2248 3868 2338 3921 ille
2373 3866 2716 3921 admirabilis
2747 3882 2858 3920 non
2896 3862 3089 3935 procul
3124 3867 3415 3921 Antiochia
3454 3866 3510 3920 in

1936 3958 2211 4028 sepulcro,
2233 3958 2553 4025 solebatque
2570 3971 2737 4011 senex
2758 3958 2996 4027 Optimus
3017 3958 3342 4012 infantulum
3365 3973 3511 4011 com-

1934 4050 2096 4120 plecti
2124 4051 2268 4111 sinu,
2296 4048 2562 4116 donisque
2591 4046 2805 4101 allicere
2824 4048 2971 4101 aetati
2998 4049 3276 4118 congruis,
3308 4047 3509 4114 quibus

1937 4142 2113 4211 ipsum
2149 4141 2251 4194 sibi
2276 4149 2439 4209 atque
2475 4140 2664 4209 pietati
2689 4140 3028 4194 conciliaret.

2005 4232 2152 4287 Idem
2183 4231 2471 4298 prtestabat
2516 4228 2801 4299 stupendae
2828 4230 2966 4284 alter
2990 4229 3292 4283 sanctitatis
3316 4241 3504 4281 mona-

1936 4325 2073 4379 chus
2098 4324 2402 4392 Aphraates
2440 4322 2554 4385 ille,
2605 4321 2699 4390 qui
2739 4321 2872 4391 cella
2910 4319 3185 4389 quondam
3230 4332 3503 4387 egressus,

1936 4412 2149 4471 Valenti
2189 4413 2210 4445 ⁹
2248 4412 2561 4480 imperatori
2622 4411 2802 4480 palam
2849 4410 3086 4463 haeresin
3136 4417 3192 4463 et
3246 4408 3547 4463 Ecclesiae.

258 4505 406 4567 nius,
437 4504 710 4572 simulque
738 4506 862 4557 vitae
888 4502 1131 4557 sanctius
1160 4502 1506 4556 instituenda:
1533 4503 1833 4557 necessita-
1866 4494 1909 4548 Ῑ)
1937 4504 2141 4561 Christi
2169 4501 2605 4571 persecutionem
2634 4500 2856 4569 objecit.
2888 4500 3021 4553 Nam
3052 4499 3340 4569 parvulum
3372 4499 3414 4530 ¹⁶
3437 4498 3505 4553 ad

259 4608 388 4652 tem.
434 4615 453 4647 s
485 4595 669 4649 Multis
698 4595 740 4658 ⁸,
775 4594 1076 4664 inquiebat,
1104 4608 1229 4647 cum
1262 4592 1565 4656 laboribus,
1603 4593 1699 4659 fili,
1733 4610 1833 4649 na-

258 4702 348 4743 tus
370 4703 454 4748 es,
473 4688 676 4740 multas
694 4694 749 4741 et
771 4686 886 4756 ipse
903 4694 1094 4740 noctes
1115 4674 1266 4747 duxi,
1290 4684 1395 4738 hoc
1415 4700 1583 4738 unum
1604 4700 1834 4755 poscens

257 4797 288 4835 a
316 4782 452 4843 Deo,
487 4788 546 4833 nt
566 4787 825 4849 parentes
855 4778 932 4830 tui
968 4777 1075 4832 hoc
1101 4775 1314 4839 ﬁerent,
1341 4776 1487 4845 quod
1515 4785 1564 4832 te
1584 4786 1715 4832 nato
1734 4793 1833 4847 ap-

258 4872 443 4943 pellati
491 4879 641 4925 sunt.
688 4870 913 4939 Dignam
960 4869 1128 4939 igitur
1168 4868 1453 4923 laboribus
1499 4868 1664 4923 vitam
1711 4884 1829 4938 age.

259 4965 399 5020 Ante
439 4946 659 5034 partum
703 4961 1166 5032 promissionibus
1209 4970 1559 5016 consecratus
1587 4976 1666 5015 es.
1720 4960 1833 5015 Deo

260 5069 443 5111 autem
473 5071 596 5125 qua:
636 5054 817 5109 oblata
850 5064 999 5117 sunt,
1033 5052 1347 5107 veneranda
1382 5062 1510 5107 sunt
1556 5052 1830 5116 omnibus,

260 5162 361 5202 nec
380 5163 411 5202 a
436 5147 602 5217 vulgo
631 5144 1023 5200 contrectanda
1058 5160 1073 5198 :
1103 5158 1272 5213 quare
1304 5151 1520 5212 oportet
1553 5150 1605 5196 te
1635 5157 1832 5212 pravos

260 5239 425 5293 animi
440 5246 627 5292 motus
643 5252 752 5291 non
768 5236 1083 5301 admittere;
1103 5234 1196 5290 sed
1219 5235 1310 5289 illa
1334 5243 1540 5288 tantum
1560 5242 1615 5288 et
1630 5234 1827 5299 facere,

259 5338 316 5384 et
341 5329 517 5398 loqui,
570 5337 626 5383 et
672 5327 934 5397 cogitare,
970 5342 1093 5397 qua;
1125 5326 1344 5380 virtutis
1388 5324 1685 5395 legislatori
1717 5325 1830 5380 Deo

260 5418 492 5487 placent.
517 5438 533 5467 ι

1938 4613 1997 4653 se
2026 4596 2336 4651 venientem
2365 4593 2689 4648 admittebat
2718 4592 2772 4645 in
2806 4591 3021 4655 cellam,
3047 4604 3251 4658 suaque
3279 4589 3507 4643 benedio

1938 4688 2117 4743 ctione
2144 4685 2404 4739 donatum
2448 4682 2679 4736 docebat
2713 4680 2987 4749 exemplo,
3024 4685 3079 4732 et
3120 4692 3208 4732 res
3240 4677 3504 4730 humanas

1939 4779 2243 4849 despicere,
2272 4784 2329 4831 et
2364 4775 2502 4829 nihil
2540 4781 2806 4837 metuere,
2840 4788 2911 4825 ne
2946 4786 3251 4840 supremam
3280 4769 3501 4839 quidem

1936 4877 2281 4941 potestatem,
2309 4882 2435 4922 cum
2467 4880 2555 4920 res
2578 4862 2780 4919 Christi
2805 4861 2888 4931 agi
2921 4860 3240 4925 videretur;
3270 4858 3502 4913 aliorum

1938 4963 2146 5031 pariter
2190 4964 2501 5012 sanctorum
2557 4952 2939 5017 admiratione,
2980 4959 3042 5004 ut
3082 4946 3213 5004 tetas
3263 4949 3499 5013 ferebat,

1936 5051 2229 5119 verbisque
2253 5044 2648 5101 incendebatur
2672 5042 2739 5097 ad
2761 5042 2929 5097 vitam
2961 5056 2992 5094 a
3017 5040 3293 5096 communi
3322 5040 3504 5095 diver-

1939 5157 2075 5205 sam,
2110 5139 2306 5209 spiritu
2331 5152 2442 5190 non
2463 5136 2624 5190 solito
2656 5135 2942 5206 agendam.

2011 5230 2116 5285 'l'ot
2144 5227 2424 5298 prodigiis,
2452 5234 2643 5295 totque
2675 5238 2985 5280 sanctorum
3018 5223 3281 5283 exemplis
3306 5224 3500 5292 praelu-

1938 5323 2069 5379 dere
2094 5320 2379 5376 videbatur
2397 5316 2736 5387 providentia
2766 5314 2947 5369 divina
2963 5314 3282 5368 admirabile
3297 5309 3502 5380 aliquid

1940 5416 1996 5470 in
2017 5413 2363 5469 Theodoreto
2399 5408 2821 5473 ostendendum,
2864 5407 3089 5477 ipsaque
3118 5405 3295 5476 prima
3326 5403 3505 5459 Theo-

1560 5594 1867 5654 SCHULZII
1896 5594 2125 5653 NOTAE}.

327 5738 348 5770 ι
378 5737 579 5806 Inquit.
616 5735 776 5797 lbid.,
810 5752 864 5804 p.
899 5735 1053 5806 mi.
1132 5736 1152 5767 ι
1179 5735 1377 5795 Multis.
1411 5746 1528 5791 αρε.
1556 5738 1676 5791 vm.
1697 5747 1736 5793 t.
1767 5738 1857 5799 Ill,
1877 5754 1911 5803 ιι

1920 5780 1933 5793 .
1966 5736 2120 5792 teis.
2195 5734 2215 5766 τ
2242 5729 2756 5799 υεαιηιθεδαιησει.
2782 5728 2943 5789 una.
2968 5695 3027 5799 ρέ
3050 5728 3204 5785 “9t.
3280 5725 3303 5760 ο
3327 5724 3502 5799 Hujus
3532 5786 3533 5789 γ

261 5798 476 5877 quoque,
520 5816 639 5861 c:et.
680 5798 824 5859 Ibid:
894 5808 913 5838 °
946 5804 1171 5869 Valenti,
1209 5815 1326 5861 eaet.
1357 5806 1521 5869 lbid.,
1564 5808 1689 5861 1181
1720 5847 1727 5855 .
1799 5810 1839 5840 ⁸⁸⁸
1864 5798 1998 5863 Nam
2034 5805 2336 5877 parvulum,
2374 5810 2490 5858 eaet.
2521 5798 2681 5863 Ibid.,
2714 5814 2767 5869 p.
2814 5799 2965 5854 H85.
