4208 6440
652 380 725 442 9.3
1770 361 2151 425 GARNERII
2193 356 2692 420 DISSERTATIO
2730 355 2777 415 Ι·
3837 344 3906 407 96

652 485 829 543 doreti
853 486 1021 540 Deum
1049 480 1335 551 sequentis
1356 477 1668 532 rudimenta
1697 488 1952 544 magnum
1977 470 2237 527 sanetila-
2269 475 2311 529 Λ
2340 465 2551 520 animos
2588 464 2843 527 faciebat,
2878 478 2941 518 ac
2981 462 3219 518 vicissim
3247 462 3315 517 ab
3343 476 3406 516 ea
3430 457 3791 522 animabatur,
3835 458 3903 512 ad

654 579 725 633 tis
752 578 1016 632 absolutae
1034 572 1342 642 exemplum
1367 566 1791 640 promittebant;
1816 580 1918 619 nec
1942 564 2090 617 illam
2122 562 2231 616 for-

655 678 798 723 tasse
818 667 1049 723 effectus
1078 665 1379 719 frustratus
1404 666 1509 723 est,
1534 673 1713 727 neque
1739 654 1910 710 initiis
1942 669 2063 722 qua
2090 652 2227 715 dixi,

655 758 796 812 male
821 755 1104 826 respondit
1130 753 1273 806 finis.
1305 750 1411 805 Sed
1435 749 1581 819 quod
1609 744 1940 815 stupendum
1970 751 2074 807 est,
2100 757 2232 812 ρει-η

654 844 828 912 plexis
859 842 1198 909 occultisque
1226 838 1402 893 modis
1429 836 1787 907 providentia
1813 834 1899 888 vis
1925 848 2043 887 sese
2071 847 2231 885 exse-

658 934 789 997 ruit,
811 943 866 987 et
890 932 1270 985 Theodoretus
1303 945 1369 983 eo
1395 928 1570 982 deviis
1596 926 1933 980 anfractibus
1956 923 2227 994 pervenit,

581 1001 584 1004 i
657 1038 766 1091 quo
792 999 1215 1091 pradcstinante
1241 1021 1351 1074 Deo
1376 1018 1660 1088 agebatur.

1210 1153 1367 1224 140
1411 1151 1558 1206 CAP.
1604 1150 1665 1203 ιι.

656 1286 696 1338 1.
729 1285 1075 1339 Theodoretus
1105 1286 1425 1338 monasterio
1469 1284 1703 1335 traditur
1745 1285 1938 1352 pietate
1969 1292 2015 1334 et
2046 1282 2229 1352 litteris

724 1356 1111 1423 informandus.
1175 1354 1239 1406 ΙΙ.
1270 1354 1491 1423 Aninms
1523 1363 1569 1403 et
1615 1350 1906 1421 ingenium.
1968 1352 2055 1404 III.
2090 1350 2230 1415 Quos

725 1421 932 1477 secutus
969 1425 1270 1493 magistros.
1332 1421 1423 1477 IV.
1456 1421 1685 1493 Societas
1721 1431 1769 1473 et
1812 1423 2088 1493 necessitas
2114 1438 2231 1493 cum

728 1493 967 1546 Nestorio
1018 1490 1072 1545 et
1102 1491 1328 1545 Joanne.
1405 1493 1466 1547 γ.
1516 1490 1595 1542 Fit
1646 1490 1811 1543 lector
1848 1510 1879 1543 a
1914 1490 2229 1559 Porphyrio.

726 1562 812 1615 VI.
847 1560 1113 1615 Diaconus
1143 1562 1206 1614 ab
1236 1562 1561 1616 Alexandro.
1599 1561 1709 1613 VII.
1735 1559 1921 1614 Odium
1946 1561 1998 1611 in
2016 1561 2230 1612 [uereti-

728 1648 810 1684 cos
832 1634 915 1685 sui
935 1632 1200 1699 temporis.
1228 1632 1364 1684 VIII.
1393 1631 1469 1682 Fit
1494 1632 1762 1699 episCOpus
1781 1627 2229 1699 Cyr-ensisHEccle-

728 1650 810 1684 C08
832 1650 914 1685 δια
935 1650 1033 1686 tem
1075 1650 1200 1683 01⁵18.
1237 1650 1364 1684 VIII.
1393 1650 1468 1682 I'U
1494 1650 1762 1699 episcopus
1781 1650 2020 1698 byl'CllSIS
2047 1650 2229 1680 Πεδιε-

726 1704 837 1754 site.
890 1700 980 1753 IX.
1022 1650 1367 1769 geploranda
1410 1699 1636 1769 regionis
1679 1699 1855 1767 facies.
1913 1697 1981 1769 Χ.
2026 1697 2229 1769 Nobiles

725 1779 901 1822 tamen
939 1771 995 1822 in
1025 1766 1381 1822 ea‘monachi.
1415 1768 1508 1822 X1.
1542 1766 1644 1831 Qui
1671 1766 1793 1820 tunc
1828 1768 2116 1837 majoribus
2149 1785 2230 1821 se-

729 1839 878 1892 dibus
907 1839 1215 1892 insiderent.

1066 1972 1141 2023 Ab
1163 1986 1293 2023 anno
1315 1971 1496 2023 Christi
1517 1972 1607 2021 395
1633 1972 1690 2021 ad
1716 1970 1820 2018 HO.

722 2102 762 2156 l.
801 2100 1182 2156 Theodoretus
1218 2098 1443 2153 vixdum
1491 2097 1774 2166 septennis
1808 2096 1846 2125 ”
1900 2092 2230 2148 monasterio

658 2187 891 2240 traditus
923 2195 1025 2250 est,
1064 2202 1173 2239 non
1212 2187 1336 2239 vita
1381 2192 1591 2237 tantum
1634 2183 1900 2252 religiosa
1940 2182 2227 2245 institutis,

606 2268 609 2269 ν
656 2276 752 2329 sed
787 2276 985 2329 litteris
1006 2290 1225 2345 quoque
1260 2272 1656 2327 informandus.
1690 2272 1749 2325 In
1776 2280 2006 2340 utroque
2031 2285 2231 2340 genere

658 2367 732 2420 ita
762 2367 1013 2437 profecit,
1046 2377 1107 2422 ut
1133 2375 1189 2421 et
1222 2375 1477 2437 paternas
1499 2380 1631 2435 opes
1652 2364 1986 2434 pauperibus
2007 2363 2231 2432 largitus

658 2461 751 2523 sit,
788 2475 912 2513 eum
946 2460 1223 2514 defunctis
1244 2458 1567 2527 parentibus
1596 2456 1963 2524 amplissimas
1985 2455 2230 2523 accepis-

659 2561 764 2615 set,
806 2563 862 2605 et
896 2552 1067 2606 sacris
1105 2550 1459 2620 profanisque
1503 2549 1771 2603 doctrinis
1805 2564 1943 2618 pene
1976 2548 2233 2601 omnibus

663 2650 899 2694 mentem
938 2640 1331 2693 admirabiliter
1357 2639 1682 2693 excoluerit.
1729 2637 1859 2691 lndc
1898 2636 2094 2690 famam
2124 2652 2232 2690 non

661 2731 994 2786 mediocrem
1041 2732 1157 2785 sive
1202 2731 1544 2794 sanctitatis,
1593 2731 1707 2783 sive
1754 2729 2081 2783 eruditionis
2120 2736 2234 2782 toto

660 2820 881 2876 Oriente
912 2821 1152 2891 collegit,
1181 2829 1237 2874 ct
1273 2821 1377 2875 hoc
1417 2820 1572 2889 quasi
1612 2819 1863 2875 tirocinio
1888 2818 2130 2871 animum
2163 2818 2233 2872 ad

662 2914 895 2967 maxima
922 2928 1173 2982 quaque,
1206 2912 1571 2983 ingenitaque
1596 2926 1707 2966 sua
1730 2909 2033 2966 cxcelsitati
2061 2909 2230 2978 paria,

659 3004 972 3059 erudiebat.

735 3098 799 3151 Il.
837 3097 963 3151 Fuit
1010 3098 1158 3152 enim
1206 3098 1284 3152 illi
1327 3097 1545 3151 animus
1590 3112 1619 3150 a
1669 3102 1862 3149 natura
1903 3107 2131 3163 magnus
2179 3100 2234 3145 et

662 3189 858 3253 elatus,
902 3188 1109 3243 idcirco
1141 3188 1449 3257 despiciens
1499 3202 1588 3242 res
1628 3185 1903 3255 quaslibet
1944 3184 2232 3247 humanas,

661 3288 859 3350 praeter
888 3280 1086 3333 famam
1110 3298 1125 3345 ;
1148 3279 1323 3333 audax
1350 3279 1533 3333 omnia
1563 3275 1742 3331 moliri
1776 3285 1832 3330 et
1851 3275 2082 3345 perpeti,
2109 3291 2233 3328 cum

662 3370 883 3438 pietatis
917 3369 1130 3438 species
1161 3368 1533 3439 objiceretur;
1562 3366 1824 3437 prodigus
1855 3367 2232 3435 pecuniarum,

665 3460 760 3514 sed
787 3460 840 3514 in
868 3475 1156 3530 pauperes,
1184 3468 1241 3515 et
1268 3459 1519 3529 publicos
1541 3468 1826 3527 sumptus;
1853 3457 2238 3511 tenacissimus

664 3553 952 3623 propositi,
988 3562 1045 3608 et
1073 3568 1243 3622 prope
1271 3552 1561 3622 pertinax;
1602 3550 1966 3605 amicitiarum
2004 3549 2238 3604 incredi-

665 3642 852 3696 biliter
878 3651 1162 3713 appetens,
1192 3648 1249 3696 et
1279 3656 1404 3697 cum
1426 3641 1719 3712 iunxisset,
1757 3646 2073 3694 constanter
2102 3640 2237 3693 reti-

666 3746 825 3783 nens.

736 3820 822 3873 III.
857 3820 1054 3874 Animo
1084 3835 1182 3888 par
1212 3820 1514 3890 ingenium,
1543 3834 1713 3889 caan
1737 3834 1936 3888 nempe
1962 3832 2028 3874 ac
2056 3818 2239 3872 omni-

668 3908 774 3962 bus
832 3908 1100 3963 doctrinis
1156 3916 1366 3977 aptum,
1418 3908 1640 3961 avidum
1687 3905 1925 3969 sciendi,
1983 3913 2040 3960 et
2090 3903 2237 3959 felici

668 4000 947 4053 memoria:
973 3999 1301 4068 dicendique
1333 3997 1581 4052 facultati
1602 4012 1743 4067 pene
1766 3995 2093 4066 prodigiosa
2110 4009 2241 4048 con-

664 4089 936 4157 junctum.

739 4178 821 4232 Ad
853 4178 970 4233 hac
1002 4177 1289 4249 magistros
1307 4179 1491 4249 elegit,
1521 4192 1662 4247 quos
1695 4184 2041 4248 sequeretur,
2072 4177 2241 4230 totius

670 4269 821 4324 orbis
841 4284 906 4323 ea
934 4277 1254 4338 tempestate
1276 4270 1688 4333 celeberrimos,
1716 4268 1961 4323 scientia
1986 4267 2240 4322 Theodo-

632 4417 635 4422 _
671 4373 815 4423 rum,
854 4358 1181 4427 eloquentia
1226 4357 1697 4427 Chrysostomum,
1732 4365 2023 4425 utrumque
2056 4356 2243 4409 Antio-

2334 555 2724 625 capessendam
2749 554 2969 623 pietatis
2994 553 3413 622 perfectionem.

2402 646 2463 698 V.
2502 644 2606 699 Sed
2637 645 2833 699 accidit
2867 644 3008 698 forte
3044 653 3104 697 ut
3159 659 3223 698 ea
3262 648 3583 711 tempestate
3616 639 3671 692 in
3712 652 3905 692 mona-

2332 736 2499 790 sterio
2531 735 2795 804 degerent
2821 734 3107 788 Nestorius
3133 741 3188 786 et
3210 734 3476 795 Joannes,
3506 742 3740 799 quorum
3766 728 3906 780 alter

2330 825 2947 894 Constantinopolitana
2980 832 3188 893 postea,
3246 823 3382 876 alter
3411 820 3767 875 Antiochena
3807 818 3907 871 Ee-

2333 916 2512 969 clesia
2537 915 2773 984 prafuit.
2827 914 2978 985 141
3007 913 3244 982 Uterque
3278 911 3503 966 studere
3526 909 3714 980 pietati
3747 908 3903 962 vide-

2333 1007 2515 1072 batur,
2562 1015 2617 1061 et
2661 1007 2841 1076 reipsa
2867 1006 3049 1059 forsan
3093 1004 3351 1059 studebat
3394 1022 3404 1055 :
3439 1003 3535 1057 scd
3575 1014 3903 1070 magnopere

2335 1105 2466 1150 tunc
2496 1097 2758 1165 temporis
2790 1095 3065 1149 referebat
3103 1095 3279 1148 videri
3317 1093 3465 1163 pium
3489 1134 3503 1157 ,
3535 1106 3659 1147 cum
3689 1090 3902 1160 opinio-

2332 1186 2420 1239 nis
2446 1201 2657 1240 merces
2681 1187 2840 1251 foret,
2864 1185 2963 1238 toti
2986 1186 3191 1255 ingenti
3218 1183 3443 1238 dioecesi
3468 1196 3700 1252 praesse
3720 1221 3734 1244 ,
3761 1190 3816 1234 et
3839 1195 3904 1233 ex

2332 1278 2615 1331 monachis
2655 1278 2994 1347 patriarchas
3030 1277 3169 1331 ﬁeri.
3207 1275 3342 1331 Cum
3371 1276 3460 1329 his
3498 1274 3715 1328 duobus
3754 1282 3903 1325 arcta

2331 1368 2436 1423 fuit
2465 1369 2811 1422 Theodoreto
2830 1367 3147 1430 necessitas,
3175 1382 3295 1436 qua
3315 1382 3345 1420 a
3368 1366 3629 1420 societate
3662 1364 3784 1418 vita
3815 1378 3902 1417 re-

2332 1460 2536 1528 ligiosa
2568 1468 2769 1521 ortum,
2797 1460 3195 1514 incrementum
3220 1473 3249 1510 a
3277 1457 3472 1511 studiis
3495 1454 3901 1514 communibus,

2333 1550 2385 1603 id
2411 1560 2518 1613 est,
2538 1551 2606 1605 ab
2634 1550 2957 1606 arctissimis
2990 1564 3309 1619 magnarum
3342 1548 3647 1603 animarum
3670 1545 3906 1599 vinculis

2332 1642 2544 1712 accepit
2578 1661 2589 1695 :
2626 1658 2750 1704 cum
2778 1658 2912 1696 vero
2940 1642 3290 1709 postmodum
3324 1640 3393 1694 ab
3423 1638 3545 1693 aliis
3566 1636 3747 1691 causis
3770 1652 3902 1689 con-

2333 1733 2543 1788 firmata
2587 1742 2751 1797 esset,
2788 1746 3044 1802 magnum
3080 1731 3293 1786 Orienti
3338 1731 3548 1799 totique
3578 1728 3697 1782 orbi
3740 1726 3904 1782 Chri-

2261 1819 2301 1872 Β
2331 1827 2510 1881 stiano
2552 1827 2752 1879 malum
2803 1824 3008 1889 intulit,
3057 1824 3221 1878 unius
3264 1821 3637 1892 improbitate,
3678 1819 3907 1872 alterius

2330 1916 2591 1972 cacitate.

2400 2007 2489 2061 Vl.
2517 2007 2620 2060 Per
2654 2006 2707 2058 id
2741 2013 2956 2075 tempus
2990 2004 3387 2058 Antiochenam
3416 2005 3716 2060 Ecclesiam
3755 2021 3905 2076 rege—

2331 2097 2423 2151 bat
2449 2097 2807 2167 Porphyrius,
2839 2096 2933 2165 qni
2969 2102 3092 2163 post
3124 2093 3365 2148 Flaviani
3400 2101 3630 2148 mortem
3667 2095 3906 2148 intruse-

2332 2197 2417 2243 rat
2438 2204 2557 2243 sese
2588 2188 2746 2242 malis
2779 2187 2993 2240 artibus
3023 2185 3077 2239 in
3108 2185 3281 2240 sancti
3315 2186 3519 2239 locum.
3552 2184 3831 2238 Laudatur
3864 2185 3905 2215 "

2332 2288 2511 2334 tamen
2538 2296 2568 2333 a
2609 2279 2956 2333 Theodoreto
2985 2285 3211 2347 propter
3248 2277 3645 2346 benignitatem
3680 2286 3735 2331 et
3763 2292 3904 2345 pru-

2331 2370 2593 2435 dentiam,
2630 2369 2843 2439 fuitque
2879 2384 2943 2423 ea
2973 2368 3091 2421 laus
3132 2369 3270 2438 grati
3315 2366 3484 2419 animi
3524 2366 3904 2421 testimonium

2331 2462 2602 2532 quoddam
2634 2480 2646 2515 :
2686 2478 2810 2516 nam
2842 2462 2910 2514 ab
2943 2461 3060 2529 ipso
3090 2468 3308 2514 creatus
3330 2466 3408 2514 est
3437 2460 3631 2524 lector,
3658 2474 3782 2513 eum
3811 2476 3905 2514 an-

2332 2570 2528 2607 norum
2559 2561 2706 2607 esset
2731 2553 2952 2608 circiter
2985 2550 3203 2621 viginti.

2401 2644 2514 2701 νη.
2540 2643 2817 2699 Successit
2840 2644 3143 2713 Porphyrio
3164 2643 3249 2697 vir
3273 2642 3430 2711 longe
3452 2641 3649 2696 melior
3666 2637 3907 2694 Alexan-

2334 2736 2450 2801 der,
2489 2744 2547 2788 ut
2578 2735 2670 2806 qui
2713 2753 2730 2785 ι
2769 2749 2974 2788 severa
3010 2734 3051 2765 ιδ
3085 2733 3209 2787 vita
3241 2732 3555 2802 disciplina,
3601 2732 3790 2786 studio
3820 2747 3909 2785 sa-

2333 2828 2580 2897 pientia,
2634 2835 2874 2897 egestate
2920 2824 3249 2890 voluntaria,
3295 2825 3631 2893 eloquentia,
3681 2824 3912 2892 aliisque

2332 2917 2585 2988 pluribus
2603 2917 2842 2986 Spiritus
2856 2916 3030 2972 sancti
3048 2916 3208 2970 donis
3230 2916 3525 2971 admodum
3544 2916 3860 2971 excelleret.
3888 2935 3905 2965 ι

2336 3010 2432 3064 [lic
2452 3009 2856 3062 Theodoretum
2885 3017 3109 3078 propter
3127 3008 3346 3062 virtutis
3377 3007 3541 3062 simul
3570 3015 3624 3062 et
3648 3007 3913 3061 doctrina:

2336 3098 2650 3168 Opinionem
2699 3098 2990 3152 diaconum
3040 3097 3262 3152 videtur
3303 3097 3609 3161 ordinasse,
3639 3112 3763 3151 cum
3801 3099 3913 3168 jam

2337 3190 2630 3260 legitimam
2662 3200 2877 3245 atatem
2904 3189 3135 3259 adeptus
3160 3196 3327 3244 esset.

2408 3282 2543 3337 γιιι.
2573 3280 2685 3335 Hac
2714 3280 2982 3350 dignitate
3018 3280 3281 3349 praditus
3316 3280 3483 3349 capit
3516 3294 3604 3333 res
3642 3278 3765 3333 fidei
3801 3287 3913 3333 tra-

2337 3380 2488 3426 ctare
2519 3372 2576 3425 in
2607 3370 2997 3442 congressibus
3030 3386 3227 3441 magna
3256 3371 3617 3440 eloquentia,
3648 3371 3917 3424 eruditio-

2337 3465 2423 3518 nis
2460 3472 2516 3517 et
2553 3463 2863 3518 sanctitatis
2914 3462 3077 3525 fama,
3121 3478 3244 3530 qua
3292 3460 3423 3516 inde
3482 3462 3786 3532 augebatur
3832 3462 3917 3516 vel

2337 3549 2593 3612 maxime,
2619 3549 2764 3618 quod
2788 3564 2913 3602 cum
2939 3549 3210 3617 ascriptus
3232 3559 3379 3604 esset
3400 3549 3454 3603 in
3479 3550 3707 3614 clerum,
3736 3549 3806 3603 de
3839 3550 3916 3602 ri-

2338 3654 2468 3708 gore
2494 3645 2675 3692 tamen
2706 3638 2953 3693 ascetiea
2974 3638 3279 3708 disciplina
3309 3639 3445 3693 nihil
3481 3639 3711 3704 remisit,
3738 3656 3919 3708 neque

2339 3729 2672 3783 monasterio
2718 3731 2872 3799 prius
2907 3731 3191 3793 discessit,
3221 3746 3384 3800 quam
3427 3732 3723 3801 episcopus
3765 3747 3923 3785 crea-

2340 3829 2493 3874 retur
2518 3820 2595 3885 ¹⁸;
2627 3835 2936 3890 quanquam
2962 3835 3063 3875 nec
3084 3830 3199 3875 tum
3227 3821 3518 3877 asceticam
3543 3822 3712 3876 vitam
3734 3821 3922 3877 vivere

2339 3907 2524 3963 desiit.

2408 3998 2499 4054 IX.
2526 4000 2903 4070 Disputantem
2936 4000 3301 4054 formidabant
3326 4000 3590 4065 haretici,
3612 4001 3706 4070 qui
3728 4001 3922 4056 Antio-

2341 4087 2477 4143 chia
2526 4096 2658 4143 tunc
2708 4090 2972 4157 temporis
3000 4089 3363 4143 versabantur
3407 4088 3618 4153 Ariani,
3674 4089 3923 4145 Macedo~

2342 4180 2510 4245 niani,
2543 4181 2638 4235 sed
2671 4181 3071 4250 Apollinarista
3125 4197 3237 4251 pra
3281 4181 3425 4245 aliis,
3457 4191 3748 4251 propterea
3774 4184 3923 4252 quod

2341 4286 2437 4326 eos
2468 4281 2618 4326 tanto
2635 4271 3015 4327 vehementius
3032 4271 3423 4342 expugnandos
3439 4272 3686 4341 putabat,
3712 4281 3921 4342 quanto

2340 4362 2411 4416 ab
2448 4362 2579 4431 ipsis
2608 4362 2786 4432 majus
2835 4361 2963 4415 fidei
2998 4361 3305 4429 periculum
3354 4361 3601 4414 timebat.
3639 4360 3759 4414 Non
3802 4368 3924 4413 erat

670 4449 929 4511 Chellum.
954 4453 971 4469 '
991 4456 1046 4501 ει
1065 4463 1176 4501 sua?
1200 4448 1399 4510 multis.
1446 4455 1508 4500 ιιι
1536 4456 1665 4500 ωηο
1683 4453 1802 4500 erat
1824 4446 2028 4514 ορὶιιὶο,
2055 4446 2240 4500 lumen
2273 4471 2316 4525 υ
2345 4453 2667 4523 imprudens
2690 4453 2852 4506 timor
2886 4470 2899 4505 :
2929 4452 3199 4520 siquidem
3226 4468 3329 4506 nec
3357 4452 3516 4520 pauci
3557 4451 3925 4504 numeraban-

669 4538 953 4593 eximium.
980 4538 1185 4592 Ambos
1210 4553 1342 4592 vero
1366 4538 1447 4591 sic
1479 4537 1536 4590 in
1567 4552 1625 4591 se
1650 4536 1943 4604 expressit,
1974 4543 2038 4589 ut
2056 4536 2238 4590 Theo-

671 4629 793 4683 dori
815 4644 1031 4683 errores
1054 4628 1346 4683 infeliciter
1366 4627 1711 4696 postmodum
1733 4626 2105 4697 Chrysostomi
2129 4627 2243 4681 elo-

671 4720 896 4790 quentia
918 4728 1067 4774 tanto
1091 4720 1475 4790 perniciosius,
1497 4727 1703 4789 quanto
1722 4717 2102 4771 admirabilius
2124 4725 2242 4771 tue-

673 4820 826 4867 retur
858 4815 923 4867 ¹².

742 4906 830 4960 IV.
855 4905 974 4960 Non
1003 4905 1148 4959 aliud
1176 4904 1367 4959 saltem
1391 4902 1550 4957 initio
1576 4900 1971 4956 monasterium
1988 4898 2239 4965 incoluit,

674 5010 837 5064 quam
861 4997 1007 5066 quod
1042 4996 1215 5051 sancti
1242 4994 1500 5064 Euprepii
1529 4993 1834 5057 dicebatur,
1862 5007 2033 5062 prope
2054 4990 2244 5046 Antio-

675 5085 855 5139 chiam
891 5088 1153 5155 positum.
1200 5087 1314 5141 Nec
1346 5086 1493 5140 enim
1533 5084 1783 5139 exercuit
1827 5097 1947 5137 sese
1988 5082 2178 5152 procul
2213 5098 2244 5136 a

677 5183 871 5240 matre,
898 5193 1019 5246 qua
1049 5189 1107 5233 et
1143 5179 1258 5247 ipsa
1280 5176 1637 5231 monasticam
1667 5174 1834 5227 vitam
1866 5173 2107 5242 professa
2136 5183 2241 5239 est,

677 5265 948 5336 siquidem
974 5279 1094 5323 erat
1132 5270 1353 5324 unicum
1387 5267 1631 5337 parentis
1662 5264 1938 5329 solatium,
1981 5272 2038 5319 ct
2084 5265 2244 5318 matri

2344 4551 2455 4607 tur,
2484 4557 2588 4596 nec
2607 4557 2636 4596 e
2654 4542 2813 4611 plebe
2845 4541 2981 4604 sola,
3007 4542 3099 4596 sed
3134 4542 3320 4611 plures
3344 4558 3411 4596 ex
3437 4541 3797 4611 primoribus,
3826 4541 3921 4609 qui

2346 4646 2472 4686 cum
2511 4630 2708 4700 opibus
2746 4630 3050 4699 pollerent,
3087 4637 3143 4683 et
3175 4630 3321 4700 vulgi
3359 4632 3551 4684 oculos
3587 4628 3769 4698 specie
3803 4629 3922 4697 pie-

2347 4722 2476 4778 tatis
2516 4736 2580 4775 ac
2620 4720 2885 4775 doctrina
2909 4720 3365 4791 perstringerent,
3405 4720 3639 4774 occultis
3676 4718 3923 4788 quidem,

2348 4811 2446 4865 sed
2488 4811 2798 4867 numerosis
2843 4811 3178 4865 coitionibus
3235 4809 3523 4864 tradebant
3569 4808 3803 4862 haresin
3856 4808 3926 4861 de

2348 4904 2531 4959 Verbo
2589 4903 2806 4967 divino,
2848 4903 2995 4973 quod
3048 4902 3249 4957 mentis
3299 4902 3553 4955 humana
3598 4899 3814 4953 vicibus
3868 4897 3925 4952 in

2349 4994 2575 5049 Christo
2614 4994 2950 5065 fungeretur.
2983 4995 3098 5059 Illa,
3123 5002 3183 5047 ut
3210 4993 3290 5057 fit,
3315 4993 3531 5047 novitas
3554 4989 3926 5058 accipiebatur

2350 5084 2570 5142 facilius
2621 5087 2690 5141 ab
2741 5086 3094 5149 hominibus,
3137 5100 3276 5154 quos
3316 5093 3372 5139 et
3423 5082 3742 5153 potentibus
3776 5096 3923 5150 spes,

2351 5185 2407 5231 et
2434 5178 2540 5247 piis
2562 5179 2774 5249 religio,
2803 5188 2860 5234 et
2883 5179 3058 5233 doctis
3092 5177 3383 5231 admiratio
3406 5174 3754 5230 conciliabat.
3787 5172 3923 5226 Alli-

2353 5265 2536 5321 ciehat
2561 5283 2779 5337 quoque
2820 5268 3061 5322 suaviter
3102 5267 3314 5323 animos
3338 5266 3499 5335 plena
3526 5262 3812 5317 luminosa
3828 5276 3925 5315 eu-

2030 5444 2341 5501 SCIIULZII
2377 5443 2603 5500 NOTAS.

758 5607 799 5680 ‘_‘
830 5607 1349 5680 ngumseptennis,
1377 5619 1476 5663 cat
1524 5610 1642 5663 Vid.
1676 5610 1834 5680 epist.
1874 5610 1960 5680 8).

689 5677 812 5730 Vtri.
854 5677 996 5730 Eccl.
1046 5679 1178 5733 "ist.
1222 5679 1316 5733 lib.
1358 5696 1410 5737 ν.
1450 5695 1572 5748 cap.
1618 5680 1705 5734 55.

2039 5610 2081 5639 ¹²
2112 5609 2381 5662 Tueretur.
2433 5609 2543 5663 Vid.
2586 5610 2810 5678 Niccplt.
2848 5610 2940 5662 lib.
2980 5625 3048 5671 tv,
3088 5623 3208 5678 cap.
3241 5608 3326 5661 hi.

1812 5680 1850 5709 ’δ
1883 5679 2107 5742 Serene,
2134 5690 2252 5732 cat.
2290 5680 2514 5733 Ibidem.

3409 5606 3448 5636 ¹³
3471 5605 3766 5665 Laudatur,
3801 5610 3922 5657 cal.

2596 5682 2637 5711 ⁸⁸
2666 5673 2834 5744 Quam
2881 5681 3037 5749 rpisr.
3073 5673 3303 5744 rrIQuo
3350 5688 3593 5746 tempore
3651 5683 3705 5728 ct
3763 5673 3921 5745 cujus

687 5748 951 5816 auspiciis
979 5749 1079 5803 hoc
1117 5749 1316 5804 factum
1356 5750 1447 5815 sit,
1493 5751 1787 5822 exponitur
1821 5749 1959 5805 inlra
2002 5751 2057 5804 in
2103 5749 2233 5804 diss.
2258 5750 2311 5816 9.,
2342 5766 2459 5821 cap.
2502 5750 2547 5803 l.
