4208 6440
222 392 286 452 9‘!

1386 375 1750 440 HISTORIA
1788 372 2296 434 THEODORETI.

3387 368 3459 429 08

217 497 433 567 jusdam
462 494 743 551 charitatis
766 491 919 563 142
934 490 1107 544 fonna
1130 486 1473 557 loquendide
1487 486 1797 547 Christo,et
1830 489 1867 542 Α
1961 483 2075 537 XII.
2126 486 2303 551 Atque
2334 482 2449 536 haec
2489 480 2591 535 fuit
2630 481 2794 535 facies
2822 479 3112 550 Cyrestieaz
3148 478 3457 547 provinciae,

221 586 421 639 divina:
452 583 849 638 incarnationis
872 578 1119 649 mysterii
1155 575 1467 644 explanatio
1498 588 1637 642 pene
1662 571 1795 625 sub-

215 680 358 746 jecta
396 675 673 731 sensibus.
712 672 1095 727 Adhibebatur
1134 668 1280 722 enim
1328 665 1567 719 hominis
1614 678 1798 716 exem-

221 767 394 834 plum,
442 764 588 833 quod
641 763 745 816 sibi
793 763 1024 830 quisque
1055 758 1233 820 daret,
1267 754 1692 825 quasi‘Verbum
1744 752 1797 805 id

218 868 369 911 esset
400 857 457 908 in
485 855 725 915 Christo,
763 852 908 921 quod
959 851 1011 903 in
1047 849 1208 903 nobis
1246 848 1493 901 animus:
1522 861 1587 900 ex
1610 860 1720 913 quo
1744 852 1800 897 et

224 948 341 1015 ipsa
394 947 563 999 etiam
616 945 775 1014 plebs
820 941 1112 995 videbatur
1156 939 1262 993 sibi
1322 938 1626 1005 intelligere
1682 942 1798 987 stu-

220 1036 464 1105 pendum
491 1034 836 1106 mysterium.
864 1047 974 1100 quo
1008 1031 1228 1084 Verbum
1264 1045 1388 1082 cura
1422 1028 1618 1095 factum
1653 1033 1796 1078 est".

292 1128 423 1179 Erat
479 1141 643 1195 porro
684 1124 1093 1194 Apollinariana
1142 1120 1365 1174 haeresis
1402 1118 1618 1171 Arianae
1668 1130 1799 1184 pro-

220 1233 384 1285 pago,
411 1232 522 1269 non
568 1218 711 1285 quod
747 1214 985 1270 Verbum
1032 1212 1177 1267 Patri
1231 1218 1452 1279 negaret
1499 1207 1798 1277 ὁμοούσιον,

220 1308 319 1360 sed
343 1307 489 1375 quod
525 1308 704 1376 ipsum
736 1312 1012 1358 assereret
1041 1303 1095 1356 in
1117 1301 1338 1355 Christo
1366 1299 1534 1353 fuisse
1565 1312 1662 1366 pro
1685 1296 1804 1350 ani-

222 1414 331 1459 ma,
369 1414 480 1449 non
513 1412 579 1450 ea
612 1395 833 1464 quidem
864 1408 985 1461 qua:
1016 1392 1203 1453 sentit,
1242 1398 1303 1443 ut
1334 1387 1552 1442 Arianis
1579 1385 1803 1439 videba-

224 1497 337 1549 tur,
370 1488 469 1541 sed
514 1502 636 1556 qua:
672 1484 945 1553 intelligit,
982 1490 1039 1533 et
1073 1496 1228 1535 mens
1261 1479 1480 1533 dicitur.
1517 1476 1663 1530 Nihil
1703 1476 1805 1527 hac

219 1579 486 1648 opinione
528 1578 582 1630 in
628 1576 870 1645 Speciem
911 1572 1252 1643 probabilius
1301 1568 1571 1638 imperita:
1622 1564 1803 1634 plebi,

221 1668 364 1721 nihii
384 1666 753 1736 opportunius
781 1664 849 1718 ad
877 1660 1283 1732 exponendum,
1324 1656 1470 1727 quod
1501 1655 1676 1710 credit
1701 1655 1799 1708 Ec—

221 1759 392 1813 clesia
439 1758 508 1811 de
548 1771 657 1810 una
708 1755 943 1808 duarum
999 1760 1323 1805 naturarum
1382 1748 1692 1817 hypostasi,
1738 1744 1805 1799 de

221 1852 392 1906 Maria
428 1850 682 1921 Deipara,
713 1858 769 1902 et
792 1848 859 1901 de
894 1848 1005 1900 Deo
1037 1847 1090 1899 in
1112 1858 1273 1897 carne
1315 1855 1492 1910 passo.

292 1941 543 1995 Pcrvidit
592 1937 967 2007 intelligentiae
1004 1934 1055 1986 vi
1090 1932 1471 1986 Theodoretus
1517 1926 1808 1981 imminens

222 2032 352 2085 inde
383 2030 511 2085 ﬁdei
536 2028 869 2099 periculum,
902 2024 1049 2095 quod
1083 2032 1146 2077 ut
1181 2021 1507 2076 amoliretur
1558 2031 1807 2087 magnam

225 2131 471 2177 mentem
505 2120 706 2175 acriter
736 2119 809 2172 ita
845 2114 1135 2172 contendit
1164 2113 1269 2167 hoc
1302 2112 1357 2165 in
1394 2110 1693 2180 obiectum,
1734 2108 1808 2161 ita

228 2213 470 2268 versavit
501 2211 686 2266 animo
728 2216 913 2279 partes
942 2220 1135 2260 omnes
1181 2203 1531 2273 argutiasque
1564 2198 1807 2264 haeresis,

228 2320 390 2374 quam
426 2303 663 2373 pessime
688 2301 904 2373 oderat,
939 2306 999 2351 ut
1029 2296 1083 2351 id
1112 2309 1306 2365 passus
1327 2295 1420 2355 sit,
1452 2292 1598 2362 quod
1634 2291 1812 2343 solent

228 2395 372 2450 oculi
404 2394 768 2448 vehementer
797 2388 980 2444 aﬂ‘ccti
1010 2404 1024 2441 :
1064 2386 1217 2440 visus
1243 2393 1327 2439 est
1364 2397 1562 2452 nempe
1596 2380 1700 2435 sibi
1731 2379 1812 2433 vi—

230 2487 355 2540 dere
389 2493 562 2538 totam
598 2481 1075 2551 reipsahmresim,
1108 2478 1426 2545 ubicunque
1464 2474 1551 2528 vel
1586 2471 1812 2527 minima

228 2579 445 2649 species
465 2576 774 2644 umbraque
809 2578 1146 2627 occurreret.

296 2671 365 2724 Χ.
408 2669 631 2723 Interea
676 2664 910 2734 contigit
947 2662 1246 2733 Cyrensem
1289 2659 1590 2713 Ecclesiam
1629 2656 1813 2713 orbari

229 2768 479 2830 pastore.
530 2756 851 2812 Theodotus
884 2752 1127 2809 Orientis
1164 2752 1394 2806 antistes
1439 2752 1815 2821 (successerat

232 2852 322 2906 ille
368 2848 716 2919 Alexandro)
757 2854 818 2901 ut
855 2846 1036 2900 viduae
1091 2842 1448 2915 provideret,
1488 2855 1598 2895 non
1644 2839 1813 2893 alium

231 2940 645 3012 praeﬁciendum
680 2937 895 3008 putavit
924 2950 1087 3005 quam
1120 2932 1532 2988 Theodoretum
1554 2971 1567 2994 ,
1612 2930 1815 2999 quippe

235 3046 403 3084 unum
450 3028 564 3083 fere
606 3042 795 3097 parem
840 3021 1194 3095 proﬂigandis
1222 3020 1517 3084 ha‘reticis,
1552 3019 1647 3088 qui
1687 3033 1815 3088 pro-

234 3130 353 3190 pter
393 3119 593 3175 Isidori
635 3117 888 3187 pmsulis
914 3122 1072 3169 aetate
1114 3112 1299 3182 gravis
1329 3109 1622 3172 incuriam,
1654 3107 1815 3162 multi

235 3212 487 3280 variique
531 3209 833 3263 Ecclesiam
883 3206 1025 3259 hanc
1076 3204 1277 3257 misere
1324 3200 1613 3254 vexabant.
1654 3200 1818 3255 Belu-

236 3311 478 3356 ctantem
514 3300 701 3370 igitur,
739 3307 795 3352 et
830 3297 941 3366 apti
968 3295 1036 3349 ad
1070 3293 1250 3349 studia
1286 3293 1382 3346 otii
1418 3302 1691 3345 amantem
1722 3306 1819 3345 or-

238 3390 411 3451 dinat,
447 3389 728 3457 mittitque
772 3384 997 3456 Cyrum,
1035 3392 1096 3437 ut
1132 3397 1320 3452 agrum
1355 3380 1662 3441 excpieret.
1697 3395 1822 3435 sen-

240 3483 409 3545 tibus,
436 3483 454 3499 ‘
482 3478 633 3549 quod
672 3480 788 3548 ipse
812 3478 910 3541 ait,
943 3476 1183 3545 lolioque
1211 3472 1597 3527 fmdissimum.

304 3570 399 3625 ΣΙ.
452 3569 635 3624 Posita
683 3575 769 3622 est
819 3565 994 3637 Cyrus
1042 3565 1097 3618 in
1128 3579 1192 3618 ea
1232 3570 1387 3631 parte
1425 3561 1679 3631 Augusta!
1712 3559 1823 3613 Eu-

241 3661 560 3733 phratesiae,
599 3674 723 3728 quas
764 3657 944 3727 vergit
990 3655 1058 3710 ad
1103 3654 1469 3716 occidentem,
1509 3661 1565 3705 et
1594 3651 1821 3721 propius

241 3750 456 3807 accedit
504 3746 574 3803 ad
610 3762 784 3801 mare.
826 3743 1047 3800 Nemini
1084 3740 1232 3811 quod
1278 3756 1307 3793 a
1348 3738 1489 3809 Cyro
1532 3734 1822 3791 fundatore

242 3841 524 3912 accepisse
557 3838 754 3903 fertur,
792 3850 896 3890 nec
938 3832 1233 3889 celebritas
1280 3828 1463 3891 urbis,
1489 3841 1593 3881 nec
1631 3822 1826 3894 ampli-

244 3933 374 3989 tudo
399 3929 716 4001 respondet.
744 3926 847 3994 Qui
886 3925 1036 3980 enim
1074 3930 1284 3993 posset,
1315 3920 1655 3988 importuosa
1693 3928 1823 3970 cum

245 4024 316 4080 sit
358 4030 639 4099 caputque
675 4016 918 4088 regionis
950 4031 1093 4086 quae,
1136 4020 1500 4083 praeterquam
1544 4007 1689 4079 quod
1734 4000 1854 4062 vix'

246 4112 590 4184 longitudine
636 4108 955 4164 milliarium
999 4104 1393 4177 quadraginta,
1434 4116 1539 4156 nec
1585 4099 1824 4170 plurium

247 4204 537 4260 latitudine
552 4208 719 4272 patet,
742 4199 910 4254 habet
932 4217 949 4249 ‹
972 4207 1186 4251 montes
1210 4194 1413 4248 multos
1431 4200 1487 4246 et
1513 4205 1738 4260 magnos
1760 4190 1823 4254 ιδ,

248 4296 448 4366 partim
464 4293 645 4348 nudos
662 4290 907 4353 omnino,
926 4288 1127 4358 partim
1151 4285 1445 4341 arboribus
1473 4279 1827 4335 infructuosis

247 4385 526 4441 consitos?
544 4403 561 4435 ι
592 4380 1075 4451 Complectebatur
1095 4386 1277 4454 tamen
1302 4375 1602 4444 Cyrestica,
1623 4372 1828 4425 mirum

250 4476 424 4539 dictu,
460 4475 612 4527 vicos
650 4472 993 4542 octingentos
1024 4487 1037 4522 :
1067 4468 1204 4523 adeo
1232 4465 1450 4521 miseris
1475 4478 1572 4519 sua
1611 4477 1829 4532 quoque
1863 4488 1904 4542 ι)

250 4568 429 4637 patria
456 4564 725 4635 diligitur.
764 4563 868 4617 Tot
918 4570 1066 4616 certe
1099 4558 1471 4613 Ecclesiarum
1518 4554 1830 4608 Theodore-

253 4667 337 4712 tus
391 4655 725 4726 pastoralem
769 4666 958 4707 curam
1012 4650 1119 4704 sibi
1156 4648 1448 4703 obvenisse
1490 4645 1660 4699 Leoni
1716 4642 1829 4695 Ma-

251 4765 355 4820 gno
379 4747 575 4803 scribit
606 4747 670 4800 ”.
711 4745 843 4817 Syra
886 4744 1002 4798 fere
1041 4742 1227 4811 lingua
1266 4739 1561 4794 utebantur
1601 4751 1828 4799 omnes;

253 4838 413 4909 pauci
446 4838 534 4891 vel
572 4838 628 4890 in
655 4837 793 4891 urbe
824 4834 1039 4889 Graecas
1091 4831 1317 4886 delicias
1355 4835 1642 4883 noverant.
1672 4825 1832 4879 Vicos

254 4930 441 4998 plures
473 4927 816 4996 occupabant
860 4924 1014 4995 143
1047 4920 1290 4976 haeretici
1324 4917 1643 4987 multiplicis
1672 4930 1835 4984 gene-

253 5020 362 5084 ris,
412 5018 509 5072 sed
550 5016 887 5071 Marcionita:
932 5014 1225 5067 maximam
1272 5020 1503 5080 partem.
1564 5006 1628 5059 IIi
1679 5019 1833 5057 suam

258 5108 617 5177 impietatem,
651 5121 759 5175 qua
782 5112 1090 5173 serpentem
1119 5116 1331 5155 :eneum
1365 5098 1639 5159 colebant,
1662 5093 1836 5148 deviis

259 5198 529 5252 montium
549 5195 773 5250 latebris
806 5193 1083 5262 tegebant,
1106 5191 1223 5245 solo
1250 5187 1548 5244 Christiani
1580 5184 1825 5247 nomine,

261 5297 459 5343 caetera
496 5289 709 5343 similes
744 5286 1053 5358 gentilibus.
1098 5284 1210 5338 Hos
1259 5280 1502 5352 regionis
1545 5276 1829 5346 asperitas,

264 5390 542 5450 pastorum
562 5379 911 5450 negligentia,
939 5385 1220 5446 etegestas
1244 5388 1339 5428 sua
1368 5372 1675 5425 inaccessos
1697 5366 1830 5419 hae-

265 5482 424 5528 tenus
450 5475 671 5527 fecerat.

334 5579 359 5607 ⁸
388 5568 545 5621 Joan.
577 5580 617 5629 l,
661 5562 723 5617 H

1897 590 2023 628 cum
2068 574 2448 626 Theodoretus
2490 573 2710 627 advenit
2747 590 2758 623 ε
2799 585 3109 639 quanquam
3148 569 3461 622 venientem

1898 665 2197 727 solabatur,
2225 663 2370 732 quod
2401 679 2463 716 ea
2499 671 2824 733 tempestate
2864 662 2917 714 in
2947 660 3181 714 desertis
3218 658 3463 714 Orientis

1898 754 2035 807 locis
2071 754 2330 823 frequens
2354 762 2499 806 esset
2539 754 2994 806 anachoretarum
3039 751 3198 817 plane
3227 749 3466 803 admira-

1899 845 2090 899 bilium
2119 861 2225 899 non
2274 844 2567 898 mediocris
2604 842 2918 896 multitudo.
2949 840 3242 911 Cyrensem
3290 840 3467 910 regio-

1899 954 2024 991 nem
2059 938 2443 999 nobilitahant,
2482 944 2544 989 ut
2594 947 2779 988 narrat
2810 935 2925 1004 ipse
2963 932 3027 997 ³⁸,
3078 932 3260 992 Maris,
3310 932 3467 985 Jaeoé

1899 1032 2036 1093 bus,
2108 1031 2431 1099 I.ymn:eus,
2507 1028 2773 1087 Joannes,
2831 1026 3071 1095 Moyses,
3124 1024 3465 1085 Antiochus,

1899 1122 2209 1182 Antonius,
2289 1120 2720 1190 Polychronius,
2774 1119 3095 1178 Damiauus,
3149 1114 3465 1183 Asclepius,

1900 1221 1956 1266 et
2020 1211 2108 1264 alii
2162 1211 2347 1279 plures
2393 1207 2804 1263 exercitationis
2868 1206 3134 1274 religiosae
3193 1219 3300 1256 non
3357 1208 3468 1255 tam

1901 1305 2169 1373 exempla,
2202 1318 2365 1371 quam
2398 1310 2669 1370 portenta.

1972 1394 2081 1448 llos
2115 1395 2377 1447 mortales
2406 1393 2627 1461 angelos
2656 1389 2924 1444 invisebat
2964 1401 3127 1455 smpe,
3175 1394 3230 1437 et
3263 1384 3337 1437 illi
3380 1398 3471 1436 ve-

1902 1487 2144 1539 nientem
2170 1484 2517 1553 excipiebant
2546 1482 2833 1551 prtesulem
2874 1477 3183 1533 incredibili
3218 1490 3472 1529 reveren-

1862 1648 1871 1659 '
1904 1577 1978 1630 tia
2004 1586 2058 1630 et
2081 1591 2286 1629 amore.
2326 1574 2408 1628 Ab
2450 1562 2517 1627 eo
2559 1587 2750 1641 magna
2779 1585 2901 1623 cum
2939 1568 3132 1621 ﬁducia
3177 1564 3471 1636 petebant,

1906 1683 2026 1736 qua:
2072 1666 2185 1719 suis
2220 1664 2481 1733 precibus
2524 1662 2608 1715 vel
2660 1670 2931 1719 emerent,
2966 1658 3047 1710 vel
3088 1654 3471 1723 rependerent,

1908 1758 2214 1827 spiritualia
2256 1757 2407 1825 plura
2435 1753 2719 1807 beneﬁcia.
2749 1750 2870 1804 limo
2907 1750 3047 1801 inter
3070 1746 3277 1799 eminet
3313 1742 3475 1796 Maris

1838 1830 1877 1882 Β
1908 1849 2233 1918 postuiatio,
2278 1862 2439 1915 quam
2472 1852 2695 1912 propter
2725 1842 2850 1894 facti
2888 1837 3231 1893 insolentiam
3271 1832 3475 1886 referre

1902 1941 2090 2009 juvat,
2134 1947 2188 1990 ct
2222 1937 2442 2006 quidem
2483 1936 2615 2003 ipsis
2662 1929 2993 1985 Theodoreti
3030 1928 3212 1981 verbis
3248 1942 3260 1977 :
3312 1943 3329 1975 ι
3363 1922 3475 1976 Νο-

1908 2037 2126 2103 naginta
2174 2040 2334 2085 natus
2386 2043 2559 2082 annos
2605 2024 2857 2080 cilicinis
2893 2020 3141 2075 vestibus
3183 2016 3474 2076 utebatur,

1907 2138 2045 2193 pane
2077 2136 2138 2174 ac
2173 2121 2284 2174 sale
2333 2119 2549 2171 modico
2578 2118 2741 2169 vitam
2769 2118 3102 2168 sustentans.
3132 2107 3267 2161 Cum
3295 2112 3477 2157 autem

1908 2192 2216 2281 spiritualis
2253 2206 2579 2279 mysticique
2624 2202 2878 2272 sacriﬁcii
2931 2197 3155 2253 videndi
3202 2192 3479 2247 desiderio

1910 2303 2172 2357 diuturno
2214 2308 2517 2364 teneretur,
2569 2300 2855 2367 rogaverat
2886 2300 2948 2345 ut
2989 2288 3101 2343 illic
3146 2284 3316 2341 divini
3348 2282 3479 2336 doni

1912 2393 2066 2448 ﬁeret
2112 2393 2337 2446 oblatio.
2389 2390 2501 2459 Ego
2547 2403 2679 2442 vero
2711 2386 2946 2440 libenter
2993 2375 3393 2447 obtemperavi,
3425 2381 3482 2427 et

1912 2502 2066 2541 sacra
2106 2501 2236 2539 vasa
2273 2482 2460 2537 aﬂerri
2505 2481 2686 2550 jussi:
2729 2491 2834 2531 nec
2876 2474 3024 2528 enim
3071 2467 3263 2540 procul
3291 2465 3484 2519 aberat

1912 2577 2100 2641 locus;
2153 2576 2621 2642 diaconorumque
2661 2567 2917 2624 manibus
2962 2574 3123 2617 utens
3160 2574 3261 2629 pro
3300 2554 3479 2617 altari,

1913 2669 2201 2739 mysticum
2243 2675 2299 2721 et
2340 2665 2587 2718 divinum
2640 2676 2705 2715 ac
2743 2659 2982 2714 salutare
3017 2650 3348 2707 sacriﬁcium
3382 2646 3480 2701 ob-

1914 2760 2036 2814 tuli.
2094 2760 2188 2814 llle
2224 2766 2406 2812 autem
2447 2751 2722 2824 spirituali
2769 2749 3007 2803 refectus
3046 2745 3348 2813 voluptate,
3373 2752 3484 2794 cm-

1914 2852 2028 2906 Ium
2063 2852 2241 2919 ipsum
2263 2849 2452 2903 videre
2478 2862 2535 2901 se
2559 2841 2928 2900 existimabat.
2967 2857 2985 2888 ι

1990 2942 2125 2997 XIII.
2160 2940 2242 2996 Ad
2271 2939 2571 2995 Ecclesiam
2591 2951 2658 2989 eo
2694 2934 2747 2986 in
2786 2940 2930 2986 statu
2971 2927 3205 2998 positam
3231 2921 3484 2977 Theodo—

1916 3044 2069 3087 retus
2102 3032 2336 3086 accessit
2366 3044 2511 3084 anno
2550 3024 2753 3081 Christi
2780 3016 3316 3091 quadringentesimo
3340 3013 3486 3066 vice—

1845 3150 1885 3205 C
1918 3125 2088 3188 simo;
2137 3138 2245 3191 quo
2288 3128 2536 3189 tempore
2578 3117 2877 3171 Romanam
2934 3107 3235 3165 Eeclesiam
3269 3102 3486 3157 Bonifa-

1918 3213 2039 3266 cius
2086 3210 2339 3279 regehat;
2390 3204 2812 3261 Alexandrinam
2871 3198 3137 3270 Cyrillus;
3190 3192 3483 3248 Antioche-

1916 3316 2044 3354 nam
2086 3298 2425 3359 Theodotus,
2462 3291 2789 3347 Theodoreti
2820 3290 3134 3350 ordinator;
3171 3281 3484 3339 Constanti—

1918 3393 2289 3461 nopolitanam
2321 3388 2555 3450 Atticus,
2582 3385 2671 3439 cui
2696 3381 2968 3438 Sisinnius
2990 3376 3271 3439 successit,
3293 3374 3485 3429 Nesto-

1918 3486 1985 3539 rii
2025 3498 2355 3553 prteccssor;
2412 3476 2961 3547 Ilierosolymitanam
3014 3470 3284 3539 Praylius,
3322 3465 3487 3520 Joan-

1919 3577 2009 3630 nis
2048 3588 2354 3628 successor.
2407 3571 2699 3639 Nunquam
2742 3566 2857 3620 fere
2900 3571 2981 3617 tot
3027 3560 3190 3615 simul
3241 3557 3485 3610 illustres

1922 3666 2193 3721 antistites
2254 3662 2504 3717 maximis
2551 3659 2775 3715 sedibus
2834 3654 3187 3726 praefuerunt.
3248 3645 3485 3718 Cyrillus

1921 3768 2091 3820 certe,
2123 3765 2186 3809 ut
2225 3754 2293 3808 de
2326 3754 2503 3807 tribus
2526 3751 2650 3806 aliis
2676 3749 2865 3804 sileam
2900 3744 2955 3798 in
2979 3740 3222 3797 Ecclesia
3245 3735 3487 3792 celeber-

1922 3849 2096 3911 rimis,
2131 3846 2301 3900 totius
2319 3844 2602 3899 orientalis
2633 3837 2849 3910 imperii
2874 3833 3226 3891 doctissimus
3257 3844 3320 3886 ea
3347 3837 3485 3883 tem-

1923 3948 2134 4011 pestate
2188 3936 2463 3999 audiebat,
2517 3946 2737 4002 suaeque
2781 3929 2925 3984 sedis
2953 3967 2967 3992 ,
3022 3938 3188 3994 quam
3234 3928 3486 3976 octavum

1919 4010 2032 4103 jam
2058 4044 2261 4085 annum
2294 4026 2533 4090 tenebat,
2572 4022 2895 4093 dignitatem
2922 4033 2985 4073 ac
3015 4016 3316 4088 primatum
3349 4010 3490 4065 fama

1925 4121 2151 4192 propria
2176 4126 2233 4173 et
2260 4116 2474 4172 meritis
2497 4111 2861 4169 sustentabat.

2470 4245 2630 4317 ιω,
2660 4242 2810 4298 CAP.
2855 4239 2947 4294 ιιι.

1929 4362 1968 4415 I.
2008 4359 2136 4415 Viue
2193 4358 2397 4427 {orma_
2422 4357 2477 4408 in
2502 4356 2846 4427 _episc_opqtu.
2899 4347 2963 4427 II:
3005 4345 3087 4427 An
3117 4340 3496 4427 inuitus'or'tii-

2000 4409 2327 4482 ﬁdiia'in.
2370 4409 2568 4494 Implet.
2622 4409 3052 4494 of/icia__perfecli
3111 4409 3491 4494 epis_copi._.IV.

2246 4497 2357 4565 (jus
2396 4481 2762 4565 temperantia.
2789 4481 2852 4542 γι
2896 4481 3492 4565 .O'pp‘ugnat-hwreticos,

2044 4554 2296 4621 rwsertiiit
2329 4554 2908 4628 Marcionitas,ingenti
2942 4554 3120 4628 labore
3149 4559 3207 4628 et
3221 4558 3491 4628 praeerata.

2035 4618 2441 4704 διληΑάῙιιυαιαν
2479 4618 2797 4704 sanctorynt:
2824 4642 2919 4704 ope
2964 4622 3104 4704 apud
3163 4618 3349 4704 ligurrit.
3380 4618 3492 4671 VII.

1950 4772 1955 4777 _
2005 4686 2552 4777 Residen'distudium.
2591 4699 2724 4777 \_'llI.
2754 4686 2929 4751 Etiam
2956 4686 3495 4777 te'ntpo‘raliqpyren-

2000 4778 2139 4831 sibus
2172 4774 2424 4843 providet.
2470 4771 2557 4824 IX.
2593 4769 2705 4822 Ima
2750 4774 2796 4817 et
2833 4757 3078 4843 externis.
3113 4759 3179 4812 Χ.
3203 4757 3355 4839 ,ι’ἰὲοε
3389 4771 3504 4807 ext-

2010 4848 2139 4900 mios
2171 4829 2311 4896 i'ultu
2339 4848 2638 4911 prosccutus
2690 4846 2785 4911 est,
2836 4835 2924 4887 sed
2977 4829 3268 4911 armatarum
3317 4841 3499 4905 moriq-

2008 4920 2145 4969 chos.
2198 4913 2289 4966 XI.
2339 4894 2549 4965 'Amicos
2603 4906 2927 4959 consolatur.
2977 4894 3089 4953 XII.
3137 4896 3268 4952 Cum
3317 4894 3499 4969 vicinis

2001 4962 2459 5053 255'52'opi's’pa'c'efhi
2474 4962 2666 5053 servat.
2696 4969 3184 5028 XIII.Concionibus
3213 4972 3261 5017 et
3292 4962 3499 5031 scriptis

2006 5049 2284 5108 Ιείιινριὶσοδ⁷
2309 5049 2618 5117 insequitur.

2330 5155 2404 5205 Ab
2428 5166 2552 5203 anno
2572 5149 2747 5202 Christi
2774 5148 2856 5196 Ill
2918 5145 2976 5194 ad
2998 5143 3101 5191 127.

2005 5267 2045 5320 I.
2074 5263 2245 5330 Quam
2279 5260 2400 5314 vita:
2439 5257 2671 5311 formam
2710 5250 2908 5323 prtesul
2942 5247 3200 5308 tenuerit,
3228 5253 3501 5311 quamque

1938 5358 2051 5412 suis
2094 5354 2310 5409 clericis
2340 5349 2664 5406 servandam
2698 5343 3003 5401 tradiderit.
3052 5346 3237 5392 narrat
3274 5336 3326 5387 in
3357 5334 3500 5386 litte-

1909 5462 1912 5470 ‘
1941 5451 2017 5504 ris
2048 5448 2114 5504 ad
2150 5447 2404 5501 Nonum.
2450 5462 2466 5494 ι
2508 5440 2645 5496 Cum
2668 5436 2891 5497 invitus,
2925 5431 3101 5501 inquit
3130 5432 3193 5491 ",
3219 5414 3503 5481 ordinatus

1614 5614 1924 5673 SCIIULZII
1960 5609 2184 5667 ΝΟΤᾸΕ.

337 5752 381 5782 ’⁸
410 5751 629 5811 Montes,
670 5755 787 5801 emt.
841 5744 966 5800 Vid.
999 5744 1161 5813 epist.
1196 5740 1281 5796 12.
1362 5740 1403 5771 ¹¹¹
1435 5735 1548 5792 Scr.
1583 5734 1699 5790 \‘id.
1727 5731 1885 5805 epist.
1914 5728 2033 5783 H3.
2126 5726 2165 5757 ⁸⁸
2197 5723 2333 5795 Ipse.
2372 5720 2491 5775 Vid.
2528 5714 2777 5779 Philoth.,
2809 5724 2925 5779 cap.
2959 5706 3029 5761 20
3053 5714 3108 5760 et
3148 5717 3259 5772 seq.
3341 5700 3382 5729 "
3414 5695 3507 5750 In-

271 5824 400 5895 quit.
430 5819 554 5875 Viti.
601 5818 760 5891 epist.
814 5815 901 5871 ει.
