4208 6440
704 407 768 467 99
1816 406 2195 466 GARNERII
2233 404 2732 465 DISSERTATIO
2769 406 2819 465 Ι.

3855 403 3956 469 100

703 528 903 577 essem,
933 528 1107 567 annos
1135 513 1325 581 viginti
1351 514 1592 581 quinque
1634 513 1706 566 ita
1748 514 1880 577 vixi,
1907 523 1969 567 ut
2016 528 2195 581 neque
2227 511 2281 564 in
2312 522 2353 573 Α
2384 512 2652 581 episcopi,
2707 526 2870 581 quam
2932 509 3225 578 Apostolus
3284 509 3574 564 Timotheo
3618 510 3644 550 ι’
3690 519 3749 565 et
3775 510 3901 567 'lito
3930 524 3951 551 ι

705 603 791 673 ius
822 611 1047 655 vocatus
1074 602 1177 655 sim
1202 618 1233 655 a
1258 617 1557 670 quoquam,
1587 618 1767 671 neque
1802 603 1917 672 ipse
1950 618 2281 673 quemquam

704 692 1030 745 accusarim.
1092 692 1287 744 Nullus
1342 690 1878 758 religiosissimorum
1931 694 2280 755 clericorum,

705 783 799 850 qui
836 782 937 835 sub
967 797 1053 835 me
1085 781 1327 844 fuerunt,
1375 784 1672 836 tribunalia
1714 791 1795 837 tot
1835 784 1994 836 annis
2026 783 2285 851 frequen-

707 871 861 926 tavit.
896 872 1017 925 Non
1048 872 1293 934 obolum,
1325 887 1433 925 non
1457 885 1668 927 vestem
1699 889 1728 927 a
1756 889 2032 942 quoquam
2057 874 2279 942 accepi;

706 978 903 1032 panem
944 979 1113 1017 unum
1149 964 1232 1015 vel
1260 980 1424 1017 ovum
1462 966 1648 1018 nullus
1675 965 2105 1019 domesticorum
2128 980 2283 1019 meo-

708 1071 831 1109 rum
861 1057 1077 1125 aecepit
1130 1071 1371 1123 unquam
1407 1075 1420 1109 :
1452 1066 1653 1125 pra:ter
1702 1058 2045 1126 panniculus.
2082 1058 2286 1127 quibus

707 1150 942 1201 amictus
968 1163 1112 1207 sum,
1137 1148 1277 1201 nihil
1310 1150 1458 1201 volui
1495 1150 1798 1218 possidere.
1838 1169 1857 1200 ι

776 1239 841 1292 ll.
867 1238 1023 1305 Quod
1058 1254 1116 1292 se
1150 1239 1384 1293 invitum
1421 1240 1738 1292 ordinatum
1774 1255 1895 1293 esse
1923 1240 2134 1301 scribit,
2168 1255 2287 1293 ere-

707 1330 943 1383 diderim
970 1346 1073 1400 ego
1100 1332 1323 1400 quidem
1342 1331 1519 1394 facile,
1554 1340 1779 1400 propter
1802 1333 1899 1384 viri
1924 1332 2280 1384 modestiam:

713 1421 810 1475 sed
842 1423 1179 1490 su5picacior
1202 1422 1342 1474 alter
1371 1422 1557 1474 forsan
1593 1422 1719 1475 inde
1755 1423 2101 1474 occasionem
2141 1420 2283 1473 arri-

713 1512 894 1580 puerit
944 1512 1223 1580 qtuerendi
1280 1513 1412 1580 quid
1460 1513 1530 1565 sit
1581 1513 1715 1564 iilud
1768 1512 1987 1564 tandem
2033 1511 2179 1579 quod
2229 1512 2285 1564 in

712 1603 1029 1671 episcopatu
1054 1601 1283 1671 Cyrensi
1304 1602 2003 1669 'l‘hcodoretusrefugerit?
2032 1602 2112 1654 An
2140 1601 2285 1669 quod

708 1693 1003 1761 episc0pus
1049 1693 1227 1747 foret?
1282 1696 1361 1745 An
1410 1694 1554 1761 quod
1608 1693 1901 1763 CyrenSFs?
1948 1692 2283 1745 Dubitationi

706 1785 855 1837 favet
882 1827 894 1844 ,
945 1785 1089 1853 quod
1126 1786 1425 1838 identidem
1468 1785 1736 1853 glorietur
1773 1801 1830 1837 se
1870 1784 2093 1853 majoris
2138 1784 2286 1837 sedis

708 1876 1010 1943 cupiditate
1044 1892 1152 1929 non
1190 1876 1383 1929 ardere
1425 1894 1436 1927 :
1474 1876 1524 1927 id
1556 1877 1703 1928 enim
1744 1875 2085 1944 gloriationis
2114 1890 2285 1944 genus

708 1970 859 2023 credi
900 1972 1039 2023 solet
1070 1971 1294 2023 latentis
1335 1971 1452 2023 vitii
1487 1978 1581 2023 aut
1622 1970 1866 2023 studiosa
1897 1969 2282 2033 dissimulatio,

708 2070 805 2114 aut
856 2072 1046 2131 aperta
1080 2062 1247 2115 etiam
1300 2062 1575 2114 confessio
1611 2078 1623 2113 :
1671 2075 1796 2113 nam
1834 2068 1894 2112 ut
1929 2074 2112 2112 mores
2159 2067 2287 2112 sunt

708 2152 1020 2215 hominum,
1060 2156 1075 2172 ⁹
1111 2161 1276 2220 prout
1307 2152 1542 2221 quisque
1584 2153 1792 2220 majore
1832 2152 2200 2205 mendacitate
2232 2160 2287 2205 et

706 2242 1010 2295 ambitione
1054 2243 1289 2305 laborat,
1337 2259 1460 2295 cum
1496 2244 1721 2296 minime
1766 2243 2012 2295 omnium
2064 2242 2282 2307 debeat,

707 2335 783 2387 ita
832 2350 889 2387 se
940 2336 1117 2403 jactat
1171 2334 1542 2402 importunius
1595 2334 1845 2386 veritatis
1901 2344 2176 2387 amantem
2231 2341 2288 2387 et

707 2434 1141 2494 contemptorem
1165 2424 1369 2492 gloriae.
1403 2423 1547 2488 Quin
1570 2424 1737 2477 etiam
1772 2423 2124 2491 interpretari
2157 2438 2285 2492 pos-

708 2525 793 2569 set
829 2517 1031 2585 aliquis
1067 2517 1380 2584 sequiorem
1413 2517 1466 2569 in
1519 2525 1764 2585 partem,
1826 2515 1975 2583 quod
2030 2516 2285 2571 docuisse

707 2622 767 2659 se
795 2616 981 2659 narrat
1024 2606 1332 2659 Antiochiae
1368 2620 1463 2659 sex
1498 2622 1672 2659 annos
1702 2606 1805 2658 sub
1840 2605 2146 2670 Theodoto,
2183 2606 2285 2659 sub

708 2694 923 2751 Joanne
956 2695 1246 2757 tredecim,
1278 2703 1487 2762 septem
1512 2696 1615 2748 sub
1638 2696 1870 2748 Domno.
1915 2695 2111 2748 Annon
2137 2694 2285 2749 enim

706 2786 835 2839 inde
866 2794 1051 2853 posset
1074 2801 1172 2839 sua
1199 2784 1545 2839 confessione
1590 2785 1766 2838 teneri
1814 2800 1962 2847 reus,
1998 2796 2092 2837 aut
2130 2801 2285 2839 men-

708 2874 1049 2936 daeiunetili,
1098 2874 1244 2941 quod
1272 2873 1359 2925 vix
1392 2873 1728 2935 putandum;
1778 2884 1873 2926 aut
1917 2873 2282 2937 ambitiosius,

706 2981 873 3034 quam
912 2966 1232 3033 episcopum
1268 2980 1379 3017 sua:
1424 2965 1572 3017 sedis
1615 2965 1920 3017 studiosum
1951 2965 2161 3025 deceat,
2194 2982 2288 3019 ex-

706 3056 891 3123 petita:
928 3054 1402 3108 Antiochenorum
1438 3054 1769 3107 audientite?
1797 3054 1854 3107 ld
1901 3071 2033 3107 vero
2066 3064 2282 3123 postre-

2382 604 2709 672 prazscribit,
2750 602 2898 655 omni
2931 602 3156 670 quidem
3180 617 3248 655 ex
3280 612 3436 670 parte
3468 603 3826 672 expressisse,
3859 604 3952 658 sed

2381 708 2445 747 ea
2465 708 2577 762 pne
2599 693 2835 756 caeteris,
2856 707 2963 760 qua
2992 691 3250 745 Ecclesia!
3267 692 3554 760 praesulem
3582 700 3729 745 vetat
3754 693 3955 747 Paulus

2380 799 2502 837 esse
2529 784 2851 853 litigiosum,
2888 783 3175 852 turpisque
3201 783 3340 836 lucri
3372 782 3657 850 cupidum,
3688 792 3745 838 et
3771 799 3956 837 aman-

2384 884 2491 929 tem
2514 877 2783 944 pecurrim,
2833 875 2930 929 sed
2962 875 3234 936 sobrium,
3269 873 3529 943 pudicum
3563 882 3620 927 et
3647 873 3954 936 doctorem,

2382 966 2671 1018 veritatem
2730 964 2929 1019 docere
2975 965 3211 1036 populos
3256 963 3362 1017 sibi
3408 963 3671 1027 creditos,
3722 963 3958 1031 benigne

2382 1058 2686 1113 errantium
2733 1058 3023 1123 misereri,
3072 1070 3197 1110 eum
3260 1054 3521 1110 omnibus
3574 1069 3767 1123 pacem
3838 1068 3958 1108 ser-

2384 1164 2534 1203 vare.

2454 1240 2542 1294 ιν.
2582 1238 2858 1305 Quantum
2907 1238 3265 1292 abhorruerit
3296 1236 3566 1299 alitibus,
3618 1234 3873 1304 tuerique
3902 1245 3960 1288 et

2385 1346 2551 1401 Opum
2582 1332 2907 1399 cupiditate,
2957 1332 3069 1400 jam
3105 1338 3387 1383 ostensum
3429 1337 3544 1392 est;
3596 1342 3703 1395 qua
3751 1326 3961 1379 sobrie-

2386 1432 2496 1476 tate
2524 1423 2744 1486 vixerit,
2796 1437 3013 1491 quaque
3053 1422 3326 1484 castitate,
3357 1434 3477 1489 quae
3510 1419 3828 1473 sobrietatis
3864 1432 3959 1471 eo-

2387 1530 2522 1578 mes,
2556 1514 2659 1568 etsi
2684 1524 2872 1582 aperte
2902 1513 3087 1566 dicere
3117 1512 3339 1582 fugerit,
3385 1525 3454 1565 eo
3488 1518 3670 1565 tamen
3701 1510 3835 1564 satis
3874 1509 3961 1562 ἰη-

2386 1609 2509 1664 nuit
2567 1608 2736 1677 quod,
2769 1622 2894 1661 cum
2940 1606 3266 1659 Abraamem
3298 1604 3627 1672 scripsisset,
3672 1610 3960 1670 postquam

2386 1716 2453 1755 ex
2478 1700 2810 1753 anachoreta
2833 1699 3011 1751 factus
3034 1705 3118 1750 est
3137 1696 3425 1750 Carrensis
3455 1693 3714 1747 Ecclesiae
3740 1691 3959 1761 praesul,

2388 1791 2524 1843 nihil
2584 1789 2652 1843 de
2712 1789 2893 1857 rigore
2957 1787 3211 1841 ascetica:
3264 1786 3572 1855 disciplinae
3632 1783 3959 1838 remisisse:

2396 1901 2412 1931 ‹
2451 1881 2583 1950 Ego,
2634 1880 2814 1948 inquit
2858 1880 2924 1942 ",
2961 1878 3015 1931 id
3050 1877 3376 1941 admiratus,
3427 1876 3574 1945 quod
3604 1885 3814 1929 mutato
3842 1876 3964 1927 vitze

2390 1973 2642 2028 instituto
2671 1973 2840 2025 vitam
2864 1986 2973 2025 una
3004 1986 3112 2023 non
3156 1970 3404 2032 mutarit,
3434 1983 3613 2037 neque
3657 1966 3961 2019 molliorem

2389 2067 2565 2121 vietus
2588 2065 2855 2119 rationem
2886 2065 2941 2117 in
2965 2063 3285 2133 episcopatu
3311 2068 3537 2117 secutus
3561 2060 3652 2123 sit,
3680 2059 3777 2114 sed
3804 2073 3961 2113 asce-

2389 2163 2527 2216 ticos
2582 2160 2798 2214 labores
2855 2158 3191 2229 adjunxerit,
3247 2155 3302 2209 in
3356 2154 3750 2209 monachorum
3808 2152 3962 2205 illum

2388 2251 2616 2306 historia
2650 2251 2926 2312 recensui,
2972 2257 3028 2303 et
3060 2248 3129 2302 ab
3170 2247 3389 2312 ordine,
3442 2260 3606 2315 quem
3656 2243 3960 2305 adamarat,

2386 2360 2497 2398 non
2532 2343 2779 2413 sejunxi,
2821 2350 2880 2395 ut
2924 2340 3020 2410 qui
3061 2340 3202 2394 hanc
3252 2353 3471 2407 quoque
3520 2335 3961 2391 benedictionem

2387 2443 2661 2503 expetam.
2696 2451 2713 2484 ι
2747 2430 2960 2499 Quibus
2991 2431 3173 2485 verbis
3207 2429 3539 2484 imitatorem
3575 2442 3633 2482 se
3674 2423 3962 2481 Abraamis

2387 2526 2649 2597 prodidit.

2457 2621 2527 2675 Et
2572 2635 2703 2673 vero
2744 2633 2868 2673 eum
2914 2617 3211 2687 aliquando
3241 2616 3481 2673 venisset
3528 2615 3594 2669 ad
3642 2622 3961 2670 sanctorum

2388 2720 2693 2767 ascetarum
2730 2718 2955 2773 emtum,
2991 2710 3130 2763 nihil
3162 2709 3264 2779 ipsi
3291 2708 3601 2779 appositum
3642 2715 3746 2769 est,
3774 2719 3959 2774 quam,

2387 2820 2496 2874 quo
2522 2804 2601 2857 uti
2654 2804 2877 2858 solitum
2906 2804 3130 2866 scirent,
3159 2804 3276 2856 lens
3317 2818 3519 2870 nempe
3550 2798 3854 2853 madefacta
3894 2797 3963 2850 ad

2385 2898 2654 2959 edulium,
2703 2904 2759 2950 et
2807 2911 2945 2963 aqua
2980 2895 3046 2948 ad
3085 2904 3299 2964 potum.
3338 2893 3492 2948 Adde
3530 2890 3674 2961 quod
3703 2899 3962 2958 paternas

2387 3007 2521 3062 opes
2544 3005 2673 3043 sane
2696 2987 3060 3055 amplissimas
3086 2985 3425 3055 pauperibus
3447 2984 3675 3052 largitus
3704 2982 3794 3042 sit,
3814 2979 3962 3048 quod

2388 3082 2694 3153 panniculis
2725 3080 2896 3149 magis
2923 3094 3086 3147 quam
3118 3076 3368 3131 vestibus
3414 3074 3765 3135 amiciretur,
3815 3070 3961 3140 quod

708 3159 859 3196 mum
904 3143 1263 3205 credibilius,
1308 3144 1425 3195 sive
1476 3142 1530 3195 id
1578 3144 1773 3196 fecerit
1828 3146 2018 3211 patriae
2077 3146 2280 3208 studio,
2312 3187 2355 3243 C
2388 3142 2445 3227 ξη
2478 3174 2679 3226 ὅπως
2705 3142 3120 3239 ἀρδιξίρίέηιεειηι
3157 3182 3341 3220 rerum
3373 3166 3440 3219 ad
3473 3180 3671 3234 corpus
3713 3172 3965 3232 specum-

708 3250 872 3303 quam
919 3234 1239 3300 frequenter
1281 3234 1542 3285 inviseret
1574 3234 1811 3287 duorum
1848 3236 2114 3287 duntaxat
2162 3236 2281 3290 die-

709 3340 831 3377 rum
865 3325 1063 3376 itinere
1093 3324 1387 3377 distantem
1431 3324 1573 3392 Cyro
1602 3342 1614 3376 :
1646 3325 1758 3377 sive
1792 3325 2088 3377 Eeclesiam
2128 3341 2283 3379 suam

709 3431 819 3469 non
869 3414 1267 3467 nobilissimam
1307 3413 1598 3475 fastidiret,
1632 3413 1687 3467 in
1727 3430 1833 3482 qua
1862 3416 2051 3483 paucis
2081 3415 2284 3470 Graae'e

707 3506 921 3561 delicia:
961 3514 1252 3574 saperent;
1305 3505 1421 3557 sive
1470 3506 1687 3559 tandem
1726 3507 1951 3575 plausus
1979 3507 2282 3561 alienarum

710 3598 932 3649 urbium
957 3605 1193 3664 optaret.
1218 3595 1351 3647 Nam
1372 3594 1496 3660 quis
1519 3606 1783 3663 praestans
1804 3605 1989 3649 orator
2011 3613 2117 3649 non
2140 3606 2285 3650 amet

710 3687 942 3740 famam?
993 3697 1088 3739 aut
1131 3702 1253 3754 qua:
1296 3685 1652 3746 existimatio,
1685 3686 1729 3737 si
1768 3686 2085 3739 continetur
2127 3686 2282 3757 145

708 3777 878 3839 domi,
912 3786 1188 3831 mereatur
1213 3778 1368 3830 fama:
1393 3777 1631 3829 nomen?
1654 3776 1814 3831 Certe
1846 3793 1956 3831 non
1982 3778 2283 3832 Antiochiae

713 3878 947 3933 tantum,
986 3870 1081 3923 sed
1128 3870 1293 3923 etiam
1340 3868 1545 3921 Hermae
1596 3868 1855 3937 frequens
1903 3868 2025 3930 fuit,
2070 3884 2281 3922 sermo-

709 3976 917 4029 nesque
944 3961 1157 4024 habuit,
1182 3976 1322 4028 quos
1355 3969 1409 4013 et
1440 3975 1637 4029 magna
1667 3960 1947 4028 voluptate
1974 3961 2161 4015 clerici
2188 3977 2281 4014 au-

711 4053 917 4116 dirent,
943 4061 1000 4108 et
1026 4053 1141 4122 ipse
1167 4053 1503 4121 perlibenter
1534 4052 1842 4107 effunderet
1873 4071 1885 4106 :
1920 4053 1996 4116 id,
2028 4069 2149 4122 quae
2181 4054 2283 4107 hu-

712 4160 883 4197 manm
905 4144 1104 4197 mentis
1129 4145 1371 4207 vanitas,
1404 4144 1471 4197 de
1502 4142 1888 4197 Beraaensibus
1912 4153 2165 4198 testatum
2193 4161 2281 4199 re-

712 4236 890 4303 liquit.
945 4234 1081 4288 Cum
1128 4235 1274 4288 enim
1321 4244 1561 4305 quatuor
1608 4251 1800 4289 causas
1852 4236 2147 4299 attulisset,
2181 4252 2279 4290 cur

713 4336 937 4379 mutuus
986 4326 1132 4378 inter
1161 4341 1219 4378 se
1261 4334 1317 4378 ct
1365 4327 1686 4379 Bermenscs
1743 4341 1896 4379 amor
1948 4324 2282 4381 exsisteret?

720 4438 737 4467 ι
768 4416 824 4471 Si
853 4417 1039 4481 vultis,
1084 4418 1264 4485 inquit
1311 4417 1376 4480 ‘°,
1410 4418 1663 4485 quintum
1696 4416 1896 4479 dicam,
1936 4432 2057 4485 qua:
2085 4417 2282 4486 lingua:

2392 3263 2527 3317 tium
2560 3260 2911 3314 continenter
2942 3267 2997 3311 et
3028 3272 3168 3326 pene
3201 3256 3513 3324 importune
3547 3253 3819 3315 laudaret,
3853 3265 3965 3320 quo

2391 3355 2532 3409 facto
2568 3353 2739 3407 videri
2786 3357 2990 3421 potest,
3034 3365 3101 3403 ex
3144 3349 3336 3411 animi,
3370 3356 3429 3401 ut
3462 3346 3539 3409 lit,
3570 3345 3858 3398 affectione
3886 3344 3965 3396 lo-

2391 3455 2572 3506 cutus,
2604 3452 2659 3497 et
2683 3459 2739 3497 se
2775 3442 3010 3496 aliorum
3036 3440 3193 3509 quasi
3224 3438 3500 3493 coloribus
3522 3436 3852 3505 depinxisse.

2460 3538 2522 3591 V.
2556 3535 2655 3590 Ubi
2686 3534 2925 3603 primum
2957 3531 3189 3585 accessit
3213 3530 3279 3583 ad
3313 3528 3520 3589 sedem,
3548 3525 3823 3580 indefesso
3847 3532 3966 3578 stu-

2390 3628 2482 3680 dio
2512 3626 2765 3680 incubuit
2808 3624 2861 3677 in
2899 3623 3056 3693 1A6
3087 3622 3403 3690 parochiam
3430 3618 3498 3673 ab
3533 3617 3806 3691 lueretieis
3835 3631 3961 3684 pur-

2390 3718 2656 3789 gandam;
2688 3717 2891 3785 quibus
2922 3730 3050 3766 vero
3080 3712 3364 3766 laboribus
3398 3719 3453 3765 et
3477 3725 3587 3778 quo
3618 3709 3821 3767 fructu,
3848 3706 3962 3759 No-

2389 3810 2543 3862 mo“
2575 3807 2844 3876 exponit.
2882 3824 2899 3857 ‹
2939 3804 3121 3865 Vicos,
3158 3802 3339 3870 inquit
3385 3802 3453 3861 ”,
3498 3808 3622 3853 octo
3671 3795 3965 3851 Marcionis

2389 3897 2581 3951 haresi
2615 3901 2924 3963 corruptos,
2958 3908 3066 3946 una
3106 3907 3229 3945 cum
3280 3888 3479 3943 vicinis
3523 3887 3678 3949 locis,
3713 3885 3777 3938 ad
3808 3884 3959 3936 veri-

2390 3998 2554 4044 tatem
2602 3986 2854 4039 nolentes
2882 3982 3149 4054 perduxi:
3177 3981 3358 4035 vicum
3395 3980 3562 4034 alium
3601 3976 3963 4031 Eunomianis

2389 4077 2674 4139 refertum,
2701 4083 2757 4129 et
2785 4074 2949 4127 alium
2973 4072 3211 4135 Arianis,
3240 4071 3439 4125 divinae
3471 4068 3800 4139 cognitionis
3837 4068 3962 4121 luce

2389 4168 2693 4231 illustravi;
2723 4166 3046 4233 nullumque
3072 4162 3215 4232 apud
3241 4177 3363 4225 nos,
3395 4161 3492 4215 Dei
3520 4159 3810 4221 beneficio,
3842 4157 3959 4212 hee-

2390 4258 2529 4312 resis
2558 4254 2746 4311 lolium
2781 4255 3033 4309 relictum
3074 4262 3177 4307 est.
3220 4253 3408 4322 Neque
3440 4266 3570 4305 vero
3595 4250 3695 4303 ista
3720 4248 3837 4304 sine
3869 4263 3964 4318 pe»

2390 4349 2579 4403 rieulis
2604 4348 2863 4418 praestiti;
2908 4347 3006 4400 sed
3044 4345 3168 4400 fuso
3197 4345 3522 4413 plerumque
3561 4340 3845 4410 sanguine,
3877 4340 3961 4393 la-

2388 4439 2610 4511 pidatus
2646 4437 2714 4491 ab
2753 4437 2833 4490 eis
2871 4450 3136 4505 persatpe,
3185 4442 3241 4487 et
3283 4432 3349 4486 ad
3404 4432 3551 4501 ipsas
3602 4430 3717 4484 orci
3772 4437 3960 4498 portas

714 4508 781 4561 ad
809 4523 977 4561 aures
1004 4515 1090 4561 est
1115 4507 1431 4575 coajunctio
1461 4524 1472 4558 :
1504 4507 1596 4559 illa
1625 4506 1827 4575 quippe
1856 4506 2023 4560 verba
2049 4508 2280 4575 profert,
2316 4535 2358 4588 υ

2316 4535 2358 4588 ι)
2390 4506 2677 4597 impulsus.
2733 4546 2750 4577 ι
2806 4526 3004 4579 Decem
3034 4523 3481 4577 Mareionitarum
3512 4520 3678 4574 millia
3718 4535 3747 4572 a
3780 4534 3838 4573 se
3861 4519 3957 4571 ba-

712 4600 797 4653 hte
828 4613 959 4652 vero
1002 4598 1286 4667 excipiunt
1313 4615 1325 4649 :
1354 4597 1600 4651 eamdem
1636 4606 1693 4650 et
1734 4612 1836 4651 nos
1879 4596 2150 4651 habemus
2182 4615 2280 4652 vo-

711 4692 953 4756 biscum;
978 4707 1076 4743 vos
1092 4690 1295 4745 etenim
1320 4706 1446 4743 cum
1467 4690 1745 4759 voluptate
1764 4704 2045 4742 sermones
2062 4702 2283 4745 nostros

709 4782 933 4842 auditis,
984 4789 1041 4834 et
1090 4784 1192 4849 ego
1235 4780 1487 4849 exiguam
1525 4779 1669 4832 hanc
1701 4779 1899 4833 stillam
1946 4781 2283 4848 perlibenter

710 4874 764 4929 in
791 4889 889 4926 vos
921 4872 1169 4926 et'lundo.
1202 4892 1221 4923 ›

778 4964 866 5017 Ill.
897 4963 1098 5017 Verum
1141 4964 1257 5017 haec
1284 4962 1642 5017 humanitatis
1681 4965 1864 5032 potius
1892 4979 2052 5033 quam
2084 4966 2280 5020 volun-

710 5055 838 5108 tatis
866 5064 1110 5124 peccata,
1142 5064 1201 5107 ut
1228 5054 1385 5107 facile
1412 5055 1547 5108 viris
1573 5054 1790 5109 eximiis
1820 5055 2117 5110 condonari
2151 5074 2279 5127 pos-

708 5147 839 5205 sint.
879 5147 1005 5215 quia
1038 5146 1195 5199 facile
1238 5146 1381 5199 inter
1411 5147 1635 5215 plausus
1679 5146 2017 5216 subrepunt;
2063 5150 2137 5204 ita
2170 5166 2281 5205 non

716 5239 1104 5301 obstiterunt,
1152 5238 1449 5305 quominus
1526 5253 1625 5306 pro
1682 5237 1944 5303 dignitate
1993 5256 2279 5310 personam

716 5330 967 5398 praesulis
996 5330 1341 5383 sustinuerit.
1376 5329 1609 5384 Videtur
1653 5332 1798 5382 enim
1849 5332 1903 5383 in
1954 5347 2012 5385 se
2051 5332 2277 5388 formam

776 5504 805 5545 δ
837 5504 851 5554 l
895 5505 1035 5558 Tim.
1078 5504 1229 5566 tu,3.
1308 5514 1329 5541 ε
1367 5504 1475 5557 Tit.
1504 5520 1539 5565 ι,
1575 5504 1685 5556 7-0.

2391 4619 2593 4688 ptismo
2621 4616 2788 4669 tincta
2823 4614 2929 4669 alio
2967 4614 3020 4667 in
3042 4614 3165 4668 loco
3192 4612 3360 4666 refert
3382 4612 3429 4643 "
3462 4628 3473 4664 :
3507 4619 3653 4664 tanta
3686 4610 3788 4663 fuit
3810 4609 3962 4663 labo-

2393 4712 2468 4765 ris
2501 4725 2713 4764 merces
2736 4750 2749 4773 ,
2802 4714 2950 4761 tanta
2986 4704 3280 4776 pugnantis
3324 4718 3494 4771 usque
3533 4701 3600 4755 ad
3635 4701 3957 4770 sanguinem

2390 4818 2787 4940 co?l'iaheqtte
2822 4869 3022 4921 mirum
3064 4882 3131 4920 eo
3166 4872 3435 4936 proventu
3483 4862 3663 4931 colligi
3716 4861 3957 4915 fructum

2389 4962 2681 5033 potuissea
2718 4967 2943 5013 strenuo
2970 4956 3199 5018 cultore,
3229 4954 3317 5008 cui
3365 4953 3535 5006 sancti
3576 4950 3956 5021 prodigiorum

2383 5054 2692 5113 effectores,
2744 5048 2961 5119 ipsique
2998 5048 3230 5109 etelites,
3267 5054 3322 5099 et
3365 5044 3671 5113 praesertim
3710 5042 3952 5111 Baptista

2382 5147 2621 5202 Joannes
2671 5141 3093 5196 collaborarent.
3150 5138 3285 5191 Rem
3331 5137 3447 5205 ipse
3498 5140 3704 5197 narrat,
3757 5133 3851 5186 ubi
3886 5132 3955 5186 de

2380 5236 2587 5291 Iacobo
2621 5234 3029 5299 Thaumaturgo
3053 5229 3262 5283 scribit.
3296 5247 3312 5279 ‹
3339 5226 3617 5296 Rogabam
3647 5226 3844 5295 ipsum,
3866 5224 3953 5277 in-

2384 5329 2503 5398 Quit
2528 5328 2597 5390 ",
2620 5326 2857 5388 enixius,
2884 5330 2944 5375 ut
2973 5324 3144 5376 Deum
3172 5321 3556 5374 universorum
3584 5327 3786 5378 oraret,
3815 5314 3951 5369 mihi

2036 5601 2345 5658 SCHULZII
2383 5601 2613 5657 NOTAE.

776 5722 820 5751 ‘°
850 5718 1043 5788 lnquil.
1086 5718 1212 5773 Vid.
1244 5718 1420 5789 epist.
1457 5718 1540 5772 75.
1598 5720 1657 5789 ν²¹
1689 5720 1942 5781 ΡΙιὶΙοιΙι..
1974 5737 2092 5789 cap.
2130 5724 2213 5776 l7.

2291 5722 2540 5776 "Nemo.
2584 5721 2683 5776 Ed.
2728 5720 2881 5790 prior
2911 5716 3146 5773 habebat
3186 5717 3501 5774 Eutreehio.

3581 5720 3625 5751 κ
3654 5718 3827 5790 Epist.
3853 5717 3945 5773 ει.

706 5792 751 5823 ’⁸
770 5786 1069 5861 Ερὲςιηὸ.
1123 5786 1299 5860 (And;
1337 5787 1498 5858 epist.
1552 5788 1696 5862 H3.)
1773 5793 1817 5824 ⁸⁵
1846 5792 1981 5845 Hist.
2024 5786 2195 5863 relig.,
2244 5808 2365 5863 cap.
2395 5793 2482 5846 2|.
