4208 6440
247 370 340 437 101

1407 368 1771 428 HISTORIA
1808 367 2317 430 THEODORETI.

3394 374 3495 439 102

247 492 306 535 ut
350 487 595 549 segetem
640 478 788 533 loliis
830 490 1056 530 vacuam
1101 472 1377 537 redderet,
1427 473 1766 542 liberamque
1792 488 1822 526 a
1852 476 1895 530 Α
1925 483 2118 526 nactus
2161 488 2361 539 essem,
2413 471 2796 543 aqumdnctutn
2846 476 3088 542 condidi,
3128 486 3183 533 et
3218 492 3493 535 carentem

247 569 554 623 seminibus
591 569 999 622 haereticorum.
1046 564 1298 633 Angebat
1342 563 1490 617 enim
1535 578 1621 617 me
1654 563 1821 617 vehe-

245 671 465 715 menter
501 660 829 715 exsecrandi
855 658 1145 712 Marcionis
1166 672 1346 721 error,
1380 656 1469 724 qui
1498 670 1822 725 magnOpere

243 752 569 805 invaluerat.
628 749 721 802 llle
771 759 954 801 autem
1000 744 1297 800 obtestanti
1343 744 1476 797 mibi
1522 762 1533 796 ε
1577 744 1676 796 Nec
1722 760 1817 809 me,

243 842 443 910 inquit,
487 858 577 894 nec
618 839 724 893 alio
757 840 899 909 apud
942 838 1111 892 Deum
1146 837 1235 890 tibi
1289 853 1417 905 Opus
1469 843 1543 889 est
1574 838 1695 889 inte'
1723 853 1821 888 τρε-

237 950 395 996 sere;
433 948 703 985 summum
736 931 893 984 [iubes
921 930 1209 991 Joannem,
1271 928 1420 981 Verbi
1470 944 1664 990 vocem,
1720 927 1817 980 Oo-

241 1024 371 1076 mini
427 1037 833 1092 pra-cursorem,
892 1021 981 1089 qui
1010 1021 1106 1073 hac
1134 1035 1228 1088 pro
1260 1026 1308 1071 te
1336 1018 1650 1087 deprecatur
1699 1019 1817 1071 issi-

240 1122 363 1165 due.
397 1133 414 1162 ι

308 1204 524 1269 Quanta
567 1203 650 1255 vis
680 1201 823 1255 foret
853 1200 1117 1269 ejusmodi
1147 1215 1371 1268 precum
1403 1200 1470 1254 ad
1510 1204 1525 1219 '
1556 1216 1813 1254 coercen-

237 1293 368 1346 dum
401 1294 731 1354 daemonem,
766 1307 834 1345 ne
866 1307 977 1359 prae
1018 1290 1247 1352 invidia,
1281 1305 1389 1358 qua
1434 1290 1812 1359 rumpebatur,

235 1381 512 1435 laboranti
558 1381 889 1443 obsisteret,
938 1387 1157 1432 ostento
1211 1379 1357 1432 Deus
1406 1378 1813 1432 Theodoretum

234 1472 543 1525 admonuit.
599 1491 615 1520 ι
661 1470 825 1525 Venit
876 1470 1194 1539 aliquando,
1246 1470 1430 1539 inquit
1451 1470 1517 1535 '°,
1552 1471 1620 1525 de
1655 1480 1814 1523 nocte

232 1565 475 1617 exitialis
516 1564 739 1632 quidam
798 1563 1033 1622 dannon,
1084 1569 1141 1615 et.
1175 1560 1312 1632 Syra
1354 1563 1588 1631 loquens
1633 1578 1807 1615 voce:

233 1655 371 1718 Quid
416 1655 556 1706 heus
585 1663 639 1705 tu
666 1653 867 1706 bellum
895 1652 1041 1720 geris
1068 1667 1193 1705 enm
1218 1652 1489 1706 Marciane
1511 1653 1532 1704 ?
1555 1652 1665 1705 Cur
1693 1663 1801 1706 tan-

232 1745 357 1797 dem
413 1759 540 1797 eum
593 1743 685 1795 illo
724 1742 866 1794 banc
910 1755 1145 1809 pugnam
1181 1741 1512 1810 suscepisti?
1543 1740 1682 1806 Quid
1720 1741 1811 1794 ille

235 1834 333 1887 tibi
388 1832 655 1886 molestiae
712 1831 949 1885 ereavit?
985 1830 1190 1883 Bcllare
1231 1829 1455 1893 desine,
1492 1830 1807 1884 inimicitias
1845 1809 1884 1860 Β

230 1922 467 1991 depone,
515 1933 610 1975 aut
664 1920 1004 1989 experientia
1044 1920 1243 1982 disces,
1288 1930 1555 1989 quantum
1602 1921 1805 1974 bonum

228 2014 299 2064 sit
340 2014 520 2081 quies.
558 2011 709 2065 Scito
769 2010 917 2065 enim
965 2010 1111 2078 quod
1144 2020 1193 2065 te
1224 2011 1333 2081 jam
1374 2012 1586 2081 pridem
1615 2014 1804 2067 conlo-

230 2107 469 2169 dissem,
522 2105 627 2159 nisi
691 2116 987 2175 martyrum
1047 2104 1277 2158 chorum
1321 2120 1443 2159 cum
1495 2105 1701 2160 Jacobo
1752 2118 1804 2161 te

230 2198 637 2253 custodientem
667 2198 943 2252 vidissem.
986 2196 1111 2251 llaae
1130 2214 1230 2268 ego
1263 2198 1469 2261 audivi,
1497 2208 1551 2251 et
1588 2199 1803 2253 cuidam

228 2306 259 2341 e
305 2291 694 2352 familiaribus,
733 2291 826 2359 qui
862 2293 1013 2359 juxta
1069 2290 1394 2353 dormiebat,
1426 2291 1676 2355 Audisne,
1720 2308 1803 2345 ιιι-

228 2394 415 2447 quam,
465 2396 582 2449 qua:
636 2379 927 2432 dicuntur?
957 2379 1024 2433 Et
1058 2379 1147 2433 ille
1183 2398 1196 2433 :
1231 2378 1442 2446 Omnia,
1471 2381 1669 2451 inquit,
1707 2400 1804 2435 uu-

228 2470 364 2531 diri;
422 2478 471 2521 et
523 2486 644 2522 cum
693 2486 908 2538 surgere
952 2467 1154 2532 liberet,
1206 2479 1261 2521 ut
1294 2470 1600 2540 dispicerem
1632 2482 1678 2523 et
1719 2490 1804 2523 σοι·

227 2577 532 2631 gnosccrem
579 2563 693 2632 quis
744 2561 1069 2631 loqueretur,
1113 2570 1206 2616 tua
1237 2579 1399 2616 causa
1440 2563 1633 2627 destiti,
1669 2565 1807 2634 quod

230 2665 277 2704 te
324 2654 563 2706 dormire
619 2651 946 2706 arbitrabar.
992 2651 1292 2722 Surgentes
1326 2653 1491 2722 igitur
1539 2654 1718 2719 ambo,
1751 2664 1807 2709 et

229 2743 763 2812 circumspicientes,
817 2758 921 2797 nec
969 2752 1179 2797 motum
1232 2744 1417 2806 ullius,
1467 2760 1570 2799 nec
1618 2761 1804 2800 vocem

229 2834 564 2888 :nlivimus.
613 2833 793 2889 Verba
838 2850 1003 2904 porro
1042 2834 1131 2887 illa
1179 2834 1469 2887 nobiscum
1520 2836 1809 2888 audierant

224 2926 320 2978 alii
373 2939 599 2993 quoque
652 2924 960 2977 domestici.
1020 2924 1271 2978 Intellexi
1331 2940 1461 2993 ergo
1508 2934 1805 2995 martyrum

227 3018 460 3071 chorum
496 3017 564 3071 ab
592 3034 659 3071 eo
693 3018 800 3071 dici
832 3018 1109 3088 lecytbnm
1152 3018 1281 3081 olei,
1319 3020 1413 3087 qui
1459 3020 1740 3072 collectam
1776 3034 1805 3072 a

1926 560 2084 627 aquis
2114 561 2392 614 civitatem
2420 562 2578 631 aquis
2616 563 2843 630 replcvi.
2889 584 2906 614 ι

1996 647 2138 711 Quin
2180 649 2346 702 etiam
2393 652 2460 702 de
2516 652 2763 705 levandis
2808 653 3072 707 oneribus
3105 670 3229 709 cum
3258 656 3487 712 Pulche-

1920 738 1999 791 ria
2032 741 2271 808 Angusta
2298 742 2409 809 egit
2444 757 2542 810 per
2574 744 2805 807 litteras,
2856 745 3223 800 miserabilem
3256 750 3493 804 civitatis

1921 838 2122 883 statum
2165 829 2424 884 ﬂebiliter
2462 847 2741 899 exponens
2793 834 2859 896 ”,
2909 834 2997 886 cui
3050 850 3246 903 nempe
3307 856 3324 887 ε
3379 849 3487 891 tant

1920 935 2088 987 grave
2118 936 2259 975 onus
2284 922 2660 985 incumbebat,
2695 934 2753 977 ιιι
2784 934 2840 977 et
2863 925 3063 993 praedia
3091 928 3257 979 multa
3286 931 3493 984 colonis

1920 1012 2176 1066 destituta
2205 1023 2408 1075 essent,
2437 1014 2605 1066 multa
2643 1014 2805 1066 etiam
2838 1031 2865 1068 a
2893 1018 3307 1083 possessoribus
3342 1022 3493 1087 peni-

1922 1110 2007 1153 tus
2048 1102 2262 1155 deserta
2300 1120 2312 1154 :
2359 1114 2416 1156 et
2467 1120 2567 1172 pro
2615 1104 2700 1157 bis
2744 1106 3100 1160 nihilominus
3135 1108 3491 1176 exigerentur

1919 1192 2284 1245 infelicissimi
2314 1193 2662 1258 decuriones,
2688 1194 2805 1263 qui,
2837 1198 3179 1250 exactionem
3214 1199 3358 1253 ferre
3377 1217 3488 1253 non

1917 1284 2181 1345 valentes,
2213 1284 2412 1351 partim
2448 1286 2848 1349 mendicarcnt,
2880 1288 3076 1354 partim
3107 1286 3233 1357 fuga
3263 1304 3321 1342 se
3361 1291 3491 1344 sub-

1917 1374 2202 1427 ducerent.
2241 1393 2259 1424 ›

1984 1466 2125 1531 Quid
2164 1466 2309 1534 quod
2351 1466 2621 1520 laboranti
2664 1468 2870 1521 civitati
2917 1469 3217 1532 medicum,
3258 1487 3366 1539 quo
3396 1490 3485 1525 en-

1916 1557 2091 1620 rcbat,
2142 1554 2359 1625 aliaque
2416 1559 2685 1626 ejusmodi
2741 1560 2928 1626 plura,
2983 1576 3105 1628 qua:
3146 1562 3368 1629 longum
3406 1578 3489 1614 rc-

1912 1652 2074 1713 fcrre.
2136 1654 2487 1721 procuravit.
2538 1654 2724 1707 animo
2770 1654 3173 1710 admirabiliter
3232 1658 3480 1724 liberali,

1912 1755 2079 1807 egens
2108 1739 2243 1807 ipse,
2282 1750 2340 1792 ut
2365 1741 2457 1793 alii
2489 1741 2851 1795 abundarent.
2892 1807 2916 1813 κ

1979 1829 2069 1882 IX.
2126 1831 2309 1898 Neque
2368 1848 2500 1885 vero
2550 1833 2881 1887 Theodoreti
2939 1835 3298 1890 beneﬁcentia
3349 1851 3484 1890 con-

1911 1927 2054 1971 tenta
2082 1919 2186 1972 fuit
2229 1919 2519 1990 Cyrestiuc
2561 1924 2779 1985 ﬁnibus,
2828 1934 2883 1975 et
2915 1940 3133 1977 suarum
3166 1927 3481 1982 facultatum

1908 2011 2069 2064 modo
2096 2030 2107 2064 :
2140 2012 2232 2065 sed
2258 2014 2498 2067 extendit
2524 2030 2581 2068 se
2609 2016 2793 2078 latius,
2836 2017 3175 2086 aliarumque
3200 2020 3479 2088 regionum

1906 2112 2146 2171 egentes.
2186 2120 2323 2173 quos
2363 2105 2479 2159 suis
2518 2122 2627 2159 non
2672 2116 2904 2175 poterat,
2945 2109 3247 2162 amicorum
3283 2113 3480 2178 opibus

1900 2195 2088 2264 juvit:
2142 2203 2308 2250 testes
2367 2197 2631 2264 epistolae.
2681 2198 2882 2265 quibus
2930 2199 3150 2255 divitias
3182 2203 3297 2256 sive
3342 2219 3479 2272 quas

1906 2298 2192 2355 acceperat
2222 2304 2249 2339 a
2278 2289 2597 2357 parentibus
2641 2290 3023 2357 amplissimas,
3068 2294 3181 2347 sive
3214 2310 3350 2364 quas
3371 2295 3476 2366 Cy-

1908 2380 2081 2433 rcnsis
2114 2380 2353 2433 Ecclesia
2399 2395 2508 2433 non
2555 2380 2860 2436 mediocres
2904 2383 3239 2450 possidebat.
3270 2401 3476 2455 paupe-

1908 2471 2059 2525 ribus
2107 2488 2164 2525 se
2206 2473 2462 2542 largitum
2501 2471 2658 2526 fateri
2697 2473 2987 2543 aliquando
3014 2486 3236 2530 coactus
3266 2487 3381 2541 est,
3420 2489 3476 2533 et

1906 2568 2129 2629 amicos.
2160 2577 2217 2621 ut
2243 2568 2384 2621 idem
2406 2568 2667 2626 facerent.
2690 2569 2886 2622 litteris
2912 2570 3264 2627 vehementer
3287 2572 3476 2628 incen-

1906 2658 2015 2719 dit;
2043 2658 2187 2725 quod
2216 2674 2314 2712 suo
2341 2666 2583 2727 tempore
2614 2660 2980 2714 narrabimus.

1978 2746 2044 2799 Χ.
2078 2746 2319 2799 Fuerunt
2342 2747 2442 2799 ista
2469 2746 2595 2800 boni
2627 2747 2729 2800 viri
2774 2746 2980 2811 oﬂicia,
3025 2748 3140 2804 hcce
3181 2752 3468 2819 prudentis

1907 2836 2068 2889 simul
2096 2846 2150 2889 et
2171 2838 2495 2891 cbaritatem
2524 2838 2807 2892 sectantis.
2832 2839 2901 2893 Ut
2922 2855 3194 2909 quemque
3227 2854 3474 2908 noverat,

1907 2926 1989 2976 vel
2010 2925 2312 2978 sanctitatis
2336 2926 2474 2979 fama
2496 2926 2791 2987 celebrem,
2828 2928 2909 2980 vel
2941 2928 3188 2982 doctrina
3218 2931 3473 2995 nobilem,

1906 3016 1989 3067 vel
2016 3016 2340 3069 auctoritate
2372 3018 2664 3084 pollentem
2686 3056 2700 3079 ,
2732 3018 2805 3071 ita
2838 3019 3009 3086 ipsius
3055 3022 3350 3077 amicitiam
3386 3042 3478 3079 ca-

227 3109 420 3162 multis
468 3109 800 3177 martyribus
847 3109 1287 3163 benedictionem
1348 3110 1636 3163 continens
1660 3150 1673 3172 ,
1737 3109 1801 3162 ad
1833 3140 1872 3195 ο
1908 3104 2093 3172 plabat
2132 3124 2143 3156 :
2184 3104 2315 3173 quid
2350 3106 2496 3158 enim
2529 3106 2719 3159 utilius
2743 3106 2795 3160 in
2820 3124 3037 3162 omnem
3075 3111 3199 3165 vita:
3230 3116 3478 3181 partem?

228 3199 435 3253 lectum
471 3216 654 3253 meum
699 3215 999 3269 suspensus
1050 3208 1169 3255 erat
1200 3218 1211 3253 :
1246 3200 1348 3253 sub
1396 3201 1572 3269 capite
1620 3208 1801 3253 autem

228 3308 352 3345 meo
395 3292 577 3361 magni
605 3292 795 3346 Jacobi
828 3304 987 3346 vetus
1035 3292 1140 3345 fuit
1181 3293 1429 3361 pallium,
1476 3292 1623 3361 quod
1669 3294 1802 3346 mihi

226 3385 466 3438 validius
491 3394 612 3438 erat
636 3384 779 3437 vallo
803 3384 1042 3453 quodam
1075 3384 1447 3438 adamantina.
1498 3405 1515 3435 ι

303 3496 460 3565 147
500 3496 611 3550 νιι.
654 3497 791 3551 Dum
818 3498 894 3551 ita
944 3498 1090 3551 Deus
1120 3498 1318 3565 emptis
1350 3497 1575 3560 faveret,
1623 3496 1805 3550 Theo-

228 3584 457 3637 doretus
509 3584 753 3638 vicissim
808 3584 1008 3638 divina:
1070 3585 1207 3655 legis
1265 3600 1477 3639 memor
1523 3585 1801 3639 assiduam

227 3676 577 3743 pnesentiam
624 3676 901 3746 parochiaz
946 3676 1261 3730 exhibebat.
1304 3676 1439 3732 Nam
1479 3677 1581 3731 etsi
1610 3677 1803 3730 Antio-

229 3766 367 3819 chia:
415 3765 653 3819 subinde
707 3766 940 3820 haberet
992 3767 1307 3830 conciones,
1346 3767 1565 3835 quoties
1607 3783 1802 3836 nempe

228 3856 540 3919 adveniret,
567 3872 625 3909 se
659 3865 840 3909 tamen
874 3865 1034 3927 negat
1066 3874 1306 3927 unquam
1335 3858 1644 3920 advenisse,
1669 3859 1802 3927 quin

232 3946 496 3998 tractoria
543 3954 838 3999 vocaretur
873 3946 940 3999 ad
972 3946 1230 4016 synodos,
1278 3962 1307 3999 a
1355 3947 1559 4016 quibus
1613 3947 1803 4001 abesse

227 4037 383 4090 nefas
449 4047 615 4090 esset.
661 4055 679 4086 ι
742 4037 970 4091 Noverit
1003 4037 1323 4107 magnitudo
1378 4047 1469 4091 tua
1544 4038 1800 4109 (Nomutn

226 4128 527 4196 alloquitur
568 4126 657 4197 "),
704 4142 791 4181 me
830 4142 930 4181 nec
962 4137 1207 4197 tempore
1241 4128 1547 4183 beatissimi
1596 4129 1801 4183 sancti-

228 4234 333 4286 que
392 4218 692 4280 Theudoti,
748 4233 851 4271 nec
886 4217 986 4272 sub
1025 4218 1195 4273 beatae
1234 4219 1511 4273 memoriae
1550 4219 1756 4274 Joanne
1786 4260 1801 4285 ,

230 4326 327 4364 nec
401 4310 505 4363 sub
573 4309 919 4363 sanctissimo
983 4308 1244 4378 episcopo
1309 4308 1535 4363 domino
1592 4310 1803 4363 Domno

227 4411 424 4469 sponte
479 4415 600 4453 mea
642 4400 878 4454 intrasse
924 4398 1310 4462 Antiochiam,
1359 4398 1455 4451 sed
1513 4398 1804 4466 quinquies

227 4505 290 4544 ac
367 4490 549 4543 sexies
632 4499 885 4543 vocatum
984 4490 1077 4542 vix

229 4588 447 4641 autem,
499 4585 559 4631 ut
629 4579 1003 4633 ecclesiastico
1060 4578 1258 4631 canoni
1300 4577 1658 4646 obsequerer,
1705 4579 1801 4649 qui

229 4686 382 4726 reum
449 4670 641 4723 haberi
687 4670 845 4738 jubet
891 4683 1055 4733 eum,
1106 4667 1202 4737 qui
1255 4667 1322 4721 ad
1366 4668 1633 4738 synodum
1702 4684 1799 4723 vo-

228 4771 383 4815 catus
426 4761 618 4815 adesse
661 4761 918 4815 noluerit.
966 4779 985 4812 ι
1016 4760 1219 4815 Verum
1270 4760 1369 4813 ista
1405 4760 1613 4825 videre,
1659 4776 1799 4829 quo-

228 4852 393 4905 modo
434 4866 561 4905 cum
600 4851 981 4920 superioribus
1031 4859 1195 4920 atque
1237 4851 1402 4905 etiam
1446 4851 1803 4919 sequentibus

228 4953 349 5011 apte
377 4942 712 5003 cohaereant,
740 4956 848 4995 non
894 4950 977 4995 est
1005 4941 1245 4995 hominis
1269 4950 1549 5010 utcunque
1574 4944 1797 4998 oculati.

300 5054 438 5108 \‘lll.
506 5053 630 5107 Suis
675 5052 1008 5124 Cyrensibus
1058 5054 1201 5107 bona
1258 5054 1423 5108 etiam
1478 5056 1799 5123 temporalia

231 5144 495 5214 providit.
536 5162 553 5193 ι
599 5143 853 5198 Publicas
890 5142 1157 5213 porticus,
1194 5143 1374 5212 inquit
1409 5144 1474 5207 ³⁸,
1509 5158 1575 5198 ex
1605 5144 1798 5198 rediti-

232 5236 335 5288 bus
366 5233 758 5289 ecclesiasticis
800 5233 971 5297 erexi,
997 5242 1194 5302 pontes
1234 5234 1375 5287 duos
1402 5235 1666 5287 maximos
1701 5250 1799 5289 ex-

231 5324 425 5386 struxi,
474 5323 796 5379 balncarum
841 5324 1189 5394 publicarum
1241 5339 1428 5378 curam
1475 5324 1639 5394 gessi,
1672 5340 1796 5379 cum

231 5431 295 5468 ex
338 5415 578 5469 alluente
618 5414 841 5469 ﬂumine
899 5432 1065 5484 aquas
1119 5415 1462 5469 haurientem
1518 5414 1795 5469 civitatem

1974 3216 2157 3270 Coluit
2208 3216 2260 3270 in
2297 3217 2517 3286 primis,
2568 3226 2627 3271 ut
2655 3226 2901 3287 patrem,
2937 3220 3193 3276 Acacium
3226 3224 3481 3280 Berteen-

1904 3322 2042 3370 sem,
2076 3322 2313 3375 eumque
2346 3322 2454 3360 non
2498 3308 2739 3361 laudavit
2788 3317 2995 3363 tantum
3040 3313 3191 3365 velut
3220 3317 3479 3383 apostoli-

1904 3412 2028 3451 cum
2052 3398 2249 3457 virum.
2286 3402 2381 3451 sed
2406 3398 2567 3452 etiam
2598 3400 2804 3468 pressis
2847 3400 3007 3470 148
3041 3403 3284 3472 vestigiis
3320 3421 3480 3460 secu-

1907 3497 1994 3541 tus
2024 3496 2107 3541 est
2140 3497 2394 3556 tanquam
2433 3488 2557 3541 vitm
2595 3488 2810 3541 ducem.
2841 3488 3019 3543 Coluit
3061 3492 3269 3559 pariter
3303 3493 3474 3547 Joan-

1906 3595 2033 3632 nem
2063 3578 2485 3641 Antiocbenum,
2505 3587 2559 3631 et
2578 3588 2799 3648 propter
2816 3579 3106 3641 cathedrae,
3122 3581 3209 3634 cui
3233 3582 3477 3647 suberat,

1905 3667 2247 3736 dignitatem,
2286 3677 2342 3722 ct
2372 3675 2432 3721 tit
2464 3677 2735 3722 amantem
2765 3670 3092 3729 redamaret.
3122 3673 3479 3726 etimmensis

1903 3758 1989 3811 sui
2030 3758 2284 3812 laudibus
2340 3757 2547 3811 cultum
2604 3758 2951 3827 rependeret.
3000 3758 3183 3814 Coluit
3221 3760 3477 3816 similiter

1897 3850 2169 3904 Andream
2214 3849 2651 3910 Samosatenum,
2687 3850 2865 3903 virum
2916 3858 3031 3903 toto
3069 3850 3292 3906 Oriente
3341 3854 3477 3907 cclc-

1905 3941 2058 3995 brcm
2092 3981 2104 4003 ,
2157 3940 2250 4009 qui
2301 3940 2563 3994 adversus
2614 3940 2848 4008 capitula
2888 3940 3073 4010 Cyrilli
3117 3940 3477 3998 Orientalium

1903 4034 2125 4087 nomine
2176 4034 2514 4104 objectiones
2546 4036 2787 4105 scripsit.
2822 4037 2962 4102 Quin
3004 4045 3059 4091 et
3087 4037 3473 4094 Constantino.

1904 4124 2010 4192 poli
2035 4125 2331 4179 multorum
2356 4127 2647 4180 amicitiam
2689 4128 2914 4195 appetiit
2940 4169 2951 4189 .
2982 4128 3143 4182 etiam
3166 4139 3471 4198 potentum,

1903 4214 1997 4267 sed
2026 4230 2214 4269 eorum
2259 4217 2511 4281 maxime,
2556 4219 2649 4286 qui
2690 4220 2941 4272 Nestorio
2983 4218 3251 4286 faverent,
3293 4224 3476 4293 cujus-

1904 4303 2050 4355 modi
2127 4304 2428 4359 Antiochus
2490 4308 2777 4375 przel‘ectus
2830 4310 3086 4377 praatorio
3139 4319 3195 4365 ct
3246 4313 3473 4378 consul,

1904 4390 2141 4446 lrenaeus
2162 4406 2365 4458 comes,
2389 4395 2591 4463 aliique
2622 4397 2825 4465 plures.
3162 4399 3181 4405 “

1181 4489 1453 4558 paruisse.
1535 4489 1799 4543 Pal-chain
1833 4467 1879 4524 ο
1976 4482 2079 4535 Sed
2126 4485 2297 4537 voluit
2334 4487 2387 4537 in
2440 4486 2631 4554 primis
2671 4487 2846 4542 videri
2889 4490 3294 4545 necessitudine
3338 4506 3475 4545 con-

1902 4573 2126 4643 junctus
2144 4590 2266 4628 cum
2286 4577 2643 4632 sanctissimis
2659 4578 2967 4647 quibusque
2990 4581 3291 4645 monachis,
3311 4596 3477 4650 quam

1908 4674 1969 4717 ut
1996 4672 2295 4719 ostentaret
2316 4707 2330 4730 ,
2371 4681 2479 4720 non
2526 4666 2911 4723 defunctorum
2939 4669 3119 4729 modo.
3146 4672 3477 4740 quibuscum

1907 4753 2249 4809 familiariter
2282 4758 2512 4826 egisset,
2548 4759 2645 4812 sed
2683 4759 2989 4814 viventium
3038 4777 3256 4832 quoque
3296 4763 3475 4817 admi-

1910 4842 2111 4896 randos
2138 4859 2341 4913 agones
2370 4846 2649 4901 memoria:
2682 4842 2961 4904 mandavit
2995 4868 3007 4901 :
3041 4860 3205 4919 atque
3238 4851 3351 4906 haec
3391 4863 3475 4908 est

1909 4934 2173 5002 Religiosa
2228 4937 2519 5002 Historia,
2570 4939 2658 4992 cui
2712 4939 2988 4994 Philol/iro
3050 4958 3250 4997 nomen
3297 4944 3476 5013 impo-

1904 5024 2032 5077 suit.

1976 5140 2291 5195 Absentiam
2330 5144 2652 5209 amicorum,
2680 5162 2819 5217 quos
2850 5149 3152 5203 Antiochiae
3187 5150 3478 5204 discedens

1908 5233 2229 5301 reliquerat,
2265 5235 2544 5290 solabatur
2573 5239 2783 5294 crebris
2817 5256 2915 5309 per
2942 5242 3156 5295 litteras
3187 5243 3472 5295 salutatio-

1907 5323 2090 5386 nibus,
2126 5323 2290 5394 idque
2314 5327 2612 5394 praesertim
2651 5344 2803 5384 more
2836 5332 3013 5399 gentis
3048 5340 3169 5400 post
3204 5332 3476 5386 solemnes

1904 5414 2039 5480 dies,
2073 5416 2187 5470 sive
2218 5419 2543 5483 “nascentis,
2574 5421 2689 5475 sive
2724 5422 3059 5491 resurgentis
3088 5421 3473 5477 ChristiJlinc

1574 5562 1771 5620 SCllUl
1786 5564 1886 5619 .le
1925 5564 2149 5619 NOTAE.

303 5721 347 5754 “
372 5720 515 5776 Hist.
552 5720 730 5791 retig.,
769 5736 883 5789 cap.
908 5720 997 5774 21.
1072 5721 1118 5751 "
1145 5720 1315 5789 Epist.
1346 5721 1433 5773 8|.
1511 5722 1555 5752 ³⁸
1582 5720 1719 5775 Ibid.

1797 5722 1838 5753 ⁸⁸
1871 5721 2047 5784 Epist.
2077 5720 2165 5775 45.
