4208 6440
698 407 795 467 103

1752 405 2128 467 GARNERII
2166 404 2661 465 DISSER'I‘ATIO
2704 402 2751 461 Ι.

3864 406 3961 470 illi

694 515 1136 571 tuthcortasticze
1168 514 1413 583 epistola
1444 513 1749 567 etiamnum
1796 514 2106 580 habentur,
2149 514 2275 585 qui-
2310 525 2351 581 Α
2382 531 2501 579 nos,
2539 514 2633 584 qui
2669 523 2725 567 et
2770 512 3019 565 Anommi
3063 511 3389 567 dicebantur
3412 530 3427 580 ;
3454 514 3830 572 Macedonium
3862 521 3960 573 tri-

694 609 817 670 bus.
854 608 960 661 etsi
1000 606 1341 659 brevissima:
1399 605 1529 665 sint,
1578 612 1639 656 ut
1699 602 2055 657 salutationes
2099 605 2273 667 decet,

695 698 828 750 nihil
852 706 945 749 aut
975 694 1244 749 urbanius
1281 695 1518 749 inveniri
1550 702 1757 763 potest,
1798 703 1893 748 aut
1936 694 2274 765 elegantius,

692 798 785 841 aut
813 788 977 840 etiam
1010 786 1182 854 magis
1215 786 1385 854 pium.

760 880 849 932 XI.
894 879 1228 932 Eorumdem
1289 877 1590 929 amicorum
1643 877 1862 930 casibus
1905 875 2275 937 afficiebatur,

691 970 919 1038 perinde
944 985 1007 1023 ac
1031 968 1165 1032 suis,
1199 968 1348 1037 quod
1370 968 1613 1023 hominis
1634 968 1832 1021 eximie
1868 967 2093 1037 benigni
2121 985 2133 1019 :
2160 967 2278 1021 haec

693 1078 856 1115 causa
902 1061 1023 1123 fuit,
1049 1076 1148 1114 cur
1174 1060 1576 1115 consolatorias
1610 1060 1823 1113 litteras
1859 1058 2119 1128 frequens
2145 1061 2281 1113 seri-

694 1153 870 1213 beret,
895 1152 1155 1220 episcopo
1176 1151 1402 1219 quidem
1436 1151 1653 1220 dignas,
1704 1151 1799 1204 sed
1834 1152 2059 1205 humani
2098 1160 2278 1205 tamen

693 1256 889 1295 sensus
928 1255 1035 1293 non
1067 1240 1279 1293 inanes.
1313 1239 1455 1304 Quid
1491 1240 1791 1293 humanius
1825 1240 1911 1293 his
1950 1239 2016 1293 ad
2043 1241 2277 1293 Alexan-

692 1333 846 1385 dram
861 1331 1259 1385 nobilissimam
1279 1332 1536 1385 feminam
1556 1332 1833 1385 verbis”?
1862 1352 1876 1381 ι
1908 1332 2156 1394 Sicasus,
2184 1332 2278 1400 qui

697 1423 793 1476 tibi
830 1423 1053 1485 accidit,
1091 1425 1258 1476 solam
1291 1430 1545 1476 naturam
1586 1423 1995 1477 considerarent
2023 1462 2032 1482 ,
2061 1437 2278 1489 egerem

692 1524 749 1567 et
794 1529 896 1584 ego
936 1514 1051 1583 ipse
1086 1514 1557 1574 consolatoribus,
1600 1529 1710 1566 non
1758 1514 1934 1566 solum
1968 1513 2114 1582 quod
2158 1529 2279 1567 mea

693 1619 815 1658 esse
850 1605 1072 1667 ducam,
1118 1620 1239 1672 quze
1284 1613 1376 1656 tua
1425 1612 1585 1665 sunt,
1634 1612 1747 1656 tum
1792 1604 1951 1665 laeta,
2014 1613 2126 1657 tum
2174 1604 2279 1658 alia

695 1712 1068 1764 quacunque;
1110 1712 1304 1750 verum
1336 1696 1501 1749 etiam
1527 1696 1674 1763 quod
1699 1696 2082 1749 admirandum
2126 1697 2278 1749 illum

695 1804 758 1844 ac
798 1792 923 1858 jure
964 1788 1297 1841 laudandum
1340 1788 1520 1839 virum
1569 1788 1731 1840 unice
1774 1788 2081 1847 dilexerim.
2112 1796 2217 1841 etc.
2254 1807 2271 1837 ι

2384 605 2509 669 bus,
2536 605 2755 658 duobus
2783 602 3182 672 Apollinarium
3211 603 3428 658 refellit.

2444 696 2677 765 Scripsit
2701 694 2869 749 etiam
2901 695 3327 749 commentarios
3373 696 3429 749 in
3463 696 3686 753 Cantica
3717 700 3959 753 cantico-

2390 805 2534 852 rum,
2568 804 2676 842 non
2711 786 2805 855 qui
2846 786 3124 840 habentur
3159 785 3213 839 in
3242 786 3399 841 libris
3420 788 3624 843 editis:
3657 797 3786 844 sunt
3815 806 3836 843 ‹
3858 792 3960 844 .zim

2382 877 2653 947 suppositi
2701 878 2742 907 ³⁸
2788 895 2799 929 :
2847 876 2941 931 sed
2980 873 3106 939 alii,
3141 891 3281 945 quos
3318 877 3596 932 interiisse
3639 878 3694 932 in
3730 894 3962 933 censura

2379 970 2757 1024 ostendemus.
2805 966 3041 1037 Scripsit
3084 968 3293 1037 pariter
3349 966 3405 1021 in
3462 969 3743 1024 Danielem
3800 980 3963 1039 atque

2378 1056 2516 1109 alios
2541 1055 2858 1125 prophetas,
2889 1054 3006 1110 sive
3034 1056 3130 1125 qui
3152 1054 3388 1123 majores
3418 1052 3699 1122 dicuntur,
3719 1058 3835 1113 sive
3868 1060 3959 1130 qu'.

2379 1147 2643 1203 minores.

2451 1242 2627 1310 Atque
2680 1240 2813 1294 illud
2866 1240 2970 1295 fuit
3018 1239 3336 1294 tirocinium
3380 1241 3646 1305 auctoris,
3671 1256 3783 1311 quo
3802 1258 3963 1296 nemo

2379 1330 2537 1399 plura
2590 1330 2860 1383 dicendus
2908 1340 2992 1384 est
3038 1329 3279 1383 edidisse
3310 1330 3453 1383 inter
3493 1330 3731 1389 Gnaeos,
3767 1339 3966 1399 printer

2377 1420 2836 1492 Chrysostomum
2875 1430 2932 1475 et
2963 1420 3250 1491 Cyrillum,
3305 1421 3351 1475 si
3390 1421 3554 1475 modo
3582 1422 3853 1491 judicium
3880 1422 3961 1475 fe-

2380 1511 2613 1566 rendum
2648 1513 2721 1565 sit.
2753 1528 2822 1566 ex
2858 1513 3140 1581 operibus,
3181 1529 3302 1581 quae
3337 1512 3403 1567 ad
3435 1528 3538 1567 nos
3565 1523 3959 1583 pervenerunt.

2451 1604 2657 1658 Verum
2700 1604 3108 1658 laudatissimus
3157 1604 3247 1659 ille
3302 1612 3466 1673 atque
3513 1604 3840 1658 utilissimus
3870 1604 3966 1658 ad-

2380 1711 2574 1748 versus
2612 1695 2906 1749 haereticos
2964 1695 3198 1750 Arianos
3241 1706 3298 1751 et
3340 1695 3755 1765 Apollinaristas
3807 1695 3964 1749 labor

2380 1785 2573 1839 nocuit
2610 1788 2822 1840 auctori
2844 1829 2857 1848 .,
2909 1787 3121 1856 totique
3148 1787 3427 1849 Ecclesiae,
3454 1802 3563 1840 non
3589 1800 3688 1856 per
3712 1801 3792 1850 se,
3828 1786 3962 1855 quid

765 1877 881 1930 XII.
926 1876 1063 1930 Cum
1109 1877 1309 1929 vicinis
1333 1877 1593 1931 omnibus
1637 1880 1911 1947 episcopis
1950 1895 2060 1932 non
2086 1879 2279 1932 huma-
2313 1891 2350 1943 Β
2380 1879 2527 1932 enim
2582 1878 2933 1933 consultius?
2988 1878 3085 1932 sed
3124 1878 3329 1933 infelici
3371 1877 3607 1948 quadam
3651 1880 3961 1933 occasione.

695 1985 819 2023 nam
842 1969 1005 2022 modo
1038 1969 1335 2022 amicitiam
1373 1970 1563 2033 coluit,
1611 1970 1704 2023 sed
1742 1970 2115 2025 Christianam
2143 1987 2279 2040 quo-

694 2075 801 2129 que
850 2061 1195 2113 charitatem.
1246 2061 1307 2112 In
1361 2061 1727 2128 I'Iuphratesia
1772 2062 2076 2129 provincia,
2121 2065 2278 2132 cujus

695 2168 823 2221 pars
852 2160 935 2206 est
968 2150 1269 2222 Cyrestica,
1308 2150 1536 2204 fuerunt
1567 2167 1631 2206 ea
1664 2160 1844 2215 aetate,
1882 2154 2028 2222 quod
2052 2154 2275 2223 quidem

696 2243 886 2304 sciam,
920 2253 1119 2311 praeter
1152 2241 1355 2311 Cyrum
1392 2241 1683 2296 duodecim
1730 2244 2015 2310 civitates;
2061 2245 2279 2314 scriptae

696 2330 764 2382 azl
815 2329 1056 2399 plurium
1120 2330 1399 2383 antistites
1460 2331 1704 2399 epistolae
1757 2348 1906 2387 nunc
1972 2334 2277 2398 habentur,

695 2423 886 2475 amicae
931 2436 1121 2474 omnes
1154 2429 1209 2474 et
1238 2420 1521 2477 charitatis
1555 2437 1720 2476 sensu
1756 2424 1951 2492 plente.
1989 2425 2273 2480 Habentur

698 2528 831 2567 sane
870 2513 937 2566 ad
968 2512 1336 2567 Alexandrum
1358 2513 1827 2583 Hierapolitanum
1865 2517 2175 2585 primatem,
2210 2518 2278 2572 ad

699 2606 974 2661 Andream
999 2605 1440 2670 Samosatenum,
1467 2606 1733 2661 Joannem
1753 2607 2275 2674 Germaniciensem,

700 2695 1109 2749 'l‘heodoretum
1146 2694 1983 2765 Zeugntatensem,Sabinianum
2003 2699 2279 2754 Perrhen—

700 2803 858 2851 sem;
922 2802 1022 2840 nec
1082 2784 1309 2839 dubium
1347 2788 1483 2855 quin
1524 2787 1591 2840 ad
1626 2787 1782 2852 alios,
1820 2788 1972 2842 velut
2025 2788 2275 2855 Doliehii,

702 2878 930 2946 EurOpi,
957 2876 1297 2939 Urimorum,
1322 2876 1710 2940 Neoctesareae,
1735 2876 2089 2948 Sergiopolis,
2126 2879 2283 2935 Sura:

702 2981 759 3023 et
797 2969 1214 3037 Macrianopolis
1250 2967 1511 3036 praesides
1548 2988 1560 3021 :
1595 2984 1721 3022 nam
1757 2970 1942 3023 multa!
1984 2980 2132 3036 sunt,
2167 2988 2280 3027 non

702 3060 981 3128 inscriptre
1021 3058 1243 3113 nomine
1304 3058 1579 3125 civitatis,
1632 3061 1791 3131 cujus
1837 3060 1903 3114 ad
1960 3062 2279 3133 episcopum

702 3151 1080 3205 mittebantur.

2386 1971 2521 2024 Nam
2553 1985 2678 2025 cum
2710 1969 3097 2025 Theodoretus
3137 1971 3441 2041 praestigias
3487 1970 3708 2041 triginta
3752 1972 3961 2041 Apolli-

2384 2064 2557 2127 narii,
2597 2072 2964 2133 cognatasque
3017 2064 3249 2116 aliorum
3296 2063 3679 2118 bmreticorum
3724 2063 3964 2132 argutias

2385 2156 2732 2218 dissolveret,
2792 2170 2989 2224 passus
3050 2163 3154 2219 est,
3210 2156 3354 2224 quod
3399 2156 3756 2211 vehementer
3782 2156 3963 2209 allecti

2384 2246 2565 2300 solent
2601 2262 2613 2297 ε
2653 2245 2853 2298 formas
2882 2245 3112 2315 hujusce
3142 2245 3369 2300 haeresis
3394 2245 3569 2309 ﬁnxit,
3612 2262 3678 2299 eo
3723 2245 3967 2299 fallacio-

2385 2353 2496 2401 res,
2538 2351 2648 2407 quo
2685 2336 3005 2400 invidiores,
3053 2352 3276 2405 easque,
3325 2353 3511 2392 amore
3554 2337 3678 2391 lidei
3725 2336 3963 2406 odioque

2384 2428 2591 2482 erroris
2613 2428 2918 2491 annitente,
2946 2428 3051 2482 alte
3079 2430 3264 2484 animo
3311 2430 3392 2485 sie
3423 2429 3722 2500 impressit,
3756 2439 3817 2483 ut
3849 2430 3963 2483 ha:-

2386 2520 2535 2574 resin
2564 2528 2754 2590 postea
2789 2520 2893 2574 sibi
2947 2520 3259 2591 perspicere.
3309 2521 3614 2586 videretur,
3651 2523 3705 2576 in
3732 2521 3962 2591 quibus—

2386 2627 2604 2682 cunque
2648 2612 2807 2667 lihrls
2858 2620 3213 2667 occurrerent
3269 2613 3436 2668 verba
3493 2612 3637 2667 flecti
3691 2612 3870 2666 facilia
3907 2613 3961 2664 in

2388 2705 2802 2775 prtejudicatum
2839 2720 3085 2760 sensum.
3119 2704 3243 2759 Haec
3269 2721 3298 2759 a
3329 2704 3493 2759 nobis
3519 2715 3579 2758 ut
3606 2705 3849 2769 brevius,
3888 2704 3965 2759 ita

2386 2794 2572 2849 forsan
2608 2794 2900 2850 obscurius
2930 2795 3097 2854 dicta.
3134 2811 3477 2865 consequens
3521 2812 3703 2851 rerum
3732 2805 3964 2851 eventus

2388 2885 2705 2940 declarabit.

2938 3001 3095 3071 150
3128 3001 3277 3055 CAP.
3327 3001 3417 3055 ιν.

2386 3115 2428 3169 I.
2466 3113 3063 3184 Constantinopolitanae
3082 3114 3328 3169 Ecclesia!
3356 3114 3654 3184 prce/icitur
3672 3113 3961 3169 Nestorius.

2453 3184 2516 3237 II.
2557 3183 2857 3238 Theodoreti
2882 3185 3101 3237 amicus.
3132 3184 3275 3238 HLA
3310 3184 3573 3237 Theodoro
3602 3183 3963 3249 Illopsuesteno

772 3240 961 3309 Neque
996 3255 1129 3294 vero
1179 3256 1291 3295 sum
1340 3242 1637 3310 provincia:
1687 3242 1888 3299 finibus
1923 3260 2077 3298 suam
2102 3244 2357 3301 amici-C
2458 3254 2715 3306 didicerat
2766 3256 3009 3309 Imresin.
3062 3255 3143 3307 cui
3201 3270 3392 3307 nomen
3441 3253 3601 3307 dedit.
3668 3240 3753 3306 IV.
3815 3255 3966 3307 Hanc

706 3330 836 3381 tiam
895 3328 1187 3391 continuit,
1231 3329 1327 3382 sed
1385 3329 1452 3383 ad
1507 3330 1717 3385 vicinas
1763 3347 1985 3401 quoque
2019 3334 2283 3387 extendit.

782 3420 942 3491 149
984 3421 1403 3489 Euphratesiam
1456 3421 1757 3490 Augustam
1814 3424 2051 3477 attinent
2105 3424 2176 3477 ab
2222 3439 2288 3478 o-

706 3514 881 3566 riente
919 3511 1236 3575 Osrboena;
1279 3528 1309 3564 a
1363 3511 1594 3565 meridie
1648 3512 1928 3567 Phcenicia
1980 3514 2177 3568 Libani
2232 3523 2288 3569 et

706 3602 863 3672 Syria
889 3601 1101 3671 prima;
1131 3602 1199 3655 ab
1253 3602 1538 3656 occidente
1571 3602 1762 3658 Cilicia
1806 3605 2045 3659 secunda
2073 3624 2087 3671 ;
2138 3621 2167 3659 a
2201 3622 2288 3660 se-

705 3695 1016 3763 ptentrione
1051 3693 1326 3748 Armenia.
1366 3693 1664 3748 Osrhoenae
1698 3705 1863 3764 caput
1896 3696 2000 3750 fuit
2033 3697 2236 3750 Edessa
2267 3715 2281 3763 ;

708 3784 877 3854 Syria:
910 3785 1101 3853 primm
1128 3784 1403 3853 totiusque
1427 3783 1691 3850 Orientis,
1718 3786 2035 3853 Antiochia;
2057 3787 2281 3853 Ciliciaa,

706 3876 1024 3929 Anazarbus
1050 3892 1064 3940 ;
1096 3876 1369 3929 Armeniae
1393 3876 1670 3940 secundae,
1701 3877 1983 3942 Melitene;
2014 3878 2286 3933 Armenia:

707 3967 915 4034 primte,
944 3965 1188 4020 Sebaste.
1222 3966 1303 4020 Ad
1330 3966 1667 4035 singularum
1695 3968 1982 4036 episcopos
2010 3969 2286 4027 scribebat

706 4057 987 4126 frequens,
1025 4065 1350 4126 tantumque
1383 4073 1483 4126 per
1516 4058 1728 4111 litteras
1764 4057 1998 4113 faciebat
2030 4060 2285 4115 omnibus

706 4148 791 4200 sui
844 4163 1108 4211 amorem,
1146 4156 1208 4201 ut
1241 4147 1369 4200 inde
1396 4149 1744 4218 postmodum
1770 4156 1891 4201 orta
1922 4149 1994 4202 sit
2027 4150 2283 4203 crimina-

708 4240 942 4301 tionum,
983 4254 1119 4306 quas
1151 4253 1345 4306 passus
1389 4248 1495 4303 est,
1535 4238 1583 4294 si
1614 4254 1724 4292 non
1753 4252 1937 4304 causa,
1971 4240 2163 4294 saltem
2187 4255 2282 4294 oe-

708 4331 875 4385 casio.

778 4419 919 4473 .\'lll.
948 4419 1065 4473 Jam
1093 4418 1221 4472 inde
1249 4434 1279 4471 a
1304 4419 1496 4487 primis
1521 4418 1872 4487 episcopatus
1888 4421 2047 4473 annis
2077 4420 2281 4489 aliquid

705 4510 991 4579 scripsisse
1027 4508 1257 4562 suadere
1286 4516 1471 4579 posset
1503 4508 1740 4563 hominis
1772 4510 2009 4564 eruditio
2040 4511 2279 4580 singula-

2465 3339 2713 3394 spargere
2729 3325 2930 3394 ubique
2955 3325 3162 3377 nititur.
3209 3323 3274 3377 ν.
3313 3322 3525 3377 Obsistit
3555 3322 3965 3394 sanctusrCyril-

2463 3392 2562 3446 lus.
2597 3393 2683 3445 VI.
2717 3391 2773 3447 S.
2811 3392 3118 3449 Caelestinus
3166 3409 3282 3446 eam
3319 3410 3435 3446 cum
3490 3403 3700 3446 auctore
3742 3391 3965 3447 damnat

2464 3461 2644 3515 Roma:
2661 3464 2714 3515 in
2744 3463 2962 3515 concilio
2992 3461 3304 3516 Occidentis.
3325 3463 3434 3516 VII.
3465 3461 3694 3531 Cyrillus
3716 3464 3766 3514 in
3789 3466 3965 3516 conci-

2463 3532 2533 3584 lio
2570 3531 2808 3602 IEgupti,
2850 3534 2987 3585 unde
3039 3533 3198 3585 mittit
3241 3532 3311 3584 ad
3343 3532 3643 3585 Nestorium
3692 3533 3965 3585 duoden'm

2459 3604 2949 3664 anathematismos,
2998 3618 3116 3654 cum
3162 3604 3268 3655 suis
3308 3610 3355 3653 et
3413 3602 3711 3671 apostolicis
3755 3602 3963 3656 litteris.

2464 3671 2599 3726 VIII.
2664 3672 3010 3725 Theodoretus
3073 3680 3261 3740 rogatu
3316 3671 3543 3725 Nestorii
3608 3674 3967 3724 anathemati-

2461 3757 2605 3795 smos
2635 3744 2830 3807 arguit.
2874 3740 2962 3794 IX.
2993 3740 3212 3793 Labitur
3260 3742 3315 3794 in
3370 3743 3612 3794 Iiwresin.
3657 3740 3724 3793 Χ.
3762 3740 3965 3808 Lapsus

2458 3827 2649 3864 cauam.
2699 3810 2791 3863 XI.
2830 3809 3069 3878 Epistola
3108 3810 3176 3862 ad
3218 3813 3539 3863 monasteria
3587 3808 3785 3879 Cyrillo
3816 3812 3965 3879 inju-

2454 3882 2617 4002 rios‘riz.
2653 3880 2769 3934 XII.
2800 3880 3099 3937 Gennadius
3127 3880 3249 3932 inde
3282 3881 3531 3933 adversus
3573 3879 3831 3951 Cyrillum
3878 3898 3967 3933 ar-

2463 3966 2554 4002 cen
2594 3960 2723 4002 itur.

2463 3951 2723 4004 cenditur.

2768 4060 2785 4079 ·
2810 4062 2884 4111 Ab
2905 4074 3035 4111 anno
3057 4061 3237 4111 Christi
3264 4062 3352 4110 428
3387 4063 3446 4112 ad
3481 4064 3586 4112 451.

2458 4163 2500 4217 l.
2525 4164 2711 4217 Annos
2729 4162 2843 4217 fere
2877 4174 2999 4217 octo
3024 4164 3079 4217 in
3113 4164 3427 4233 episcOpatu
3451 4165 3826 4221 Theodorctus
3853 4167 3966 4236 jam

2388 4261 2613 4321 egerat,
2674 4268 2799 4306 eum
2842 4253 3103 4307 defuncto
3156 4254 3401 4310 Sisinnio
3440 4256 3604 4326 regite
3648 4258 3801 4311 urbis
3843 4259 3965 4327 epi-

2388 4353 2576 4409 scopo,
2617 4341 2895 4409 cleroque,
2940 4341 3084 4396 inter
3121 4342 3392 4411 agendum
3426 4342 3494 4397 de
3531 4359 3872 4410 successore,
3909 4346 3964 4399 in

2389 4436 2572 4495 partes
2629 4429 2823 4491 diviso,
2882 4430 3179 4497 imperator
3234 4431 3594 4498 Theodosius,
3652 4450 3762 4504 quo
3812 4436 3963 4491 litem

2390 4527 2776 4585 componeret,
2843 4519 3137 4575 Antiochia
3201 4522 3517 4577 Nestorium
3573 4527 3964 4582 accersendum

706 4599 804 4656 ris.
848 4606 905 4653 et
943 4598 1221 4668 ingenium
1261 4607 1591 4653 actuosum:
1630 4600 1725 4653 sed
1776 4600 1828 4653 id
1878 4599 2099 4669 opinari
2135 4610 2283 4655 vetat
2317 4599 2358 4652 Ι)
2388 4607 2660 4667 credidit.
2723 4608 3088 4680 Ecclesiteque
3152 4611 3764 4684 Constantinopolitanae
3831 4634 3969 4687 prte-

708 4691 852 4743 ratio
904 4691 1203 4754 temporis;
1260 4705 1386 4742 nam
1442 4691 1677 4758 primum
1720 4707 1859 4760 opus
1900 4693 2047 4746 circa
2078 4710 2315 4759 annum,

706 4779 813 4831 425
835 4778 1029 4851 edidit.
1061 4778 1239 4843 Quare
1272 4777 1517 4847 quinque
1542 4779 1758 4849 priores
1791 4797 1964 4837 annos
2004 4784 2187 4852 posuit
2228 4784 2283 4839 in

707 4871 823 4924 suis
855 4869 1190 4940 Cyrensihus
1214 4870 1282 4923 ad
1317 4885 1501 4923 veram
1524 4870 1784 4939 pietatem
1821 4875 2137 4928 excolendis
2156 4891 2283 4945 pro-

707 4960 1065 5029 lligandisque
1112 4960 1523 5031 haereticis,qui
1564 4972 1696 5019 tunc
1727 4965 2001 5024 vigebant.
2042 4966 2280 5031 Arianis,

708 5052 1130 5115 Macedonianis,
1153 5061 1316 5121 atque
1336 5054 1760 5121 Apollinaristis.
1787 5057 1897 5111 llos
1928 5060 2285 5116 concionibus

708 5143 943 5211 primum
979 5144 1337 5213 oppugnavit,
1376 5159 1501 5198 mox
1524 5146 1703 5209 libris,
1729 5163 1887 5216 quos,
1917 5158 1977 5202 ut
2004 5150 2073 5204 ah
2103 5153 2284 5206 omni-

712 5236 813 5288 bus
862 5234 1073 5287 facilius
1125 5235 1458 5304 legerentur,
1486 5236 1827 5306 dialogorum
1864 5254 2019 5293 more
2063 5256 2285 5311 compo-

713 5323 820 5380 suit
855 5340 871 5378 :
907 5324 1122 5379 duobus
1150 5325 1314 5396 igitur
1346 5324 1595 5388 Arianos.
1636 5344 1731 5382 seu
1766 5331 1947 5399 potius
1986 5331 2283 5387 Eunomia-

2396 4700 2709 4754 liciendum.

2463 4792 2528 4846 ll.
2557 4793 2689 4847 Erat
2724 4794 2814 4849 ille
2848 4796 3162 4865 eloquentia
3194 4804 3249 4851 et
3287 4798 3407 4851 vita!
3434 4798 3684 4853 instituto
3709 4801 3963 4864 celebris,

2390 4883 2789 4953 videbaturque
2835 4885 3008 4954 ipsius
3048 4887 3210 4940 etiam
3239 4887 3632 4957 Chrysostomi,
3677 4891 3964 4945 Antiochia

2391 4975 2521 5027 olim
2579 4977 2811 5040 evocati,
2862 4994 2971 5031 non
3022 4978 3286 5032 absimilis
3328 4978 3585 5033 futurus:
3621 4996 3791 5050 quare
3844 4998 3964 5035 om-

2389 5065 2581 5129 nium,
2655 5076 3014 5137 praeterquam
3066 5070 3393 5124 clericorum
3464 5074 3965 5145 monachorumque

2391 5157 2535 5210 votis
2575 5167 2852 5227 expetitus
2886 5158 3415 5231 Constantinopolim
3448 5164 3619 5229 venit,
3646 5166 3961 5223 ordinatus-

2390 5262 2497 5315 que
2526 5257 2612 5302 (st
2645 5249 2733 5304 die
2766 5249 2975 5305 decima
3014 5252 3215 5320 Aprilis
3248 5254 3377 5306 anni
3412 5254 3537 5309 428.

2466 5339 2555 5392 llI.
2596 5340 2816 5395 Vixerat
2861 5343 3049 5411 plures
3107 5358 3281 5397 annos
3337 5361 3462 5400 cum
3508 5347 3853 5406 Theodoreto
3905 5351 3960 5407 in

2059 5510 2369 5568 SCllULZII
2412 5512 2637 5569 ΝΟΤέΕ.

788 5676 831 5707 ι·
860 5676 1029 5747 Epist.
1071 5680 1154 5734 η.

1330 5680 1642 5771 ξιέξιςξξξὺπ
1673 5689 1950 5771 suppositi.
1973 5691 2169 5771 Multis
2205 5693 2794 5771 quidemargumentis
2827 5698 2967 5754 hanc
2994 5700 3319 5771 hypothesin
3349 5720 3612 5762 exornare
3650 5682 3869 5764 studuit
3903 5710 3959 5764 in

708 5744 838 5801 diss.
863 5744 919 5813 2,
943 5764 984 5803 e.
1019 5749 1072 5816 5,
1111 5749 1225 5822 55;
1260 5751 1354 5807 sed
1385 5768 1578 5823 parum
1618 5744 1802 5812 valere
1837 5759 1948 5824 illa,
1970 5758 2097 5828 ipse
2118 5762 2171 5816 in
2200 5744 3292 5844 iiné'ééjniis"
