4208 6440
237 403 332 467 105
1438 391 1801 457 HISTORIA
1837 389 2325 459 THEODORETI
2335 449 2345 459 .

3371 409 3469 473 106

232 512 457 566 mandra
496 511 682 566 Sancti
722 510 984 581 Euprepii
1024 523 1193 579 prope
1229 504 1598 567 Antiochiam,
1644 502 1804 569 eique
1836 504 1879 560 A
1910 510 2120 560 tantum
2148 509 2317 577 regia,
2342 524 2442 563 nec.
2468 509 2521 564 iu
2551 509 2775 567 Oriente
2818 514 3016 579 solum,
3071 515 3163 569 sed
3203 517 3368 571 etiam
3418 518 3470 572 in

230 614 348 656 erat
376 619 487 655 non
522 603 770 656 diuturni
800 612 1008 654 tantum
1044 597 1413 661 contubernii,
1460 596 1553 649 sed
1589 592 1801 647 studio-

233 708 352 745 rum
398 693 564 745 ctiam
596 708 659 745 ac
698 692 963 745 doctrina
993 688 1380 744 communione
1418 683 1802 756 coniunctissi-

230 800 385 838 mus:
410 786 721 839 habuerant
744 788 889 840 enim
924 786 1084 840 ambo
1108 798 1452 839 communem
1486 781 1804 851 magistrum

229 878 387 932 libris
413 889 469 931 et
502 878 867 933 eoucionibus
910 877 1186 933 celebrem
1238 874 1609 935 Theodorum,
1648 872 1805 941 cujus

227 969 449 1037 scriptis
496 986 755 1038 semper,
804 968 1046 1038 alloquio
1088 967 1386 1022 identidem
1443 964 1801 1026 fruebantur,

226 1070 389 1129 prout
426 1076 624 1130 nempe
658 1061 1026 1125 Antiochiam,
1053 1059 1210 1114 statis
1230 1058 1565 1130 synodorum
1592 1065 1803 1123 tempo-

228 1149 404 1213 ribus,
444 1152 723 1205 veniebat.
776 1152 967 1219 lbique
1016 1160 1242 1220 propter
1271 1147 1650 1202 incredibilem
1683 1159 1802 1198 om-

226 1241 379 1294 nium
403 1242 722 1311 Opinionem
750 1241 1101 1296 detinebatur
1127 1239 1469 1309 aliquandiu,
1503 1247 1563 1292 ut
1584 1236 1804 1291 audien-

224 1332 360 1385 tium
417 1333 780 1402 cupiditatem
836 1333 1100 1401 expleret.
1164 1331 1290 1385 Inde
1365 1337 1514 1383 arcta
1568 1326 1801 1381 Nestorii

223 1422 671 1496 Theodoretique
703 1422 1073 1478 necessitudo.
1092 1423 1204 1476 Etsi
1225 1429 1371 1475 tanta
1399 1429 1518 1475 erat
1548 1417 1803 1473 Theodo-

224 1522 401 1566 retum
446 1514 592 1567 inter
618 1524 675 1568 et
699 1514 1009 1567 Nestorium
1039 1512 1295 1567 amicitia
1328 1510 1659 1572 necessitas,
1691 1522 1800 1559 non

223 1603 329 1657 fuit
367 1613 553 1657 tamen
581 1621 692 1659 una
727 1605 1016 1673 utriusque
1043 1602 1277 1666 indoles,
1306 1601 1609 1669 eademque
1634 1596 1801 1651 animi

220 1696 567 1764 propensio:
616 1696 968 1750 Theodoreto
1014 1696 1230 1749 sincera
1293 1708 1485 1756 mens,
1547 1690 1800 1745 Nestorio

219 1786 451 1840 subdola
479 1804 493 1851 ;
532 1803 648 1840 rem
683 1788 854 1857 ipsam
884 1787 1103 1857 pietatis
1126 1784 1506 1839 Theodoretus
1548 1782 1797 1837 sectaba-

219 1883 329 1937 tur,
366 1876 658 1930 Nestorius
685 1841 922 1946 speciem
949 1894 962 1929 :
989 1876 1182 1930 amicis
1211 1875 1302 1928 ille
1336 1888 1475 1942 pene
1504 1872 1799 1935 serviebat,
1834 1841 1876 1897 Β

219 1976 279 2018 ut
336 1964 616 2031 dominis;
666 1968 769 2020 iste
827 1966 1089 2020 utebatur
1149 1972 1407 2033 tanquam
1492 1962 1800 2031 mancipiis.

221 2058 402 2112 Verbo
458 2059 662 2122 dicam,
712 2060 767 2113 id
814 2074 937 2115 esse
988 2058 1163 2113 voluit
1226 2055 1626 2122 Theodoretus,
1655 2056 1802 2127 quod

216 2150 509 2204 Nestorius
540 2151 740 2206 videri.

287 2240 375 2293 IV.
427 2240 625 2295 Fertur
665 2242 709 2273 ³⁸
760 2240 894 2295 falsa
933 2240 1181 2310 quadam
1233 2241 1301 2297 de
1340 2240 1594 2296 Nestorio
1637 2239 1799 2301 fama,

216 2332 385 2399 quod,
424 2349 552 2386 cum
592 2334 801 2387 accitus
843 2332 1369 2401 Constantinopolim
1423 2348 1522 2401 per
1555 2331 1800 2387 Ciliciam

220 2423 500 2485 transiret,
528 2423 623 2476 ubi
660 2422 993 2492 Mopsuestia
1025 2430 1130 2486 est,
1170 2422 1519 2477 Theodorum
1554 2422 1804 2490 Mopsue-

216 2514 334 2569 stia:
382 2515 677 2583 prasulem
724 2515 1019 2569 admodum
1066 2530 1278 2579 senem,
1317 2516 1519 2585 quippe
1571 2515 1804 2584 expletis

218 2607 328 2659 fere
355 2621 454 2659 sex
497 2614 553 2658 et
592 2606 817 2676 triginta
859 2606 1213 2675 episcopatus
1247 2606 1427 2669 annis,
1458 2605 1799 2668 convenerit,

218 2697 496 2766 simulque
528 2697 819 2766 agitaverit
855 2697 1085 2752 consilia
1110 2696 1177 2751 de
1201 2697 1423 2761 haresi,
1460 2713 1625 2767 quam
1654 2707 1802 2751 uter-

216 2804 323 2857 que
358 2788 573 2841 dudum
621 2788 676 2841 in
730 2789 856 2843 sinu
902 2787 1145 2852 fovebat,
1172 2803 1445 2857 quamque
1479 2788 1802 2843 Theodorus

216 2879 382 2933 etiam
419 2880 681 2948 scriptis,
746 2880 839 2934 sed
888 2881 1157 2935 hactenus
1198 2881 1435 2951 pressis,
1478 2867 1799 2943 mandarat,

222 2970 374 3039 15],
443 2986 543 3040 pro
594 2981 842 3041 tempore
904 2980 961 3027 et
1022 2972 1144 3028 loco
1193 2972 1490 3042 aperienda
1533 2971 1802 3041 :quando

219 3076 414 3130 nempe
452 3062 738 3116 Nestorius
761 3071 965 3116 tantam
991 3065 1289 3132 potentiam
1309 3064 1801 3132 auctoritatemque

218 3152 360 3220 apud
424 3152 736 3222 principum
799 3154 1013 3208 animos
1048 3154 1279 3223 adeptus
1316 3155 1539 3217 fuisset,
1597 3162 1798 3223 quanta

219 3260 356 3315 Opus
400 3252 524 3299 erat
573 3244 641 3299 ad
694 3254 803 3298 tam
848 3244 1025 3299 audax
1087 3246 1303 3299 facinus
1358 3245 1700 3299 tentandum.
1740 3244 1800 3300 ιιι

218 3337 473 3405 quamvis
507 3336 579 3390 ab
616 3336 869 3406 Evagrio,
914 3345 1139 3391 auctore
1194 3338 1529 3406 cateroquin
1588 3337 1797 3400 nobili,

221 3427 493 3489 tradatur,
540 3435 748 3496 pugnat
799 3436 980 3481 tamen
1020 3441 1146 3481 cum
1184 3428 1394 3481 ratione
1448 3437 1798 3495 temporum:

223 3532 345 3568 nam
400 3516 550 3569 diem
600 3524 906 3569 extremum
953 3516 1168 3571 obierat
1222 3517 1568 3578 Theodorus,
1624 3519 1803 3587 prius-

218 3622 381 3674 quam
409 3607 479 3660 de
510 3607 860 3676 praficiendo
892 3607 1150 3660 Ecclesia
1183 3605 1801 3676 Constantinopolitana:

220 3698 474 3751 Nestorio
502 3698 858 3767 cogitaretur.
908 3697 1027 3750 Non
1083 3697 1231 3749 enim
1276 3697 1429 3764 prius
1479 3698 1797 3765 cogitatum,

219 3802 379 3853 quam
409 3826 425 3847 ,
481 3786 741 3839 defuncto
790 3786 1073 3847 Sisinnio,
1132 3785 1473 3839 divideretur
1522 3786 1576 3838 in
1618 3796 1801 3854 partes

222 3878 375 3929 urbis
410 3878 573 3946 regia
596 3878 797 3939 clerus,
816 3877 939 3929 aliis
962 3877 1130 3929 alium
1158 3876 1446 3945 prasulem
1468 3877 1795 3931 volentibus.

219 3969 381 4037 Atqui
426 3968 720 4022 defunctus
748 3976 835 4021 est
874 3966 1149 4021 Sisinuius
1198 3965 1287 4020 die
1330 3967 1400 4020 25
1458 3966 1796 4030 Decembris,

218 4077 347 4114 ann.
383 4060 512 4123 427,
541 4076 652 4129 quo
685 4076 833 4113 anno
864 4060 1142 4114 Theodori
1171 4060 1355 4113 obitus
1387 4060 1635 4129 contigit.
1656 4060 1801 4125 Quo-

218 4152 383 4205 modo
412 4152 577 4221 igitur
607 4151 912 4215 Nestorius,
940 4151 1057 4220 qui,
1078 4166 1189 4204 non
1215 4161 1341 4205 ante
1364 4151 1614 4205 Martium
1644 4168 1799 4205 men-

219 4258 331 4296 sem
372 4243 504 4296 anni
553 4242 678 4305 428,
713 4242 1244 4311 Constantinopolim
1279 4258 1378 4310 per
1422 4242 1665 4296 Ciliciam
1699 4259 1795 4311 pe-

220 4336 323 4396 tiit,
358 4333 711 4387 Theodorum
743 4335 1039 4388 convenire
1068 4333 1357 4402 potuerit?

286 4426 417 4478 Fuit
446 4440 611 4493 porro
648 4424 923 4478 Theodori
969 4423 1319 4492 Nestoriique
1374 4424 1601 4479 haresis
1654 4426 1797 4495 inju-

220 4518 361 4569 riosa
387 4530 555 4583 supra
585 4514 807 4567 modum
847 4514 1088 4578 Christo,
1128 4514 1310 4569 Maria
1341 4515 1573 4584 Virgini,
1613 4525 1668 4569 et
1701 4516 1797 4569 toti

220 4609 508 4661 hominum
562 4605 791 4675 generi:
839 4604 1063 4659 Christo
1107 4605 1255 4658 enim
1285 4605 1567 4658 invidebat
1599 4604 1798 4659 divini-

220 4708 410 4759 tatem,
449 4698 657 4767 Virgini
708 4712 909 4751 nomen
946 4696 1215 4765 Deipara,
1276 4695 1597 4749 hominibus
1643 4711 1795 4765 spem

216 4790 431 4844 salutis.
476 4788 759 4842 Christum
794 4787 998 4856 quippe
1025 4785 1311 4840 asserebat
1343 4799 1456 4839 non
1482 4799 1602 4839 esse
1623 4786 1796 4839 Deum

220 4881 422 4950 reipsa,
448 4880 546 4934 sed
574 4895 771 4950 purum
799 4878 1099 4941 hominem,
1131 4878 1242 4931 Deo
1266 4876 1449 4932 Verbo
1472 4876 1798 4933 habitudine

218 4973 330 5028 sola
350 4973 693 5041 copulatum.
730 4969 883 5026 Unde
920 4968 1368 5037 fitconsequens,
1413 4974 1475 5021 ut
1502 4983 1606 5022 nec
1640 4969 1796 5025 beata

217 5064 384 5136 Virgo
432 5064 717 5133 peperisse
768 5065 939 5117 Deum
984 5061 1093 5116 dici
1136 5068 1351 5129 posset,
1387 5076 1490 5116 nec
1540 5062 1799 5118 homines

218 5158 449 5212 salutem
479 5172 721 5225 sperare,
754 5165 815 5209 ut
845 5169 968 5223 qua
998 5153 1071 5208 ab
1099 5152 1323 5208 homine
1362 5155 1667 5223 exspectari
1702 5171 1799 5210 ne—

217 5259 402 5318 queat.
455 5249 687 5302 Tantam
740 5248 1105 5317 impietatem,
1156 5260 1281 5300 cum
1320 5246 1561 5315 primum
1592 5261 1796 5316 oppor-

221 5351 348 5397 tune
380 5340 583 5411 potuit,
610 5355 718 5410 qua
758 5339 1144 5403 concionibus,
1185 5353 1291 5408 qua
1331 5337 1643 5406 colloquiis,
1690 5355 1797 5408 qua

223 5437 474 5507 malignis
518 5435 727 5489 artibus
788 5434 990 5503 sparsit
1034 5433 1339 5496 Nestorius,
1399 5449 1508 5487 non
1560 5433 1615 5486 in
1662 5435 1797 5489 urbe

1903 597 2153 669 Egypto,
2188 603 2297 654 imo
2325 604 2453 657 etin
2490 606 2623 660 urbe
2652 606 2843 669 Roma,
2880 624 2989 677 quo
3030 626 3312 666 sermones
3344 627 3473 667 suos

1906 690 2225 745 transmisit.

1976 780 2037 834 V.
2074 782 2365 852 Postquam
2412 801 2542 839 vero
2580 788 2847 844 nefandus
2890 789 3094 844 Christi
3141 793 3311 848 hostis
3339 810 3473 864 pro-

1905 870 2082 938 palata
2124 873 2319 928 haeresi
2356 883 2528 929 totum
2557 877 2743 932 orbem
2777 883 3093 944 commovit,
3122 885 3474 953 monitusque

1904 964 2072 1017 semel
2117 980 2181 1018 ac
2214 967 2413 1020 iterum
2460 983 2492 1021 a
2530 977 2720 1023 sancto
2764 971 2987 1041 Cyrillo,
3035 988 3145 1026 non
3178 975 3341 1029 modo
3363 992 3473 1031 non

1903 1054 2069 1108 desiit
2124 1056 2439 1123 impietatis,
2501 1060 2596 1113 sed
2652 1076 2772 1115 eam
2825 1065 3213 1129 confidentius,
3264 1083 3371 1135 qua
3420 1068 3473 1121 vi

1906 1145 2257 1212 potentiaque
2301 1146 2794 1219 Constantinopoli,
2824 1169 2929 1219 qua
2954 1154 3241 1209 fraudibus
3267 1157 3474 1218 Roma,

1905 1234 2125 1286 ﬁrmare
2172 1251 2339 1289 ausus
2381 1247 2502 1291 est:
2556 1255 2645 1293 res
2682 1240 2748 1293 ad
2780 1242 2965 1294 sedem
2991 1244 3345 1310 apostolicam
3376 1245 3476 1299 de-

1904 1325 2009 1377 lata
2045 1325 2089 1355 "
2116 1335 2200 1379 est
2234 1343 2330 1395 per
2356 1329 2585 1391 litteras,
2612 1340 2725 1384 tum
2754 1331 2964 1402 Cyrilli,
2991 1335 3274 1401 querentis
3312 1337 3475 1391 simul

1903 1425 1959 1468 et
1997 1418 2350 1481 accusantis;
2396 1429 2509 1472 tum
2562 1421 2819 1485 Nestorii,
2873 1423 3032 1477 fidem
3084 1440 3263 1488 suam,
3296 1428 3479 1482 missis

1904 1518 2001 1571 per
2049 1505 2380 1559 Antiochum
2434 1510 2611 1562 virum
2656 1511 2923 1566 illustrem
2950 1514 3319 1580 sermonibus,
3350 1530 3479 1585 pro-

1905 1594 2033 1649 bare
2071 1598 2388 1653 atluitcttlis.

1975 1688 2060 1742 Vl.
2092 1689 2266 1743 Causa
2295 1691 2347 1743 in
2382 1692 2619 1746 concilio
2648 1692 2913 1757 Romano,
2957 1704 3145 1749 sancto
3178 1695 3478 1752 Calestino

1904 1780 2252 1846 prasidente,
2283 1783 2483 1850 agitata
2512 1792 2618 1847 est,
2664 1784 2879 1852 lataque
2909 1787 3202 1850 sententia,
3233 1803 3339 1856 qua
3364 1788 3477 1842 ha—

1906 1871 2110 1923 reticus
2129 1871 2435 1939 juberetur,
2470 1873 2576 1926 nisi
2597 1875 2780 1927 mallet
2804 1876 3003 1943 deponi
3034 1877 3172 1930 intra
3201 1878 3476 1933 decimum

1904 1961 2051 2015 diem
2086 1979 2116 2015 a
2154 1962 2590 2028 denuntiatione,
2649 1982 2908 2021 revocare
2958 1983 3227 2033 errorem,
3268 1972 3483 2040 capitu-

1903 2053 2063 2122 laque
2113 2070 2142 2107 a
2199 2053 2401 2123 Cyrillo
2445 2056 2649 2125 scripta
2688 2057 3040 2113 subscribere
3074 2058 3153 2112 “:
3190 2060 3479 2131 juberelur

1902 2160 2121 2215 quoque
2173 2146 2429 2217 Cyrillus,
2473 2150 2667 2217 prima
2702 2161 2826 2220 post
2858 2152 3157 2205 Romanam
3190 2154 3338 2207 sedis
3361 2156 3478 2224 epi-

1902 2252 2122 2306 scopus,
2168 2240 2317 2293 vices
2354 2239 2638 2295 Calestini
2696 2243 2800 2297 hoc
2852 2244 2906 2297 in
2955 2246 3175 2313 negotio
3227 2246 3477 2316 implere,

1902 2329 2342 2397 sententiamque
2368 2332 2590 2399 exsequi
2621 2347 2688 2385 ex
2718 2347 2992 2386 canonum
3029 2337 3367 2404 prascripto.

1975 2418 2083 2472 Vll.
2134 2419 2191 2473 ld
2242 2429 2303 2473 ut
2354 2431 2639 2490 prastarct
2687 2424 2946 2494 Cyrillus,
2998 2442 3064 2481 ex
3110 2435 3219 2481 tota
3246 2428 3479 2499 Egypto

1902 2510 2118 2579 collegit
2170 2512 2460 2581 synodum,
2514 2514 2752 2585 indeque
2793 2526 3025 2586 quatuor
3075 2520 3362 2589 episc0pos
3410 2520 3477 2575 ad

1902 2602 2214 2656 Nestorium
2260 2603 2414 2674 152
2446 2606 2613 2671 misit,
2649 2622 2774 2661 cum
2810 2611 3009 2663 summi
3046 2613 3061 2629 '
3091 2610 3365 2680 pontiﬁcis
3390 2612 3481 2666 lit-

1904 2693 2056 2758 teris,
2112 2695 2359 2764 suisque,
2409 2705 2574 2765 atque
2631 2699 2798 2751 etiam
2858 2699 3147 2753 duodecim
3199 2702 3476 2770 capitulis,

1903 2785 2017 2839 sive
2068 2786 2567 2851 anathematismis,
2617 2790 2819 2857 quibus
2864 2807 2929 2844 ex
2980 2792 3237 2848 mandate
3279 2796 3476 2849 summi

1904 2876 2180 2945 pontificis
2202 2878 2525 2932 catholicam
2552 2881 2835 2934 veritatem
2862 2882 3098 2935 Nestorii
3124 2883 3480 2953 blasphemiis

1903 2966 2210 3035 oppositam
2240 2968 2561 3037 complexus
2592 2979 2731 3033 erat,
2771 2971 3083 3040 quibusque
3128 2976 3330 3043 scripto
3375 2975 3481 3029 Nc-

1902 3057 2107 3113 storius
2156 3060 2523 3123 consentiret,
2578 3062 2622 3114 si
2671 3062 2837 3116 vellet
2881 3064 3186 3119 catholicus
3219 3065 3392 3119 videri
3423 3075 3480 3120 et

1906 3151 1959 3203 in
2001 3150 2130 3204 sede
2155 3150 2477 3204 consistere.

1976 3242 2178 3296 Verum
2221 3243 2491 3312 Cyrillus,
2542 3252 2835 3313 antequam
2900 3244 3167 3315 synodum
3229 3246 3476 3308 haberet,

1907 3333 2144 3400 indeque
2190 3333 2722 3401 Constantinopolim
2749 3334 3038 3402 episcopos
3073 3336 3335 3398 mitteret,
3364 3338 3481 3407 jus-

1904 3433 2051 3476 scrat
2105 3422 2503 3486 Possidouium,
2555 3438 2666 3476 sua
2721 3424 2976 3479 Ecclesia
3023 3424 3334 3488 diaconum,
3384 3427 3481 3494 qui

1906 3516 2075 3567 Itonia
2109 3515 2306 3568 summi
2344 3514 2643 3583 pontiﬁcis'
2663 3514 2875 3568 litteras
2902 3517 3185 3579 attulerat,
3215 3515 3478 3571 Hieroso-

1905 3608 2099 3675 lymam
2148 3615 2203 3658 et
2248 3605 2594 3659 Antiochiam
2630 3605 2927 3674 proficisci,
2956 3608 3273 3677 litterasque
3297 3608 3479 3663 Coele-

1902 3696 2031 3748 stini
2066 3696 2133 3748 ad
2172 3696 2459 3763 utriusque
2498 3695 2740 3749 civitatis
2788 3696 3062 3750 antistites
3108 3696 3341 3751 deferre.
3382 3696 3478 3753 llis

1902 3802 1930 3838 a
1994 3800 2209 3838 summo
2266 3785 2526 3853 pontifice
2576 3784 2918 3837 docebantur
2963 3784 3032 3837 de
3093 3784 3365 3839 sententia
3421 3786 3478 3840 in

1902 3880 2212 3931 Nestorium
2245 3880 2372 3939 lata,
2401 3879 2673 3946 simulque
2703 3886 2761 3931 et
2789 3878 3251 3932 abstrahebantur
3279 3895 3307 3932 a
3355 3895 3478 3949 par-

1904 3970 2071 4030 tibus,
2125 3984 2261 4035 quas
2305 3968 2544 4020 amicitia
2594 3966 2824 4020 suadere
2873 3960 3120 4035 poterat:
3164 3968 3479 4039 obstringe-

1903 4060 2103 4112 hantur
2128 4060 2291 4111 etiam
2323 4058 2389 4111 ad
2423 4057 2546 4111 fidei
2580 4073 2801 4111 causam
2824 4057 3244 4122 defendendam,
3278 4060 3476 4127 partim

1902 4158 2073 4210 metu,
2133 4164 2201 4201 ne
2254 4147 2385 4215 quid
2438 4148 2612 4200 simile
2673 4147 2805 4216 ipsis
2834 4146 3219 4214 contingeret;
3276 4149 3473 4216 partim

1903 4240 2127 4293 honoris
2168 4254 2355 4301 sensu,
2413 4248 2471 4291 ut
2532 4238 2625 4306 qui
2671 4247 3000 4291 vocarentur
3047 4238 3101 4291 in
3156 4238 3475 4293 societatem

1901 4330 2103 4399 negotii
2143 4330 2388 4382 omnium
2429 4344 2493 4383 ea
2521 4336 2841 4397 tempestate
2874 4330 3116 4383 maximi.

1973 4422 2094 4488 Quo
2118 4432 2363 4490 tempore
2399 4422 2587 4492 Cyl-illi
2624 4421 2889 4475 diaconus
2926 4422 3269 4476 Antiochiam
3299 4424 3470 4489 venit,

1837 4516 1877 4570 D
1903 4516 2081 4569 soluta
2133 4530 2323 4567 reet-ns
2365 4524 2483 4567 erat
2530 4513 2771 4582 synodus
2810 4514 3161 4578 autumnalis,
3192 4530 3474 4569 remanse-

1903 4617 2099 4677 ratque
2128 4607 2268 4661 forte
2300 4606 2442 4674 apud
2472 4606 2736 4660 Joannem
2768 4606 3149 4659 Theodoretus
3183 4621 3307 4659 cum
3349 4606 3477 4663 aliis

1902 4699 2167 4769 quinque,
2215 4697 2482 4751 Archelao
2520 4696 2777 4751 Casarea
2807 4696 3182 4765 Cappadocia,
3214 4697 3475 4768 Apringio

1900 4789 2198 4851 Chalcidis,
2228 4788 2453 4841 lleliade
2493 4787 2823 4856 Zeugtuatis,
2846 4786 3062 4841 Meletio
3086 4788 3475 4853 Neocasarea,

1904 4886 1960 4931 et
1993 4877 2229 4930 Macario
2259 4875 2541 4929 Laodicea
2569 4875 2864 4944 cpiscOpis,
2895 4876 3224 4943 quibuscum
3254 4891 3313 4930 re
3354 4891 3474 4930 ma-

1905 4970 2086 5023 turius
2128 4967 2453 5030 deliberata,
2489 4967 2664 5020 visum
2695 4976 2799 5031 est,
2835 4966 3063 5021 Joannis
3090 4968 3307 5021 nomine
3332 4969 3475 5022 seri-

1903 5060 2143 5116 bendum
2201 5057 2488 5119 Nestorio,
2547 5063 2609 5110 ut
2661 5056 2925 5109 Θεοτόκου
2976 5056 3315 5112 confessione
3368 5058 3475 5110 im-

1904 5150 2240 5221 pendentem
2275 5146 2442 5216 capiti
2483 5161 2583 5201 suo
2610 5154 2989 5216 tempestatem
3026 5156 3321 5201 averteret.
3353 5147 3477 5202 Non

1900 5243 2008 5298 erit
2053 5255 2218 5311 porro
2264 5253 2439 5292 vanus
2476 5239 2774 5308 coniector,
2800 5238 2893 5307 qui
2923 5238 3206 5307 epistolam
3232 5253 3262 5291 a
3292 5238 3476 5291 Theo-

1903 5338 2098 5392 doreto
2120 5334 2378 5401 scriptam
2402 5338 2558 5399 putet
2585 5331 2649 5383 ³⁵.
2686 5330 2819 5383 Nam
2850 5338 2907 5383 et
2939 5329 3008 5383 de
3035 5330 3207 5399 ipsius
3245 5330 3476 5384 consilio

1902 5434 2105 5487 dictata
2138 5427 2359 5489 dicitur,
2394 5432 2450 5478 et
2485 5422 2659 5493 ipsius
2691 5422 2886 5493 stylum
2910 5421 3095 5483 refert,
3119 5430 3173 5475 et
3195 5421 3370 5476 allinis
3392 5429 3476 5475 est

1562 5529 1882 5586 SCHULZII
1922 5526 2151 5585 NOTAE.

292 5622 331 5651 "
360 5620 627 5690 Evagrius
659 5622 755 5674 lib.
800 5638 834 5681 ι.
866 5637 983 5690 cap.
1047 5620 1101 5673 2.

1204 5620 1256 5694 ³³,
1310 5620 1629 5694 Delalucst.
1690 5624 1812 5679 V'id.
1861 5625 2035 5694 Epist.
2079 5618 2300 5694 Calest.
2338 5613 2431 5694 _ad
2459 5614 2693 5694 'Neslor.

2804 5612 2846 5643 “
2872 5613 3001 5664 Acta
3034 5610 3247 5664 concilii
3274 5609 3473 5678 Eplies.

229 5690 266 5761 ξ’
298 5691 409 5743 Non
437 5680 507 5730 -Σ
530 5701 693 5758 putcf.
734 5680 991 5745 Eamde'm
1020 5691 1351 5745 sententiam
1394 5693 1447 5745 in
1494 5693 1650 5748 Notis
1671 5694 1737 5747 ad
1770 5680 2001 5750 Joan'nis
2027 5687 2350 5761 Antiocheui
2384 5685 2670 5761 epistolam
2704 5683 2855 5761 (_e_d_i‘t.
2882 5681 3081 5761 prioris
3112 5697 3164 5749 p.
3196 5680 3311 5761 5.9),
3342 5697 3479 5761 quas

228 5760 357 5837 intra
393 5750 665 5824 dabimus,
698 5771 881 5815 tuetur
910 5761 1247 5823 Garnerius;
1291 5763 1386 5815 sed
1434 5764 1487 5817 in
1524 5764 1654 5817 diss.
1694 5767 1853 5820 tertia
1894 5765 2045 5837 (edit.
2082 5758 2283 5830 prioris
2324 5750 2440 5825 pag.
2484 5754 2586 5808 469
2627 5761 2680 5807 et
2708 5751 2853 5814 ΠΜ,
2896 5750 2961 5805 de
3008 5750 3081 5804 rei
3125 5751 3353 5804 veritate
3376 5750 3478 5804 du-

236 5829 385 5883 bitat.

273 5839 385 5883 m“.
472 5923 747 5984 PATROL.
794 5924 913 5985 Gn.
959 5922 1289 5983 LXXXIV.

3039 5912 3071 5973 4
