4208 6440
650 395 749 463 1'07

1803 390 2177 449 GARNERII
2220 390 2715 453 DISSERTATIO
2755 395 2802 453 ῐ.

3791 391 3889 457 108

649 510 822 569 alteri,
882 506 932 557 in
968 520 1073 572 qua
1117 504 1259 554 idem
1308 503 1421 555 fere
1470 511 1850 571 argumentum
1892 502 1959 556 de
1999 502 2221 571 Virgine
2251 510 2289 563 Α
2327 504 2487 557 modo
2532 508 2642 558 sola
2690 507 2829 558 ratio
2872 505 3166 561 haberetur
3203 506 3591 575 objectionum,
3625 520 3760 573 quas
3790 522 3886 559 no-

645 598 872 666 Deipara
916 604 1198 656 tractatur,
1252 603 1305 647 et
1345 594 1598 647 eumdem
1634 594 1851 648 videtur
1886 594 2087 647 habere
2117 606 2215 646 au-

645 700 872 751 ctorem,
924 701 1087 754 quem
1135 686 1252 740 alia:
1305 686 1417 739 fere
1463 701 1656 740 omnes
1704 686 1758 739 in
1792 686 2032 739 secunda
2064 693 2217 753 parte

644 779 861 834 concilii
912 777 1170 847 Ephesini
1223 785 1513 838 contentae,
1560 791 1792 845 quarum
1839 785 2018 828 tamen
2075 789 2216 827 non-

644 871 807 924 nulla:
822 886 851 923 a
878 870 1224 923 Thcodoreto
1245 868 1461 936 scripta:
1482 868 1752 921 sciuntur.

718 963 852 1015 VIII.
884 961 1188 1022 Nestor-ius,
1226 968 1284 1013 ut
1312 967 1433 1012 erat
1471 976 1582 1028 prae
1622 951 1879 1028 superbia
1928 958 2219 1026 impatiens

644 1051 1001 1121 pmnitentiw,
1025 1058 1186 1117 atque
1205 1049 1367 1101 etiam
1388 1047 1799 1110 admonitionis,
1823 1047 2030 1117 sprevit
2046 1048 2219 1101 amica

644 1140 1004 1195 Orientalium
1057 1140 1310 1201 consilia,
1362 1139 1568 1207 sprevit
1618 1146 1674 1192 et
1728 1139 2020 1207 imperium
2073 1138 2219 1190 sedis

644 1230 977 1300 apostolicae,
1029 1230 1173 1297 quod
1222 1229 1380 1297 legati
1431 1228 1665 1298 Aigyptii
1689 1226 2216 1294 Constantinopolim

645 1322 858 1392 appulsi
916 1321 1227 1375 detulerant
1262 1336 1273 1371 :
1327 1328 1638 1372 contentam
1674 1319 1819 1372 enim
1848 1317 2066 1380 litteris,
2102 1326 2216 1369 tum

643 1414 926 1470 (imlestini
961 1412 1157 1467 summi
1186 1411 1480 1479 pontiﬁcis,
1520 1421 1632 1464 tum
1660 1410 1845 1480 Cyrilli
1868 1408 2217 1462 Alexandrini

645 1505 908 1576 episcopi,
929 1504 1421 1564 denuntiationem,
1441 1502 1635 1555 callide
1656 1502 1865 1555 irritam
1885 1501 2216 1555 reddiderat.

646 1599 916 1653 Ellecerat
952 1597 1102 1650 enim
1144 1596 1259 1647 suis
1300 1595 1531 1653 artibus.
1572 1603 1631 1647 ut
1666 1594 2012 1646 Theodosius
2043 1593 2219 1659 impe-

648 1698 798 1742 rator
834 1688 1141 1757 generalem
1176 1686 1441 1755 synodum
1478 1685 1679 1753 Ephesi
1731 1683 2033 1737 habendam
2082 1681 2223 1735 indi-

646 1788 818 1842 ceret,
849 1787 903 1830 et
936 1776 1243 1831 evocatoria
1275 1776 1556 1829 sanctione
1585 1782 1821 1838 eavcret,
1863 1789 1930 1827 ne
1969 1773 2096 1842 quid
2139 1773 2221 1826 in-

2327 594 2469 649 mine
2503 595 2863 650 Orientalium
2890 608 3078 650 contra
3100 598 3337 665 capitula
3360 596 3665 665 pr0posuit.
3691 596 3890 650 Verum

2323 686 2369 738 si
2394 686 2670 739 credimus
2695 686 2984 739 Anastasio
3011 686 3252 749 Sinaita~,
3280 684 3627 754 postmodum
3646 684 3888 737 accendit

2325 778 2564 831 hominis
2600 778 2785 840 bilem,
2826 778 3052 847 negotii,
3088 794 3197 847 quo
3225 778 3385 830 amici
3416 776 3890 846 periclitabantur.

2325 870 2697 923 diuturnitas:
2740 885 2910 939 quare
2942 879 2998 924 et
3024 869 3431 924 Theodoretum
3457 867 3694 929 ulturus,
3728 881 3891 933 quem

2325 979 2353 1016 a
2384 962 2587 1033 Cyrillo
2616 962 2800 1015 laesum
2824 970 3060 1031 putaret,
3087 970 3142 1015 et
3168 961 3378 1030 priores
3406 974 3532 1013 suas
3556 957 3896 1027 objectioncs

2325 1055 2674 1115 defensurus,
2717 1056 2733 1073 ⁹
2774 1054 3073 1107 virulentas
3128 1051 3350 1119 scripsit
3397 1050 3658 1103 adversus
3704 1046 3897 1116 Cyrilli

2327 1148 2740 1215 responsionem
2766 1144 3243 1213 reprehensiones,
3266 1155 3499 1211 quarum
3531 1139 3894 1209 fragmentum

2325 1238 2563 1291 refertur
2593 1238 2646 1290 in
2680 1237 2825 1290 libro
2854 1234 3124 1289 Anastasii
3162 1234 3225 1296 ",
3268 1233 3360 1301 qui
3395 1231 3515 1284 Duas
3551 1233 3649 1283 vim
3673 1229 3893 1284 dicitur.

2396 1327 2485 1382 IX.
2511 1327 2688 1395 Atque
2711 1327 2800 1379 hic
2822 1327 3029 1394 primus
3063 1324 3164 1377 fuit
3194 1322 3524 1377 Theodoreti
3549 1338 3744 1376 casus:
3771 1325 3897 1375 cum

2325 1419 2470 1473 enim
2493 1418 2756 1472 scriberet
2797 1412 2900 1485 pro'
2938 1415 3096 1469 amici
3136 1429 3319 1475 causa,
3360 1428 3467 1466 non
3515 1412 3673 1483 154
3710 1426 3900 1481 repre-

2328 1512 2519 1565 hendit
2551 1519 2759 1564 tantum
2790 1507 2977 1579 Cyrilli
3004 1506 3205 1575 capita,
3228 1513 3453 1573 propter
3474 1504 3712 1573 speciem
3735 1502 3899 1572 Apol-

2327 1601 2580 1655 linariani
2615 1599 2841 1661 erroris,
2870 1596 3014 1667 quod
3046 1596 3170 1649 aliis
3193 1607 3413 1664 quoque
3444 1593 3604 1645 bonis
3624 1592 3895 1660 contigit;

2328 1690 2423 1744 sed
2472 1704 2620 1743 casco
2660 1688 2865 1758 impetu
2904 1688 2958 1741 in
2986 1702 3206 1740 errores
3231 1692 3466 1754 quatuor
3491 1683 3604 1751 ipse
3635 1683 3900 1750 abreptus

2327 1788 2433 1843 est,
2482 1790 2704 1850 propter
2746 1793 2887 1848 quos
2937 1793 2967 1831 a
2993 1778 3183 1846 quinta
3217 1776 3425 1846 synodo
3472 1776 3761 1828 damnatus
3790 1783 3895 1828 est.

648 1870 806 1922 terim
839 1870 893 1922 in
920 1869 1239 1921 alterutram
1282 1875 1490 1935 partem
1538 1875 1882 1929 tentaretur;
1921 1865 2014 1918 sed
2058 1880 2222 1918 causa
2256 1860 2293 1912 Β
2322 1871 2456 1925 Nam
2492 1886 2615 1924 cum
2640 1870 2877 1939 primum
2902 1866 3418 1921 anathematismum
3446 1864 3895 1933 reprehenderet,

647 1961 857 2029 integra
900 1959 1209 2012 deferretur
1258 1957 1325 2010 ad
1366 1957 1655 2025 episcopos
1700 1956 1802 2009 rite
1843 1964 2217 2025 congregatos.

722 2050 875 2120 153
896 2050 1245 2103 Sanctionem
1262 2046 1415 2100 vafer
1439 2046 1747 2107 haereticus,
1772 2046 2090 2115 priusquam
2114 2060 2219 2109 res,

647 2140 716 2193 de
758 2155 863 2209 qua
918 2138 1115 2193 litteris
1151 2154 1180 2191 a
1217 2138 1424 2192 Joanne
1476 2136 1764 2200 didicerat,
1802 2136 1857 2189 in
1902 2136 2037 2189 urbe
2076 2135 2223 2204 regia

651 2234 1039 2295 innotesceret,
1074 2232 1380 2285 aulicorum
1410 2246 1513 2300 ope
1546 2246 1680 2283 auro
1713 2244 1813 2284 suo
1837 2238 2222 2298 corruptorum

653 2325 1020 2392 subripuerat.
1063 2336 1236 2392 eaque
1270 2330 1385 2376 arte
1433 2321 1633 2375 summi
1686 2320 1965 2389 pontificis
2007 2328 2225 2374 senten-

655 2418 783 2469 tiam
831 2415 1255 2484 synodicamque
1298 2413 1488 2484 Cyrilli
1524 2428 1649 2466 cum
1679 2413 1793 2466 suis
1827 2412 2115 2466 duodecim
2139 2427 2227 2465 ca-

656 2506 843 2574 pitulis
873 2506 1269 2559 Iurlilicaverat.
1300 2505 1359 2558 Id
1396 2519 1562 2559 ausus
1587 2514 1690 2565 est,
1720 2488 1839 2572 qua:
1863 2502 1963 2556 fuit
1991 2502 2226 2556 hominis

659 2596 1013 2665 impudentia,
1062 2594 1202 2649 datis
1236 2594 1305 2649 ad
1331 2604 1581 2649 sanctum
1615 2592 1973 2647 leestinum
2005 2590 2224 2653 litteris,

656 2703 764 2742 non
800 2687 1034 2739 obscure
1077 2685 1326 2739 innuere.
1381 2704 1397 2735 ι
1434 2685 1718 2747 I’iissimis,
1762 2684 1939 2752 inquit
1960 2684 2024 2746 “,
2052 2682 2225 2751 impe-

656 2781 933 2836 ratoribus
975 2780 1198 2848 placuit,
1256 2780 1484 2832 Domino
1518 2779 1830 2847 adjuvante,
1868 2778 2034 2830 etiam
2063 2789 2228 2846 syno-

656 2874 786 2924 dum
820 2871 1267 2925 inexcusabiliter
1292 2870 1461 2923 totius
1496 2870 1646 2923 orbis
1677 2878 1946 2922 terrarum
1987 2867 2231 2923 indicere

660 2972 881 3031 propter
920 2960 1329 3030 inquisitionem
1375 2960 1606 3012 aliarum
1663 2973 1845 3012 rerum
1897 2957 2234 3012 ecclesiasti-

660 3066 889 3103 rarum:
931 3064 1055 3103 nam
1096 3047 1497 3102 dubitationem
1546 3047 1841 3100 verborum
1885 3061 1994 3099 non
2020 3043 2232 3098 aestimo

663 3140 971 3193 habituram
1030 3138 1442 3207 inquisitionem
1493 3135 1792 3200 dilllcilem,
1847 3152 1950 3190 nec
1999 3134 2231 3205 impedi-

664 3238 844 3285 mento
900 3244 1019 3303 esse
1068 3228 1307 3281 futuram
1345 3227 1409 3280 ad
1466 3235 1754 3280 tractatum
1785 3226 2092 3279 divinitatis
2124 3225 2232 3279 Do-

664 3320 796 3371 mini
840 3320 978 3374 Icsu.
1010 3338 1028 3368 ι

734 3411 845 3463 Sed
894 3424 1017 3463 cum
1066 3409 1393 3477 intelligeret
1449 3424 1635 3477 sparsa
1685 3423 1782 3477 per
1822 3408 2020 3461 urbem
2070 3407 2236 3463 fuisse

664 3502 850 3571 Cyrilli
887 3501 1146 3570 capitula,
1172 3515 1281 3555 una
1317 3515 1441 3554 cum
1466 3500 1665 3554 litteris
1698 3500 1955 3554 Romana:
1991 3510 2046 3554 et
2077 3498 2238 3570 Αἰξων-

666 3594 793 3660 ιιιιω
838 3591 1051 3659 synodi,
1094 3605 1425 3660 magnasque
1464 3590 1590 3643 inde
1624 3590 1933 3644 animorum
1968 3590 2139 3644 etiam
2180 3592 2235 3644 in

667 3684 789 3734 aula
842 3679 1233 3733 conversiones
1277 3678 1439 3743 ellici,
1495 3694 1595 3732 nec
1636 3678 1753 3733 suis
1790 3693 1848 3733 se
1877 3678 2237 3732 concionibus

667 3774 878 3828 duabus
922 3772 975 3826 id
1032 3771 1329 3841 peregisse,
1370 3771 1516 3840 quod
1563 3770 1870 3834 moliretur,
1924 3770 2238 3823 anathema-

669 3866 860 3917 tismos
906 3862 1091 3933 Cyrilli
1137 3863 1373 3931 primum
1414 3862 1469 3916 in
1517 3863 1633 3930 ipsa
1672 3861 1805 3915 urbe
1848 3861 1993 3931 regia
2022 3869 2239 3914 contra-

668 3955 764 4007 riis
814 3954 1281 4007 anathematismis
1323 3952 1542 4005 refellit.
1579 3950 1805 4016 Deinde,
1840 3950 2022 4005 missis
2046 3951 2237 4005 Antio-

660 4046 846 4099 chiam
881 4044 1262 4114 synodicarum
1293 4041 1581 4110 exemplis,
1616 4040 1883 4095 Joannem
1934 4040 2141 4110 regavit
2177 4050 2237 4094 ut

665 4150 694 4186 ι
753 4134 966 4186 duobus
1019 4133 1102 4187 sui
1149 4130 1370 4185 concilii
1423 4130 1576 4194 viris,
1631 4129 1977 4184 Theodoreto
2013 4130 2235 4201 Cyrensi

665 4234 720 4277 et
766 4224 980 4278 Andrea
1028 4223 1405 4283 Samosateno,
1459 4220 1636 4289 capita
1663 4219 1952 4275 duodecim
1983 4236 2013 4274 a
2036 4221 2237 4291 Cyrillo

666 4314 979 4383 pnescripta
1010 4322 1231 4369 curaret
1274 4314 1448 4382 argui,
1498 4311 1652 4380 quasi
1684 4312 2015 4381 Apollinaris
2042 4312 2237 4381 impie-

666 4418 832 4461 tatem
851 4407 1219 4460 continerent.
1243 4404 1469 4459 Joannis
1490 4402 1745 4456 mandato
1770 4411 1999 4472 uterque
2022 4405 2233 4471 paruit:

2322 1962 2540 2032 negavit
2580 1962 2793 2016 beatam
2819 1960 3095 2030 Virginem
3119 1959 3393 2028 peperisse
3416 1955 3651 2010 Verbum
3680 1969 3898 2008 carnem

2324 2055 2568 2119 factum;
2605 2069 2728 2108 cum
2760 2051 3088 2114 secundum,
3134 2059 3361 2104 naturas
3408 2049 3463 2102 in
3506 2047 3725 2103 Chriﬁo
3776 2045 3899 2097 καθ’

2325 2150 2620 2201 ὑπόστασιν
2667 2145 2807 2198 uniri
2834 2161 2847 2209 ;
2885 2158 3008 2197 cum
3038 2150 3314 2211 quartum,
3348 2141 3563 2194 unicam
3592 2152 3711 2193 esse
3737 2137 3898 2191 Chri-

2324 2238 2394 2291 sti
2445 2236 2787 2297 ὑπόστασινς
2842 2248 2964 2286 cum
3016 2231 3308 2294 decimum,
3370 2230 3541 2283 Deum
3586 2228 3691 2282 dici
3740 2241 3901 2296 posse

2326 2335 2625 2380 mortuum.
2656 2326 2761 2378 Ista
2784 2338 2915 2377 vero
2948 2332 3183 2392 quatuor
3218 2337 3379 2375 nemo
3411 2320 3716 2375 catholicus
3742 2317 3899 2372 fateri

2326 2418 2602 2480 abnuerit,
2654 2416 2757 2469 nisi
2812 2415 2896 2468 vel
2945 2414 2999 2467 in
3058 2413 3259 2467 crassis
3292 2412 3612 2480 ignorantiae
3657 2408 3903 2465 tenebris

2328 2517 2602 2570 versetur,
2650 2504 2733 2559 vel
2793 2504 2864 2557 ob
2910 2518 3135 2572 pravum
3183 2502 3349 2556 animi
3390 2502 3648 2555 allectum
3683 2500 3901 2555 veritati

2327 2613 2633 2669 repugnare
2659 2597 2792 2651 velit
2819 2617 2830 2648 ;
2856 2610 3089 2666 quorum
3121 2594 3354 2647 alterum
3382 2593 3507 2663 quis
3539 2592 3607 2646 de
3646 2592 3902 2645 Theodo-

2330 2702 2449 2747 reto
2494 2689 2770 2746 senserit?
2804 2689 3035 2742 alterum
3069 2687 3193 2756 quis
3222 2684 3487 2740 Catholici
3520 2698 3639 2738 esse
3664 2682 3904 2737 dixerit?

2399 2782 2466 2837 X.
2501 2783 2628 2835 Fuit
2654 2795 2786 2834 vero
2820 2794 3044 2848 prorsus
3066 2775 3409 2839 admirabile,
3438 2775 3615 2829 virum
3640 2775 3904 2844 singulari

2330 2873 2582 2928 Numinis
2616 2852 2760 2925 dono
2810 2871 3037 2931 datum;
3079 2883 3242 2938 quem
3292 2866 3552 2921 miracula
3600 2866 3906 2920 eduxeram

2332 2963 2388 3017 in
2442 2963 2660 3027 lucem;
2711 2962 2871 3030 cujus
2922 2974 3122 3030 parens
3176 2973 3285 3012 non
3340 2958 3495 3028 prius
3546 2958 3727 3026 potuit
3780 2972 3906 3011 esse

2332 3065 2527 3120 mater,
2587 3071 2751 3124 quam
2808 3062 3045 3117 sancta;
3107 3066 3269 3121 quem
3324 3049 3574 3104 homines
3622 3048 3908 3121 stupenda

2336 3149 2640 3202 sanctitatis
2668 3147 2922 3199 foverunt
2965 3145 3131 3207 sinu;
3168 3143 3261 3212 qui
3307 3141 3589 3212 septennis
3630 3150 3904 3197 monaste-

2339 3239 2481 3293 rium
2504 3238 2781 3306 ingressus
2804 3241 2923 3297 est;
2948 3232 3042 3301 qui
3071 3240 3219 3285 totus
3245 3230 3348 3283 fuit
3374 3230 3428 3283 in
3450 3229 3715 3283 imitando
3730 3226 3910 3299 Chry-

2337 3338 2614 3393 sostomo;
2645 3341 2807 3396 quem
2843 3322 3161 3378 Theodotus
3213 3320 3453 3376 Orientis
3495 3321 3681 3374 lumen
3728 3319 3913 3374 eccle-

2338 3418 2573 3475 siasticis
2605 3417 2853 3470 moribus
2880 3412 3159 3476 instituit;
3185 3412 3343 3482 cujus
3379 3410 3748 3480 eloquentiam
3801 3410 3911 3464 An-

2339 3511 2560 3567 tiochia.
2595 3510 2826 3562 alterum
2859 3505 3156 3561 Orientalis
3195 3503 3412 3573 imperii
3439 3512 3624 3573 caput,
3652 3518 3760 3556 non
3810 3500 3907 3556 mi-

2339 3612 2453 3655 rata
2492 3609 2701 3654 tantum
2726 3607 2829 3661 est,
2860 3597 2954 3650 sed
2997 3596 3208 3665 stupuit
3238 3614 3251 3661 ;
3282 3596 3375 3664 qui
3401 3593 3728 3664 episcopalis
3748 3592 3912 3647 ofﬁcii

2338 3696 2540 3750 nullam
2579 3708 2687 3746 non
2727 3690 2972 3759 implevit
3014 3697 3222 3758 partem
3250 3705 3263 3753 ;
3297 3687 3391 3756 qui
3422 3688 3612 3741 decem
3642 3683 3915 3756 myriades

2338 3786 2622 3840 hominum
2666 3800 2772 3836 una
2807 3782 2859 3835 in
2898 3781 3097 3835 vicinia
3129 3780 3289 3833 tinxit
3317 3778 3629 3848 baptismo;
3665 3778 3758 3847 qui
3792 3776 3916 3830 infi-

2339 3878 2484 3932 nitos
2526 3875 2811 3929 haereticos
2851 3874 3136 3927 veritatem
3181 3871 3390 3934 docuit,
3423 3884 3723 3939 agrumque
3752 3868 3855 3923 sibi
3882 3881 3913 3920 a

2336 3967 2554 4023 Christo
2587 3965 2854 4020 creditmn
2901 3980 3011 4017 non
3053 3962 3254 4016 sudore
3288 3970 3497 4015 tantum
3533 3960 3793 4029 irrigavit,
3816 3958 3914 4013 sed

2337 4060 2501 4114 etiam
2543 4057 2847 4127 sanguine;
2886 4070 3049 4124 quem
3101 4054 3245 4107 Deus
3297 4051 3413 4121 ipse
3462 4051 3666 4105 Jacobo
3719 4056 3917 4103 ascetze

2339 4150 2681 4203 sanctissimo
2723 4146 2963 4202 ostendit
3006 4145 3155 4199 velut
3212 4144 3437 4198 haeresis
3473 4141 3914 4206 domitorem,'in

2340 4240 2571 4295 haeresin
2628 4239 2923 4293 infeliciter
2968 4236 3262 4297 decidisse,
3317 4236 3511 4298 amico,
3565 4234 3658 4303 qui
3719 4240 3915 4301 sponte

2340 4332 2557 4394 ruebat,
2604 4330 2861 4383 miserum
2900 4328 3231 4381 attrahente.
3271 4326 3377 4380 Sed
3406 4342 3514 4379 non
3548 4341 3653 4379 una
3695 4325 3809 4379 haec
3836 4325 3920 4378 vi-

2340 4422 2502 4476 detur
2542 4422 2716 4475 ruina:
2750 4420 3008 4474 occasio:
3060 4418 3337 4471 hominem
3386 4417 3439 4469 in
3469 4432 3711 4486 praeceps
3734 4418 3918 4486 rapuit

667 4496 823 4551 aliter
879 4506 1058 4549 tamen
1115 4496 1276 4557 alius,
1329 4494 1705 4549 Theodoretus
1737 4509 1932 4563 nempe
1963 4496 2234 4560 acerbius,

2340 4513 2669 4567 miserabilis
2707 4511 2954 4580 quaedam
2997 4509 3283 4563 concursio
3326 4523 3630 4562 causarum.
3665 4507 3791 4559 Erat
3811 4507 3914 4576 ipsi

666 4589 946 4643 remissius
999 4588 1245 4642 Andreas
1282 4604 1294 4640 :
1350 4588 1620 4656 siquidem
1659 4589 1748 4642 ille
1777 4589 2039 4643 conviciis
2070 4597 2235 4658 atque

665 4683 842 4739 etiam
857 4680 1149 4734 Calumniis
1184 4694 1290 4732 non
1332 4679 1619 4743 abstinuit,
1656 4680 1758 4734 iste
1784 4680 1987 4749 objecit
2023 4688 2257 4736 tantum.

667 4786 848 4835 voces,
897 4785 1032 4838 quas
1083 4778 1298 4838 putaret
1330 4770 1730 4823 inconsiderate
1760 4771 2019 4838 prolatas.
2054 4771 2235 4826 Theo-

664 4865 889 4917 doretus
924 4861 1182 4931 Cyrillum
1229 4862 1382 4915 velut
1430 4861 1749 4915 haereticum
1783 4877 2068 4930 aggressus
2099 4875 2186 4918 est
2218 4881 2234 4929 ;

664 4956 926 5015 Andreas,
961 4968 1121 5022 quem
1173 4952 1502 5006 catholicum
1555 4953 1903 5022 agnoscebat,
1951 4969 2090 5023 pene
2149 4956 2234 5009 in-

666 5048 811 5098 vitus
863 5044 1135 5098 vexabat:
1179 5051 1341 5112 atque
1393 5044 1521 5097 hinc
1573 5043 1796 5097 forsitan
1831 5044 2087 5099 effectum
2146 5057 2228 5109 ut,

662 5151 773 5203 quo
819 5142 1063 5204 tempore
1109 5136 1392 5189 veniretur
1437 5136 1504 5189 ad
1539 5138 1856 5201 concilium,
1885 5138 1981 5206 qui
2010 5154 2237 5208 campus

663 5227 886 5295 quidam
930 5227 1250 5282 certaminis
1300 5227 1519 5282 futurus
1549 5239 1689 5292 erat,
1725 5228 1981 5300 Cyrcnsis
2013 5230 2235 5285 advola-

662 5320 808 5372 verit
854 5334 1045 5389 pugna:
1096 5319 1312 5383 avidus,
1365 5318 1754 5374 Samosatenus
1784 5320 2037 5374 morbum
2070 5321 2238 5375 simu-

664 5411 877 5473 laverit,
912 5427 979 5466 ne
1010 5412 1225 5465 veniret
1262 5421 1350 5475 eo,
1378 5411 1468 5466 ubi
1495 5412 1794 5467 necessitas
1826 5411 1967 5467 foret
1990 5413 2238 5467 veritatis

664 5494 1064 5569 impugnandm.
1118 5500 1192 5552 Ita
1239 5499 1302 5553 de
1354 5500 1570 5556 Andrea
1616 5501 1829 5569 opinari
1876 5517 1974 5570 par
1994 5511 2160 5567 esset,
2192 5503 2237 5559 si

2341 4622 2370 4659 a
2414 4616 2629 4667 natura,
2679 4614 2738 4657 ut
2778 4604 2985 4657 dictum
3022 4611 3124 4663 est,
3172 4602 3386 4654 animus
3432 4600 3700 4662 excelsus,
3732 4599 3917 4653 animo

2340 4696 2621 4766 ingenium
2677 4710 2776 4764 par
2817 4703 2872 4747 et
2909 4695 3248 4763 praecellens,
3297 4692 3516 4759 utrique
3560 4690 3787 4758 aequalis
3835 4689 3918 4743 vis

2338 4782 2688 4851 eloquentiae.
2746 4781 2897 4834 Fecit
2954 4780 3242 4835 excelsitas
3301 4778 3501 4840 animi,
3570 4786 3629 4829 ut
3677 4778 3918 4830 humana

2341 4876 2537 4921 cuncta
2595 4867 2922 4937 despiceret,
2978 4877 3179 4937 pnetcr
3232 4867 3499 4936 gloriam:
3546 4866 3915 4934 praecellentia

2342 4956 2568 5025 ingenii,
2607 4964 2667 5009 ut
2703 4955 2948 5010 scientiis
2983 4962 3219 5009 mentem
3251 4963 3450 5022 praeter
3472 4953 3693 5006 modum
3726 4953 3921 5022 imple-

2344 5055 2448 5109 ret,
2500 5056 2558 5100 et
2597 5048 2751 5115 quasi
2806 5048 3021 5102 inﬂaret
3059 5066 3070 5100 :
3101 5047 3184 5099 vis
3217 5045 3564 5115 eloquentiae,
3592 5054 3651 5098 ut
3675 5044 3920 5098 Orientis

2343 5140 2669 5194 miraculum
2699 5139 2936 5201 audiret,
2968 5142 3024 5192 ét
3047 5138 3191 5207 quod
3233 5139 3533 5191 humanum
3569 5145 3673 5201 est,
3726 5137 3920 5191 dicen-

2345 5232 2493 5287 tibus
2512 5232 2784 5286 crederet.

2416 5322 2569 5378 Ilanc
2624 5322 2864 5377 indolem
2921 5324 3072 5377 auxit
3135 5323 3519 5393 magistrorum
3573 5322 3921 5376 consuetudo

2345 5425 2510 5483 atque
2532 5413 2820 5469 admiratio
2848 5431 2859 5465 :
2886 5429 3010 5468 cum
3036 5413 3286 5467 doctrina
3309 5413 3453 5466 enim
3476 5411 3690 5466 imbibit
3717 5412 3920 5468 utrius-

2345 5520 2452 5574 que
2482 5518 2701 5559 mores:
2744 5520 2774 5558 a
2809 5504 3099 5558 Theodoro
3134 5504 3329 5559 didicit
3356 5520 3558 5572 paucos
3592 5505 3919 5575 suspicere;

2007 5661 2326 5718 SCIIULZII
2370 5662 2601 5717 NOTJE.

739 5778 778 5807 ³⁸
810 5793 964 5850 Parte
993 5810 1026 5848 ιι
1062 5794 1299 5865 Operam
1336 5794 1488 5850 Marii
1528 5794 1863 5861 Mercatoris.
1896 5795 1973 5861 (1’.
2008 5794 2069 5849 SI
2112 5796 2244 5850 edit.
2282 5792 2494 5865 Garn.).
2576 5796 2616 5828 ³⁷
2643 5794 2701 5850 1η
2733 5792 2974 5863 Hodego,
3025 5807 3142 5862 cap.
3192 5790 3281 5846 22.
