4208 6440
204 403 300 471 109

1398 398 1763 462 HISTORIA
1798 396 2306 459 THEODORETI.

3350 394 3452 460 llO

200 534 229 571 a
255 514 669 586 Chrysostomo,
701 513 976 568 neminem
1006 512 1186 568 vereri
1215 530 1228 578 ;
1264 512 1334 567 ab
1362 520 1619 581 utroque,
1653 523 1778 564 cum
1809 516 1854 571 Α
1884 510 2035 565 misit
2072 510 2239 565 etiam
2279 509 2347 564 ad
2392 506 2720 564 monasteria
2749 506 3036 577 epistolam
3071 508 3138 572 ”,
3174 523 3279 578 qua
3312 510 3450 565 nihil

198 608 457 663 omnibus
485 608 662 662 libere
685 606 836 675 loqui
871 623 883 659 :
916 613 1155 659 tractum
1191 620 1220 658 a
1253 603 1548 659 Theodoro
1578 602 1776 656 vitium

198 701 362 755 crevit
392 698 702 769 plausibus,
738 698 914 751 virtus
943 713 973 750 a
1002 696 1393 767 Cbrysostomo
1418 702 1641 763 accepta
1668 706 1774 746 non

198 808 254 846 sc
286 789 561 843 continuit
592 790 733 842 intra
770 789 1010 842 modum.

266 881 568 935 [hereticos
612 883 990 950 cujuscunque
1041 876 1291 947 generis,
1341 875 1593 937 Arianos,
1638 871 1780 925 Mar-

198 972 455 1037 cionitas,
484 971 928 1033 Macedonianos,
951 967 1392 1039 Apollinaristas,
1430 964 1777 1034 reliquosque

202 1062 358 1132 155
380 1062 658 1115 continuis
683 1062 884 1129 pratliis
907 1059 1159 1128 fregerat.
1187 1058 1373 1126 Magna
1394 1054 1520 1108 inde
1542 1051 1780 1106 nominis

198 1156 391 1223 gloria,
435 1168 741 1221 magnaque
788 1152 873 1204 sui
917 1150 1226 1204 securitas:
1273 1162 1466 1217 passus
1493 1153 1597 1208 est,
1626 1141 1775 1212 quod

196 1246 452 1315 perpetui
487 1243 917 1311 triumphatures
959 1242 1158 1305 solent,
1198 1239 1369 1292 voluit
1393 1253 1518 1292 cum
1550 1235 1778 1289 nobilis—

194 1334 349 1388 simis
397 1334 713 1402 quibusque
756 1333 903 1386 vires
937 1348 1064 1387 suas
1094 1329 1355 1401 experiri.
1386 1328 1653 1383 Ardorem
1680 1342 1779 1396 pu-

193 1425 395 1494 gnandi
443 1424 782 1478 accendebat
823 1434 994 1479 aetas:
1046 1439 1159 1477 non
1200 1422 1435 1476 multum
1469 1420 1618 1474 enim
1645 1432 1780 1487 qua-

192 1514 569 1583 dragesimum
600 1529 807 1567 annum
840 1521 1174 1575 excesserat,
1218 1526 1328 1579 quo
1364 1518 1607 1577 tempore
1659 1521 1778 1559 ma-

192 1605 438 1674 gnanimi
458 1604 646 1673 gloria:
666 1619 854 1657 amore
878 1604 1112 1656 maxime
1134 1608 1466 1669 tanguntur;
1498 1596 1778 1666 ingerebat

193 1711 314 1749 sese
356 1696 579 1749 occasio
628 1694 971 1762 Optatissima
1022 1690 1376 1746 conserenda:
1411 1703 1604 1758 pugna:
1649 1700 1777 1739 cum

193 1783 395 1853 Cyrillo
418 1786 719 1839 multarum
746 1786 1051 1854 palmarum
1078 1783 1241 1845 duce,
1270 1794 1447 1848 eoque
1471 1778 1639 1831 totius
1663 1776 1777 1831 fere

192 1876 345 1929 orbis
376 1875 722 1938 doctissimo,
759 1882 815 1929 et
857 1882 1038 1927 tamen
1077 1879 1390 1941 opportuno
1432 1867 1773 1931 vulneribus,
1809 1856 1849 1909 Β

194 1976 252 2020 ιιι
279 1968 382 2035 ipsi
412 1966 638 2035 quidem
678 1965 990 2019 videbatur.

256 2058 517 2112 Audendi
563 2073 728 2111 causa
758 2071 867 2109 non
908 2063 1119 2109 tantum
1150 2053 1399 2118 honesta,
1426 2054 1602 2108 amico
1625 2052 1777 2107 labo-

194 2151 334 2204 ranti
383 2165 551 2218 opem
602 2148 768 2211 ferre,
835 2145 930 2201 sed
982 2146 1149 2201 etiam
1201 2147 1476 2216 religiosa,
1506 2146 1775 2201 obsistere

195 2240 402 2295 homini
432 2250 617 2310 partes
638 2237 964 2308 Apollinarii
1022 2236 1076 2290 in
1116 2238 1357 2306 speciem
1402 2238 1597 2291 tuenti.
1646 2238 1777 2293 Pul-

196 2334 388 2387 ehrum
430 2340 551 2386 erat
574 2332 826 2385 auxiliari
853 2329 1125 2393 Nestorio,
1152 2329 1306 2382 urbis
1332 2329 1493 2397 regis:
1519 2328 1773 2392 antistiti,

193 2424 327 2478 aulae
378 2423 649 2493 gratioso,
688 2430 744 2475 et
769 2419 933 2474 simul
967 2432 1285 2489 oppugnare
1309 2416 1596 2489 Cyrillum,
1622 2418 1779 2487 cujus

193 2516 463 2583 potentia,
493 2528 603 2583 quo
633 2513 808 2582 major
831 2510 899 2565 ab
926 2508 1241 2566 Occidentis
1281 2508 1491 2573 favore,
1531 2522 1597 2561 eo
1634 2507 1775 2562 invi-

193 2606 401 2661 diosior
444 2605 676 2667 Orienti,
714 2613 879 2673 atque
908 2604 1041 2673 ipsis
1071 2600 1500 2671 imperatoribus
1519 2600 1779 2655 formida—

196 2702 376 2755 bilior.
427 2699 670 2769 Urgebat
711 2696 961 2766 przesulis
1005 2694 1323 2749 mandatum
1361 2710 1375 2747 :
1407 2694 1497 2750 cui
1562 2709 1776 2764 parere,

194 2794 378 2863 pium;
407 2791 703 2853 obsistere,
732 2789 987 2841 intutum.
1005 2784 1505 2840 Anathematismos
1527 2800 1777 2855 arguere,

193 2883 322 2953 quid
354 2882 503 2936 aliud
538 2880 749 2933 homini
784 2878 862 2932 sic
887 2878 1084 2931 affecto
1129 2876 1437 2940 videretur,
1479 2892 1643 2946 quam
1702 2876 1781 2930 la-

193 2990 410 3030 cessere
458 2987 718 3042 pugnam,
778 2986 901 3040 qua:
947 2970 1081 3023 orbe
1126 2977 1241 3023 toto
1307 2976 1588 3037 spectante
1652 2984 1779 3038 per-

193 3065 405 3135 agenda
437 3062 625 3119 esset?
653 3062 954 3115 Voeaverat
1000 3060 1148 3115 enim
1185 3059 1482 3129 imperator
1508 3058 1574 3112 ad
1622 3074 1783 3130 syno-

196 3158 324 3209 dum
376 3154 752 3223 undequaque
800 3162 1072 3206 terrarum
1125 3150 1461 3219 episcopus:
1515 3150 1775 3204 decorum
1806 3185 1847 3239 C

196 3258 311 3303 erat
364 3249 424 3303 in
479 3255 624 3300 coetu
686 3244 933 3297 omnium
996 3242 1358 3295 celeberrimo
1406 3242 1776 3311 eloquentiam

197 3347 495 3401 ostentare,
518 3335 687 3389 totius
713 3332 828 3386 fere
862 3331 1114 3386 Ecclesiae
1142 3329 1517 3385 doctissimum
1556 3329 1781 3385 haeresis

200 3447 351 3486 reum
389 3430 592 3491 facere,
625 3425 815 3497 prima:
858 3432 983 3494 post
1022 3422 1321 3477 Romanam
1374 3422 1523 3477 sedis
1566 3422 1780 3492 episco—

199 3540 324 3593 pum
366 3522 437 3577 de
473 3522 675 3575 throno
705 3518 967 3585 dejicere,
1010 3516 1210 3570 summi
1246 3514 1519 3585 pontificis
1546 3515 1780 3585 legatum

200 3615 251 3669 in
298 3614 556 3669 ordinem
608 3610 879 3680 redigere.
939 3608 1082 3674 Quid
1137 3608 1347 3661 multa?
1397 3606 1779 3662 illecebrosum

198 3715 333 3771 erat,
361 3705 471 3759 dici
498 3704 705 3771 ubique
731 3713 1025 3762 terrarum,
1049 3698 1196 3768 quod
1222 3698 1433 3753 solebat
1452 3698 1777 3763 Antiochiae,

199 3796 527 3868 eloquentiae
554 3793 904 3855 miraculum,
926 3798 981 3844 et
1001 3789 1264 3844 doctrina:
1281 3789 1613 3859 prodigium.
1635 3790 1778 3851 Ilaec.

199 3906 316 3960 qua:
351 3889 534 3943 divisa
579 3892 811 3956 possunt
853 3881 1360 3937 constantissimum
1394 3896 1668 3950 quemque
1698 3881 1780 3935 la-

200 3980 500 4039 befactare,
549 3978 844 4046 conjuncta
900 3973 1180 4028 hominem
1251 3972 1336 4025 sui
1392 3972 1781 4025 azstimatorem

196 4078 430 4141 egerunt
464 4065 807 4137 praecipitem
837 4079 926 4129 eo,
967 4078 1076 4131 quo
1127 4059 1385 4130 superbia
1441 4060 1581 4113 solet
1634 4060 1783 4113 viros

196 4163 279 4215 vel
308 4159 447 4229 ipsis
484 4157 694 4226 angelis
726 4172 902 4225 pares.

264 4253 387 4308 Non
440 4265 636 4304 vanam
686 4249 828 4303 hanc
878 4263 997 4302 esse
1052 4261 1228 4301 causa:
1258 4247 1651 4316 conjecturam,
1686 4244 1782 4299 de-

199 4352 473 4399 monstrat
511 4341 764 4412 pertinax
812 4338 1096 4409 patefactae
1129 4337 1379 4392 veritatis
1420 4336 1779 4406 impugnatio,

200 4436 346 4507 quod
385 4444 601 4489 certum
624 4432 791 4487 animi
818 4430 1076 4499 superbia
1105 4434 1121 4449 '
1147 4428 1386 4483 errantis
1411 4428 1675 4482 indicium
1705 4429 1778 4481 ":

1885 599 2044 670 156
2089 601 2410 671 iniuriosius
2458 601 2681 672 Cyrillo,
2714 600 2854 655 nihil
2889 601 3199 670 superbius.
3244 602 3454 657 Scribit

1882 703 2056 748 totum
2099 696 2288 750 orbem
2346 696 2703 759 commoveri,
2755 694 2850 750 sed
2897 696 3033 749 alios
3079 710 3279 765 pugna,
3315 695 3452 749 alios

1882 788 2035 852 risu;
2070 804 2313 857 pugnare
2365 789 2508 842 inter
2547 803 2625 849 se,
2674 789 2766 857 qui
2801 786 3207 842 Catllolicorum
3252 801 3452 841 nomen

1880 876 2066 932 ferunt
2093 895 2106 939 ;
2147 878 2327 931 ridere
2363 877 2653 932 luereticos
2676 893 2910 947 pugnam
2940 878 3224 931 hominum
3246 878 3455 933 mutuis

1882 983 1940 1023 se
1992 968 2237 1022 dissidiis
2285 969 2737 1033 absumentium;
2791 970 2984 1023 horum
3048 984 3267 1024 causam
3334 984 3456 1023 esse

1883 1058 2034 1127 impii
2055 1058 2242 1129 Cyrilli
2268 1060 2501 1127 capitula
2549 1060 2602 1112 in
2650 1058 2845 1111 urbem
2881 1060 3081 1127 regiam
3124 1060 3452 1129 importata;

1881 1165 1945 1203 ea
1988 1166 2097 1204 non
2152 1152 2343 1203 abesse
2388 1149 2455 1203 ab
2490 1150 2831 1219 Apollinarii,
2867 1149 3003 1211 Arii,
3035 1149 3310 1213 Eunomii,
3340 1150 3457 1204 Ma-

1881 1241 2206 1311 cedoniique
2240 1241 2455 1302 haeresi,
2483 1242 2592 1295 imo
2638 1256 2739 1294 nec
2780 1240 2849 1293 ab
2901 1240 3110 1292 insania
3158 1239 3454 1303 Valentini,

1880 1332 2109 1386 Manetis
2146 1341 2203 1387 et
2253 1332 2579 1394 Marcionis;
2621 1333 2675 1385 in
2705 1332 2881 1401 primo
2907 1331 3099 1393 asseri,
3126 1332 3366 1385 Verbum
3401 1332 3458 1386 in

1882 1439 2103 1479 carnem
2139 1439 2490 1487 conversum,
2536 1424 3077 1491 incarnationemque
3112 1423 3226 1477 sola
3274 1423 3458 1492 specie

1882 1518 2101 1580 factam,
2144 1515 2293 1586 quod
2345 1514 2639 1577 Valentini,
2691 1514 3050 1583 Manetisque,
3087 1524 3143 1568 et
3168 1514 3459 1568 Marcionis

1882 1609 2163 1673 delirium;
2208 1608 2263 1661 in
2312 1607 2553 1661 secundo
2595 1616 2651 1660 et
2682 1607 2865 1670 tertio,
2899 1606 3158 1659 unionem
3196 1604 3459 1675 hyposta-

1882 1698 2044 1751 ticam
2102 1696 2489 1765 pbysicamque
2544 1694 2786 1757 defendi,
2839 1710 2961 1763 qua:
3000 1694 3460 1762 Apollinariihz—

1882 1789 2052 1851 resis;
2090 1789 2144 1839 in
2184 1795 2400 1855 quarto,
2426 1800 2588 1839 voces
2622 1794 2736 1839 tum
2765 1786 3048 1846 sublimes,
3078 1794 3195 1839 tum
3223 1786 3460 1841 humiles

1879 1875 1973 1927 uni
1998 1874 2288 1943 eidemque
2320 1874 2499 1929 Verbo
2526 1874 2778 1937 attribui,
2812 1890 2934 1942 quae
2958 1875 3072 1927 Arii
3107 1884 3163 1929 et
3202 1874 3458 1929 Eunomii

1878 1966 2249 2035 blasphemia;
2299 1968 2353 2020 in
2390 1966 2624 2029 decimo,
2656 1966 2826 2019 Deum
2849 1966 2956 2020 dici
2990 1981 3208 2035 passum
3234 1979 3292 2021 et
3314 1982 3459 2020 mor-

1878 2065 2053 2121 tuum,
2080 2074 2201 2127 qua:
2227 2058 2435 2111 insania
2462 2058 2598 2120 Arii,
2640 2067 2690 2110 et
2719 2058 2972 2111 Eunomii
2995 2073 3150 2113 error
3178 2060 3458 2113 detestan-

1878 2147 2015 2213 dus;
2041 2151 2093 2203 in
2117 2164 2283 2213 nono,
2316 2148 2719 2219 processionem
2756 2149 2995 2219 Spiritus
3024 2153 3196 2205 sancti
3226 2168 3257 2206 a
3290 2152 3450 2215 Filio,

1877 2247 1933 2294 et
1974 2255 2082 2293 non
2108 2256 2136 2294 a
2160 2241 2275 2294 solo
2300 2241 2458 2295 Patre
2488 2241 2648 2303 tradi,
2691 2257 2812 2311 quae
2841 2242 3165 2311 Apollinarii
3212 2244 3461 2297 Macedo-

1876 2330 2067 2399 niique
2117 2332 2288 2385 altera
2342 2332 2604 2397 haeresis;
2660 2332 2761 2387 hos
2808 2349 2929 2388 esse
2978 2344 3168 2403 partus
3200 2335 3455 2406 Egyptii,

1878 2421 1980 2477 has
2017 2424 2330 2478 animarum
2385 2432 2586 2493 pestes,
2633 2423 2751 2479 hzec
2777 2434 3039 2491 monstra,
3068 2442 3189 2495 qua:
3215 2443 3311 2497 par
3339 2436 3459 2482 erat

1879 2510 1948 2567 ab
1983 2512 2069 2577 iis,
2100 2514 2303 2582 quibus
2333 2513 2616 2584 religionis
2642 2528 2773 2568 cura
2800 2516 3091 2570 commissa
3122 2527 3229 2579 est,
3257 2518 3459 2587 praefo-

1880 2605 1990 2659 cari
2015 2607 2334 2675 priusquam
2369 2606 2710 2671 ederentur;
2736 2622 2799 2661 ea
2831 2616 3013 2662 tamen
3044 2608 3241 2674 foveri,
3270 2625 3299 2663 a
3330 2610 3459 2679 qui-

1879 2693 1985 2747 bus
2003 2693 2228 2748 minime
2252 2694 2535 2758 deberent,
2563 2705 2670 2749 etc.

1952 2785 2050 2839 llis
2080 2800 2247 2855 porro
2275 2786 2496 2855 scriptis
2534 2795 2740 2841 tentata
2779 2796 2864 2842 est
2915 2786 3051 2843 fides
3096 2790 3461 2845 monasterio.

1883 2891 2028 2939 rum,
2080 2890 2187 2929 non
2246 2876 2399 2930 urbis
2452 2885 2662 2929 tantum
2697 2877 2877 2946 regize,
2902 2879 2997 2932 sed
3026 2878 3191 2932 etiam
3218 2877 3460 2935 Orientis

1882 2976 1933 3021 et
1959 2966 2194 3039 Egypti.
2224 2967 2453 3022 Volebat
2483 2968 2631 3021 enim
2665 2967 3050 3023 Theodoretus
3095 2971 3323 3040 paribus
3364 2986 3455 3025 ar-

1884 3059 1989 3113 mis
2033 3075 2158 3113 cum
2182 3057 2387 3128 Cyrillo
2415 3059 2518 3123 uti,
2545 3060 2881 3129 paribusque
2914 3062 3192 3131 pugnandi
3218 3063 3453 3116 artibus.

1885 3148 2190 3217 Seripserat
2212 3146 2443 3218 Cyrillus
2468 3148 2533 3200 ad
2563 3146 2775 3218 [Egypti
2813 3148 3110 3203 monachos
3131 3148 3198 3203 de
3219 3150 3458 3205 Nestorii

1881 3255 2070 3294 errore
2098 3238 2421 3308 epistolam;
2458 3238 2596 3292 hanc
2637 3239 3121 3307 apocrisiariorum
3148 3240 3459 3297 ministerio

1884 3331 1939 3383 in
1967 3330 2101 3383 urbe
2133 3330 2284 3397 regia
2309 3344 2408 3398 per
2438 3330 2788 3391 monasteria,
2820 3338 2876 3383 et
2914 3330 3062 3393 inde,
3111 3341 3171 3384 ut
3222 3332 3301 3394 lit,
3362 3348 3464 3403 per

1884 3428 2054 3474 totam
2127 3420 2404 3474 civitatem
2479 3419 2656 3488 spargi
2701 3429 3032 3474 curaverat:
3086 3421 3463 3493 divulgaverat

1882 3510 2045 3563 etiam
2102 3510 2416 3579 synodieam
2464 3523 2616 3561 suam
2673 3523 2799 3562 cum
2842 3510 3098 3578 capitulis
3154 3511 3209 3564 in
3269 3511 3460 3566 eadem

1885 3601 2022 3654 urbe
2048 3617 2062 3665 ;
2106 3599 2231 3653 inde
2270 3616 2368 3669 per
2396 3598 2676 3653 Orientem
2701 3600 2901 3669 scripta
2934 3600 3049 3653 lure
3073 3611 3335 3655 venerant
3356 3619 3462 3672 ope

1883 3689 2068 3742 Acacii
2126 3689 2385 3742 Meliteni.
2448 3689 2651 3743 Eadem
2696 3692 3027 3745 monasteria
3079 3691 3465 3750 Theodorctus
3548 3680 3551 3681 ν

1883 3780 2149 3833 adversus
2193 3780 2455 3851 Cyrillum
2512 3796 2856 3835 commovere
2896 3784 3091 3846 voluit,
3121 3793 3178 3838 et
3204 3801 3309 3854 qua
3342 3794 3465 3839 erat

1884 3868 2235 3931 auctoritate,
2284 3868 2470 3937 plures
2494 3868 2640 3922 viros
2672 3870 3043 3925 sanctissimos
3075 3872 3279 3941 ubique
3312 3874 3463 3927 loco-

1886 3976 2009 4013 rum
2045 3960 2099 4013 in
2125 3960 2458 4013 catholicum
2492 3959 2616 4013 lidei
2643 3961 2989 4015 defensorem
3017 3965 3367 4019 exacerbavit
3404 3976 3464 4021 et

1885 4067 2025 4120 pene
2049 4051 2274 4103 emovit.

1958 4139 2073 4194 XII.
2106 4141 2180 4194 Ea
2208 4150 2532 4210 tempestate
2556 4142 3030 4213 Constantinopoli
3056 4144 3463 4202 sanctiusnihil

1883 4243 2003 4287 erat
2034 4232 2338 4298 Gennadio,
2370 4235 2466 4303 qui
2496 4243 2618 4304 post
2647 4234 2840 4305 viginti
2864 4245 3072 4305 septem
3103 4252 3276 4292 annos
3311 4238 3461 4293 Ana-

1884 4324 2018 4377 tolio
2053 4324 2317 4378 suffectus
2348 4332 2431 4377 est
2466 4324 2518 4377 in
2565 4324 2749 4379 sedem
2796 4325 3181 4394 episcopalem.
3232 4328 3465 4385 Delusus

1886 4415 1978 4469 ille
2033 4414 2399 4483 capitulorum
2457 4413 3003 4482 reprehensionibus,
3050 4416 3220 4470 voluit
3255 4427 3309 4472 et
3345 4418 3462 4488 ipse

202 4503 325 4581 nam
362 4522 770 4582 Theodoretus,
804 4519 905 4573 etsi
934 4517 1101 4571 semel
1129 4517 1439 4585 iterumque
1471 4532 1535 4569 ac
1558 4514 1778 4569 tertium
1814 4533 1858 4588 ι)
1887 4508 1941 4561 in
1969 4505 2209 4575 capitula
2229 4506 2509 4560 scribere:
2548 4504 2642 4559 sed
2669 4520 2791 4573 quae
2828 4503 3042 4558 tandem
3080 4508 3136 4558 in
3172 4507 3462 4562 maledicta

202 4612 645 4672 anathematismi
674 4610 852 4665 forent
874 4625 901 4662 a
929 4607 1134 4679 Cyrillo
1169 4606 1419 4677 expositi,
1460 4615 1779 4673 conceptam

205 4704 272 4758 de
312 4702 451 4772 ipsis
484 4698 799 4769 opinionem
831 4696 920 4749 vix
952 4695 1141 4749 multis
1168 4704 1287 4764 post
1321 4694 1480 4748 annis
1501 4693 1779 4764 deposuit,

206 4794 248 4849 si
273 4805 459 4848 tamen
490 4805 731 4859 unquam
766 4788 1055 4858 deposuit;
1088 4786 1235 4857 quod
1261 4795 1448 4856 postea
1480 4785 1776 4839 videbitur.

272 4881 365 4935 XI.
424 4881 815 4935 Demonstrant
867 4885 923 4929 et
973 4876 1077 4930 alia
1138 4875 1249 4930 duo
1299 4890 1409 4929 non
1462 4875 1782 4929 obscuriora

208 4972 432 5035 indicia,
484 4969 625 5023 velle
674 4966 851 5021 videri
904 4964 1162 5019 omnibus
1188 4964 1507 5019 doctissimo
1537 4965 1789 5033 superio-

209 5082 343 5128 rem,
394 5073 451 5117 et
498 5060 847 5117 contumeliis
888 5059 1162 5113 incessere
1198 5058 1660 5128 despicacissimis
1696 5073 1785 5112 se-

209 5155 449 5209 cundum
503 5152 761 5207 Ecclesiae
811 5149 1110 5205 antistitem
1152 5166 1168 5202 :
1217 5165 1344 5204 nam
1378 5165 1489 5219 quo
1540 5158 1785 5218 tempore

214 5249 360 5302 misit
398 5246 595 5300 Joanni
631 5243 975 5297 Antiocheno
1009 5241 1495 5311 reprehensionem
1524 5241 1783 5311 capitum,

272 5402 296 5439 δ
341 5402 547 5456 Jerem.
600 5415 671 5465 iv,
711 5400 763 5464 I,
794 5401 854 5456 Ξ.

1888 4614 1998 4653 non
2028 4598 2254 4667 erupit?
2294 4616 2311 4647 ι
2350 4597 2460 4660 γε,
2514 4596 2693 4666 inquit
2730 4596 2795 4660 ⁸⁸,
2852 4596 2985 4649 mihi
3033 4614 3063 4650 a
3102 4598 3281 4651 malis.
3320 4597 3459 4662 Heu,

1888 4689 2206 4746 heulunde
2255 4688 2402 4743 enim
2458 4688 2749 4758 quisquam
2810 4686 2865 4741 in
2924 4687 3178 4757 prtesenti
3240 4689 3460 4744 aliunde

1888 4793 2068 4837 sumat
2103 4778 2650 4843 exordium?—Quis
2685 4780 2767 4831 dct
2816 4780 2976 4848 capiti
3014 4796 3124 4831 meo
3159 4798 3377 4849 aquam,
3413 4792 3463 4834 et

1889 4874 2053 4927 oculis
2106 4873 2232 4925 meis
2287 4872 2482 4941 [autem
2538 4869 2899 4940 lacrymarum
2928 4870 2953 4922 ?
2985 4880 3032 4923 et
3076 4870 3294 4939 plorabo
3324 4874 3463 4925 istud

1888 4966 1969 5017 die
2016 4979 2078 5016 ac
2116 4972 2262 5015 nocte
2292 4978 2310 5014 .’
2345 4962 2592 5030 quoniam
2623 4960 2849 5013 extendit
2888 4960 3065 5032 lingua
3101 4964 3212 5032 ejus
3248 4965 3464 5018 meudu-
3546 4974 3551 4979 ‘

1889 5053 2047 5117 cium,
2087 5060 2136 5105 et
2182 5069 2285 5106 non
2315 5050 2473 5120 ﬁdem
2506 5067 2523 5103 :
2558 5052 2883 5120 confortatus
2937 5064 3010 5106 est
3041 5070 3197 5122 super
3240 5062 3456 5107 tetrum.

1889 5146 1967 5199 Ex
2016 5153 2167 5199 certo
2204 5157 2309 5212 pax
2361 5142 2746 5210 peccatoribus
2797 5141 3069 5211 deceptio.
3121 5143 3342 5212 Pmptcr
3369 5144 3465 5197 hoc

1893 5236 2048 5308 157
2100 5236 2240 5289 enim
2295 5234 2516 5289 obtinuit
2556 5250 2660 5299 eos,
2698 5234 2894 5303 inquit,
2926 5235 3166 5303 superbia
3196 5251 3375 5287 eorum
3405 5236 3461 5288 in

1552 5542 1866 5600 SCHULZII
1908 5540 2131 5598 ΝΟΤᾹΞ.

282 5666 516 5722 "Animi
540 5694 610 5707 —-—
631 5664 900 5718 indicium.
939 5660 1117 5732 Animi
1147 5658 1328 5732 potius
1349 5658 1709 5732 constantiam
1747 5657 2009 5732 probasse
2038 5654 2243 5732 dicitur
2276 5652 2343 5732 ab
2386 5652 2538 5707 initio
2559 5651 2756 5732 capitis
2777 5652 3020 5732 secundi.
3050 5652 3168 5707 για.
3198 5652 3458 5732 ηιμοερι

219 5756 327 5809 cap.
360 5738 441 5795 12.
478 5737 504 5802 ξ
534 5738 871 5809 3,_e_n°unte_.
898 5732 980 5809 _"
1017 5722 1333 5809 Episio-fqm.
1364 5726 1420 5781 In
1460 5727 1593 5809 actis
1613 5745 1643 5776 v
1678 5722 1782 5801 syri

1881 5736 2019 5788 .act.
2046 5742 2097 5775 ν.
2124 5722 2279 5795 (Vide
2312 5724 2575 5792 integram
2614 5722 2754 5776 hanc
2794 5722 3099 5792 epistolam,
3143 5732 3178 5776 t.
3217 5723 3280 5777 IV
3321 5723 3431 5779 edit

224 5798 428 5869 aestus,
564 5803 744 5873 ιεθι.)
822 5805 865 5833 ³ο
898 5798 1161 5865 Facund,
1195 5798 1289 5851 lib.
1330 5814 1383 5862 ιι,
1409 5812 1524 5863 cap.
1558 5798 1607 5851 ι.
