4208 6440
760 373 855 433 111

1906 381 2283 441 GABNERII
2325 382 2821 448 DISSERTATIO
2863 392 2908 451 I.

3901 390 3994 454 II?

754 491 903 560 ﬁnem
938 507 953 542 :
986 491 1367 559 cogitaverunt,
1407 503 1451 544 rt
1489 494 1644 546 locuti
1678 505 1798 548 sunt
1853 498 1905 549 in
1964 496 2318 567 ntalignitate’.
2357 506 2391 557 Λ
2428 507 2607 556 tamen
2658 504 2977 560 festinatum
3026 517 3112 561 est
3152 508 3315 571 lente,
3338 522 3489 561 mora
3527 507 3762 576 plurium
3786 507 3999 560 dierum

749 579 1077 646 iniquitatem
1103 579 1155 630 in
1188 579 1356 633 altum
1393 582 1546 634 locuti
1582 597 1701 638 sunt
1732 604 1749 641 :
1780 598 2064 656 posuerunt
2092 591 2147 641 in
2192 588 2321 642 cmlo

747 686 801 719 ns
816 684 991 730 suum,
1010 679 1057 721 et
1075 670 1254 739 lingua
1272 688 1449 724 eorum
1472 677 1711 729 transivit
1726 694 1883 747 super
1897 686 2093 731 terram
2112 690 2155 730 ε.
2176 680 2323 733 Psal-

751 761 923 812 tnist:e
947 762 1043 815 ista
1064 772 1210 825 sunt,
1234 764 1482 818 Jercmia:
1501 776 1683 821 autem
1707 770 1984 838 propheta:
2009 770 2098 822 illa
2127 770 2320 838 prima.

754 850 920 917 Euge,
954 868 986 902 o
1019 853 1172 905 beate
1218 855 1398 906 l’aulc.
1436 856 1755 927 Exsurgeut,
1796 860 1994 928 inquit,
2033 870 2082 913 et
2098 874 2166 913 ea:
2186 862 2323 914 vobis

749 941 873 1007 ipsis
917 943 1015 993 viri
1062 940 1328 1010 loquentes
1373 962 1639 1013 perversa,
1672 956 1727 1000 ut
1755 949 2016 1002 abducant
2044 950 2324 1020 discipulos

750 1038 863 1095 post
898 1045 953 1080 se
995 1028 1037 1081 ί.
1071 1031 1161 1083 Vae
1195 1032 1338 1084 malo
1382 1034 1724 1089 Alexandriae
1774 1034 2032 1090 familiari
2088 1040 2226 1107 ejus,
2270 1052 2327 1093 et

750 1124 974 1188 proprio
1001 1121 1111 1190 jam
1149 1121 1237 1176 isti
1268 1123 1511 1176 secundo
1538 1142 1549 1176 :
1584 1140 1705 1192 qua:
1744 1136 2000 1195 corrupta
2024 1128 2322 1196 ploremus,

747 1227 979 1280 qumque
1024 1214 1376 1282 corrumpit?
1416 1215 1493 1267 Ex
1546 1223 1661 1268 toto
1703 1218 1823 1286 jam
1860 1227 2112 1286 operatur
2137 1228 2328 1289 myste-

748 1304 887 1356 rium
921 1304 1218 1372 iniquitatis
1258 1306 1300 1357 κ.
1340 1305 1406 1358 Et
1435 1322 1629 1361 vereor
1654 1324 1722 1361 ne
1755 1308 1898 1362 forte
1932 1326 2210 1379 nunquam
2237 1313 2327 1382 qui

748 1404 918 1459 tenet,
977 1398 1039 1447 de
1100 1398 1265 1450 medio
1321 1398 1438 1465 ﬁat.
1502 1400 1683 1469 Euge,
1743 1401 1978 1456 Jeremia
2038 1405 2324 1474 propheta.

746 1487 1042 1556 Proplwtw,
1102 1489 1317 1557 inquit,
1375 1492 1691 1561 prophetaut
1752 1496 1980 1563 iniqua;
2030 1496 2326 1551 sacerdotes

745 1576 1055 1644 plauserunt
1107 1580 1345 1631 manibus
1400 1583 1531 1644 suis,
1582 1591 1630 1634 et
1678 1584 1903 1652 papulus
1958 1602 2101 1637 meus
2142 1585 2325 1639 dilexit

742 1667 819 1720 ita
863 1670 909 1720 ιι.
940 1669 1081 1733 Quid
1104 1670 1251 1722 enim
1280 1670 1591 1736 minimum,
1635 1674 1768 1741 quid
1803 1675 2081 1730 mediocre
2110 1676 2165 1730 in
2221 1677 2327 1731 illis

744 1760 1287 1830 (anathematismis)?
1329 1760 1558 1817 Omnem
1617 1766 2141 1835 supereminentiam
2202 1768 2321 1822 bla-

741 1848 1005 1915 sphetnizc
1036 1850 1314 1917 jaculatus
1342 1860 1428 1905 est
1457 1852 1727 1907 adversus
1750 1865 1969 1909 sanctos
2001 1857 2209 1920 Patres,
2231 1857 2323 1910 ad-

741 1955 938 1993 versus
972 1942 1271 2008 apostolos,
1305 1943 1572 1999 adversus
1619 1944 1977 2001 Salvatorem.
2028 1948 2089 2003 In
2143 1965 2325 2003 resur-

741 2031 1040 2085 rectionem
1079 2033 1374 2087 meditatus
1408 2041 1513 2087 est.
1547 2034 1897 2105 Assumptam
1928 2037 2323 2093 humanitatem

740 2138 808 2177 ex
840 2123 1002 2176 nobis
1034 2132 1090 2177 et
1124 2139 1226 2192 pro
1263 2126 1424 2178 nobis
1478 2126 1701 2196 injuriat
1732 2144 1744 2179 :
1781 2127 2023 2182 divinam
2073 2138 2323 2185 naturam

740 2224 797 2268 et
829 2216 1223 2284 impassibilem
1277 2216 1626 2285 passionibns
1682 2219 1967 2288 subjacere
2015 2222 2320 2276 contendit.

742 2305 809 2359 Et
844 2314 1029 2373 postea
1059 2324 1072 2358 :
1111 2305 1688 2362 Anathematizaturus
1719 2318 1805 2363 est
1832 2318 1883 2363 te
1934 2311 2101 2373 Deus,
2148 2314 2323 2381 paries

739 2396 985 2450 dealbate
1023 2398 1061 2450 ί.
1126 2397 1502 2452 Justissimum
1557 2399 1705 2452 enim
1776 2410 1881 2460 est.
1938 2402 2013 2455 Te
2069 2403 2325 2460 similiter

741 2488 971 2542 Ananiae
1027 2487 1344 2543 Judaeorum
1400 2491 1639 2560 principi
1688 2492 2038 2545 sacerdotum
2083 2495 2323 2564 linguam

742 2577 1009 2631 adversus
1048 2577 1351 2647 discipulos
1386 2578 1591 2632 Christi
1623 2589 1957 2647 moventem,
1992 2584 2230 2639 similem
2254 2585 2324 2639 ab

740 2668 821 2721 eis
855 2667 1286 2735 indignationem
1321 2668 1579 2736 experiri,
1612 2690 1629 2719 υ
1671 2679 1776 2723 etc.

816 2757 948 2811 llaec
973 2758 1291 2812 Gennadius
1319 2757 1816 2828 Constantinopoli.
1870 2760 1928 2814 In
1966 2760 2198 2833 Egypto
2229 2764 2326 2819 Isi-

741 2851 929 2911 dorus,
962 2848 1607 2914 cuiPelusiouenomen,
1662 2850 1796 2906 vicit
1846 2852 2068 2922 quidem
2108 2854 2326 2909 Genna-

741 2939 893 2991 dium
959 2938 1227 2992 modestia
1271 2957 1283 2991 :
1333 2948 1751 3003 verumtamen,
1808 2958 1933 2996 cum
1995 2960 2060 2997 ex
2096 2944 2323 3001 Oriente

740 3031 1047 3091 didicisset,
1078 3045 1188 3099 quo
1219 3030 1558 3084 haberentur
1586 3032 1707 3085 loco
1736 3034 2000 3102 capitula,
2034 3045 2156 3104 post
2207 3036 2327 3090 ani-

742 3138 861 3175 mos
900 3137 931 3176 a
977 3120 1329 3175 Theodoreto
1367 3131 1673 3176 commotos
1724 3123 1987 3193 Cyrillum
2040 3126 2325 3181 admonuit

742 3212 809 3265 de
863 3212 1110 3266 cavendo
1160 3212 1330 3266 unius
1389 3221 1600 3267 naturae
1653 3229 1876 3277 errore,
1925 3217 2324 3288 rctincndaque

741 3303 1022 3358 Athanasii
1059 3304 1125 3358 de
1166 3304 1382 3358 duabus
1423 3305 1639 3358 naturis
1684 3304 1991 3360 inconfusis
2053 3308 2321 3364 doctrina.

740 3387 1060 3456 Admonuit,
1091 3395 1335 3463 inquam,
1372 3394 1577 3458 verbis,
1602 3411 1743 3463 quae,
1778 3407 1840 3449 ut
1869 3397 1938 3449 ab
1976 3409 2195 3453 errante
2239 3417 2328 3454 ze-

741 3484 795 3536 lo
827 3485 1170 3547 oriebantur,
1228 3485 1301 3539 ita
1356 3484 1671 3538 acrimonia:
1725 3487 1957 3538 multum
2011 3487 2321 3554 habebant,

740 3590 933 3642 parum
964 3574 1173 3627 decori.

1342 3711 1352 3721 α
1394 3674 1624 3763 CAPUT
1660 3710 1716 3763 v.

756 3800 796 3854 I.
829 3799 1156 3853 Conveniunt
1207 3798 1391 3853 Patres
1424 3801 1706 3867 Ephesum.
1755 3801 1820 3855 II.
1858 3799 2035 3855 Maras
2088 3804 2322 3859 consulto

829 3878 1040 3922 nectunt
1068 3868 1379 3923 Orientales.
1417 3868 1505 3940 IlI.
1533 3868 1821 3922 lnchoatur
1862 3872 2091 3940 synodus
2144 3891 2174 3926 α
2216 3873 2322 3928 Ca-

824 3939 1050 4002 tholicis,
1073 3948 1119 3991 et
1156 3940 1432 4007 deponitur
1457 3938 1751 3992 Nestorius.
1787 3940 1874 3993 IV.
1896 3938 2024 3994 Mox
2070 3943 2324 3997 advolant

823 4008 1142 4071 Orientales,
1208 4017 1257 4060 et
1291 4007 1555 4077 deponunt
1584 4007 1841 4077 Cyrillum
1872 4026 1933 4062 ac
1971 4011 2318 4068 Memnonem.

828 4078 889 4131 V.
924 4079 1308 4148 Imperatorem
1336 4094 1417 4130 res
1445 4077 1836 4131 Catholicorum
1862 4078 2050 4144 latent,
2075 4080 2323 4135 Orienta-

825 4148 1325 4221 liuminnotescunt.
1500 4148 1813 4221 lt°a_ei_tnd_iu_s
1861 4151 2080 4221 proinde
2129 4154 2236 4221 agit
2265 4154 2320 4205 in

823 4217 1083 4287 Cyrillum
1118 4226 1165 4269 et
1201 4216 1515 4275 Catholicos.
1561 4218 1674 4269 VII.
1708 4216 1939 4272 Edoctus
1990 4238 2022 4273 a
2045 4216 2322 4275 Dalmatia

813 4289 963 4355 jubet
1007 4289 1076 4341 ad
1107 4304 1163 4341 se
1212 4288 1348 4340 mitti
1396 4287 1884 4357 utrinquelegatos.
1927 4290 2059 4343 VIII.
2094 4290 2321 4344 Theodo-

824 4369 964 4411 retus
996 4358 1091 4426 fuit
1120 4374 1253 4410 unus
1293 4373 1356 4410 ea:
1386 4355 1739 4429 orientalibus
1760 4357 1977 4429 legatis.
2032 4358 2124 4413 IX.
2157 4360 2320 4414 Audit

822 4430 1112 4499 imperator
1150 4429 1391 4499 quintum
1419 4425 1736 4499 Orientales.
1759 4425 1837 4481 Χῖ
1856 4426 1996 4492 Quos
2031 4446 2087 4481 re
2106 4432 2317 4499 cognita

820 4495 1056 4578 dimittit,
1108 4495 1493 4578 et.Catholic.os
1527 4497 1803 4578 Iadmissos
1852 4499 1905 4578 in
1943 4499 2126 4578 urbem
2168 4495 2317 4578 iubet
2352 4525 2392 4578 υ

820 4568 1070 4621 ordinare
1100 4568 1394 4636 episcopum
1427 4568 1482 4619 in
1519 4565 1690 4620 locum
1744 4568 1992 4621 Nestorii.
2027 4569 2119 4622 XI.
2158 4565 2316 4623 Rece-

820 4638 998 4706 dentes
1032 4636 1326 4691 Orientales
1380 4638 1683 4706 conspirant
1731 4640 1787 4691 in
1847 4636 2163 4693 Cat/calices.
2197 4639 2315 4693 XII.

824 4705 1011 4761 Scribit
1042 4706 1388 4760 Theodoretus
1441 4707 1667 4775 quinque
1704 4707 1862 4761 libros
1908 4707 2158 4762 adversus
2188 4714 2349 4765 εστι-⁸

822 4786 960 4830 ctam
984 4777 1258 4846 synodum.

981 4889 1053 4936 Ab
1075 4901 1203 4935 anno
1226 4884 1407 4937 Christi
1434 4885 1513 4935 431
1546 4887 1606 4935 ad
1640 4887 1748 4945 452,
1773 4886 1862 4935 sub
1894 4889 2060 4937 ﬁnem.

800 5014 1195 5070 LCondixerat
1256 5014 1557 5083 imperator
1599 5013 1859 5067 Patribus
1903 5013 2183 5081 Ephesum
2241 5012 2311 5068 ad

732 5107 876 5161 diem
904 5119 1123 5159 sacrum
1159 5104 1533 5165 Pentecostes,
1561 5101 1656 5170 qui
1687 5102 1957 5171 septimus
1993 5113 2115 5158 erat
2161 5118 2316 5158 men—

730 5199 809 5252 sis
842 5196 1011 5251 Junii.
1044 5194 1286 5250 Peractis
1333 5193 1500 5262 igitur
1547 5193 1707 5263 158
1744 5192 1899 5249 festis
1951 5194 2307 5249 Paschalibus

730 5287 991 5358 praesules
1018 5284 1377 5340 accirixerunt
1406 5299 1464 5338 se
1493 5284 1562 5338 ad
1595 5283 1721 5349 iter,
1753 5293 1815 5338 ut
1844 5284 1913 5339 ad
1974 5293 2192 5354 tempus
2217 5299 2310 5337 ve-

733 5379 935 5433 nirent.

803 5471 865 5525 ll.
918 5471 997 5525 Ex
1033 5469 1256 5524 Oriente
1302 5469 1639 5539 praavolabat
1690 5469 1876 5523 animo
1930 5469 2312 5526 Theodoretus

734 5564 884 5619 velut
910 5564 1239 5632 adcampum
1258 5576 1453 5631 pugna:
1482 5560 1806 5629 impatiens;
1840 5559 1909 5615 ab
1928 5559 2313 5617 Orientalibus

808 5676 995 5734 ePsal.
1023 5692 1161 5730 1.qu
1190 5674 1307 5731 6-9.
1387 5677 1404 5717 ῐ
1431 5674 1550 5729 Act.
1580 5689 1669 5739 xx,
1704 5673 1790 5728 30.
1838 5674 1863 5713 ⁸
1886 5673 1928 5728 ll
1965 5673 2157 5729 Thess.
2199 5692 2257 5741 ιι,
2286 5676 2338 5729 7.

2424 597 2678 649 consulto
2722 597 2882 651 facta.
2934 598 2988 651 Id
3037 599 3234 667 agebat
3263 598 3640 652 Antiochenus
3660 598 4005 667 praesul,quo

2429 684 2689 739 Patribus
2715 687 3038 755 jamdudum
3067 688 3408 757 congregatis
3438 686 4005 757 (emuxerat‘decimus

2425 778 2651 844 quintus
2682 794 2709 830 a
2737 779 2989 832 condicto
3024 779 3187 845 dies),
3210 795 3482 848 morteque
3506 780 3769 848 peruesis,
3789 786 4007 848 tempus

2424 867 2579 921 dare:
2608 869 2915 938 deponendi
2953 871 3210 932 Nestorii,
3260 870 3329 924 ad
3362 871 3506 939 quod
3531 878 3584 924 et
3624 870 3772 938 ipsos
3805 868 4005 923 callide

2426 959 2761 1030 impellebat,
2793 962 3159 1031 metropolitis
3188 962 3427 1026 duobus,
3460 977 3585 1015 cum
3614 969 3763 1015 esset
3787 960 3842 1013 in
3872 973 4005 1029 pro-

2429 1052 2593 1114 xime,
2635 1053 2951 1121 praemissis,
2986 1053 3078 1123 qui
3139 1062 3428 1107 monerent
3482 1053 3535 1106 id
3594 1068 3776 1121 agere,
3827 1051 4008 1106 donec

2427 1142 2732 1201 adveniret.
2755 1146 2899 1212 quod
2923 1143 3195 1213 agendum
3221 1144 3525 1197 videretur.

2498 1233 2573 1286 Ea
2612 1234 2822 1287 ratione
2847 1234 2932 1285 vir
2952 1233 3278 1287 ambitiosus
3300 1233 3556 1302 sperabat
3588 1231 3704 1285 fore
3738 1238 3818 1292 ut,
3856 1229 4003 1298 quod

2427 1321 2664 1376 habebat
2696 1322 2748 1375 in
2780 1323 2944 1385 votis,
2982 1323 3217 1377 concilio
3258 1324 3428 1377 totius
3469 1322 3621 1375 orbis
3663 1320 4003 1390 praesideret.

2426 1413 2623 1468 Certus
2655 1413 2801 1467 enim
2832 1423 2969 1475 erat,
2998 1415 3087 1466 ubi
3114 1415 3357 1482 primum
3383 1412 3715 1475 advenisset,
3757 1410 4004 1479 repenti-

2429 1521 2557 1558 num
2579 1506 2845 1572 judicium
2873 1521 3154 1569 exercere,
3178 1520 3307 1575 quo,
3338 1506 3655 1573 priusquam
3684 1504 3869 1573 legati
3914 1517 4003 1556 se—

2427 1594 2512 1648 dis
2538 1596 2849 1663 apostolicaa
2876 1605 3249 1664 tempestuoso
3275 1596 3409 1649 mari
3450 1604 3675 1664 possent
3704 1594 4005 1663 appellere,

2426 1686 2687 1759 Cyrillum
2726 1687 3152 1742 Alexandrinum
3174 1689 3507 1758 deponeret,
3546 1703 3650 1742 nec
3692 1696 3872 1741 tamen
3897 1686 4005 1740 Ne-

2429 1781 2657 1835 storium
2703 1779 3036 1841 restitueret,
3085 1789 3247 1849 atque
3295 1780 3368 1833 ita
3423 1780 3573 1833 solus
3623 1779 3739 1848 ipse
3777 1778 4007 1847 patriar-

2428 1873 2653 1926 charum
2706 1870 3025 1922 moderandi
3069 1870 3287 1925 coneilii
3333 1878 3527 1938 potens
3585 1877 3844 1923 restaret:
3875 1876 4007 1921 nam

2427 1963 2952 2033 Hierosolymitanus
2987 1978 3096 2029 prae
3131 1961 3477 2016 Antiocheno
3525 1960 3733 2015 nullius
3756 1970 3877 2014 erat
3899 1975 4000 2013 au-

2424 2055 2711 2109 ctoritatis.
2748 2053 2937 2107 Audax
2966 2051 3176 2107 facinus
3208 2062 3264 2107 et
3322 2054 3647 2115 violentum,
3677 2051 3774 2107 sed
3803 2059 4005 2106 eventu

2423 2162 2533 2201 non
2582 2147 2905 2207 cariturum,
2960 2144 3228 2199 suadebat
3287 2145 3551 2199 comitum
3589 2143 3913 2198 Candidiani
3949 2151 4008 2197 et

2425 2240 2644 2302 Irenzei,
2700 2236 2954 2292 Nestorio
3019 2236 3389 2299 addictorum,
3452 2252 3577 2292 cum
3631 2234 4009 2290 Orientalibus

2424 2330 2753 2400 coniuratio.

2494 2424 2583 2478 Ill.
2639 2422 2864 2478 Litteris
2909 2420 3236 2476 Antiocheni
3279 2434 3378 2490 per
3428 2416 3809 2487 metrOpolitas
3868 2415 4010 2471 duos

2423 2514 2621 2576 allatis,
2657 2511 2894 2583 Cyrillus
2932 2526 3087 2565 more
3140 2512 3408 2580 majorum
3445 2508 3578 2562 feria
3619 2506 3861 2561 secunda
3883 2521 4012 2577 syn-

2422 2606 2530 2660 odo
2565 2606 2695 2660 fecit
2722 2604 2962 2658 initium.
2998 2601 3282 2656 lncidebat
3303 2602 3394 2655 illa
3450 2602 3503 2655 in
3539 2618 3568 2654 χ
3606 2601 3831 2655 Kalend.
3854 2599 4009 2663 Julii,

2424 2716 2533 2769 quo
2572 2698 2661 2752 die
2712 2696 2972 2750 omnibus
3020 2694 3125 2747 rite
3175 2693 3412 2763 peractis
3436 2708 3505 2747 ex
3557 2694 3876 2762 praescripto
3920 2708 4013 2746 ca-

2424 2804 2628 2843 nonum
2668 2794 3054 2841 exauctoratus
3083 2791 3168 2838 est
3193 2783 3499 2847 Nestorius,
3531 2791 3754 2853 propter
3778 2782 4012 2839 hmresin

2423 2887 2588 2946 atque
2612 2876 3038 2932 contumaciam.

2496 2971 2587 3025 IV.
2618 2971 2697 3024 Re
2720 2969 2930 3033 audita,
2975 2985 3160 3025 comes
3215 2968 3458 3023 lrenaeus
3516 2966 3583 3019 ad
3618 2965 4010 3020 Orientalesin

2424 3062 2510 3115 via
2542 3061 2750 3131 positos
2781 3062 3011 3115 nuntius
3054 3067 3353 3131 properat:
3420 3057 3682 3111 advolant
3727 3056 3805 3111 illi
3857 3072 4014 3111 more

2352 3174 2393 3227 ο
2427 3151 2616 3204 alitum
2643 3150 2883 3205 Sabbato
2915 3159 3310 3221 consequente,
3354 3166 3480 3203 cum
3534 3159 3695 3203 antea
3740 3149 3892 3203 tarde
3927 3149 4013 3203 in-

2435 3242 2696 3296 cederent
2729 3259 2740 3293 :
2776 3257 2965 3311 agmen
3008 3257 3169 3311 agere
3212 3239 3505 3293 videbatur
3525 3240 3763 3292 Joannes
3788 3248 4015 3308 propter

2434 3334 2581 3389 sedis
2598 3335 2977 3388 auctoritatem
3002 3350 3014 3396 ;
3046 3334 3222 3402 reipsa
3239 3341 3418 3385 tamen
3439 3330 3677 3385 ducebat
3695 3331 4016 3384 Theodore-

2436 3433 2544 3487 tus,
2583 3424 2751 3477 totius
2778 3422 3028 3477 factionis
3072 3423 3229 3492 quasi
3274 3426 3453 3476 anima
3489 3437 3503 3474 :
3538 3421 3655 3475 suis
3679 3421 3824 3474 enim
3862 3419 4009 3474 nuti-

2434 3515 2539 3570 bus
2565 3514 2819 3568 movebat
2842 3512 3083 3568 Orientis
3114 3514 3440 3576 antistitem,
3463 3528 3628 3582 quem
3649 3511 3742 3566 alii
3768 3512 3835 3565 de
3860 3523 4017 3564 more

2431 3605 2826 3675 sequebantur,
2866 3604 2961 3659 sed
3009 3605 3125 3659 suis
3165 3605 3281 3674 ipse
3336 3604 3536 3659 studiis
3582 3603 3841 3658 incensus
3883 3616 4015 3671 age-

2431 3698 2611 3751 batur.

2504 3807 2663 3869 Nam,
2701 3815 2761 3859 ut
2798 3815 3005 3861 taceam
3027 3806 3253 3860 Joannis
3291 3806 3344 3858 in
3368 3805 3780 3860 Theodoretum
3812 3805 4006 3857 immo-

2430 3899 2612 3953 dicum
2644 3912 2909 3961 amorem,
2937 3896 3271 3950 Theodoreti
3295 3896 3437 3965 apud
3464 3896 3728 3951 Joannem
3771 3892 4006 3948 auctori-

2430 3999 2595 4045 tatem
2632 4004 2697 4042 ex
2722 3988 2981 4057 opinione
3017 3987 3280 4041 doctrina:
3303 3997 3499 4050 ortam,
3537 3996 3777 4041 veterem
3802 3987 4013 4039 utrius-

2428 4098 2534 4151 que
2567 4097 2691 4134 cum
2728 4080 2981 4151 Nestorio
3014 4080 3419 4140 necessitatem,
3451 4086 3701 4133 recentes
3722 4077 4013 4130 amborum

2428 4189 2552 4227 cum
2586 4172 2789 4242 Cyrillo
2815 4171 3150 4233 inimicitias,
3181 4169 3425 4224 occultas
3481 4184 3606 4223 cum
3672 4168 3877 4222 [remeo
3916 4182 4013 4221 co-

2430 4263 2557 4317 mite
2583 4263 2870 4325 coitiones,
2909 4277 2970 4315 ac
3004 4261 3107 4314 alia
3139 4260 3407 4330 ejusmodi
3438 4259 3614 4328 plura,
3649 4266 3873 4327 propter
3891 4271 4015 4324 qua

2426 4355 2810 4409 Theodoretus
2846 4354 3090 4407 omnium
3127 4352 3381 4405 factionis
3419 4350 3773 4404 consiliorum
3814 4348 4015 4401 nterito

2426 4456 2608 4517 potest
2629 4445 2842 4500 censeri
2862 4454 3084 4507 auctor;
3133 4443 3408 4513 ingenium
3433 4452 3580 4495 certe
3602 4440 3793 4511 ipsius,
3812 4439 4021 4510 stylus-

2424 4553 2553 4607 que,
2584 4545 2639 4590 et
2672 4534 2966 4605 singularis
2990 4532 3212 4602 quidam
3239 4547 3433 4584 vouun
3488 4546 3619 4584 usus
3674 4529 3727 4582 in
3763 4528 4015 4583 Orienta-

2423 4626 2559 4681 lium
2583 4625 2805 4694 scriptis
2833 4624 2914 4677 sic
2948 4624 3150 4685 elucet,
3187 4632 3246 4676 ut
3273 4621 3527 4691 Opificem
3573 4635 3684 4674 non
3716 4618 4012 4672 admodum

2423 4715 2633 4771 latendi
2676 4713 2937 4783 cupidum
2973 4711 3283 4781 patefaciat.

2502 4829 2606 4885 Ubi
2648 4827 2887 4898 primum
2946 4823 3222 4894 Ephesum
3268 4823 3503 4877 Joannes
3548 4816 4016 4890 attigit,noudum

2427 4922 2647 4977 deterso
2700 4920 2962 4990 pulvere,
3016 4919 3071 4971 in
3129 4918 3249 4986 ipso
3303 4916 3577 4985 hospitio,
3635 4909 4019 4979 intempestiva

2424 5013 2582 5077 hora,
2608 5011 2950 5067 clandestina
2986 5009 3249 5072 coitione,
3274 5006 3620 5062 Nestorianis
3656 5004 3722 5058 ad
3763 5019 3889 5057 suos
3917 5001 4014 5055 ad-

2422 5103 2647 5177 junctis,
2682 5101 3032 5171 conspirante
3066 5099 3224 5169 159
3246 5099 3585 5154 Candidiano
3619 5096 3837 5159 comite,
3860 5095 4011 5164 judi-

2424 5196 2570 5252 cium
2602 5191 3025 5250 tumultuarium
3055 5192 3122 5246 de
3147 5192 3370 5261 Cyrillo,
3400 5200 3456 5245 et
3498 5190 3783 5244 Memnone
3810 5188 4010 5256 Ephesi

2422 5287 2684 5357 episcopo
2708 5326 2722 5350 ,
2751 5285 3078 5353 caeterisque
3099 5282 3290 5353 synodi
3328 5294 3529 5337 sanctae
3571 5281 3828 5335 Patribus
3851 5294 4006 5333 exer-

2422 5389 2531 5433 cet.
2553 5378 2809 5448 Cyrillus,
2830 5384 3121 5431 accusante
3135 5374 3517 5438 Theodoreto;
3555 5373 3830 5433 Memnon,
3846 5385 4012 5440 agen-

2424 5470 2571 5525 tibus
2620 5468 2991 5533 Nestorianis;
3053 5466 3577 5531 Patres,referente
3628 5463 4007 5524 Candidiano,

2422 5558 2789 5613 damnantur:
2818 5556 3058 5628 Cyrillus
3086 5557 3152 5621 “,
3197 5556 3345 5627 quod
3378 5554 3612 5610 haeresin
3652 5552 4006 5624 Apollinaris.

2417 5676 2443 5717 ιι
2470 5673 2675 5728 Thren.
2705 5674 2856 5737 11,14,
2893 5674 2975 5729 l5.
3059 5675 3074 5715 i
3110 5673 3231 5729 Act.
3261 5688 3409 5736 χχιιι,
3435 5672 3487 5726 3.

2076 5788 2393 5846 SCHULZII
2431 5790 2663 5846 ΝΟΤᾸΞ.

805 5889 849 5925 ⁸⁸
880 5886 1135 5960 Cyrillus,
1159 5893 1261 5941 etc.
1294 5882 1417 5941 Vid.
1461 5882 1757 5955 Epistolam
1786 5883 1853 5940 ad
1877 5883 2101 5954 Rufum,
2136 5894 2176 5941 t.
2204 5887 2292 5953 IV,
2330 5904 2385 5959 p.
2416 5887 2547 5942 I347
2579 5900 2732 5956 seqq.
