4208 6440
215 347 314 410 ll3

1413 346 1777 406 HISTORIA
1820 345 2326 408 TIIEODORETI.

3366 344 3470 409 1M

211 453 809 524 Ariique,etEunomii
836 453 890 508 in
919 453 1212 509 duodecim
1248 454 1522 524 capitibus
1545 455 1800 509 innovas—
1827 459 1874 510 A
1901 461 2073 508 ceret.
2114 454 2401 508 Perierunt
2424 455 2639 519 litterae,
2663 470 2786 524 qua:
2815 456 2881 509 ad
2929 455 3142 524 priores
3171 467 3283 512 tres
3331 457 3471 512 daue

211 556 328 611 set;
387 547 664 608 Memor),
721 545 871 614 quod
921 545 1270 616 tyrannidem
1321 545 1376 600 in
1428 547 1566 602 urbe
1589 545 1792 617 Cyrillo

214 638 404 689 favens
470 635 848 699 exercuisset;
923 636 1150 698 Patres,
1182 635 1330 705 quod
1395 637 1786 706 inexspectatis

211 727 589 781 Orientalibus
636 726 964 780 sententiam
1015 727 1304 790 tulissent,
1359 727 1795 797 probassentque

214 814 400 884 Cyrilli
434 816 666 877 litteras,
684 825 739 869 et
766 815 1071 868 Memnonis
1095 825 1279 886 partes
1303 825 1687 884 sequerentur.

291 907 590 961 Abdicatus
609 915 694 959 est
729 907 896 976 igitur
918 905 1156 977 Cyrillus
1183 922 1307 960 cum
1356 907 1663 970 Memnone,
1694 907 1796 960 Pa-

219 1008 332 1051 tres
385 998 971 1052 cxcommunicationis
1022 999 1291 1052 sententia
1342 998 1586 1067 obligati,
1623 999 1800 1052 donec

217 1087 456 1142 desertis
507 1087 695 1158 Cyrilli
735 1089 982 1157 partibus
1015 1088 1080 1142 ad
1126 1087 1435 1143 Orientales
1474 1090 1794 1142 transirent:

217 1179 521 1247 atquehxc
547 1178 720 1232 forma
775 1179 874 1232 luit
917 1179 1132 1250 judicii,
1179 1180 1334 1249 cujus
1355 1179 1682 1248 principium
1717 1179 1801 1232 in-

220 1271 365 1323 vidia
393 1281 448 1323 et
475 1270 739 1338 ambitio;
787 1279 999 1336 auctor,
1027 1270 1286 1342 Cyrensis
1310 1269 1386 1336 ";
1417 1280 1665 1333 eventus,
1703 1271 1804 1325 Ec-

178 1383 196 1393 »-
217 1360 404 1413 clesize
431 1359 651 1414 divisio.

289 1448 356 1503 ν.
397 1448 479 1502 Ad
516 1449 906 1519 imperatorem
934 1449 1297 1504 Orientalium
1323 1453 1543 1506 nomine
1575 1453 1804 1506 relatum

214 1551 325 1606 est,
356 1541 632 1608 simulque
655 1550 914 1594 excusata
938 1541 1036 1595 via:
1070 1541 1318 1604 tarditas,
1349 1541 1485 1596 nihil
1519 1560 1624 1596 non
1651 1560 1806 1597 men-

220 1636 392 1688 tiente
427 1635 713 1688 relationis
769 1636 1059 1705 scriptore,
1094 1651 1204 1705 quo
1238 1637 1554 1704 imperator,
1600 1648 1654 1691 et
1701 1638 1806 1692 Ne-

219 1725 378 1778 storii
408 1741 622 1788 amans,
655 1733 711 1778 et
740 1724 944 1795 Cyrillo
1001 1725 1270 1788 infensus,
1308 1725 1612 1779 falleretur:
1649 1727 1698 1779 id
1743 1741 1810 1778 eo

1899 555 2056 608 sunt;
2083 553 2281 608 exstat,
2314 560 2436 614 qua:
2465 546 2531 599 ad
2552 545 2774 601 Rufum.
2801 546 3054 600 Sarcinut
3086 564 3218 601 vero
3241 549 3470 602 aliarum

1894 635 2188 703 jacturam,
2211 636 2257 688 si
2307 644 2486 689 tamen
2525 636 2644 690 alia:
2675 636 2900 697 fuerint,
2924 644 2980 688 et
3027 653 3135 691 non
3166 639 3368 692 eaedem
3403 638 3470 691 ad

1901 726 2146 795 singulos
2187 741 2218 779 a
2240 725 2380 795 pari,
2409 735 2468 779 ut
2499 727 2817 795 loquuntur,
2854 727 3052 781 missae.

1977 817 2177 872 Habuit
2200 819 2366 871 etiam
2391 818 2684 872 conciones
2716 819 2781 872 ad
2814 820 3076 887 populum
3103 819 3256 872 urbis
3290 821 3472 887 regiae,

1905 911 1973 965 de
2006 912 2208 979 quibus
2232 913 2306 966 ita
2335 913 2449 982 ipse
2488 911 2557 965 ad
2591 913 2988 979 metropolitam
3017 928 3176 967 suum
3205 912 3248 943 “
3274 913 3473 982 Ephesi

1907 1011 2158 1072 agentem
2193 1021 2205 1055 :
2251 1023 2268 1054 ι
2293 1004 2537 1072 Populus
2556 1002 2736 1057 omnis
2762 1004 2934 1071 gratia
2968 1004 3061 1058 Dei
3100 1004 3242 1058 bene
3290 1004 3475 1065 habet.

1908 1103 1964 1148 et
1991 1095 2194 1164 jugiter
2211 1094 2280 1147 ad
2327 1109 2428 1148 nos
2470 1095 2770 1164 egreditur.
2799 1095 3106 1162 lncepimus
3134 1107 3314 1150 autem
3346 1095 3479 1163 ipsis

1909 1186 2074 1239 etiam
2131 1184 2426 1248 disserere,
2489 1192 2546 1238 et
2602 1183 3006 1239 celebravimus
3068 1185 3478 1238 communiones

1910 1275 2194 1338 maximas,
2239 1284 2295 1328 et
2345 1281 2546 1342 quarto
2594 1274 2704 1329 illis
2731 1283 3043 1327 enarratum
3069 1281 3174 1335 est,
3224 1274 3482 1342 precibus

1913 1377 2020 1421 tua:
2055 1367 2298 1435 pietatis,
2325 1366 2398 1421 de
2425 1365 2552 1431 (ide,
2580 1377 2636 1420 et
2663 1375 2809 1419 tanta
2833 1366 3163 1419 audiverunt
3184 1366 3483 1432 voluptate,

1915 1469 1974 1513 ut
2000 1474 2169 1527 usque
2199 1459 2265 1512 ad
2297 1458 2486 1511 horam
2513 1458 2799 1526 septimam
2840 1473 2948 1511 non
2997 1457 3363 1516 discederent,
3389 1454 3481 1508 sed

1915 1549 2339 1618 perduraverint
2357 1564 2531 1617 usque
2569 1548 2636 1602 ad
2682 1559 2876 1602 aestum
2912 1549 3075 1601 solis:
3102 1549 3155 1600 in
3183 1549 3304 1600 aula
3335 1546 3482 1598 enim

1916 1643 2170 1705 maxima,
2221 1651 2278 1696 et
2332 1651 2569 1710 quatuor
2607 1640 2843 1694 habente
2896 1640 3158 1708 porticus,
3191 1637 3487 1692 multitudo

1919 1744 2246 1803 congregata
2286 1734 2407 1794 fuit,
2434 1742 2491 1786 et
2547 1749 2647 1786 nos
2687 1749 2922 1802 superne
2970 1729 3487 1785 coneionabamurc
3558 1759 3564 1765 -

220 1818 440 1871 facilius
484 1816 608 1879 fuit,
669 1817 818 1886 quod
865 1816 1264 1880 Candidianus,
1311 1819 1610 1886 cognituris
1633 1817 1809 1870 ollieio
1841 1809 1881 1862 Β
1911 1828 2171 1889 suggestu
2207 1834 2374 1889 prope
2401 1826 2625 1872 tectum.
2663 1837 2678 1866 ι

220 1909 460 1978 turpiter
482 1907 729 1971 deserto,
751 1923 875 1962 eum
899 1907 1303 1962 ‘Orientalibus
1331 1909 1480 1977 paria
1513 1909 1808 1973 scribebat,

217 2010 272 2054 et
308 2000 723 2054 Catholicorum
756 1999 984 2063 nuntiis,
1040 2015 1108 2053 ne
1160 2000 1214 2054 in
1267 2000 1458 2054 urbem
1503 2002 1807 2066 tenderent,

217 2089 629 2143 intercludebat
652 2088 813 2142 viam.

290 2181 381 2234 VI.
445 2179 589 2246 Quid
649 2180 847 2234 illusus
919 2178 1262 2235 Theodosius
1312 2190 1504 2234 contra
1550 2179 1814 2251 Cyrillum

218 2272 709 2342 Constantinopoli
763 2273 1045 2337 slatuerit;
1104 2273 1236 2342 quid
1312 2271 1482 2326 misso
1539 2273 1816 2342 Ephesum

223 2365 474 2420 Palladio
501 2366 797 2434 imperiose
846 2364 1220 2431 mandaverit;
1273 2364 1549 2435 quomodo
1597 2381 1694 2434 per
1729 2380 1820 2419 co-

223 2458 420 2511 mitem
443 2472 728 2510 sacrarum
780 2457 1129 2527 largitionum
1171 2456 1435 2512 Joannem
1499 2456 1694 2510 tentari
1722 2473 1818 2510 vo-

227 2547 422 2606 luerit,
444 2555 526 2608 ut,
555 2554 1005 2616 quotquoterant
1051 2546 1250 2616 Ephesi
1287 2547 1568 2616 prmsules,
1611 2547 1820 2603 Joanne

225 2639 489 2707 praeside,
517 2640 909 2702 convenirent;
945 2653 1051 2707 qua
1081 2637 1317 2709 Cyrillus
1341 2639 1596 2694 violentia
1633 2641 1820 2710 conje-

227 2740 356 2783 ctus
388 2730 462 2783 sit
496 2729 550 2782 in
577 2745 896 2794 carcerem;
930 2729 1061 2798 quid
1117 2729 1292 2782 moliti
1322 2729 1630 2784 Orientales
1684 2731 1824 2784 inte-

232 2822 361 2882 rim,
385 2830 446 2873 ut
467 2819 771 2874 Catholicis
798 2820 882 2874 vel
914 2821 1174 2874 invidiam
1218 2821 1534 2875 rebellionis
1580 2821 1824 2876 facerent

233 2911 380 2979 apud
404 2912 823 2980 imperatorem,
860 2913 946 2965 vel
982 2930 1010 2965 a
1061 2914 1261 2982 popqu
1288 2915 1654 2968 tumultuante
1679 2914 1824 2983 peri-

234 3003 428 3057 culum
454 3012 730 3064 crearent,
765 3020 832 3058 ex
863 3005 1001 3059 actis
1050 3005 1242 3075 synodi
1299 3005 1588 3074 Ephesius:
1625 3005 1824 3058 intelli-

1984 1910 2140 1978 Quod
2165 1914 2218 1964 in
2256 1911 2381 1964 aula
2413 1909 2795 1962 concinnatum
2828 1921 2886 1960 se
2914 1914 3118 1969 narrat,
3158 1905 3212 1958 id
3253 1920 3322 1958 eo
3361 1919 3489 1958 con-

1915 2004 2055 2074 tigit.
2088 2003 2217 2072 quia
2240 2000 2707 2057 Chalcedonensis
2729 1999 2984 2054 Ecclesiae
3004 1997 3220 2068 prmsul,
3245 1996 3492 2066 quamvis

1913 2095 2530 2162 Cunstantinopolilame
2565 2084 2683 2146 sedi
2735 2093 3038 2154 obnoxius,
3081 2089 3264 2144 studio
3313 2098 3491 2142 tamen

1920 2189 2045 2242 fidei
2079 2188 2254 2241 vetuit
2277 2187 2328 2240 in
2369 2186 2604 2240 ecclesia
2636 2199 2868 2256 synaxes
2903 2182 2988 2253 agi
3023 2182 3091 2236 ab
3117 2180 3435 2235 hominibus
3463 2196 3492 2230 a

1921 2289 2107 2334 sancta
2168 2277 2376 2350 synodo
2421 2277 2719 2330 abstentis:
2765 2273 2912 2342 quod
2959 2280 3188 2340 questus
3217 2277 3304 2324 est
3350 2267 3492 2336 apud

1922 2372 2310 2439 imperatorem
2339 2367 2744 2426 Theodoretus.
2796 2363 3046 2433 quamvis
3080 2364 3196 2416 haec
3244 2377 3354 2415 non
3387 2369 3495 2414 tam

1921 2463 2143 2533 querela
2175 2463 2298 2524 fuit,
2333 2476 2495 2530 quam
2525 2457 2895 2513 inverecunda
2923 2454 3240 2524 impotentis
3271 2454 3364 2506 iraa
3407 2469 3496 2504 vo-

1921 2553 2196 2616 ciferatio,
2230 2551 2628 2620 seditionisque
2653 2547 2862 2601 molitio
2898 2545 2984 2600 vel
3022 2543 3417 2605 comminatio;
3445 2542 3496 2595 id

1922 2663 2054 2700 vero
2077 2645 2157 2700 sic
2178 2643 2407 2698 accidit:

1903 2783 1911 2798 ,
1996 2737 2282 2792 Admissus
2305 2731 2600 2803 aliquando
2629 2731 2698 2785 ab
2724 2731 3052 2800 imperatore
3068 2728 3136 2782 ad
3167 2725 3498 2795 colloquium

1929 2831 1981 2884 in
2015 2826 2302 2882 Ruﬁniana
2334 2825 2482 2887 villa,
2508 2838 2634 2878 cum
2663 2822 2817 2876 orbis
2840 2820 3064 2873 domino
3093 2819 3389 2871 altercatus
3419 2823 3503 2871 est

1927 2919 2211 2981 audacius,
2233 2931 2398 2986 quam
2436 2913 2718 2968 modestia:
2757 2913 2843 2968 lex
2903 2911 3085 2964 sinat:
3135 2906 3501 2979 iactabundus

1929 3021 2108 3064 tamen
2131 3024 2246 3062 rem
2271 3019 2477 3078 gestam
2513 3007 2584 3060 ita
2618 3013 2802 3059 narrat
2822 3003 2864 3033 "
2888 3020 2900 3054 :
2930 3021 2946 3052 ι
2970 3001 3225 3056 Dicebam
3254 2998 3336 3052 ei:
3363 2995 3502 3062 Quia

233 3111 365 3161 gere
403 3103 508 3147 est.
543 3093 959 3149 Observandum
998 3103 1177 3149 tamen
1209 3094 1325 3149 haec
1352 3095 1490 3164 ipsa,
1519 3111 1640 3164 quae
1674 3110 1820 3148 nunc
1853 3135 1898 3192 ϐ
1929 3100 2131 3155 dedisti
2181 3098 2432 3152 ﬁduciam
2489 3095 2774 3165 loquendi,
2833 3109 2957 3148 cum
2998 3091 3158 3145 venia
3218 3088 3366 3142 audi.
3403 3086 3502 3142 Ju-

239 3185 545 3248 habentur,
578 3192 778 3255 praeter
827 3185 1119 3239 relationes
1169 3194 1224 3239 et
1253 3185 1534 3255 epistolas,
1583 3185 1823 3238 breviata

237 3274 415 3328 fuisse
451 3273 521 3327 ab
550 3273 784 3342 ipsomet
818 3272 1039 3343 Cyrillo.

309 3365 430 3419 VII.
486 3365 645 3418 Hunc
699 3365 814 3421 [ere
867 3364 921 3418 in
971 3365 1191 3418 modum
1219 3365 1358 3420 duos
1388 3367 1498 3437 jam
1543 3366 1833 3419 continuos

243 3482 470 3521 menses
492 3466 563 3520 ab
593 3465 964 3521 Orientalibus
986 3466 1213 3535 Ephesi,
1251 3482 1360 3535 qua
1408 3467 1483 3528 vi,
1522 3481 1629 3534 qua
1681 3463 1830 3516 fratr

243 3560 437 3621 dibus,
486 3574 594 3626 qua
655 3557 954 3628 tyrannieis
1008 3557 1272 3612 comitum
1315 3556 1525 3610 artibus
1555 3556 1830 3610 turbatum

245 3660 388 3712 erat,
422 3650 789 3704 cumtandem
811 3665 840 3703 a
867 3649 1158 3713 Dalmatio,
1195 3648 1541 3702 sanctissimo
1586 3647 1641 3700 in
1695 3646 1833 3699 urbe

249 3745 399 3815 regia
457 3743 852 3798 monachorum
908 3743 1090 3805 Patre,
1132 3739 1477 3794 Theodosius
1520 3739 1588 3792 de
1625 3754 1681 3792 re
1723 3745 1832 3790 tota

250 3833 460 3886 certior
517 3831 714 3894 factus,
758 3829 1134 3898 comitumque
1170 3827 1453 3898 perﬁdiam
1495 3827 1715 3897 indigne
1760 3824 1838 3878 fc-

253 3938 404 3985 rens,
438 3922 605 3992 jussit
647 3921 714 3974 ad
753 3935 812 3974 se
857 3919 999 3972 mitti
1057 3926 1264 3987 septem
1298 3918 1366 3971 ab
1410 3927 1640 3986 utraque
1683 3926 1836 3984 parte

251 4011 568 4079 episcopos,
595 4024 735 4078 quos
765 4008 833 4062 de
869 4007 1037 4078 gestis
1063 4006 1262 4074 Ephesi
1297 4020 1536 4074 praesens
1562 4004 1798 4057 audiret.

327 4103 470 4156 VIII.
498 4101 884 4156 Theodorctus
910 4100 1012 4154 l'uit
1049 4116 1189 4153 unus
1210 4098 1276 4153 de
1305 4105 1515 4168 septem
1546 4095 1837 4151 Orientali-

257 4198 394 4251 bus:
425 4197 522 4250 sed
557 4211 681 4248 eum
721 4203 974 4264 pergeret
1007 4191 1561 4260 Constantinopolim,
1610 4206 1704 4260 spe
1735 4191 1838 4244 du-

255 4301 380 4345 ctns
436 4287 554 4341 fore
590 4296 650 4340 ut
687 4286 740 4339 in
777 4287 910 4340 urbe
961 4285 1108 4355 regia
1139 4300 1207 4338 eo
1245 4284 1436 4353 plausu
1473 4282 1700 4346 diceret,
1733 4299 1842 4352 quo

259 4383 460 4438 solitus
482 4389 603 4433 erat
662 4379 984 4441 Antiochiae,
1024 4385 1188 4446 atque
1223 4377 1295 4429 ita
1347 4377 1427 4429 vel
1477 4375 1562 4430 sui
1597 4375 1837 4429 Nestorii

1933 3203 2152 3247 stumne
2183 3200 2268 3244 est
2316 3189 2603 3244 haereticos
2649 3185 2874 3256 quidem
2910 3182 3416 3240 excommunicatos
3449 3179 3503 3234 in

1933 3277 2179 3331 ecclesiis
2219 3276 2418 3344 agere?
2471 3291 2571 3328 nos
2610 3289 2764 3336 vero,
2797 3275 2889 3343 qui
2927 3288 3024 3342 pro
3064 3271 3170 3325 ﬁde
3207 3279 3504 3330 certamus,

1934 3380 1990 3424 et
2013 3376 2239 3438 propter
2269 3368 2374 3420 hoc
2418 3366 2621 3420 abillis
2664 3364 3069 3419 communionis
3114 3371 3362 3417 exsortes
3418 3375 3509 3414 su-

1939 3476 2080 3524 mus,
2111 3475 2220 3511 non
2257 3457 2460 3510 intrare
2484 3455 2539 3508 in
2569 3454 2896 3509 ecclesiam?
2925 3451 3232 3522 Respondit
3267 3451 3360 3504 ille
3390 3467 3403 3502 :
3438 3449 3508 3504 Et

1935 3569 2027 3622 ego
2052 3550 2176 3622 quid
2203 3547 2441 3619 faciam?
2469 3577 2537 3586 —-
2565 3545 2716 3610 Quod
2760 3546 2897 3614 fecit,
2919 3543 3241 3614 inquiebam,
3265 3543 3513 3612 magister

1939 3656 2081 3708 tuus,
2112 3659 2279 3696 comes
2312 3639 2681 3712 lar'gitionum.
2724 3640 2777 3691 in
2821 3638 2947 3691 urbe
2977 3637 3205 3708 Epheso.
3231 3634 3330 3689 Ille
3374 3635 3514 3687 enim

1939 3737 2212 3789 utinvenit
2263 3731 2545 3787 nonnullos
2582 3729 2914 3800 congregari.
2949 3729 3261 3800 compescuit
3305 3743 3389 3779 eos
3429 3725 3514 3778 di-

1938 3845 2093 3882 cens:
2127 3824 2220 3879 «Si
2258 3842 2362 3878 non
2413 3823 2615 3892 fueritis
2664 3819 2889 3890 paciﬁci,
2946 3837 3049 3871 non
3093 3818 3371 3872 concedam
3423 3816 3516 3868 uni

1942 3922 2083 3990 parti
2116 3919 2457 3988 congregari;
2483 3935 2500 3965 ι
2527 3924 2572 3967 et
2607 3913 2875 3984 Oportebat
2904 3912 3063 3964 etiam
3096 3919 3244 3963 tuam
3269 3909 3518 3978 pietatem

1940 4012 2223 4082 praecipere
2266 4009 2348 4061 hic
2381 4008 2638 4078 episcopo,
2672 4022 2735 4057 ne
2792 4005 3137 4074 permitteret,
3178 4014 3343 4069 neque
3378 3997 3514 4061 illis,

1943 4120 2107 4174 neque
2141 4101 2284 4155 nobis
2326 4099 2656 4168 congregari,
2691 4096 2852 4148 donec
2875 4093 3263 4153 conveniamus,
3293 4097 3350 4141 ut
3368 4089 3519 4158 justa

1945 4203 2036 4248 tua
2067 4193 2327 4246 sententia
2358 4189 2594 4243 omnibus
2651 4197 2778 4239 nota
2833 4183 2952 4251 ﬁat.
2987 4182 3065 4237 Ad
3117 4181 3232 4234 haec
3265 4179 3516 4233 dicebat:

1947 4283 2203 4355 Equidem
2232 4283 2466 4352 episcopo
2515 4277 2667 4347 161
2700 4279 2963 4346 imperare
3010 4291 3109 4325 nou
3143 4287 3369 4341 possunt.
3421 4270 3524 4322 Ita-

1946 4394 2052 4448 que
2083 4375 2339 4446 respondi
2369 4389 2503 4443 ego:
2530 4371 2706 4440 Neque
2735 4368 2879 4421 nobis
2932 4367 3174 4434 imperes,
3206 4370 3253 4415 et
3298 4361 3519 4429 accipie-

263 4489 351 4527 res
380 4469 682 4525 admodum
708 4468 937 4522 alilictas
983 4469 1318 4530 restitueret,
1356 4466 1439 4519 vel
1475 4465 1687 4519 animos
1731 4466 1821 4519 sal-

1951 4487 2061 4524 mus
2096 4466 2390 4528 ecclesiam,
2443 4461 2998 4534 congregabimurque,
3043 4474 3104 4509 ac
3135 4461 3402 4524 cognoscet
3430 4459 3521 4502 tua

265 4575 374 4619 tem
427 4562 614 4632 populi
657 4571 1071 4625 commoveret;
1119 4562 1305 4631 jussus
1361 4567 1446 4612 est
1495 4557 1839 4612 Chalcedone

268 4657 432 4727 160
461 4671 586 4709 cum
624 4656 739 4709 suis
786 4653 1083 4724 praestolari
1132 4653 1425 4707 adventum
1476 4652 1840 4720 imperatoris,

269 4748 393 4800 illac
428 4745 484 4798 in
521 4745 874 4799 Ruﬁniauum
902 4743 1207 4799 transituri.

337 4839 480 4891 Dum
539 4838 882 4906 praestolatur
937 4835 1243 4888 adventum
1300 4833 1558 4903 principi,
1623 4834 1846 4902 scripsit

269 4930 486 4982 litteras
512 4928 732 4981 nomine
787 4926 1110 4995 legatorum,
1138 4924 1206 4978 ad
1237 4923 1524 4993 episcopos
1560 4934 1671 4977 tres
1705 4925 1848 4977 Itali-

271 5036 460 5072 rarum
489 5018 874 5080 Ecclesiarum,
902 5015 1284 5069 Martinianum
1339 5014 1755 5068 Mediolanensis
1781 5015 1848 5074 “,

272 5110 539 5163 Joannem
559 5109 933 5161 Ravenneusis
961 5116 1015 5162 ct
1034 5106 1401 5176 Aquileiensis
1423 5123 1434 5158 :
1467 5107 1688 5175 scripsit
1711 5115 1766 5159 et
1784 5107 1850 5160 ad

277 5197 476 5252 ltul’um
523 5198 1091 5260 'l‘hessalonicensem,
1125 5204 1204 5260 ut,
1258 5196 1302 5250 si
1337 5213 1443 5265 qua
1490 5206 1694 5266 posset,
1734 5205 1852 5250 tan-

285 5299 463 5345 tarum
505 5289 720 5344 sedium
748 5289 1024 5344 antistites
1059 5288 1112 5342 in
1137 5297 1322 5357 partes
1349 5288 1663 5341 schismatis
1687 5288 1855 5342 addu-

1952 4564 2138 4634 pietas,
2163 4558 2330 4613 multo
2365 4556 2542 4628 plures
2575 4555 2841 4608 nobiscum
2870 4566 2999 4611 esse,
3024 4564 3184 4618 quam
3214 4561 3329 4598 cum
3357 4542 3518 4596 illis.»

2020 4654 2112 4708 IX.
2141 4651 2448 4707 Orientales
2479 4649 2732 4718 quintum
2763 4643 2934 4698 auditi
2976 4649 3104 4695 sunt
3131 4655 3160 4692 a
3191 4637 3525 4696 Theodosio,

1953 4761 2075 4815 quae
2100 4743 2202 4797 fuit
2234 4739 2472 4810 religiosi
2523 4735 2792 4807 principis
2828 4731 3109 4802 patientia.
3147 4726 3391 4793 Quatuor
3439 4724 3523 4776 in-

1954 4814 2120 4908 super
2148 4836 2199 4889 ei
2242 4831 2669 4904 protestationes
2710 4826 2996 4883 miserunt,
3042 4830 3151 4873 tres
3183 4814 3524 4873 Chalcedone

1952 4930 2256 4998 legatorum
2298 4923 2538 4984 nomine,
2566 4927 2815 4988 quartam
2843 4931 2872 4968 a
2904 4914 3020 4970 suis
3066 4909 3375 4981 Ephesinis,
3411 4923 3528 4961 0m~

1947 5035 2046 5072 nes
2075 5015 2370 5087 jactantim,
2394 5027 2555 5081 quam
2580 5007 2858 5062 modestia:
2880 5004 3175 5074 pleniores.

2125 5106 2326 5160 Verum
2351 5103 2560 5156 nullum
2602 5099 2728 5153 inde
2755 5095 2902 5150 aliud
2931 5109 3108 5162 operae
3146 5105 3256 5144 sua:
3291 5085 3528 5157 pretium

1955 5197 2220 5255 tulerunt,
2239 5208 2401 5260 quam
2423 5189 2570 5260 quod
2602 5187 2872 5258 patefacta
2902 5183 3129 5235 veritate
3156 5176 3319 5248 legati
3339 5175 3529 5230 catho-

1957 5287 2047 5343 lici
2079 5286 2132 5339 in
2155 5284 2347 5340 urbem
2375 5279 2551 5336 vocati
2571 5286 2720 5342 sunt,
2747 5275 2812 5330 ad
2838 5271 3218 5330 sulliciendum
3279 5263 3530 5321 Nestorio

1623 5442 1938 5498 SLIIULZII
1980 5439 2205 5496 NOTAE.

348 5603 391 5632 “
427 5601 698 5672 Cyrensis.
730 5599 995 5672 Joannem
1029 5597 1429 5672 Antiochenum
1467 5597 1684 5672 mallem
1721 5597 1907 5672 dicere
1947 5604 2256 5672 auctorem.

2335 5592 2377 5622 "
2424 5587 2641 5643 Martia.
2689 5584 2955 5640 Martinus
2995 5580 3192 5635 dicitur
3215 5577 3267 5630 in
3295 5573 3532 5642 Epistela

287 5672 344 5723 ad
376 5647 1454 5738 Rufa
1811 5647 1857 5698 δῖ
1878 5647 2199 5732 Addit-'00,).
2229 5678 2400 5716 suum.
2426 5657 2792 5714 Alexandrum
2817 5655 3023 5710 scilicet
3048 5647 3526 5716 Hierapolitanum.

289 5741 401 5796 \‘id.
429 5751 468 5797 t.
494 5740 584 5808 IV,
615 5757 669 5812 p.
699 5740 854 5796 I345.
925 5739 972 5771 "
1000 5738 1082 5794 Ita
1119 5747 1327 5793 narrat.
1361 5745 1504 5794 Loco
1528 5738 1713 5793 citato.
