4208 6440
710 408 810 476 115
1839 406 2218 468 GARNERII
2255 399 2757 467 DISSERTATIO
2804 410 2851 468 ι.
3879 398 3981 463 illi

705 522 1055 587 episcopum;
1090 515 1465 578 Orientalibus
1483 517 1822 580 mandatum,
1847 532 2003 571 suam
2022 527 2295 585 quemque
2329 516 2374 569 Α
2403 516 2720 569 tunditatem
2767 515 2937 569 omnis
2990 524 3146 568 terra:
3171 522 3219 567 et
3252 514 3547 568 habitantur
3592 513 3643 564 in
3688 511 3784 564 illa
3826 514 3984 579 quasi

704 612 773 664 ad
798 609 1100 663 Ecclesiam
1137 608 1360 677 redire;
1394 610 1543 680 quod
1573 622 1630 664 et
1668 610 1794 664 aliis
1820 609 2023 679 Ephesi
2066 620 2295 676 congre-
2402 609 2673 664 locustask
2695 627 2708 662 :
2732 609 2951 663 ethunc
2972 607 3066 677 qui
3085 606 3449 661 omniaverbo
3466 606 3616 667 fecit,
3643 604 3863 657 etdedit
3893 603 3979 657 his

705 704 845 775 gatis
879 701 1248 775 significatum
1280 716 1384 763 est.
1410 706 1561 762 lstud
1589 721 1721 761 vero
1758 721 1920 775 quam
1947 703 2297 772 impatienter
2398 717 2521 770 qua:
2544 717 2652 755 non
2700 708 2880 764 erant,
2940 709 2999 754 ut
3049 707 3253 764 essent,
3305 698 3421 752 sola
3447 698 3728 752 voluntate
3762 714 3775 750 :
3822 698 3978 766 quasi

707 796 1093 853 Theodoretus
1134 799 1359 862 tulerit,
1418 798 1606 868 prodit
1652 798 1770 853 suis
1822 796 1891 850 ad
1942 794 2251 865 Ephesinos
2280 796 2295 812 ⁶
2398 794 2603 847 oblitus
2624 793 2821 846 horum
2838 790 3476 860 omnium,passionibus
3502 789 3800 844 obnoxium
3821 787 3980 855 facis,

707 890 989 944 communi
1025 890 1249 944 nomine
1303 890 1510 945 litteris
1555 891 1622 944 “.
1666 890 1917 943 «Placuit
1952 888 2298 958 pientissimo
2399 895 2455 940 et
2492 886 2666 955 legem
2691 884 2871 953 ponis,
2906 892 2966 936 ut
2994 883 3256 936 adoretur
3284 882 3430 935 Deus
3461 880 3758 950 passibilis,
3790 900 3808 932 ι
3832 889 3941 935 etc.

711 983 824 1052 regi
849 991 971 1052 post
998 983 1198 1037 multas
1245 982 1683 1045 adhortationes,
1728 990 1789 1036 ut
1824 981 2024 1052 singuli
2064 981 2131 1035 ad
2167 997 2296 1050 pro-
2469 978 2709 1031 Joannes
2767 990 2918 1028 more
2950 974 3243 1043 pnesidum
3284 973 3500 1041 excepit
3534 971 3866 1025 Theodoreti
3902 972 3982 1026 lo-

710 1073 829 1139 pria
858 1072 1180 1125 redeamus:
1220 1082 1282 1127 ut
1331 1083 1389 1127 et
1416 1072 1701 1143 Egyptius
1732 1079 1787 1126 et
1833 1072 2086 1125 Memnon
2114 1071 2299 1139 Ephe-
2401 1069 2623 1138 quentis
2656 1081 2966 1121 sermonem
3000 1064 3066 1127 ⁸³,
3093 1064 3338 1132 dixitque
3386 1063 3647 1117 seditiose
3689 1065 3895 1132 pariter
3924 1074 3982 1118 et

712 1162 827 1215 sius
864 1162 916 1213 in
977 1161 1095 1215 suis
1117 1161 1255 1217 locis
1282 1170 1559 1216 maneant.
1613 1162 1706 1215 Sic
1741 1162 1888 1215 enim
1924 1161 2104 1231 potuit
2139 1159 2301 1232 Aigy-
2400 1162 2739 1216 adulatorie:
2800 1157 3059 1212 laudibus
3108 1158 3256 1211 enim
3286 1155 3469 1210 affecit
3498 1155 3736 1209 Nestorii
3792 1152 3978 1220 ﬁdem,

712 1252 863 1321 ptius
896 1266 1097 1305 omnes
1128 1267 1406 1307 excaecare
1438 1253 1764 1306 muneribus
1799 1252 1934 1314 suis,
1976 1259 2037 1304 ut
2062 1252 2151 1305 ille
2180 1252 2303 1321 qui-
2400 1269 2565 1322 quam
2622 1260 2679 1306 et
2721 1250 2996 1319 exposuit,
3042 1256 3099 1303 et
3148 1262 3178 1301 a
3217 1246 3457 1315 populis,
3506 1261 3646 1314 quos
3693 1254 3818 1298 ante
3847 1243 3983 1297 lide-

712 1344 859 1407 dem,
916 1359 1041 1398 cum
1102 1344 1390 1399 innumera
1457 1344 1652 1399 fecerit
1709 1343 1870 1408 mala,
1925 1343 1993 1397 ad
2041 1345 2300 1398 thronum
2401 1344 2501 1407 les,
2528 1357 2675 1397 nunc
2711 1342 3054 1396 confessores
3075 1338 3243 1394 fuisse
3282 1338 3380 1401 ait,
3423 1338 3794 1399 retinendam,
3830 1337 3983 1391 velut

712 1450 875 1489 suum
926 1435 1155 1501 redeat;
1192 1434 1297 1489 iste
1331 1435 1417 1489 vir
1449 1436 1718 1490 innocens
1748 1435 2087 1504 (Nestorium
2139 1434 2302 1487 iutel-
2403 1436 2716 1505 depositum
2740 1443 3032 1503 paternum
3067 1449 3098 1487 a
3126 1432 3274 1495 ﬁliis,
3305 1430 3605 1485 mandavit.
3644 1431 3851 1484 «Nemo
3887 1429 3983 1483 de-

716 1527 857 1597 ligit)
895 1526 983 1580 vix
1013 1526 1080 1579 ad
1123 1542 1280 1581 suam
1330 1527 1675 1581 mansionem
1712 1528 2043 1583 dimittatur.
2076 1548 2094 1580 ›
2126 1528 2303 1584 Verba
2403 1528 2705 1598 praedetur,
2742 1526 3049 1597 inquiebat,
3118 1524 3432 1595 depositum
3463 1533 3727 1588 vestrum,
3784 1539 3983 1593 nempe

716 1624 832 1672 tunc
880 1618 1235 1676 Theodoreti.
1282 1619 1516 1672 aliorum
1566 1634 1660 1673 sex
1692 1618 1936 1674 Orientis
2002 1620 2303 1689 legatorum
2404 1619 2718 1689 dogmatum
2759 1615 3195 1672 certitudinem‘:
3242 1632 3404 1671 nemo
3438 1616 3764 1686 persuadeat
3811 1615 3986 1668 Deum

715 1711 941 1764 nomine
988 1710 1280 1764 scribentis
1300 1751 1315 1771 ,
1366 1710 1669 1764 manifestae
1702 1709 1748 1740 ⁸⁷
1776 1710 2173 1780 suppositionis
2214 1726 2304 1762 ar-
2403 1724 2525 1763 esse
2551 1708 2888 1778 passibilem,
2919 1724 3097 1777 neque
3125 1708 3375 1777 corporis
3401 1718 3457 1761 et
3485 1706 3789 1761 divinitatis
3818 1722 3985 1761 unam

714 1809 892 1871 guunt
945 1802 1149 1855 editam
1182 1817 1361 1871 nuper
1398 1801 1697 1856 Theodosii
1734 1802 1958 1856 Sacram
2010 1803 2076 1857 ad
2114 1804 2306 1857 Patres
2342 1851 2382 1904 Β
2407 1822 2527 1861 esse
2561 1816 2834 1867 naturam,
2859 1823 2876 1854 ι
2917 1812 3024 1857 etc.

714 1893 1043 1948 orthodoxa:
1092 1894 1285 1965 synodi
1343 1894 1669 1963 Ephesium:
1702 1904 1915 1949 tantum
1964 1897 2112 1949 enim
2158 1895 2302 1949 favet
2343 1893 2381 1904 ”
2477 1899 2720 1967 Uterque
2777 1904 2984 1959 autem,
3042 1897 3248 1949 cumin
3300 1894 3351 1948 id
3392 1895 3625 1948 maxime
3683 1893 3985 1958 invehitur,

714 1983 1113 2049 Orientalibus,
1139 2002 1445 2057 eorumque
1480 1990 1549 2041 ita
1587 2003 1779 2057 preces
1810 1987 1878 2042 de
1922 1987 2301 2056 disputatione
2405 1992 2550 2062 quod
2580 2007 2609 2045 a
2642 1989 2942 2043 Catholicis
2976 1989 3121 2042 Deus
3159 2003 3351 2056 passus
3396 1986 3711 2047 diceretur,
3758 1984 3988 2038 demou—

718 2072 955 2129 iucunda
978 2084 1033 2130 et
1090 2078 1344 2145 querelas
1402 2078 1469 2133 de
1513 2078 1812 2133 Catholicis
1864 2078 2303 2133 detrectantibus
2405 2093 2544 2138 sirat
2576 2081 2805 2150 liquido,
2839 2080 2978 2134 hanc
3000 2079 3299 2141 exstitisse,
3327 2090 3450 2148 post
3475 2078 3781 2132 orationem
3813 2092 3986 2146 pauc-

716 2167 935 2236 probat,
994 2176 1053 2222 ut
1092 2184 1246 2223 suam
1301 2170 1615 2225 deseruisse
1665 2187 1885 2226 causam
1919 2171 2302 2226 Theodoretus
2404 2174 2640 2246 gyricam
2662 2173 2864 2235 Procli,
2910 2171 3281 2241 proponenda:
3338 2169 3658 2239 qumstionis
3708 2168 3984 2237 vulgarem

716 2259 1017 2324 videretur,
1039 2260 1083 2314 si
1127 2277 1235 2315 non
1275 2263 1639 2324 meminisset,
1673 2272 1838 2332 atque
1870 2264 2036 2317 etiam
2072 2263 2200 2317 inde
2226 2264 2300 2318 si-
2404 2265 2634 2318 formam
2664 2282 2675 2316 :
2717 2262 2819 2327 Au,
2844 2261 2937 2331 qui
2973 2276 3166 2330 passus
3193 2270 3277 2315 est
3303 2276 3404 2330 pro
3462 2259 3643 2323 nobis,
3679 2260 3751 2313 sit
3804 2260 3983 2314 Deus:

722 2350 774 2405 bi
811 2351 1152 2419 triumphum
1200 2351 1441 2408 fecisset.
1492 2353 1690 2419 Quanti
1744 2354 1891 2408 enim
1924 2354 2124 2410 favoris
2156 2356 2301 2410 istud
2404 2357 2492 2411 vel
2515 2355 2842 2425 simplicius,
2873 2355 2953 2408 An
2986 2370 3181 2424 passus
3212 2353 3282 2407 sit
3312 2352 3494 2407 Deus?
3534 2353 3760 2407 interim
3814 2352 3991 2421 partis

719 2448 801 2494 cst
830 2458 958 2513 erga
998 2441 1325 2509 Orientales,
1357 2454 1578 2515 quantm
1624 2447 2069 2516 exprobrationis
2099 2449 2155 2502 in
2202 2447 2305 2503 Ca-
2405 2449 2690 2504 catholica:
2728 2448 3015 2517 praesules,
3070 2447 3163 2516 qui
3197 2446 3251 2499 in
3288 2446 3479 2500 urbem
3513 2444 3720 2515 regiam
3756 2443 3987 2498 honori-

722 2534 991 2588 tholicos?
1029 2533 1333 2600 iQuoniam
1382 2536 1498 2590 fieri
1534 2553 1644 2591 non
1704 2538 1883 2606 potuit
1938 2545 1999 2591 ut
2040 2538 2303 2593 conveni--
2407 2544 2507 2597 lice
2535 2543 2748 2611 excepti
2800 2540 3039 2603 fuerant,
3078 2539 3265 2593 habita
3308 2538 3375 2592 de
3424 2554 3577 2593 more
3636 2539 3867 2607 synodo,
3916 2535 3987 2591 ad

719 2624 872 2689 retis,
901 2635 955 2679 et
992 2633 1172 2680 vestra
1200 2626 1375 2695 pietas
1401 2626 1469 2681 de
1496 2628 1901 2697 quaestionibus
1929 2628 2093 2683 motis
2121 2629 2177 2683 in
2223 2629 2304 2683 di-
2405 2650 2569 2704 quam
2619 2633 2799 2688 vocati
2861 2642 2993 2687 sunt
3059 2632 3425 2700 metropolitre
3483 2630 3599 2697 sedi
3664 2629 3987 2685 Constantio

719 2718 1087 2787 sputationetu
1133 2720 1320 2773 venire
1366 2720 1561 2783 noluit,
1594 2720 1943 2776 decrevimus
1994 2730 2056 2776 ut
2110 2720 2307 2776 Orien-
2408 2726 2739 2798 n0politau:e
2785 2724 3033 2789 obnoxii,
3082 2723 3471 2778 Maximianum
3522 2722 3775 2777 Nestorio
3820 2720 3989 2775 suﬂ'e-

718 2812 858 2865 tales
891 2810 957 2864 ad
986 2827 1113 2865 suas
1138 2813 1393 2882 regiones
1424 2812 1813 2884 Eeclesiasque
1858 2814 2107 2878 redeant,
2139 2830 2305 2885 syno-
2407 2825 2621 2879 eernnt,
2660 2814 2933 2883 simulque
2965 2812 3343 2881 metroitolitas
3372 2820 3629 2881 quatuor,
3670 2821 3992 2879 aspernatos

719 2902 826 2957 dus
860 2901 1062 2971 Ephesi
1089 2903 1315 2957 collecta
1354 2904 1620 2968 solvatur,
1665 2913 1878 2973 repetat
1919 2904 2303 2959 Alexandriam
2408 2908 2730 2970 convenire,
2788 2907 2856 2961 de
2906 2921 3005 2959 sua
3066 2902 3198 2959 sede
3256 2903 3599 2975 dejecerunt,
3663 2903 3993 2958 melioribus

716 2992 976 3065 Cyrillus,
1017 2993 1270 3047 Memnon
1300 2994 1505 3063 Ephesi
1528 3004 1770 3049 maneat.
1831 2995 1986 3050 Scire
2022 3011 2155 3051 vero
2192 2996 2305 3066 pie-
2408 2999 2745 3055 substitutis.

722 3092 890 3139 tatem
928 3093 1168 3139 vestram
1205 3086 1482 3151 volumus,
1522 3102 1624 3141 nos
1675 3086 1919 3157 quandiu
1958 3086 2161 3142 victuri
2210 3103 2303 3140 su-
2481 3092 2619 3145 Dum
2649 3088 2996 3145 Chalcedone
3026 3089 3081 3143 in
3114 3086 3396 3143 Orientem
3424 3088 3667 3158 episcopi
3710 3088 3778 3141 ab
3814 3088 3993 3157 impe-

722 3190 865 3241 mus,
915 3190 1023 3230 non
1076 3192 1236 3247 posse
1288 3177 1597 3232 Orientales
1646 3178 1953 3234 damnare:
1997 3194 2120 3233 cum
2159 3180 2304 3235 enim
2334 3194 2375 3252 (ς
2414 3192 2594 3237 ratore
2648 3180 2860 3235 dimissi
2924 3187 3228 3243 revertunt,
3281 3178 3436 3232 Tarsi
3487 3178 3542 3232 in
3605 3178 3740 3232 urbe
3783 3177 3995 3233 Ciliciae

720 3280 885 3319 nemo
911 3282 1035 3320 cum
1070 3267 1205 3336 ipsis
1236 3268 1516 3338 disputare
1541 3269 1802 3337 voluerit,
1832 3270 1886 3323 iu
1942 3271 2097 3325 nullo
2123 3286 2306 3325 coram
2412 3274 2602 3343 prima:
2639 3270 2894 3324 nuntium
2942 3269 3010 3323 dc
3057 3277 3296 3336 quatuor
3334 3268 3721 3337 episcOporum
3769 3266 3999 3336 deposi-

721 3359 1141 3415 uobisconvicti
1174 3370 1321 3415 sunt.
1349 3381 1366 3412 ι

2413 3371 2580 3429 tione,
2616 3363 3093 3433 Constantinopoli
3122 3361 3263 3417 facta
3290 3371 3656 3431 acceperunt:
3683 3377 3804 3431 quae
3827 3374 3996 3416 causa

794 3451 1175 3507 Theodoretus
1205 3468 1369 3523 porro
1406 3453 1783 3520 discessurus,
1823 3456 2169 3512 Chalcedone
2217 3473 2309 3510 su»
2410 3460 2514 3514 fuit
2536 3455 2893 3518 subsistendi,
2929 3455 3223 3517 retinente,
3249 3461 3310 3507 ut
3338 3452 3581 3517 videtur,
3606 3450 3854 3506 Helladio
3883 3450 3993 3505 loci

723 3558 975 3613 premunt
1004 3544 1195 3597 habuit
1228 3545 1291 3598 ad
1321 3546 1559 3601 Nestorii
1586 3548 1861 3601 studiosos
1891 3564 2199 3602 sermonem
2223 3547 2304 3613 ης
2410 3550 2677 3610 antistite,
2718 3556 2773 3601 et
2793 3555 3074 3617 satagente
3115 3562 3185 3599 ne
3209 3545 3324 3615 qui,
3361 3545 3432 3598 ob
3454 3545 3709 3599 defensas
3749 3544 3993 3598 Nestorii

724 3644 912 3705 spreto
964 3635 1039 3688 illi
1068 3636 1419 3704 Propontidis
1466 3639 1747 3702 aestuario,
1803 3638 2066 3693 confertis
2113 3639 2308 3693 lembis
2410 3652 2594 3715 partes
2622 3655 2972 3696 communem
3006 3637 3215 3692 cladem
3235 3653 3431 3707 passus
3455 3637 3653 3700 fuerat,
3685 3637 3752 3688 ab
3794 3636 3860 3688 iis
3892 3636 3994 3689 de-

722 3726 1051 3794 appuleraut
1088 3727 1414 3783 valcdicturi
1477 3729 1861 3786 defensoribus
1907 3732 1991 3785 sui
2053 3733 2306 3802 pastoris.
2412 3743 2712 3794 sereretur,
2748 3733 2841 3803 qui
2868 3731 3067 3786 factam
3094 3729 3348 3784 Nestorio
3388 3729 3645 3799 injuriam
3688 3728 3831 3782 ferre
3880 3744 3994 3782 non

727 3818 1096 3887 ultimumque
1161 3820 1405 3875 audituri
1443 3822 1875 3889 Theodoretum,
1918 3826 2077 3895 cujus
2115 3843 2307 3882 vocem
2411 3834 2659 3899 possent.
2696 3824 2893 3878 llabita
2930 3822 3097 3893 igitur
3117 3830 3202 3876 est
3223 3820 3583 3875 tumultuaria
3604 3821 3853 3889 quaedam
3899 3837 3995 3891 sy-

722 3910 1062 3967 Nestoriante
1108 3912 1400 3983 imaginem
1445 3917 1737 3971 vocabant.
1766 3917 1861 3973 Ille
1908 3919 2117 3975 Joanne
2151 3921 2307 3991 162
2410 3918 2592 3973 nodus
2651 3917 2705 3970 in
2753 3915 2908 3985 163
2967 3914 3145 3967 aliena
3193 3912 3833 3982 dimcesi,eoujuratum
3889 3929 3996 3982 pro

728 4002 1054 4072 przesidente
1105 4006 1425 4061 concionem
1478 4006 1694 4074 habuit,
1751 4023 1853 4078 pro
1911 4026 2019 4079 qua
2068 4011 2310 4066 laudavit
2411 4007 2690 4071 Helladio,
2725 4006 3011 4073 tribusque
3042 4002 3416 4066 consortibus,
3454 4012 3678 4055 cautum
3739 4001 3867 4056 dato
3907 4018 3997 4056 sa-

724 4093 1039 4151 Nestorium
1074 4099 1229 4167 quasi
1258 4108 1645 4168 martyrem,et
1671 4100 2041 4156 debacchatus
2069 4111 2152 4157 est
2204 4105 2308 4158 im-
2411 4109 2715 4163 cramento,
2755 4114 2822 4151 ne
2853 4098 2978 4165 quis
3002 4096 3048 4127 '°
3080 4095 3135 4149 in
3156 4094 3395 4149 Nestorii
3429 4093 3849 4163 depositionem,
3901 4109 3995 4147 or-

728 4196 980 4256 potenter
1032 4188 1087 4242 iu
1111 4189 1300 4243 Patres
1357 4190 1688 4259 Ephesinos,
1733 4191 1885 4245 velut
1931 4192 1987 4247 in
2022 4202 2305 4264 tyrannos.
2413 4193 2753 4249 dinationem
2812 4186 3146 4253 Maximiani,
3210 4186 3416 4257 Cyrilli,
3458 4186 3893 4254 Memnonisque,
3936 4194 3996 4239 et

726 4282 869 4336 Nihil
906 4297 1071 4353 porro
1100 4282 1203 4337 hac
1218 4284 1465 4337 oratione
1491 4282 1844 4347 artificiosius
1867 4283 1934 4338 ad
1962 4301 2310 4341 commoven-
2411 4286 2648 4340 aliorum
2670 4282 3079 4352 episcoporum,
3135 4279 3229 4349 qui
3287 4277 3601 4333 Nestorium
3653 4276 3993 4346 deiecerant,

728 4377 827 4426 dos
862 4373 1047 4442 populi
1076 4373 1310 4437 animos,
1342 4374 1456 4428 sive
1491 4373 1730 4443 pastoris
1760 4376 2170 4441 misericordia,
2195 4378 2310 4432 sive
2412 4376 2784 4446 reccptionem
2815 4373 3173 4428 consentiret.

730 4466 946 4519 Patrum
976 4464 1380 4533 Ephesiuorum
1409 4464 1568 4530 odio;
1614 4465 1752 4519 nihil
1801 4466 2211 4536 imprudentius
2252 4470 2307 4524 in
2345 4534 2362 4536 _
2482 4466 2574 4521 Xl.
2614 4464 2867 4518 llcditum
2901 4472 2987 4517 est
3024 4462 3393 4525 Antiochiam,
3416 4476 3526 4531 quo
3551 4470 3796 4529 tempore
3829 4476 3997 4531 syno-

733 4572 842 4612 retu
866 4572 1020 4610 suam
1046 4574 1057 4610 ε
1093 4573 1215 4611 nam
1264 4556 1536 4611 adulando
1569 4556 1807 4612 Nestorii
1846 4534 2388 4625 scctariis,Deum"D
2414 4558 2518 4613 dus
2550 4555 2881 4611 autumnalis
2913 4552 3105 4607 haberi
3140 4551 3349 4606 debuit.
3379 4550 3761 4604 Theodoretus
3790 4565 3999 4618 oppor-

735 4662 948 4712 passum
980 4663 1102 4701 cum
1164 4658 1405 4717 negaret,
1443 4648 1686 4717 seipsum
1714 4649 1958 4717 prodidit
2008 4652 2308 4720 impietatis
2415 4647 2705 4701 lunilalem
2740 4652 2953 4706 MONS.
2994 4641 3210 4705 105mm,
3256 4641 3578 4709 caelerisque
3622 4638 3997 4694 Orientalibus

732 4738 962 4790 socium.
1005 4740 1265 4807 tl’agaui,
1308 4758 1323 4789 ι
1361 4738 1559 4808 inquit,
1608 4754 1869 4795 conversa
1931 4743 1997 4795 ad
2040 4724 2306 4816 Cyrillum
2416 4747 2607 4794 auctor
2631 4734 2754 4796 fuit,
2796 4744 2875 4797 ut,
2914 4732 3061 4802 quod
3090 4731 3249 4801 legati
3291 4730 3639 4785 Chalcedone
3666 4738 3995 4794 statuerant,

728 4828 998 4893 oratione,
1029 4850 1044 4878 ε
1070 4829 1213 4899 ligna
1235 4837 1291 4883 et
1308 4829 1516 4899 lapides
1533 4840 1874 4896 venerantes,
1898 4840 1956 4885 ut
1980 4833 2307 4891 immortalia

2416 4828 2673 4900 quodque
2695 4826 2849 4879 Tarsi
2872 4825 2925 4877 in
2949 4824 3033 4876 via
3056 4822 3439 4876 conﬁrmatum
3469 4822 3629 4885 erat',
3663 4820 3714 4873 id
3745 4820 3996 4891 synodali

727 4914 820 4973 illa
855 4919 1096 4973 salutant
1123 4938 1134 4972 :
1162 4929 1218 4973 tu
1250 4929 1433 4974 autem
1467 4921 1572 4976 illis
1614 4922 1937 4992 praedicans,
1962 4940 2024 4979 ea
2056 4929 2307 4981 venerari
2419 4921 2690 4976 sententia
2743 4917 2909 4970 totius
2935 4914 3191 4969 dimcesis
3219 4914 3288 4967 ab
3315 4915 3379 4967 iis
3416 4928 3635 4982 quoque
3663 4912 3995 4978 sanciretur,

731 5023 837 5061 nou
860 5006 1082 5072 debere,
1119 5008 1213 5063 sed
1243 5009 1419 5063 solum
1450 5025 1640 5063 verum
1670 5012 1863 5075 Deum,
1900 5014 1990 5083 qui
2040 5017 2307 5069 constituit
2418 5013 2531 5066 sive
2559 5010 2650 5079 qui
2681 5007 3025 5062 Antiochiam
3054 5022 3110 5058 se
3134 5006 3351 5073 Epheso
3376 5005 3741 5068 contulerant,
3766 5003 3881 5057 sive
3900 5003 3997 5072 qui

732 5108 928 5151 montes
952 5100 1008 5152 in
1027 5109 1326 5163 statera,et
1359 5101 1519 5154 silvas
1549 5102 1600 5153 in
1623 5101 1846 5163 libra,et
1878 5105 2091 5156 metitur
2143 5124 2306 5159 manu
2417 5112 2662 5171 tempore
2721 5099 2912 5169 synodi
2972 5097 3025 5150 in
3075 5095 3298 5150 Oriente
3341 5096 3724 5149 substiterant.
3771 5093 3828 5147 ld
3862 5109 3998 5148 vero

728 5207 948 5260 aquam,
980 5199 1029 5244 et
1058 5191 1462 5261 cmlumpalmo,
1497 5201 1543 5244 et
1570 5209 1772 5245 omnem
1801 5202 1999 5247 terram
2029 5198 2225 5267 pugillo
2258 5199 2303 5261 i;
2415 5197 2619 5249 factum
2650 5190 2983 5245 Theodoreti
3024 5189 3283 5258 impulsu,
3313 5198 3366 5242 et
3396 5190 3511 5257 ipse
3546 5187 3841 5258 aliquando
3869 5202 3999 5257 pro-

728 5284 821 5350 qui
866 5285 1130 5337 constituit
1158 5285 1344 5337 coelum
1371 5285 1823 5353 quasicameram,
1856 5288 1943 5357 qui
1964 5290 2189 5341 continet
2219 5307 2304 5342 ro-
2416 5289 2555 5342 didit
2584 5288 2652 5348 “,
2682 5294 2738 5339 et
2781 5284 2976 5337 suadet
3007 5291 3194 5351 aperta
3238 5281 3397 5335 ratio.
3435 5281 3569 5335 Nam
3605 5296 3705 5335 cur
3748 5279 3996 5350 alioquin

803 5396 816 5444 i
854 5396 955 5449 lsa.
1003 5413 1088 5459 χι,
1125 5396 1207 5450 12.
1285 5397 1308 5435 ιε
1336 5396 1469 5449 ibid.
1500 5396 1587 5450 22.

2071 5494 2198 5550 SCH
2210 5494 2387 5550 ULle
2432 5492 2661 5551 NOTAE.

798 5580 839 5611 “
872 5580 1100 5656 Litteris.
1136 5580 1245 5656 llas
1274 5582 1418 5647 vide,
1447 5592 1485 5636 t.
1518 5584 1607 5656 13:,
1641 5600 1694 5654 p.
1729 5584 1869 5656 _l337
1899 5600 2015 5655 seq.
2092 5586 2137 5617 ⁸⁷
2165 5587 2460 5656 Manifesta!

2334 5588 2481 5649 'estte,
2516 5596 2620 5640 etc.
2649 5582 3306 5656 'Ea‘mdem__sent_eutiam
3366 5592 3553 5637 tuetur
3581 5581 3900 5656 Canter-ius
3939 5580 3996 5656 in

735 5650 856 5703 Not.
889 5652 954 5704 ad
992 5652 1314 5721 Epistolam,
1354 5669 1517 5722 quam
1554 5650 1938 5708 Theodoretus
1964 5650 2028 5709 ad
2064 5657 2264 5710 Rufum
2297 5650 2399 5711 scri
2444 5659 2585 5711 sisse
2649 5654 2869 5708 dicitur.
2922 5651 3219 5707 Theodosii
3275 5651 3492 5707 Sacram
3543 5652 3667 5706 vide
3722 5652 3887 5714 infra,
3940 5652 3996 5706 in

735 5720 861 5775 diss.
896 5722 949 5775 5.
998 5730 1122 5775 post
1159 5724 1321 5775 epist.
1384 5724 1473 5775 Ἡ.
1551 5724 1597 5755 ⁸⁸
1623 5724 1934 5775 Suuremum
1963 5743 2364 5775 —sermonem.
2402 5674 2534 5775 itide
2559 5740 2743 5775 supra.
2776 5738 2898 5775 nan.
2926 5722 3025 5775 106
3054 5738 3201 5775 seua.
3258 5722 3303 5753 δί’
3332 5722 3563 5775 Joannes
3586 5754 3653 5761 -—
3676 5739 3995 5775 sermonem.

730 5721 861 5796 diss.
896 5722 949 5781 5,
998 5730 1122 5790 post
1159 5724 1321 5796 epist.
1374 5721 1473 5777 ’24.
1493 5794 1527 5796 Α
1551 5724 1597 5755 ⁸⁸
1623 5724 1934 5793 Supremum
1963 5743 2364 5781 —sermonem.
2402 5721 2534 5796 Vide
2559 5740 2743 5796 supra,
2776 5738 2898 5794 pag.
2926 5722 3201 5796 Νξςί-ειρψι⁵
3224 5794 3234 5796 _
3250 5722 3313 5796 ξξ
3329 5722 3572 5796 Joannes
3586 5739 3995 5796 «sermonem.

732 5789 1158 5931 sr;p;a,p.
1196 5789 1329 5847 ἸΙΟ.
1410 5794 1556 5847 “Ne
1617 5789 1751 5863 quis,
1790 5804 1891 5848 etc.
1954 5796 2073 5849 Vid.
2145 5798 2303 5867 epist.
2372 5798 2437 5851 ad
2505 5789 2912 5858 Himeriumft.
2971 5792 3058 5854 IV,
3111 5789 3371 5862 1538.
3463 5796 3504 5825 ⁸³
3539 5793 3796 5847 Prodidit.
3869 5792 3995 5847 Vid.
