4208 6440
207 396 294 457 117
1377 392 1743 456 HISTORIA
1780 392 2136 454 THEODOR
2148 398 2285 455 E'l'l.

3362 392 3460 457 118

203 516 379 570 postea
416 502 749 556 sententiam
799 503 999 558 mutari
1038 512 1149 558 tam
1176 520 1319 576 aegre
1355 505 1590 567 tulisset,
1614 518 1778 572 quam
1810 509 1851 565 Α
1883 504 2228 559 Antiochiam
2249 507 2294 537 "
2322 507 2551 561 accessit
2576 505 2884 561 Aristolaus
2925 505 3181 559 tribunus
3203 501 3456 556 deferens

204 599 390 648 littera:
410 594 481 648 ad
502 592 780 661 Andream
810 592 1230 650 Samosatenum
1248 598 1293 628 "
1318 595 1547 650 dicunt?
1569 593 1780 660 Quanta

203 705 328 741 vero
363 686 481 740 haec
509 685 679 739 animi
711 686 1017 756 aegritudo?
1055 707 1072 739 ι
1097 688 1419 744 Nullatenus
1438 689 1780 757 acquiescam

200 779 249 829 in
271 779 687 833 damnationem
740 779 945 833 domini
997 781 1102 834 mei
1133 768 1462 834 sanctissimi
1514 788 1568 832 et
1614 793 1781 831 vene—

200 868 353 920 randi
382 869 625 923 Nestorii
678 869 961 938 episcopi,
1000 869 1244 938 przebere
1290 884 1641 929 consensum,
1684 880 1783 919 nec

198 962 405 1013 violare
458 978 807 1015 communem
849 962 1290 1031 promissionem,
1340 978 1461 1030 qua:
1498 962 1552 1014 itt
1589 959 1782 1020 Tarso,

194 1063 241 1104 ct
266 1051 647 1115 Chalcedone,
684 1070 748 1107 ac
791 1053 990 1122 Ephesi
1043 1054 1183 1108 facta
1203 1064 1320 1117 est;
1379 1053 1602 1106 memini
1636 1052 1781 1105 enim

198 1158 391 1195 eorum
428 1158 552 1211 quae
585 1160 763 1212 nuper
788 1144 933 1212 apud
962 1144 1333 1205 Antiochiam,
1364 1152 1486 1212 post
1535 1150 1782 1196 nostrum

198 1248 537 1301 regressum,
561 1248 590 1287 a
620 1234 782 1289 nobis
802 1250 945 1305 sarpe
971 1235 1297 1304 deprompta
1330 1246 1483 1297 sunt,
1529 1254 1544 1285 ι
1584 1244 1690 1287 etc.

269 1319 389 1374 XII.
424 1322 615 1391 Neque
646 1333 828 1377 tamen
853 1332 1227 1379 eocontentus
1258 1324 1382 1387 fuit,
1411 1324 1506 1378 sed
1535 1325 1785 1394 prorupit

201 1414 523 1481 hucusque
571 1415 925 1482 impotentiae,
968 1423 1048 1478 ut,
1094 1417 1239 1484 quod
1296 1417 1462 1470 tradit
1491 1417 1535 1447 ³³
1585 1417 1786 1469 Marius

202 1502 495 1568 Mercator,
538 1524 555 1553 ι
590 1505 1030 1573 quinquelibros
1054 1505 1318 1559 adversus
1353 1506 1575 1561 beatum
1609 1504 1784 1574 Cyril-

202 1595 316 1647 lum
350 1594 745 1649 Alexandrina!
787 1596 1026 1651 civitatis
1057 1596 1384 1659 antistitem,
1425 1604 1785 1665 sanctumque

200 1684 505 1738 concilium
540 1685 880 1753 Ephesinum
939 1704 968 1740 ιι
1018 1703 1127 1756 quo
1168 1688 1452 1741 Nestorius
1498 1687 1787 1742 damnatus

204 1785 311 1837 est,
334 1776 560 1830 diabolo
587 1777 879 1847 instigante
913 1780 1307 1833 conscriberet.
1342 1798 1361 1829 ι
1386 1780 1562 1848 Atque
1594 1780 1628 1832 ii
1660 1788 1785 1832 sunt

206 1866 358 1930 libri,
394 1868 600 1937 quibus
637 1868 829 1937 quinta
867 1870 1129 1941 synodus,
1156 1880 1211 1923 ct
1241 1879 1462 1923 sanctus
1488 1870 1784 1939 Gregorius

202 1957 434 2028 Magnus
480 1960 641 2013 fidem
700 1961 1063 2021 catholicam,
1127 1962 1473 2030 Nic-ephorus
1531 1962 1786 2016 Callistus

203 2052 428 2105 tertiam
464 2052 733 2121 synodum
789 2053 1161 2123 impngnatam
1194 2055 1377 2108 tradit.
1420 2054 1646 2109 Miretur
1686 2071 1785 2108 au-

205 2153 315 2197 tem
362 2159 531 2196 nemo
581 2143 899 2200 Mercatoris
927 2146 1134 2199 dictum
1177 2145 1244 2198 de
1279 2146 1436 2199 libris
1494 2146 1787 2213 instigante

204 2235 432 2289 diabolo
473 2237 846 2307 conscriptis:
897 2238 1033 2291 nihil
1082 2238 1229 2291 enim
1280 2238 1411 2307 ipsis
1464 2238 1642 2306 potuit
1695 2248 1789 2292 aut

205 2328 609 2381 amarulentius
638 2329 807 2382 scribi
839 2336 931 2382 aut
976 2329 1374 2384 calumniosins
1394 2328 1503 2383 dici
1527 2328 1791 2383 adversus

206 2418 394 2474 Patres
422 2420 1022 2489 Ephesinos.cTantntn
1050 2420 1223 2475 valuit
1258 2420 1481 2483 invidia,
1517 2420 1693 2489 inquit
1718 2419 1783 2483 ⁵³,

203 2512 291 2565 cui
317 2528 420 2566 vos
436 2513 811 2581 mancipastis,
835 2522 893 2566 ut
909 2530 1031 2583 quae
1047 2513 1175 2567 olim
1202 2528 1299 2583 per
1324 2528 1494 2566 unum
1516 2511 1785 2573 autduos,

204 2613 261 2657 et
289 2603 392 2657 hos
423 2604 681 2662 latentes.
718 2604 1053 2674 Apollinaris
1086 2604 1434 2674 loquebatur,
1484 2604 1600 2659 hac
1645 2619 1790 2659 nunc

206 2710 302 2763 per
322 2696 531 2750 multos
558 2696 817 2750 Ecclesiae
841 2698 1102 2765 praesules
1132 2698 1648 2768 congregationibus
1682 2697 1789 2751 Ec-

206 2785 498 2839 elesiarum
536 2789 709 2841 sacris
748 2788 1028 2848 exhibeat,
1071 2796 1129 2841 et
1162 2789 1297 2843 tales
1330 2789 1514 2843 herbte
1559 2804 1657 2857 per
1693 2804 1791 2858 pa-

204 2886 383 2931 stores
434 2879 694 2949 gregibus
736 2880 1066 2943 offerantur,
1125 2883 1489 2950 luporumque
1554 2898 1787 2942 morsus,

206 2977 487 3024 rectorum
515 2971 841 3033 ministerio,
899 2972 1261 3027 rationalibus
1306 2972 1503 3026 ovibus
1539 2972 1790 3042 inlligan-

206 3072 319 3128 tur;
354 3065 454 3134 qui
488 3066 544 3119 in
567 3065 785 3120 duabus
814 3074 907 3120 aut
932 3068 1109 3122 tribus
1137 3067 1455 3121 civitatibus
1485 3076 1636 3121 extra
1670 3082 1790 3119 mu-

1885 595 2180 650 Theodosii
2198 597 2264 650 ad
2289 598 2550 651 Joannem
2582 600 2788 669 pariter
2809 612 2871 651 ac
2892 597 2959 667 Cy
2973 597 3154 650 rillum
3181 594 3456 656 mandata,

1886 695 1945 737 ut
1975 687 2054 738 vel
2094 696 2290 754 sponte
2316 690 2695 752 convenirent,
2720 703 3020 758 pacemque
3041 687 3303 742 Ecclesiis
3333 684 3458 738 red—

1885 776 2113 839 derent;
2153 780 2233 832 vel
2269 778 2643 833 Nicomediam
2675 780 2948 841 venirent,
2986 791 3093 831 non
3131 778 3281 847 prius
3330 776 3459 829 inde

1888 871 2179 932 recessuri,
2211 887 2373 939 quam
2408 871 2759 927 concordiam
2798 871 3068 924 iniissent.

1955 960 2019 1013 ll.
2057 961 2316 1015 Habuit"
2332 978 2496 1032 super
2517 980 2579 1017 ea
2609 978 2664 1016 re
2684 962 2921 1018 Joannes
2940 961 3230 1017 concilium
3259 961 3461 1015 Beroeaa

1885 1050 2029 1117 apud
2085 1050 2366 1115 Acacium,
2391 1054 2475 1106 cui
2509 1069 2617 1106 non
2655 1052 2905 1107 interluit
2946 1052 3349 1113 Theodoretus,
3372 1066 3455 1104 sa-

1890 1140 1958 1192 tis
2009 1142 2350 1210 prospiciens
2381 1159 2543 1211 quem
2594 1159 2684 1198 res
2728 1144 2935 1197 exitum
2992 1151 3132 1195 esset
3182 1142 3459 1195 habitura.

1888 1233 2121 1287 Noverat
2150 1235 2298 1287 enim
2350 1234 2609 1297 indolem,
2639 1244 2752 1288 tum
2781 1234 3028 1293 Joannis,
3058 1232 3459 1291 moderatioris,

1886 1338 2049 1391 quam
2076 1332 2318 1391 Optaret;
2357 1334 2471 1378 tum
2498 1325 2701 1386 Acacii,
2731 1323 2939 1377 servire
2980 1324 3209 1391 tempori
3241 1322 3459 1391 jamdu-

1888 1415 2018 1468 dum
2068 1416 2227 1484 pcriti
2258 1434 2269 1468 :
2323 1424 2551 1470 noverat
2584 1416 2749 1469 etiam
2785 1416 3072 1482 utriusque
3100 1413 3458 1471 voluntatem.

1887 1522 1993 1575 qua
2020 1508 2573 1562 mallentconscntirc
2605 1508 2837 1561 Nestorii
2863 1506 3211 1574 depositioni,
3240 1505 3465 1559 damna-

1890 1600 2023 1652 tioni
2076 1599 2415 1669 dogmatum,
2467 1599 2777 1653 Maximiani
2834 1597 3188 1658 ordiaationi,
3250 1598 3359 1649 imo
3407 1604 3463 1648 et

1887 1688 2073 1759 Cyrilli
2107 1690 2434 1757 reccptioui,
2479 1704 2642 1758 quam
2680 1689 2764 1741 vel
2797 1688 2990 1742 leviter
3013 1686 3080 1740 de
3114 1686 3283 1755 gratia
3309 1686 3462 1753 prin-

1818 1802 1861 1857 Β
1889 1781 2025 1849 cipis
2061 1779 2384 1849 periclitari.

1960 1873 2048 1925 Ill.
2080 1873 2319 1925 Dederat
2348 1872 2647 1939 imperator
2668 1870 2817 1938 pacis
2836 1868 3004 1936 leges,
3038 1866 3262 1936 C}'l‘lli0,
3286 1874 3345 1918 ut
3365 1880 3463 1935 par

1886 1973 2025 2025 erat,
2087 1961 2437 2027 honoriﬁeas,
2497 1961 2692 2016 Joanni
2751 1959 2937 2012 duras.
3000 1958 3264 2011 Joannem
3312 1958 3458 2010 enim

1885 2055 2110 2125 jubebat
2148 2054 2383 2107 Nestorii
2433 2053 2626 2122 dogma
2655 2051 2938 2110 damnare,
2971 2051 3197 2119 ejusque
3240 2049 3458 2118 deposi-

1890 2149 2092 2201 tionem
2142 2147 2347 2215 scripto
2390 2145 2656 2214 probare;
2691 2143 2954 2213 Cyrillum
2996 2143 3235 2209 privatas
3283 2140 3459 2195 offen-

1889 2239 2072 2294 siones
2100 2238 2397 2306 deponere,
2428 2244 2482 2289 et
2510 2251 2631 2304 quae
2674 2250 2867 2304 passus
2890 2242 3035 2286 esset
3081 2232 3303 2301 Ephesi,
3336 2232 3462 2286 cha-

1890 2331 2068 2385 ritatis
2101 2345 2268 2382 causa
2293 2328 2566 2381 oblivisci.

1961 2423 2047 2476 Ν.
2082 2422 2292 2474 Placuit
2322 2418 2685 2474 Orientalium
2714 2418 2949 2472 concilio
2971 2418 3220 2486 accipere
3252 2416 3464 2471 oblatas

1889 2512 2256 2575 conditiones,
2303 2528 2371 2565 ne
2405 2528 2510 2581 qua
2552 2512 2760 2564 ratione
2794 2511 3169 2564 olienderetur
3200 2508 3464 2579 principis

1890 2606 2141 2669 animus;
2180 2605 2273 2658 sed
2316 2619 2383 2657 ne
2434 2619 2596 2657 causa
2645 2601 2911 2657 cecidisse
2940 2601 3094 2671 165
3118 2601 3461 2661 viderentur.

1892 2697 2213 2752 tentandum
2242 2696 2438 2750 callide
2489 2694 2774 2765 Cyrillutu,
2834 2695 2878 2747 si
2910 2709 3015 2763 qua
3049 2693 3238 2746 fraude
3284 2701 3466 2762 posset

1892 2792 1959 2845 ad
1989 2790 2039 2843 id
2079 2788 2347 2858 agendum
2379 2786 2601 2849 adduci,
2629 2802 2737 2855 quo
2773 2785 3112 2846 crederetur,
3142 2782 3464 2853 paenitentia

1892 2882 2090 2937 ductus
2125 2890 2363 2935 mutasse
2385 2880 2733 2939 sententiam,
2786 2877 3203 2944 retractatisque
3227 2875 3343 2928 sive
3370 2889 3463 2928 ca-

1892 2974 2102 3044 pitulis,
2135 2974 2249 3027 sive
2300 2972 2543 3039 scriptis,
2578 2971 2633 3023 in
2660 2977 2845 3039 partes
2871 2968 3231 3023 Orientalium
3282 2975 3464 3021 trans-

1895 3066 2046 3121 iisse.
2096 3065 2293 3118 Missus
2337 3072 2422 3117 est
2469 3062 2636 3132 igitur
2689 3076 2755 3115 ex
2809 3059 3046 3115 concilio
3079 3058 3464 3112 Alexandriam

206 3172 395 3209 rerum
432 3164 835 3225 septa,paucos
854 3158 1256 3227 alloquebatur,
1282 3172 1420 3227 quos
1436 3157 1600 3211 etiam
1627 3158 1791 3211 variis
1818 3136 1860 3193 θ
1899 3157 2099 3211 Paulus
2148 3155 2469 3216 Emeseuus,
2505 3152 2598 3221 qui
2640 3151 2806 3205 variis
2858 3150 3071 3203 artibus
3112 3156 3343 3202 conatus
3382 3159 3467 3202 est

207 3247 437 3301 canticis
470 3246 792 3310 sedili-ebant,
829 3264 977 3302 nunc
1004 3248 1106 3303 iste
1128 3264 1225 3317 per
1257 3264 1354 3303 vos
1382 3248 1435 3301 in
1467 3247 1662 3302 mediis
1699 3250 1797 3301 tri-

209 3333 406 3401 pudiat
436 3333 697 3387 urbibus:
716 3336 837 3400 ejus
856 3335 1003 3389 enim
1034 3336 1191 3405 164
1217 3336 1531 3403 pnedicatis
1551 3352 1791 3399 errores,

207 3431 261 3475 et
292 3438 496 3477 vocum
528 3424 867 3478 novitatibus
915 3426 1276 3490 dccoramini,
1311 3437 1630 3497 reparantes
1678 3429 1797 3497 ejus

208 3513 633 3584 blasphemiam,
681 3533 803 3585 quze
835 3518 945 3586 jam
968 3517 1145 3572 fuerat
1173 3527 1498 3589 consumpta
1529 3521 1792 3589 tempori-

210 3604 360 3657 bus.»
412 3605 549 3671 Quis
581 3606 769 3659 credat
826 3608 895 3661 ab
946 3608 1166 3661 homine
1222 3624 1332 3662 non
1375 3618 1570 3664 emotae
1594 3612 1793 3664 mentis

208 3694 322 3748 haec
343 3695 600 3750 ell‘utita?
632 3698 783 3751 Fecit
817 3699 863 3728 ⁵³
893 3707 1043 3752 tanta
1068 3707 1287 3768 tamque
1311 3700 1481 3754 effera
1521 3701 1790 3755 librorum

210 3787 458 3848 licentia.
492 3798 553 3842 ut
588 3799 642 3844 et
670 3790 983 3845 vindicibus
1026 3792 1261 3845 flammis
1300 3792 1791 3863 Theodosiijussu,

212 3880 355 3947 quod
379 3893 574 3950 postea
630 3885 967 3948 narrabitur,
1000 3886 1275 3956 absumpti
1306 3886 1435 3947 sint,
1468 3896 1523 3939 et
1548 3904 1577 3941 a
1599 3889 1790 3957 quinta

161 3990 165 3994 ·
214 3972 423 4041 synodo
458 3984 721 4028 :eternam
752 3976 1025 4031 maculam
1053 3979 1295 4032 auctoris
1324 3978 1408 4033 sui
1435 3979 1640 4032 nomini
1667 3981 1791 4049 jure

215 4063 528 4119 intulerint.

824 4178 1050 4235 CAPUT
1082 4181 1166 4234 Vl.

280 4273 443 4344 Juliet
473 4273 763 4344 imperator
793 4274 919 4326 iniri
948 4291 1129 4343 pacem
1164 4276 1303 4327 inter
1330 4273 1597 4344 Joannem
1614 4283 1661 4327 et
1692 4274 1790 4344 Cy-

279 4342 488 4415 rillum.
543 4343 605 4396 11.
637 4343 869 4415 Joannes
909 4342 1044 4415 cogit
1114 4343 1603 4415 synodumiﬂefaew
1649 4342 1791 4415 apud

278 4414 556 4482 Acacium,
589 4429 741 4482 aqua
773 4412 1118 4467 Theodoram:
1142 4412 1303 4466 obest.
1331 4414 1418 4467 lll.
1453 4412 1789 4472 Conditiones

278 4481 558 4553 pocisJV.
580 4480 754 4551 Agunt
784 4482 903 4535 dolo
932 4482 1312 4537 0rientales.V.
1341 4483 1568 4537 Litteras
1598 4482 1784 4553 Cyrilli
1828 4480 1867 4533 [ἱ

280 4550 639 4622 Theodoretus
675 4554 831 4610 videt,
864 4562 913 4607 et
953 4552 1182 4622 maligno
1212 4554 1592 4622 interpretatur
1618 4550 1784 4607 {hinc

279 4622 426 4687 faeta
456 4620 657 4689 Cyrillo
685 4622 899 4675 invidia.
922 4622 1006 4675 Vl.
1042 4621 1228 4676 Scribit
1251 4624 1319 4675 ad
1349 4620 1520 4675 varios
1553 4623 1783 4676 Theodo-

278 4700 447 4742 retus.
484 4693 593 4745 V’ll.
643 4690 916 4745 Sancitum
953 4709 1134 4760 pacem
1168 4694 1449 4760 improbat.
1508 4693 1643 4746 Vlll.
1678 4694 1783 4745 Nc-

278 4709 447 4742 retus.
491 4709 593 4745 vu.
643 4709 916 4745 arumnam
989 4710 1134 4745 acem
1168 4709 1449 4760 unprooat.
1515 4709 1782 4746 "11.no-

277 4763 449 4833 storio
482 4762 575 4813 dat
621 4709 993 4833 interualli).
1061 4762 1126 4814 Et
1191 4764 1442 4833 episcopis
1474 4762 1782 4833 Phoenicim,

282 4831 425 4901 quod
445 4833 683 4901 queritur
727 4830 959 4901 Cyrillus
988 4833 1147 4883 tacito
1184 4830 1412 4885 nomine.
1472 4832 1539 4885 Χ.
1583 4835 1787 4899 Accipit

278 4900 492 4952 litteras
522 4919 553 4952 α
578 4899 798 4971 Οῃήιιό,
842 4903 1027 4971 quibus
1063 4912 1241 4969 postea
1284 4903 1494 4956 abusus.
1533 4903 1622 4956 XI.
1679 4903 1784 4955 Fu-

279 4972 472 5024 ctionis
492 4970 631 5034 dux,
665 4973 747 5024 cui
779 4970 967 5024 nomen
1005 4970 1411 5041 Accphulorum.

661 5085 731 5132 Ab
756 5098 884 5133 anno
908 5083 1085 5133 Christi
1114 5085 1204 5131 452
1237 5085 1295 5132 ad
1320 5086 1429 5133 451.

285 5171 325 5223 1.
358 5171 459 5223 't'ix
520 5184 696 5223 anuus
725 5169 1009 5223 cllluxcrat
1039 5186 1067 5222 a
1095 5170 1310 5223 concilii
1343 5170 1638 5229 solutione.
1672 5189 1796 5226 cum

1893 3249 2109 3307 ellicere
2147 3257 2226 3309 ut,
2260 3246 2407 3316 quod
2444 3245 2682 3300 habebat
2713 3246 2767 3299 in
2806 3244 3095 3306 mandatis,
3130 3252 3249 3299 aeta
3284 3242 3465 3317 Ephe-

1893 3342 2014 3395 sina
2042 3339 2526 3403 rescinderentur;
2557 3337 3035 3406 supprimerentur
3059 3335 3238 3397 omnia
3279 3334 3464 3403 Cyrilli

1894 3432 2135 3502 scripta;
2169 3434 2184 3451 ‘
2220 3432 2333 3486 sola
2370 3430 2502 3484 fides
2552 3430 2768 3483 Nic-aena
2813 3428 3300 3487 subscriberetur;
3352 3427 3469 3501 epi-

1893 3524 2046 3595 scopi
2062 3532 2300 3593 quatuor
2320 3537 2495 3591 nuper
2516 3536 2544 3574 a
2563 3520 2880 3573 Maximiano
2906 3520 3112 3589 synodo
3133 3519 3465 3576 exauctorati

1894 3617 2053 3671 sedes
2119 3617 2465 3691 reciperent;
2521 3613 2671 3668 solus
2729 3613 2948 3667 noniine
3010 3612 3178 3667 totius
3224 3611 3468 3670 Orientis

1896 3709 2095 3762 Paulus
2121 3723 2306 3777 pacem
2340 3709 2547 3776 scripto
2592 3706 2855 3768 firmaret;
2891 3714 2947 3759 et
2989 3705 3187 3759 litterte
3209 3704 3458 3769 Joannis,

1894 3816 2016 3870 quae
2066 3799 2523 3853 condonatiouem
2594 3799 2764 3866 magis
2822 3813 2985 3866 quam
3041 3796 3465 3850 satisfactionem

1894 3892 2180 3952 olferrent,
2239 3890 2642 3957 acciperentur.
2696 3888 2942 3942 Conatus
3000 3886 3149 3942 Pauli
3211 3897 3467 3955 artesque

1893 3996 2149 4036 successu
2177 3986 2473 4034 caruerunt
2505 3995 2517 4031 :
2547 3978 2631 4031 his
2680 3986 2861 4030 tamen
2908 3987 2964 4035 et
3014 3976 3134 4029 aliis
3188 3974 3467 4045 fatigatus,

1892 4073 2129 4144 Cyrillus
2152 4071 2550 4140 expositionem
2574 4069 2695 4122 fidei
2741 4068 2932 4131 edidit,
2970 4067 3246 4135 misitque,
3283 4066 3466 4120 forsan

1894 4163 2192 4224 incautius,
2248 4159 2595 4214 Antiochiam
2649 4173 2747 4227 per
2796 4172 2925 4211 suos
2983 4156 3252 4209 clericos:
3304 4168 3466 4222 quam

1893 4255 2042 4310 enim
2067 4253 2325 4309 credebat
2354 4268 2409 4305 se
2433 4252 2587 4319 quasi
2622 4250 2856 4318 quodam
2900 4250 3145 4303 victoriae
3186 4249 3311 4317 jure
3335 4263 3470 4316 prm-

1894 4347 2139 4404 scribere
2171 4346 2293 4400 aliis
2326 4344 2446 4399 fidei
2477 4344 2726 4405 formam,
2748 4341 2849 4409 ipsi
2874 4340 3022 4395 velut
3042 4338 3468 4393 satisfactionem

1896 4445 2245 4507 acceperunt,
2297 4449 2459 4503 quam
2491 4432 2584 4501 qui
2621 4432 2832 4501 primus
2870 4431 3049 4493 oll'ert,
3103 4443 3257 4486 reum
3301 4443 3360 4481 se
3412 4435 3473 4482 et

1897 4528 2205 4584 convictum
2240 4526 2458 4580 fatetur.
2516 4524 2685 4578 Porro
2731 4531 2912 4576 autem
2940 4562 2953 4583 ,
2992 4520 3084 4587 qui
3130 4517 3468 4573 exauctorati

1892 4630 2123 4692 quatuor
2171 4616 2411 4686 episcopi
2436 4615 2714 4675 dicuntur,
2742 4612 2962 4666 fuerunt
2997 4609 3293 4665 Eutherius
3328 4608 3468 4678 Tya-

1892 4711 2115 4771 nensis,
2178 4706 2458 4761 llelladius
2527 4703 2831 4761 Tarsensis,
2884 4700 3157 4754 llimerius
3213 4700 3465 4754 Nicome-

1892 4803 2121 4863 diensis,
2180 4808 2236 4854 et
2282 4797 2593 4853 Dorolheus
2642 4792 3219 4861 Marcianopolitanus,
3280 4805 3471 4844 ontnes

1895 4892 2257 4962 metropolitze
2282 4886 2906 4955 Constantinopolitanae
2941 4883 3056 4937 sedi
3086 4882 3339 4936 obnoxii?
3372 4881 3467 4949 qui

1902 5003 2029 5041 cum
2072 5000 2181 5054 pra:
2219 4982 2454 5036 Nestorii
2492 4994 2676 5033 amore
2715 4977 2767 5030 in
2804 4975 3114 5029 Maximiani
3166 4973 3469 5029 ordinatio-

1904 5095 2027 5133 nem
2062 5076 2373 5130 consentirc
2425 5072 2780 5142 pertinaciter
2833 5077 3152 5130 tenuerent,
3193 5082 3221 5118 a
3265 5063 3473 5134 synodo

1905 5170 2213 5225 Maximiani
2243 5165 2573 5220 ordinatrice
2599 5162 2793 5233 dejecti
2832 5170 2974 5213 sunt.

1565 5308 1691 5364 SCH
1704 5309 1880 5363 ULle
1920 5308 2140 5362 Ntl'DE.

286 5396 333 5427 ³²
362 5395 443 5447 Ad
502 5395 665 5447 Amlr.
705 5393 968 5447 Samosat.
1014 5395 1106 5448 Vel

1148 5395 1351 5467 potius,
1411 5397 1475 5467 ad
1536 5399 1901 5453 Alexandrum
1961 5399 2446 5467 Hierapolitanum.
2497 5398 2611 5449 \‘id.
2657 5406 2691 5448 t.
2756 5395 2842 5457 IV,
2877 5410 2945 5467 rp.
3008 5392 3165 5467 ιπυο.

226 5466 403 5539 trudit,
435 5474 543 5539 etc.
576 5463 813 5539 Opcrum
850 5473 888 5517 t.
928 5463 993 5526 ll,
1024 5480 1077 5532 ιι.
1253 5465 1383 5539 (ειΙίῙηΣ
1408 5466 1678 5539 Garnorii.
1707 5471 1828 5524 Vid.
1872 5486 2053 5539 supra.
2084 5463 2137 5537 ιιξ
2175 5470 2286 5521 Ilii.

228 5536 422 5608 Marius
471 5534 827 5608 Mercator_(l.
870 5550 942 5593 c.,
997 5550 1049 5602 ι).
1088 5534 1257 5608 270i:
1285 5554 1320 5608 ι
1344 5536 1442 5608 Ex»
1478 5537 1616 5589 libro
1644 5541 1838 5608 quinto
1868 5534 2197 5594 Theodoreti
2234 5554 2333 5606 pro
2361 5537 2717 5608 Theodoro.)

3244 5390 3289 5421 ’⁵³
3324 5388 3475 5452 Quod

2366 5469 2409 5499 δ”
2446 5467 2690 5529 Tantum,
2735 5475 2838 5518 etc.
2874 5460 3114 5516 'l‘itulum
3169 5460 3252 5513 his
3325 5460 3475 5514 dedit

2797 5536 2841 5567 aa
2876 5533 3032 5593 ις’ρεϋ,
3087 5540 3191 5583 ctt‘.
3226 5529 3365 5582 Alibi
3397 5531 3474 5595 (in

226 5605 351 5679 diss.
374 5605 428 5661 2,
460 5606 693 5679 cap._6_),
729 5598 795 5657 de
827 5598 1061 5679 quatuor
1090 5598 1257 5679 libris
1284 5606 1547 5679 Erauista:
1596 5624 1639 5661 s.
1663 5598 2039 5679 'Polymorphi
2088 5610 2200 5663 haec,
2237 5598 2431 5679 narrat
2473 5604 2951 5679 Garrm'iu_s,_solis
2982 5601 3186 5679 (inquit
3203 5598 3471 5679 Oudinus.

231 5690 261 5729 ι.
302 5674 417 5749 Ihp.
459 5674 619 5749 Ulli)
646 5673 907 5749 ferventis
940 5674 1141 5749 sure/in
1182 5674 1587 5749 Theudor-ctum
1616 5673 2018 5749 imaginationiis
2042 5678 2379 5749 conjeeturis
2416 5678 2630 5731 ductus.

2709 5677 2753 5707 ⁸⁸
2780 5675 2933 5733 (Iunt,
2968 5669 3091 5725 (καί
3131 5669 3248 5723 Vid.
3311 5670 3471 5737 epist.

227 5751 238 5788 ι
265 5740 507 5824 yrillt‘ad
555 5744 841 5824 Acacium,
861 5761 913 5814 p.
946 5760 1024 5806 ιιι,
1051 5742 1216 5821 Cone.
1253 5743 1476 5824 Epiros”
1504 5762 1602 5813 cap
1652 5740 1751 5800 333'

1889 5750 2002 5803 Vid.
2034 5740 2279 5802 Gariierii
2333 5747 2463 5802 diss.
2505 5749 2570 5801 de
2629 5745 2850 5818 synodis
2906 5745 2959 5795 in
2998 5756 3158 5794 causa
3217 5740 3472 5800 Nestorii,

231 5831 277 5880 ιι.
332 5829 365 5867 ιι
409 5816 547 5883 Opp.
598 5814 747 5867 Marii
796 5812 1131 5867 Merc-storis.
1178 5828 1230 5880 p.
1279 5812 1379 5866 559
1418 5831 1532 5883 seq.
