  <div class='ocr_page' id='page_1' title='image "/cluster/home/n/w/nwhite01/storage/ocr_20150623/84/nnc1.0114605970/069.png"; bbox 0 0 4208 6440; ppageno 0'>
   <div class='ocr_carea' id='block_1_1' title="bbox 734 425 835 490">
    <p class='ocr_par' dir='ltr' id='par_1_1' title="bbox 734 425 835 490">
     <span class='ocr_line' id='line_1_1' title="bbox 734 425 835 490; baseline -0.01 0"><span class='ocrx_word' id='word_1_1' title='bbox 734 425 835 490; x_wconf 70' lang='grc'><strong>119</strong></span> 
     </span>
    </p>
   </div>
   <div class='ocr_carea' id='block_1_2' title="bbox 1853 414 2852 481">
    <p class='ocr_par' dir='ltr' id='par_1_2' title="bbox 1853 414 2852 481">
     <span class='ocr_line' id='line_1_2' title="bbox 1853 414 2852 481; baseline -0.009 0"><span class='ocrx_word' id='word_1_2' title='bbox 1853 418 2229 481; x_wconf 81' lang='lat' dir='ltr'><strong>GARNERII</strong></span> <span class='ocrx_word' id='word_1_3' title='bbox 2269 414 2764 480; x_wconf 80' lang='lat' dir='ltr'><strong>DISSERTATIO</strong></span> <span class='ocrx_word' id='word_1_4' title='bbox 2801 414 2852 472; x_wconf 93' lang='grc' dir='ltr'><strong>Ι.</strong></span> 
     </span>
    </p>
   </div>
   <div class='ocr_carea' id='block_1_3' title="bbox 3880 401 3982 466">
    <p class='ocr_par' dir='ltr' id='par_1_3' title="bbox 3880 401 3982 466">
     <span class='ocr_line' id='line_1_3' title="bbox 3880 401 3982 466; baseline -0.039 0"><span class='ocrx_word' id='word_1_5' title='bbox 3880 401 3982 466; x_wconf 70' lang='lat'><strong>120</strong></span> 
     </span>
    </p>
   </div>
   <div class='ocr_carea' id='block_1_4' title="bbox 802 509 3980 607">
    <p class='ocr_par' dir='ltr' id='par_1_4' title="bbox 802 509 3980 607">
     <span class='ocr_line' id='line_1_4' title="bbox 802 509 3980 607; baseline -0.009 -11"><span class='ocrx_word' id='word_1_6' title='bbox 802 541 915 596; x_wconf 86' lang='lat' dir='ltr'><strong>Hoc</strong></span> <span class='ocrx_word' id='word_1_7' title='bbox 975 539 1031 592; x_wconf 91' lang='lat' dir='ltr'><strong>in</strong></span> <span class='ocrx_word' id='word_1_8' title='bbox 1060 536 1290 607; x_wconf 85' lang='lat' dir='ltr'><strong>judicio,</strong></span> <span class='ocrx_word' id='word_1_9' title='bbox 1339 536 1620 606; x_wconf 89' lang='lat' dir='ltr'><strong>quodnon</strong></span> <span class='ocrx_word' id='word_1_10' title='bbox 1658 546 1768 592; x_wconf 89' lang='lat' dir='ltr'><strong>tam</strong></span> <span class='ocrx_word' id='word_1_11' title='bbox 1825 536 2111 590; x_wconf 84' lang='lat' dir='ltr'><strong>hominum</strong></span> <span class='ocrx_word' id='word_1_12' title='bbox 2143 548 2305 604; x_wconf 91' lang='lat' dir='ltr'><strong>quam</strong></span> <span class='ocrx_word' id='word_1_13' title='bbox 2337 541 2380 593; x_wconf 76' lang='grc' dir='ltr'>Α</span> <span class='ocrx_word' id='word_1_14' title='bbox 2476 530 2715 601; x_wconf 81' lang='lat' dir='ltr'><strong>Epistola</strong></span> <span class='ocrx_word' id='word_1_15' title='bbox 2769 539 2934 598; x_wconf 91' lang='lat' dir='ltr'><strong>porro</strong></span> <span class='ocrx_word' id='word_1_16' title='bbox 2977 520 3044 576; x_wconf 87' lang='lat' dir='ltr'><strong>ad</strong></span> <span class='ocrx_word' id='word_1_17' title='bbox 3093 514 3396 574; x_wconf 82' lang='lat' dir='ltr'><strong>Himerium</strong></span> <span class='ocrx_word' id='word_1_18' title='bbox 3440 529 3550 567; x_wconf 91' lang='lat' dir='ltr'><strong>non</strong></span> <span class='ocrx_word' id='word_1_19' title='bbox 3608 509 3773 565; x_wconf 89' lang='lat' dir='ltr'><strong>unius</strong></span> <span class='ocrx_word' id='word_1_20' title='bbox 3802 514 3980 568; x_wconf 84' lang='lat' dir='ltr'><strong>solum</strong></span> 
     </span>
    </p>
   </div>
   <div class='ocr_carea' id='block_1_5' title="bbox 731 624 2303 700">
    <p class='ocr_par' dir='ltr' id='par_1_5' title="bbox 731 624 2303 700">
     <span class='ocr_line' id='line_1_5' title="bbox 731 624 2303 700; baseline -0.01 -10"><span class='ocrx_word' id='word_1_21' title='bbox 731 636 824 690; x_wconf 88' lang='lat' dir='ltr'><strong>Dei</strong></span> <span class='ocrx_word' id='word_1_22' title='bbox 848 632 1021 688; x_wconf 90' lang='lat' dir='ltr'><strong>videri</strong></span> <span class='ocrx_word' id='word_1_23' title='bbox 1052 638 1249 700; x_wconf 87' lang='lat' dir='ltr'><strong>potest,</strong></span> <span class='ocrx_word' id='word_1_24' title='bbox 1275 629 1600 682; x_wconf 74' lang='lat' dir='ltr'><strong>admirabile</strong></span> <span class='ocrx_word' id='word_1_25' title='bbox 1628 627 1891 697; x_wconf 87' lang='lat' dir='ltr'><strong>quiddam</strong></span> <span class='ocrx_word' id='word_1_26' title='bbox 1919 626 2139 681; x_wconf 90' lang='lat' dir='ltr'><strong>accidit.</strong></span> <span class='ocrx_word' id='word_1_27' title='bbox 2166 624 2303 678; x_wconf 85' lang='lat' dir='ltr'><strong>Nam</strong></span> 
     </span>
    </p>
   </div>
   <div class='ocr_carea' id='block_1_6' title="bbox 732 716 2306 782">
    <p class='ocr_par' dir='ltr' id='par_1_6' title="bbox 732 716 2306 782">
     <span class='ocr_line' id='line_1_6' title="bbox 732 716 2306 782; baseline -0.007 -4"><span class='ocrx_word' id='word_1_28' title='bbox 732 735 792 778; x_wconf 93' lang='lat' dir='ltr'><strong>ut</strong></span> <span class='ocrx_word' id='word_1_29' title='bbox 824 724 892 776; x_wconf 92' lang='lat' dir='ltr'><strong>de</strong></span> <span class='ocrx_word' id='word_1_30' title='bbox 937 720 1181 776; x_wconf 78' lang='lat' dir='ltr'><strong>Himerio</strong></span> <span class='ocrx_word' id='word_1_31' title='bbox 1236 730 1466 782; x_wconf 84' lang='lat' dir='ltr'><strong>taceam,</strong></span> <span class='ocrx_word' id='word_1_32' title='bbox 1525 718 1860 772; x_wconf 86' lang='lat' dir='ltr'><strong>Theodoreti</strong></span> <span class='ocrx_word' id='word_1_33' title='bbox 1906 718 2104 778; x_wconf 87' lang='lat' dir='ltr'><strong>amico,</strong></span> <span class='ocrx_word' id='word_1_34' title='bbox 2147 716 2306 781; x_wconf 85' lang='lat' dir='ltr'><strong>cujus</strong></span> 
     </span>
    </p>
   </div>
   <div class='ocr_carea' id='block_1_7' title="bbox 727 805 2306 873">
    <p class='ocr_par' dir='ltr' id='par_1_7' title="bbox 727 805 2306 873">
     <span class='ocr_line' id='line_1_7' title="bbox 727 805 2306 873; baseline -0.006 -5"><span class='ocrx_word' id='word_1_35' title='bbox 727 822 814 869; x_wconf 90' lang='lat' dir='ltr'><strong>est</strong></span> <span class='ocrx_word' id='word_1_36' title='bbox 851 812 1141 867; x_wconf 86' lang='lat' dir='ltr'><strong>obscurior</strong></span> <span class='ocrx_word' id='word_1_37' title='bbox 1195 809 1480 873; x_wconf 85' lang='lat' dir='ltr'><strong>memoria,</strong></span> <span class='ocrx_word' id='word_1_38' title='bbox 1538 808 1845 863; x_wconf 88' lang='lat' dir='ltr'><strong>Dorotheus</strong></span> <span class='ocrx_word' id='word_1_39' title='bbox 1876 817 2024 860; x_wconf 87' lang='lat' dir='ltr'><strong>certe</strong></span> <span class='ocrx_word' id='word_1_40' title='bbox 2081 805 2306 859; x_wconf 89' lang='lat' dir='ltr'><strong>meritas</strong></span> 
     </span>
    </p>
   </div>
   <div class='ocr_carea' id='block_1_8' title="bbox 731 897 2308 974">
    <p class='ocr_par' dir='ltr' id='par_1_8' title="bbox 731 897 2308 974">
     <span class='ocr_line' id='line_1_8' title="bbox 731 897 2308 974; baseline -0.007 -15"><span class='ocrx_word' id='word_1_41' title='bbox 731 904 1047 974; x_wconf 81' lang='lat' dir='ltr'><strong>impietatis,</strong></span> <span class='ocrx_word' id='word_1_42' title='bbox 1100 917 1208 971; x_wconf 89' lang='lat' dir='ltr'><strong>qua</strong></span> <span class='ocrx_word' id='word_1_43' title='bbox 1250 900 1462 970; x_wconf 90' lang='lat' dir='ltr'><strong>primus</strong></span> <span class='ocrx_word' id='word_1_44' title='bbox 1515 900 1654 953; x_wconf 78' lang='lat' dir='ltr'><strong>dixit</strong></span> <span class='ocrx_word' id='word_1_45' title='bbox 1715 899 2007 952; x_wconf 78' lang='lat' dir='ltr'><strong>anathema</strong></span> <span class='ocrx_word' id='word_1_46' title='bbox 2065 897 2308 966; x_wconf 68' lang='lat' dir='ltr'><strong>Deipam:</strong></span> 
     </span>
    </p>
   </div>
   <div class='ocr_carea' id='block_1_9' title="bbox 730 986 2307 1062">
    <p class='ocr_par' dir='ltr' id='par_1_9' title="bbox 730 986 2307 1062">
     <span class='ocr_line' id='line_1_9' title="bbox 730 986 2307 1062; baseline -0.008 -11"><span class='ocrx_word' id='word_1_47' title='bbox 730 995 1060 1059; x_wconf 83' lang='lat' dir='ltr'><strong>cultoribus,</strong></span> <span class='ocrx_word' id='word_1_48' title='bbox 1104 1007 1294 1062; x_wconf 76' lang='lat' dir='ltr'><strong>pmnas</strong></span> <span class='ocrx_word' id='word_1_49' title='bbox 1337 991 1532 1045; x_wconf 85' lang='lat' dir='ltr'><strong>dedit:</strong></span> <span class='ocrx_word' id='word_1_50' title='bbox 1580 990 1734 1043; x_wconf 90' lang='lat' dir='ltr'><strong>dedit</strong></span> <span class='ocrx_word' id='word_1_51' title='bbox 1781 998 1838 1043; x_wconf 91' lang='lat' dir='ltr'><strong>et</strong></span> <span class='ocrx_word' id='word_1_52' title='bbox 1882 989 2202 1046; x_wconf 88' lang='lat' dir='ltr'><strong>Eutherius,</strong></span> <span class='ocrx_word' id='word_1_53' title='bbox 2236 986 2307 1039; x_wconf 90' lang='lat' dir='ltr'><strong>ob</strong></span> 
     </span>
    </p>
   </div>
   <div class='ocr_carea' id='block_1_10' title="bbox 730 1080 2309 1156">
    <p class='ocr_par' dir='ltr' id='par_1_10' title="bbox 730 1080 2309 1156">
     <span class='ocr_line' id='line_1_10' title="bbox 730 1080 2309 1156; baseline -0.005 -15"><span class='ocrx_word' id='word_1_54' title='bbox 730 1095 1056 1156; x_wconf 88' lang='lat' dir='ltr'><strong>conceptum</strong></span> <span class='ocrx_word' id='word_1_55' title='bbox 1109 1101 1176 1140; x_wconf 79' lang='lat' dir='ltr'><strong>ex</strong></span> <span class='ocrx_word' id='word_1_56' title='bbox 1213 1086 1376 1154; x_wconf 80' lang='lat' dir='ltr'><strong>longo</strong></span> <span class='ocrx_word' id='word_1_57' title='bbox 1423 1098 1717 1145; x_wconf 89' lang='lat' dir='ltr'><strong>venenum,</strong></span> <span class='ocrx_word' id='word_1_58' title='bbox 1752 1082 1899 1151; x_wconf 93' lang='lat' dir='ltr'><strong>quod</strong></span> <span class='ocrx_word' id='word_1_59' title='bbox 1933 1083 2151 1135; x_wconf 84' lang='lat' dir='ltr'><strong>tandem</strong></span> <span class='ocrx_word' id='word_1_60' title='bbox 2206 1080 2309 1133; x_wconf 86' lang='lat' dir='ltr'><strong>hac</strong></span> 
     </span>
    </p>
   </div>
   <div class='ocr_carea' id='block_1_11' title="bbox 730 1173 2310 1242">
    <p class='ocr_par' dir='ltr' id='par_1_11' title="bbox 730 1173 2310 1242">
     <span class='ocr_line' id='line_1_11' title="bbox 730 1173 2310 1242; baseline -0.004 -10"><span class='ocrx_word' id='word_1_61' title='bbox 730 1179 1019 1232; x_wconf 82' lang='lat' dir='ltr'><strong>occasione</strong></span> <span class='ocrx_word' id='word_1_62' title='bbox 1050 1177 1105 1230; x_wconf 91' lang='lat' dir='ltr'><strong>in</strong></span> <span class='ocrx_word' id='word_1_63' title='bbox 1136 1176 1450 1231; x_wconf 87' lang='lat' dir='ltr'><strong>Catholicos</strong></span> <span class='ocrx_word' id='word_1_64' title='bbox 1474 1174 1738 1229; x_wconf 88' lang='lat' dir='ltr'><strong>evomuit.</strong></span> <span class='ocrx_word' id='word_1_65' title='bbox 1765 1174 1834 1228; x_wconf 82' lang='lat' dir='ltr'><strong>At</strong></span> <span class='ocrx_word' id='word_1_66' title='bbox 1860 1173 2189 1242; x_wconf 88' lang='lat' dir='ltr'><strong>stupendum</strong></span> <span class='ocrx_word' id='word_1_67' title='bbox 2226 1181 2310 1225; x_wconf 91' lang='lat' dir='ltr'><strong>est</strong></span> 
     </span>
    </p>
   </div>
   <div class='ocr_carea' id='block_1_12' title="bbox 732 1266 2308 1335">
    <p class='ocr_par' dir='ltr' id='par_1_12' title="bbox 732 1266 2308 1335">
     <span class='ocr_line' id='line_1_12' title="bbox 732 1266 2308 1335; baseline -0.005 -11"><span class='ocrx_word' id='word_1_68' title='bbox 732 1270 1041 1324; x_wconf 89' lang='lat' dir='ltr'><strong>llelladium</strong></span> <span class='ocrx_word' id='word_1_69' title='bbox 1084 1284 1153 1324; x_wconf 90' lang='lat' dir='ltr'><strong>eo</strong></span> <span class='ocrx_word' id='word_1_70' title='bbox 1180 1282 1353 1335; x_wconf 88' lang='lat' dir='ltr'><strong>usque</strong></span> <span class='ocrx_word' id='word_1_71' title='bbox 1385 1267 1642 1322; x_wconf 89' lang='lat' dir='ltr'><strong>Nestorio</strong></span> <span class='ocrx_word' id='word_1_72' title='bbox 1671 1266 1988 1328; x_wconf 66' lang='lat' dir='ltr'><strong>adhaesisse,</strong></span> <span class='ocrx_word' id='word_1_73' title='bbox 2032 1274 2113 1327; x_wconf 90' lang='lat' dir='ltr'><strong>ut,</strong></span> <span class='ocrx_word' id='word_1_74' title='bbox 2145 1279 2308 1332; x_wconf 87' lang='lat' dir='ltr'><strong>quam</strong></span> 
     </span>
    </p>
   </div>
   <div class='ocr_carea' id='block_1_13' title="bbox 731 1355 2306 1417">
    <p class='ocr_par' dir='ltr' id='par_1_13' title="bbox 731 1355 2306 1417">
     <span class='ocr_line' id='line_1_13' title="bbox 731 1355 2306 1417; baseline -0.007 0"><span class='ocrx_word' id='word_1_75' title='bbox 731 1364 1021 1417; x_wconf 89' lang='lat' dir='ltr'><strong>sanctitate</strong></span> <span class='ocrx_word' id='word_1_76' title='bbox 1068 1376 1281 1414; x_wconf 90' lang='lat' dir='ltr'><strong>morum</strong></span> <span class='ocrx_word' id='word_1_77' title='bbox 1352 1366 1633 1412; x_wconf 90' lang='lat' dir='ltr'><strong>meruerat</strong></span> <span class='ocrx_word' id='word_1_78' title='bbox 1696 1356 1905 1417; x_wconf 72' lang='lat' dir='ltr'><strong>SBde,</strong></span> <span class='ocrx_word' id='word_1_79' title='bbox 1959 1355 2306 1408; x_wconf 86' lang='lat' dir='ltr'><strong>contumacia</strong></span> 
     </span>
    </p>
   </div>
   <div class='ocr_carea' id='block_1_14' title="bbox 732 1444 2307 1512">
    <p class='ocr_par' dir='ltr' id='par_1_14' title="bbox 732 1444 2307 1512">
     <span class='ocr_line' id='line_1_14' title="bbox 732 1444 2307 1512; baseline -0.008 -4"><span class='ocrx_word' id='word_1_80' title='bbox 732 1455 1031 1508; x_wconf 87' lang='lat' dir='ltr'><strong>amitteret.</strong></span> <span class='ocrx_word' id='word_1_81' title='bbox 1075 1451 1174 1505; x_wconf 90' lang='lat' dir='ltr'><strong>llic</strong></span> <span class='ocrx_word' id='word_1_82' title='bbox 1203 1450 1351 1504; x_wconf 89' lang='lat' dir='ltr'><strong>enim</strong></span> <span class='ocrx_word' id='word_1_83' title='bbox 1377 1459 1462 1503; x_wconf 91' lang='lat' dir='ltr'><strong>est</strong></span> <span class='ocrx_word' id='word_1_84' title='bbox 1486 1446 1844 1502; x_wconf 86' lang='lat' dir='ltr'><strong>admirandus</strong></span> <span class='ocrx_word' id='word_1_85' title='bbox 1866 1444 2167 1507; x_wconf 75' lang='lat' dir='ltr'><strong>llcliadius,</strong></span> <span class='ocrx_word' id='word_1_86' title='bbox 2193 1444 2307 1512; x_wconf 91' lang='lat' dir='ltr'><strong>qui,</strong></span> 
     </span>
    </p>
   </div>
   <div class='ocr_carea' id='block_1_15' title="bbox 733 1538 2312 1608">
    <p class='ocr_par' dir='ltr' id='par_1_15' title="bbox 733 1538 2312 1608">
     <span class='ocr_line' id='line_1_15' title="bbox 733 1538 2312 1608; baseline -0.005 -9"><span class='ocrx_word' id='word_1_87' title='bbox 733 1555 795 1599; x_wconf 89' lang='lat' dir='ltr'><strong>ut</strong></span> <span class='ocrx_word' id='word_1_88' title='bbox 832 1544 1029 1599; x_wconf 79' lang='lat' dir='ltr'><strong>scribit</strong></span> <span class='ocrx_word' id='word_1_89' title='bbox 1079 1543 1459 1596; x_wconf 81' lang='lat' dir='ltr'><strong>Theouorctus</strong></span> <span class='ocrx_word' id='word_1_90' title='bbox 1482 1539 1549 1605; x_wconf 82' lang='grc'><strong>⁸⁸,</strong></span> <span class='ocrx_word' id='word_1_91' title='bbox 1588 1549 1711 1608; x_wconf 89' lang='lat' dir='ltr'><strong>post</strong></span> <span class='ocrx_word' id='word_1_92' title='bbox 1741 1540 1781 1591; x_wconf 85' lang='grc' dir='ltr'><strong>Τ</strong></span> <span class='ocrx_word' id='word_1_93' title='bbox 1791 1538 2037 1592; x_wconf 89' lang='lat' dir='ltr'><strong>hcodosii</strong></span> <span class='ocrx_word' id='word_1_94' title='bbox 2076 1538 2312 1591; x_wconf 87' lang='lat' dir='ltr'><strong>sanctis-</strong></span> 
     </span>
    </p>
   </div>
   <div class='ocr_carea' id='block_1_16' title="bbox 734 1631 2311 1699">
    <p class='ocr_par' dir='ltr' id='par_1_16' title="bbox 734 1631 2311 1699">
     <span class='ocr_line' id='line_1_16' title="bbox 734 1631 2311 1699; baseline -0.004 -10"><span class='ocrx_word' id='word_1_95' title='bbox 734 1635 857 1689; x_wconf 83' lang='lat' dir='ltr'><strong>simi</strong></span> <span class='ocrx_word' id='word_1_96' title='bbox 889 1634 1339 1688; x_wconf 69' lang='lat' dir='ltr'><strong>archimandritm</strong></span> <span class='ocrx_word' id='word_1_97' title='bbox 1370 1633 1585 1687; x_wconf 80' lang='lat' dir='ltr'><strong>felicem</strong></span> <span class='ocrx_word' id='word_1_98' title='bbox 1620 1632 1853 1691; x_wconf 87' lang='lat' dir='ltr'><strong>obitum,</strong></span> <span class='ocrx_word' id='word_1_99' title='bbox 1896 1650 1912 1679; x_wconf 83' lang='grc' dir='ltr'><strong>ι</strong></span> <span class='ocrx_word' id='word_1_100' title='bbox 1955 1631 2134 1699; x_wconf 79' lang='lat' dir='ltr'><strong>gregis</strong></span> <span class='ocrx_word' id='word_1_101' title='bbox 2170 1644 2311 1698; x_wconf 70' lang='lat' dir='ltr'><strong>prae-</strong></span> 
     </span>
    </p>
   </div>
   <div class='ocr_carea' id='block_1_17' title="bbox 735 1721 2312 1792">
    <p class='ocr_par' dir='ltr' id='par_1_17' title="bbox 735 1721 2312 1792">
     <span class='ocr_line' id='line_1_17' title="bbox 735 1721 2312 1792; baseline -0.003 -13"><span class='ocrx_word' id='word_1_102' title='bbox 735 1726 999 1779; x_wconf 78' lang='lat' dir='ltr'><strong>fecturam</strong></span> <span class='ocrx_word' id='word_1_103' title='bbox 1036 1725 1300 1792; x_wconf 86' lang='lat' dir='ltr'><strong>suscepit,</strong></span> <span class='ocrx_word' id='word_1_104' title='bbox 1332 1724 1447 1792; x_wconf 89' lang='lat' dir='ltr'><strong>qui,</strong></span> <span class='ocrx_word' id='word_1_105' title='bbox 1492 1738 1590 1792; x_wconf 89' lang='lat' dir='ltr'><strong>per</strong></span> <span class='ocrx_word' id='word_1_106' title='bbox 1644 1738 1816 1775; x_wconf 89' lang='lat' dir='ltr'><strong>annos</strong></span> <span class='ocrx_word' id='word_1_107' title='bbox 1846 1723 2124 1790; x_wconf 77' lang='lat' dir='ltr'><strong>sexaginta</strong></span> <span class='ocrx_word' id='word_1_108' title='bbox 2157 1721 2312 1775; x_wconf 86' lang='lat' dir='ltr'><strong>labo-</strong></span> 
     </span>
    </p>
   </div>
   <div class='ocr_carea' id='block_1_18' title="bbox 737 1812 2316 1880">
    <p class='ocr_par' dir='ltr' id='par_1_18' title="bbox 737 1812 2316 1880">
     <span class='ocr_line' id='line_1_18' title="bbox 737 1812 2316 1880; baseline -0.002 -12"><span class='ocrx_word' id='word_1_109' title='bbox 737 1817 893 1869; x_wconf 90' lang='lat' dir='ltr'><strong>ribus</strong></span> <span class='ocrx_word' id='word_1_110' title='bbox 934 1817 1043 1869; x_wconf 88' lang='lat' dir='ltr'><strong>illis</strong></span> <span class='ocrx_word' id='word_1_111' title='bbox 1080 1815 1397 1877; x_wconf 84' lang='lat' dir='ltr'><strong>defunctus,</strong></span> <span class='ocrx_word' id='word_1_112' title='bbox 1425 1813 1657 1868; x_wconf 89' lang='lat' dir='ltr'><strong>Cilicum</strong></span> <span class='ocrx_word' id='word_1_113' title='bbox 1686 1812 1953 1866; x_wconf 82' lang='lat' dir='ltr'><strong>divinitus</strong></span> <span class='ocrx_word' id='word_1_114' title='bbox 1996 1820 2183 1880; x_wconf 47' lang='lat' dir='ltr'><strong>prstea</strong></span> <span class='ocrx_word' id='word_1_115' title='bbox 2239 1812 2316 1865; x_wconf 83' lang='lat' dir='ltr'><strong>fa-</strong></span> 
     </span>
    </p>
   </div>
   <div class='ocr_carea' id='block_1_19' title="bbox 2406 602 3983 676">
    <p class='ocr_par' dir='ltr' id='par_1_19' title="bbox 2406 602 3983 676">
     <span class='ocr_line' id='line_1_19' title="bbox 2406 602 3983 676; baseline -0.015 1"><span class='ocrx_word' id='word_1_116' title='bbox 2406 618 2735 676; x_wconf 89' lang='lat' dir='ltr'><strong>Theodoreti</strong></span> <span class='ocrx_word' id='word_1_117' title='bbox 2775 614 2994 672; x_wconf 89' lang='lat' dir='ltr'><strong>censeri</strong></span> <span class='ocrx_word' id='word_1_118' title='bbox 3026 611 3211 673; x_wconf 89' lang='lat' dir='ltr'><strong>debet,</strong></span> <span class='ocrx_word' id='word_1_119' title='bbox 3263 607 3360 661; x_wconf 89' lang='lat' dir='ltr'><strong>sed</strong></span> <span class='ocrx_word' id='word_1_120' title='bbox 3410 606 3582 659; x_wconf 83' lang='lat' dir='ltr'><strong>totius</strong></span> <span class='ocrx_word' id='word_1_121' title='bbox 3632 602 3983 672; x_wconf 83' lang='lat' dir='ltr'><strong>Euphraten-</strong></span> 
     </span>
    </p>
   </div>
   <div class='ocr_carea' id='block_1_20' title="bbox 2406 699 3987 780">
    <p class='ocr_par' dir='ltr' id='par_1_20' title="bbox 2406 699 3987 780">
     <span class='ocr_line' id='line_1_20' title="bbox 2406 699 3987 780; baseline -0.014 -14"><span class='ocrx_word' id='word_1_122' title='bbox 2406 713 2549 767; x_wconf 92' lang='lat' dir='ltr'><strong>sium</strong></span> <span class='ocrx_word' id='word_1_123' title='bbox 2572 711 2954 780; x_wconf 90' lang='lat' dir='ltr'><strong>episcoporum</strong></span> <span class='ocrx_word' id='word_1_124' title='bbox 2982 701 3198 774; x_wconf 77' lang='lat' dir='ltr'><strong>synodi.</strong></span> <span class='ocrx_word' id='word_1_125' title='bbox 3230 699 3366 754; x_wconf 86' lang='lat' dir='ltr'><strong>Nam</strong></span> <span class='ocrx_word' id='word_1_126' title='bbox 3398 711 3508 766; x_wconf 87' lang='lat' dir='ltr'><strong>quo</strong></span> <span class='ocrx_word' id='word_1_127' title='bbox 3537 704 3783 763; x_wconf 88' lang='lat' dir='ltr'><strong>tempore</strong></span> <span class='ocrx_word' id='word_1_128' title='bbox 3816 707 3987 761; x_wconf 87' lang='lat' dir='ltr'><strong>nego-</strong></span> 
     </span>
    </p>
   </div>
   <div class='ocr_carea' id='block_1_21' title="bbox 2408 793 3985 878">
    <p class='ocr_par' dir='ltr' id='par_1_21' title="bbox 2408 793 3985 878">
     <span class='ocr_line' id='line_1_21' title="bbox 2408 793 3985 878; baseline -0.016 -15"><span class='ocrx_word' id='word_1_129' title='bbox 2408 811 2544 864; x_wconf 91' lang='lat' dir='ltr'><strong>tium</strong></span> <span class='ocrx_word' id='word_1_130' title='bbox 2574 808 2725 878; x_wconf 88' lang='lat' dir='ltr'><strong>pacis</strong></span> <span class='ocrx_word' id='word_1_131' title='bbox 2756 804 2826 858; x_wconf 89' lang='lat' dir='ltr'><strong>ab</strong></span> <span class='ocrx_word' id='word_1_132' title='bbox 2866 796 3229 855; x_wconf 80' lang='lat' dir='ltr'><strong>Antiochenis</strong></span> <span class='ocrx_word' id='word_1_133' title='bbox 3254 793 3572 864; x_wconf 82' lang='lat' dir='ltr'><strong>gerebatur,</strong></span> <span class='ocrx_word' id='word_1_134' title='bbox 3603 794 3985 842; x_wconf 84' lang='lat' dir='ltr'><strong>convenerant</strong></span> 
     </span>
    </p>
   </div>
   <div class='ocr_carea' id='block_1_22' title="bbox 2408 890 3983 969">
    <p class='ocr_par' dir='ltr' id='par_1_22' title="bbox 2408 890 3983 969">
     <span class='ocr_line' id='line_1_22' title="bbox 2408 890 3983 969; baseline -0.018 -13"><span class='ocrx_word' id='word_1_135' title='bbox 2408 901 2841 969; x_wconf 85' lang='lat' dir='ltr'><strong>Euphratenses,</strong></span> <span class='ocrx_word' id='word_1_136' title='bbox 2894 892 3008 946; x_wconf 88' lang='lat' dir='ltr'><strong>sive</strong></span> <span class='ocrx_word' id='word_1_137' title='bbox 3038 895 3345 943; x_wconf 82' lang='lat' dir='ltr'><strong>conventus</strong></span> <span class='ocrx_word' id='word_1_138' title='bbox 3393 890 3589 952; x_wconf 70' lang='lat' dir='ltr'><strong>prmtcr</strong></span> <span class='ocrx_word' id='word_1_139' title='bbox 3635 892 3847 932; x_wconf 86' lang='lat' dir='ltr'><strong>morem</strong></span> <span class='ocrx_word' id='word_1_140' title='bbox 3885 891 3983 929; x_wconf 86' lang='lat' dir='ltr'><strong>ur-</strong></span> 
     </span>
    </p>
   </div>
   <div class='ocr_carea' id='block_1_23' title="bbox 2408 971 3982 1062">
    <p class='ocr_par' dir='ltr' id='par_1_23' title="bbox 2408 971 3982 1062">
     <span class='ocr_line' id='line_1_23' title="bbox 2408 971 3982 1062; baseline -0.017 -16"><span class='ocrx_word' id='word_1_141' title='bbox 2408 1002 2569 1062; x_wconf 85' lang='lat' dir='ltr'><strong>gente</strong></span> <span class='ocrx_word' id='word_1_142' title='bbox 2596 990 2638 1043; x_wconf 86' lang='grc' dir='ltr'>Τ</span> <span class='ocrx_word' id='word_1_143' title='bbox 2645 988 2964 1048; x_wconf 91' lang='lat' dir='ltr'><strong>heodoreto,</strong></span> <span class='ocrx_word' id='word_1_144' title='bbox 2992 992 3050 1037; x_wconf 90' lang='lat' dir='ltr'><strong>et</strong></span> <span class='ocrx_word' id='word_1_145' title='bbox 3081 989 3347 1036; x_wconf 86' lang='lat' dir='ltr'><strong>evocante</strong></span> <span class='ocrx_word' id='word_1_146' title='bbox 3372 973 3685 1031; x_wconf 79' lang='lat' dir='ltr'><strong>Alexandro</strong></span> <span class='ocrx_word' id='word_1_147' title='bbox 3724 971 3982 1041; x_wconf 87' lang='lat' dir='ltr'><strong>primate,</strong></span> 
     </span>
    </p>
   </div>
   <div class='ocr_carea' id='block_1_24' title="bbox 2409 1061 3983 1142">
    <p class='ocr_par' dir='ltr' id='par_1_24' title="bbox 2409 1061 3983 1142">
     <span class='ocr_line' id='line_1_24' title="bbox 2409 1061 3983 1142; baseline -0.017 -4"><span class='ocrx_word' id='word_1_148' title='bbox 2409 1061 2524 1138; x_wconf 84' lang='lat' dir='ltr'><strong>sive</strong></span> <span class='ocrx_word' id='word_1_149' title='bbox 2548 1083 2614 1136; x_wconf 91' lang='lat' dir='ltr'><strong>de</strong></span> <span class='ocrx_word' id='word_1_150' title='bbox 2657 1094 2829 1142; x_wconf 92' lang='lat' dir='ltr'><strong>more,</strong></span> <span class='ocrx_word' id='word_1_151' title='bbox 2858 1074 3105 1131; x_wconf 84' lang='lat' dir='ltr'><strong>autumni</strong></span> <span class='ocrx_word' id='word_1_152' title='bbox 3138 1082 3405 1140; x_wconf 85' lang='lat' dir='ltr'><strong>tempore,</strong></span> <span class='ocrx_word' id='word_1_153' title='bbox 3433 1065 3581 1137; x_wconf 92' lang='lat' dir='ltr'><strong>quod</strong></span> <span class='ocrx_word' id='word_1_154' title='bbox 3615 1061 3983 1133; x_wconf 86' lang='lat' dir='ltr'><strong>probabilius,</strong></span> 
     </span>
    </p>
   </div>
   <div class='ocr_carea' id='block_1_25' title="bbox 2410 1153 3982 1233">
    <p class='ocr_par' dir='ltr' id='par_1_25' title="bbox 2410 1153 3982 1233">
     <span class='ocr_line' id='line_1_25' title="bbox 2410 1153 3982 1233; baseline -0.016 -5"><span class='ocrx_word' id='word_1_155' title='bbox 2410 1174 2720 1227; x_wconf 84' lang='lat' dir='ltr'><strong>celebratus</strong></span> <span class='ocrx_word' id='word_1_156' title='bbox 2752 1171 2843 1224; x_wconf 91' lang='lat' dir='ltr'><strong>sit.</strong></span> <span class='ocrx_word' id='word_1_157' title='bbox 2896 1169 2953 1222; x_wconf 92' lang='lat' dir='ltr'><strong>ln</strong></span> <span class='ocrx_word' id='word_1_158' title='bbox 3004 1180 3070 1219; x_wconf 83' lang='lat' dir='ltr'><strong>eo</strong></span> <span class='ocrx_word' id='word_1_159' title='bbox 3114 1163 3353 1233; x_wconf 90' lang='lat' dir='ltr'><strong>primum</strong></span> <span class='ocrx_word' id='word_1_160' title='bbox 3386 1160 3542 1212; x_wconf 62' lang='lat' dir='ltr'><strong>lectae</strong></span> <span class='ocrx_word' id='word_1_161' title='bbox 3584 1162 3708 1209; x_wconf 88' lang='lat' dir='ltr'><strong>sunt</strong></span> <span class='ocrx_word' id='word_1_162' title='bbox 3762 1153 3982 1214; x_wconf 64' lang='lat' dir='ltr'><strong>litterae,</strong></span> 
     </span>
    </p>
   </div>
   <div class='ocr_carea' id='block_1_26' title="bbox 2411 1242 3983 1333">
    <p class='ocr_par' dir='ltr' id='par_1_26' title="bbox 2411 1242 3983 1333">
     <span class='ocr_line' id='line_1_26' title="bbox 2411 1242 3983 1333; baseline -0.016 -15"><span class='ocrx_word' id='word_1_163' title='bbox 2411 1280 2547 1333; x_wconf 82' lang='lat' dir='ltr'><strong>quas</strong></span> <span class='ocrx_word' id='word_1_164' title='bbox 2570 1263 2691 1316; x_wconf 88' lang='lat' dir='ltr'><strong>ﬁdei</strong></span> <span class='ocrx_word' id='word_1_165' title='bbox 2724 1276 2837 1315; x_wconf 69' lang='lat' dir='ltr'><strong>sum</strong></span> <span class='ocrx_word' id='word_1_166' title='bbox 2864 1268 3031 1312; x_wconf 88' lang='lat' dir='ltr'><strong>testes</strong></span> <span class='ocrx_word' id='word_1_167' title='bbox 3063 1254 3305 1326; x_wconf 88' lang='lat' dir='ltr'><strong>Cyrillus</strong></span> <span class='ocrx_word' id='word_1_168' title='bbox 3337 1251 3391 1303; x_wconf 91' lang='lat' dir='ltr'><strong>in</strong></span> <span class='ocrx_word' id='word_1_169' title='bbox 3412 1248 3693 1303; x_wconf 87' lang='lat' dir='ltr'><strong>Orientem</strong></span> <span class='ocrx_word' id='word_1_170' title='bbox 3719 1242 3983 1306; x_wconf 87' lang='lat' dir='ltr'><strong>miserat;</strong></span> 
     </span>
    </p>
   </div>
   <div class='ocr_carea' id='block_1_27' title="bbox 2410 1334 3984 1423">
    <p class='ocr_par' dir='ltr' id='par_1_27' title="bbox 2410 1334 3984 1423">
     <span class='ocr_line' id='line_1_27' title="bbox 2410 1334 3984 1423; baseline -0.017 -13"><span class='ocrx_word' id='word_1_171' title='bbox 2410 1370 2595 1423; x_wconf 64' lang='lat' dir='ltr'><strong>eaeque</strong></span> <span class='ocrx_word' id='word_1_172' title='bbox 2627 1362 2751 1422; x_wconf 90' lang='lat' dir='ltr'><strong>post</strong></span> <span class='ocrx_word' id='word_1_173' title='bbox 2799 1351 3077 1404; x_wconf 91' lang='lat' dir='ltr'><strong>curiosum</strong></span> <span class='ocrx_word' id='word_1_174' title='bbox 3127 1358 3393 1401; x_wconf 62' lang='lat' dir='ltr'><strong>examen,</strong></span> <span class='ocrx_word' id='word_1_175' title='bbox 3446 1344 3675 1407; x_wconf 86' lang='lat' dir='ltr'><strong>cogente</strong></span> <span class='ocrx_word' id='word_1_176' title='bbox 3726 1334 3984 1393; x_wconf 80' lang='lat' dir='ltr'><strong>veritate,</strong></span> 
     </span>
    </p>
   </div>
   <div class='ocr_carea' id='block_1_28' title="bbox 2412 1430 3986 1515">
    <p class='ocr_par' dir='ltr' id='par_1_28' title="bbox 2412 1430 3986 1515">
     <span class='ocr_line' id='line_1_28' title="bbox 2412 1430 3986 1515; baseline -0.017 -15"><span class='ocrx_word' id='word_1_177' title='bbox 2412 1445 2742 1515; x_wconf 72' lang='lat' dir='ltr'><strong>approbatm.</strong></span> <span class='ocrx_word' id='word_1_178' title='bbox 2794 1442 3072 1495; x_wconf 84' lang='lat' dir='ltr'><strong>Statutum</strong></span> <span class='ocrx_word' id='word_1_179' title='bbox 3134 1434 3336 1490; x_wconf 92' lang='lat' dir='ltr'><strong>deinde</strong></span> <span class='ocrx_word' id='word_1_180' title='bbox 3381 1430 3528 1485; x_wconf 88' lang='lat' dir='ltr'><strong>nulla</strong></span> <span class='ocrx_word' id='word_1_181' title='bbox 3579 1436 3638 1481; x_wconf 90' lang='lat' dir='ltr'><strong>ut</strong></span> <span class='ocrx_word' id='word_1_182' title='bbox 3684 1436 3827 1480; x_wconf 89' lang='lat' dir='ltr'><strong>esset</strong></span> <span class='ocrx_word' id='word_1_183' title='bbox 3859 1437 3986 1476; x_wconf 90' lang='lat' dir='ltr'><strong>cum</strong></span> 
     </span>
    </p>
   </div>
   <div class='ocr_carea' id='block_1_29' title="bbox 2411 1524 3989 1608">
    <p class='ocr_par' dir='ltr' id='par_1_29' title="bbox 2411 1524 3989 1608">
     <span class='ocr_line' id='line_1_29' title="bbox 2411 1524 3989 1608; baseline -0.018 -15"><span class='ocrx_word' id='word_1_184' title='bbox 2411 1537 2678 1608; x_wconf 62' lang='lat' dir='ltr'><strong>Egyptiis</strong></span> <span class='ocrx_word' id='word_1_185' title='bbox 2727 1544 2783 1589; x_wconf 90' lang='lat' dir='ltr'><strong>et</strong></span> <span class='ocrx_word' id='word_1_186' title='bbox 2825 1524 3448 1596; x_wconf 85' lang='lat' dir='ltr'><strong>Constantinopolitanis</strong></span> <span class='ocrx_word' id='word_1_187' title='bbox 3506 1533 3788 1575; x_wconf 89' lang='lat' dir='ltr'><strong>sacrorum</strong></span> <span class='ocrx_word' id='word_1_188' title='bbox 3836 1528 3989 1568; x_wconf 88' lang='lat' dir='ltr'><strong>com-</strong></span> 
     </span>
    </p>
   </div>
   <div class='ocr_carea' id='block_1_30' title="bbox 2414 1601 3987 1689">
    <p class='ocr_par' dir='ltr' id='par_1_30' title="bbox 2414 1601 3987 1689">
     <span class='ocr_line' id='line_1_30' title="bbox 2414 1601 3987 1689; baseline -0.018 -7"><span class='ocrx_word' id='word_1_189' title='bbox 2414 1628 2622 1689; x_wconf 89' lang='lat' dir='ltr'><strong>munio,</strong></span> <span class='ocrx_word' id='word_1_190' title='bbox 2654 1626 2830 1678; x_wconf 89' lang='lat' dir='ltr'><strong>donec</strong></span> <span class='ocrx_word' id='word_1_191' title='bbox 2856 1617 3191 1675; x_wconf 85' lang='lat' dir='ltr'><strong>exauctorati</strong></span> <span class='ocrx_word' id='word_1_192' title='bbox 3213 1624 3448 1685; x_wconf 87' lang='lat' dir='ltr'><strong>quatuor</strong></span> <span class='ocrx_word' id='word_1_193' title='bbox 3470 1607 3734 1678; x_wconf 83' lang='lat' dir='ltr'><strong>episcopi,</strong></span> <span class='ocrx_word' id='word_1_194' title='bbox 3766 1604 3834 1658; x_wconf 91' lang='lat' dir='ltr'><strong>de</strong></span> <span class='ocrx_word' id='word_1_195' title='bbox 3859 1601 3987 1671; x_wconf 86' lang='lat' dir='ltr'><strong>qui-</strong></span> 
     </span>
    </p>
   </div>
   <div class='ocr_carea' id='block_1_31' title="bbox 2415 1691 3987 1775">
    <p class='ocr_par' dir='ltr' id='par_1_31' title="bbox 2415 1691 3987 1775">
     <span class='ocr_line' id='line_1_31' title="bbox 2415 1691 3987 1775; baseline -0.018 -1"><span class='ocrx_word' id='word_1_196' title='bbox 2415 1722 2519 1775; x_wconf 88' lang='lat' dir='ltr'><strong>bus</strong></span> <span class='ocrx_word' id='word_1_197' title='bbox 2542 1725 2701 1771; x_wconf 87' lang='lat' dir='ltr'><strong>antea</strong></span> <span class='ocrx_word' id='word_1_198' title='bbox 2736 1728 2920 1769; x_wconf 90' lang='lat' dir='ltr'><strong>sermo</strong></span> <span class='ocrx_word' id='word_1_199' title='bbox 2960 1712 3085 1774; x_wconf 83' lang='lat' dir='ltr'><strong>fuit,</strong></span> <span class='ocrx_word' id='word_1_200' title='bbox 3122 1706 3549 1761; x_wconf 87' lang='lat' dir='ltr'><strong>restituerentur</strong></span> <span class='ocrx_word' id='word_1_201' title='bbox 3573 1699 3629 1752; x_wconf 91' lang='lat' dir='ltr'><strong>in</strong></span> <span class='ocrx_word' id='word_1_202' title='bbox 3657 1711 3784 1750; x_wconf 87' lang='lat' dir='ltr'><strong>suas</strong></span> <span class='ocrx_word' id='word_1_203' title='bbox 3804 1691 3987 1748; x_wconf 87' lang='lat' dir='ltr'><strong>sedes.</strong></span> 
     </span>
    </p>
   </div>
   <div class='ocr_carea' id='block_1_32' title="bbox 2417 1785 3987 1879">
    <p class='ocr_par' dir='ltr' id='par_1_32' title="bbox 2417 1785 3987 1879">
     <span class='ocr_line' id='line_1_32' title="bbox 2417 1785 3987 1879; baseline -0.02 -12"><span class='ocrx_word' id='word_1_204' title='bbox 2417 1812 2662 1879; x_wconf 86' lang='lat' dir='ltr'><strong>Denique</strong></span> <span class='ocrx_word' id='word_1_205' title='bbox 2682 1813 3034 1865; x_wconf 84' lang='lat' dir='ltr'><strong>conventum,</strong></span> <span class='ocrx_word' id='word_1_206' title='bbox 3062 1807 3122 1853; x_wconf 92' lang='lat' dir='ltr'><strong>ut</strong></span> <span class='ocrx_word' id='word_1_207' title='bbox 3167 1808 3451 1864; x_wconf 85' lang='lat' dir='ltr'><strong>nunquam</strong></span> <span class='ocrx_word' id='word_1_208' title='bbox 3492 1792 3546 1844; x_wconf 92' lang='lat' dir='ltr'><strong>in</strong></span> <span class='ocrx_word' id='word_1_209' title='bbox 3574 1785 3987 1843; x_wconf 88' lang='lat' dir='ltr'><strong>damnationem</strong></span> 
     </span>
    </p>
   </div>
   <div class='ocr_carea' id='block_1_33' title="bbox 738 1878 3987 1975">
    <p class='ocr_par' dir='ltr' id='par_1_33' title="bbox 738 1878 3987 1975">
     <span class='ocr_line' id='line_1_33' title="bbox 738 1878 3987 1975; baseline -0.011 -15"><span class='ocrx_word' id='word_1_210' title='bbox 738 1918 858 1961; x_wconf 87' lang='lat' dir='ltr'><strong>ctus</strong></span> <span class='ocrx_word' id='word_1_211' title='bbox 885 1917 968 1960; x_wconf 86' lang='lat' dir='ltr'><strong>est</strong></span> <span class='ocrx_word' id='word_1_212' title='bbox 997 1907 1246 1970; x_wconf 86' lang='lat' dir='ltr'><strong>antistes,</strong></span> <span class='ocrx_word' id='word_1_213' title='bbox 1289 1906 1577 1975; x_wconf 84' lang='lat' dir='ltr'><strong>pristinam</strong></span> <span class='ocrx_word' id='word_1_214' title='bbox 1614 1920 1722 1958; x_wconf 92' lang='lat' dir='ltr'><strong>non</strong></span> <span class='ocrx_word' id='word_1_215' title='bbox 1773 1904 2036 1957; x_wconf 84' lang='lat' dir='ltr'><strong>deserens</strong></span> <span class='ocrx_word' id='word_1_216' title='bbox 2067 1904 2314 1971; x_wconf 91' lang='lat' dir='ltr'><strong>philoso-</strong></span> <span class='ocrx_word' id='word_1_217' title='bbox 2351 1887 2387 1936; x_wconf 66' lang='grc' dir='ltr'>Β</span> <span class='ocrx_word' id='word_1_218' title='bbox 2419 1902 2654 1959; x_wconf 81' lang='lat' dir='ltr'><strong>Nestorii</strong></span> <span class='ocrx_word' id='word_1_219' title='bbox 2681 1910 2984 1954; x_wconf 90' lang='lat' dir='ltr'><strong>consensus</strong></span> <span class='ocrx_word' id='word_1_220' title='bbox 3012 1893 3237 1946; x_wconf 85' lang='lat' dir='ltr'><strong>daretur</strong></span> <span class='ocrx_word' id='word_1_221' title='bbox 3261 1906 3273 1939; x_wconf 93' lang='lat'>:</span> <span class='ocrx_word' id='word_1_222' title='bbox 3297 1883 3473 1940; x_wconf 79' lang='lat' dir='ltr'><strong>videri</strong></span> <span class='ocrx_word' id='word_1_223' title='bbox 3504 1881 3709 1951; x_wconf 87' lang='lat' dir='ltr'><strong>quippe</strong></span> <span class='ocrx_word' id='word_1_224' title='bbox 3736 1878 3987 1944; x_wconf 84' lang='lat' dir='ltr'><strong>iniquum</strong></span> 
     </span>
    </p>
   </div>
   <div class='ocr_carea' id='block_1_34' title="bbox 738 1994 2315 2069">
    <p class='ocr_par' dir='ltr' id='par_1_34' title="bbox 738 1994 2315 2069">
     <span class='ocr_line' id='line_1_34' title="bbox 738 1994 2315 2069; baseline -0.004 -16"><span class='ocrx_word' id='word_1_225' title='bbox 738 2000 948 2069; x_wconf 85' lang='lat' dir='ltr'><strong>phiam,</strong></span> <span class='ocrx_word' id='word_1_226' title='bbox 988 1999 1080 2054; x_wconf 89' lang='lat' dir='ltr'><strong>sed</strong></span> <span class='ocrx_word' id='word_1_227' title='bbox 1117 1998 1401 2052; x_wconf 85' lang='lat' dir='ltr'><strong>laboribus</strong></span> <span class='ocrx_word' id='word_1_228' title='bbox 1431 1999 1537 2052; x_wconf 91' lang='lat' dir='ltr'><strong>illis</strong></span> <span class='ocrx_word' id='word_1_229' title='bbox 1565 1995 1908 2066; x_wconf 74' lang='lat' dir='ltr'><strong>pontificales</strong></span> <span class='ocrx_word' id='word_1_230' title='bbox 1932 1994 2178 2063; x_wconf 89' lang='lat' dir='ltr'><strong>quotidie</strong></span> <span class='ocrx_word' id='word_1_231' title='bbox 2225 2009 2315 2047; x_wconf 83' lang='lat' dir='ltr'><strong>su-</strong></span> 
     </span>
    </p>
   </div>
   <div class='ocr_carea' id='block_1_35' title="bbox 740 2092 1294 2162">
    <p class='ocr_par' dir='ltr' id='par_1_35' title="bbox 740 2092 1294 2162">
     <span class='ocr_line' id='line_1_35' title="bbox 740 2092 1294 2162; baseline -0.007 -15"><span class='ocrx_word' id='word_1_232' title='bbox 740 2093 905 2147; x_wconf 88' lang='lat' dir='ltr'><strong>dores</strong></span> <span class='ocrx_word' id='word_1_233' title='bbox 942 2092 1227 2162; x_wconf 86' lang='lat' dir='ltr'><strong>adjiciens.</strong></span> <span class='ocrx_word' id='word_1_234' title='bbox 1277 2111 1294 2143; x_wconf 83' lang='grc'><strong>›</strong></span> 
     </span>
    </p>
   </div>
   <div class='ocr_carea' id='block_1_36' title="bbox 813 2180 2312 2254">
    <p class='ocr_par' dir='ltr' id='par_1_36' title="bbox 813 2180 2312 2254">
     <span class='ocr_line' id='line_1_36' title="bbox 813 2180 2312 2254; baseline -0.004 -15"><span class='ocrx_word' id='word_1_235' title='bbox 813 2185 876 2239; x_wconf 70' lang='grc' dir='ltr'><strong>ν.</strong></span> <span class='ocrx_word' id='word_1_236' title='bbox 908 2185 1131 2239; x_wconf 79' lang='lat' dir='ltr'><strong>Litterae</strong></span> <span class='ocrx_word' id='word_1_237' title='bbox 1155 2184 1343 2254; x_wconf 72' lang='lat' dir='ltr'><strong>Cyrilli</strong></span> <span class='ocrx_word' id='word_1_238' title='bbox 1366 2183 1556 2236; x_wconf 76' lang='lat' dir='ltr'><strong>Berma</strong></span> <span class='ocrx_word' id='word_1_239' title='bbox 1583 2184 1762 2237; x_wconf 67' lang='lat' dir='ltr'><strong>missae</strong></span> <span class='ocrx_word' id='word_1_240' title='bbox 1786 2190 1918 2236; x_wconf 88' lang='lat' dir='ltr'><strong>sunt</strong></span> <span class='ocrx_word' id='word_1_241' title='bbox 1956 2180 2312 2250; x_wconf 82' lang='lat' dir='ltr'><strong>Hierapolim,</strong></span> 
     </span>
    </p>
   </div>
   <div class='ocr_carea' id='block_1_37' title="bbox 742 2272 2312 2343">
    <p class='ocr_par' dir='ltr' id='par_1_37' title="bbox 742 2272 2312 2343">
     <span class='ocr_line' id='line_1_37' title="bbox 742 2272 2312 2343; baseline -0.002 -15"><span class='ocrx_word' id='word_1_242' title='bbox 742 2275 837 2329; x_wconf 90' lang='lat' dir='ltr'><strong>ubi</strong></span> <span class='ocrx_word' id='word_1_243' title='bbox 875 2275 1187 2331; x_wconf 81' lang='lat' dir='ltr'><strong>Alexander</strong></span> <span class='ocrx_word' id='word_1_244' title='bbox 1239 2289 1350 2328; x_wconf 65' lang='lat' dir='ltr'><strong>suae</strong></span> <span class='ocrx_word' id='word_1_245' title='bbox 1382 2273 1681 2342; x_wconf 68' lang='lat' dir='ltr'><strong>provinciae</strong></span> <span class='ocrx_word' id='word_1_246' title='bbox 1741 2272 1984 2327; x_wconf 88' lang='lat' dir='ltr'><strong>habebat</strong></span> <span class='ocrx_word' id='word_1_247' title='bbox 2021 2272 2312 2343; x_wconf 83' lang='lat' dir='ltr'><strong>synodum.</strong></span> 
     </span>
    </p>
   </div>
   <div class='ocr_carea' id='block_1_38' title="bbox 741 2364 2315 2433">
    <p class='ocr_par' dir='ltr' id='par_1_38' title="bbox 741 2364 2315 2433">
     <span class='ocr_line' id='line_1_38' title="bbox 741 2364 2315 2433; baseline -0.003 -13"><span class='ocrx_word' id='word_1_248' title='bbox 741 2366 937 2420; x_wconf 88' lang='lat' dir='ltr'><strong>Lectas</strong></span> <span class='ocrx_word' id='word_1_249' title='bbox 966 2364 1347 2420; x_wconf 86' lang='lat' dir='ltr'><strong>Theodoretus</strong></span> <span class='ocrx_word' id='word_1_250' title='bbox 1374 2364 1431 2426; x_wconf 82' lang='lat' dir='ltr'><strong>in</strong></span> <span class='ocrx_word' id='word_1_251' title='bbox 1461 2374 1609 2417; x_wconf 70' lang='lat' dir='ltr'><strong>coetu</strong></span> <span class='ocrx_word' id='word_1_252' title='bbox 1638 2364 2024 2433; x_wconf 82' lang='lat' dir='ltr'><strong>episcoporum</strong></span> <span class='ocrx_word' id='word_1_253' title='bbox 2055 2376 2166 2415; x_wconf 90' lang='lat' dir='ltr'><strong>non</strong></span> <span class='ocrx_word' id='word_1_254' title='bbox 2214 2377 2315 2431; x_wconf 90' lang='lat' dir='ltr'><strong>po-</strong></span> 
     </span>
    </p>
   </div>
   <div class='ocr_carea' id='block_1_39' title="bbox 741 2453 2317 2526">
    <p class='ocr_par' dir='ltr' id='par_1_39' title="bbox 741 2453 2317 2526">
     <span class='ocr_line' id='line_1_39' title="bbox 741 2453 2317 2526; baseline -0.001 -16"><span class='ocrx_word' id='word_1_255' title='bbox 741 2458 849 2512; x_wconf 87' lang='lat' dir='ltr'><strong>tuit</strong></span> <span class='ocrx_word' id='word_1_256' title='bbox 881 2472 989 2510; x_wconf 88' lang='lat' dir='ltr'><strong>non</strong></span> <span class='ocrx_word' id='word_1_257' title='bbox 1021 2456 1278 2526; x_wconf 89' lang='lat' dir='ltr'><strong>probare,</strong></span> <span class='ocrx_word' id='word_1_258' title='bbox 1310 2455 1407 2510; x_wconf 88' lang='lat' dir='ltr'><strong>sed</strong></span> <span class='ocrx_word' id='word_1_259' title='bbox 1437 2455 1639 2525; x_wconf 90' lang='lat' dir='ltr'><strong>sparsit</strong></span> <span class='ocrx_word' id='word_1_260' title='bbox 1662 2455 1721 2508; x_wconf 90' lang='lat' dir='ltr'><strong>in</strong></span> <span class='ocrx_word' id='word_1_261' title='bbox 1760 2456 1975 2524; x_wconf 83' lang='lat' dir='ltr'><strong>vulgus,</strong></span> <span class='ocrx_word' id='word_1_262' title='bbox 2017 2453 2317 2522; x_wconf 86' lang='lat' dir='ltr'><strong>multisque</strong></span> 
     </span>
    </p>
   </div>
   <div class='ocr_carea' id='block_1_40' title="bbox 740 2544 2320 2618">
    <p class='ocr_par' dir='ltr' id='par_1_40' title="bbox 740 2544 2320 2618">
     <span class='ocr_line' id='line_1_40' title="bbox 740 2544 2320 2618; baseline -0.002 -17"><span class='ocrx_word' id='word_1_263' title='bbox 740 2549 1015 2618; x_wconf 88' lang='lat' dir='ltr'><strong>persuasit</strong></span> <span class='ocrx_word' id='word_1_264' title='bbox 1091 2546 1446 2618; x_wconf 68' lang='lat' dir='ltr'><strong>Egyptium,</strong></span> <span class='ocrx_word' id='word_1_265' title='bbox 1529 2563 1639 2617; x_wconf 88' lang='lat' dir='ltr'><strong>quo</strong></span> <span class='ocrx_word' id='word_1_266' title='bbox 1727 2547 1947 2600; x_wconf 89' lang='lat' dir='ltr'><strong>nomine</strong></span> <span class='ocrx_word' id='word_1_267' title='bbox 2001 2544 2320 2599; x_wconf 89' lang='lat' dir='ltr'><strong>traducebat</strong></span> 
     </span>
    </p>
   </div>
   <div class='ocr_carea' id='block_1_41' title="bbox 739 2636 2317 2711">
    <p class='ocr_par' dir='ltr' id='par_1_41' title="bbox 739 2636 2317 2711">
     <span class='ocr_line' id='line_1_41' title="bbox 739 2636 2317 2711; baseline -0.003 -16"><span class='ocrx_word' id='word_1_268' title='bbox 739 2638 1036 2711; x_wconf 83' lang='lat' dir='ltr'><strong>Cyrillum,</strong></span> <span class='ocrx_word' id='word_1_269' title='bbox 1070 2638 1343 2708; x_wconf 84' lang='lat' dir='ltr'><strong>ejusmodi</strong></span> <span class='ocrx_word' id='word_1_270' title='bbox 1393 2638 1538 2693; x_wconf 81' lang='lat' dir='ltr'><strong>facto</strong></span> <span class='ocrx_word' id='word_1_271' title='bbox 1604 2638 1656 2692; x_wconf 93' lang='lat' dir='ltr'><strong>in</strong></span> <span class='ocrx_word' id='word_1_272' title='bbox 1720 2647 1903 2707; x_wconf 89' lang='lat' dir='ltr'><strong>partes</strong></span> <span class='ocrx_word' id='word_1_273' title='bbox 1953 2636 2317 2691; x_wconf 85' lang='lat' dir='ltr'><strong>Orientalium</strong></span> 
     </span>
    </p>
   </div>
   <div class='ocr_carea' id='block_1_42' title="bbox 741 2726 2319 2801">
    <p class='ocr_par' dir='ltr' id='par_1_42' title="bbox 741 2726 2319 2801">
     <span class='ocr_line' id='line_1_42' title="bbox 741 2726 2319 2801; baseline -0.003 -15"><span class='ocrx_word' id='word_1_274' title='bbox 741 2730 1025 2801; x_wconf 85' lang='lat' dir='ltr'><strong>ipsiusque</strong></span> <span class='ocrx_word' id='word_1_275' title='bbox 1074 2729 1338 2793; x_wconf 86' lang='lat' dir='ltr'><strong>Nestorii,</strong></span> <span class='ocrx_word' id='word_1_276' title='bbox 1384 2728 1555 2784; x_wconf 90' lang='lat' dir='ltr'><strong>verbo</strong></span> <span class='ocrx_word' id='word_1_277' title='bbox 1613 2737 1823 2784; x_wconf 89' lang='lat' dir='ltr'><strong>tantum</strong></span> <span class='ocrx_word' id='word_1_278' title='bbox 1854 2727 1922 2783; x_wconf 87' lang='lat' dir='ltr'><strong>ab</strong></span> <span class='ocrx_word' id='word_1_279' title='bbox 1944 2726 2319 2782; x_wconf 90' lang='lat' dir='ltr'><strong>Orientalibus</strong></span> 
     </span>
    </p>
   </div>
   <div class='ocr_carea' id='block_1_43' title="bbox 742 2820 2321 2890">
    <p class='ocr_par' dir='ltr' id='par_1_43' title="bbox 742 2820 2321 2890">
     <span class='ocr_line' id='line_1_43' title="bbox 742 2820 2321 2890; baseline -0.003 -14"><span class='ocrx_word' id='word_1_280' title='bbox 742 2822 969 2885; x_wconf 87' lang='lat' dir='ltr'><strong>diversi,</strong></span> <span class='ocrx_word' id='word_1_281' title='bbox 1005 2821 1241 2875; x_wconf 86' lang='lat' dir='ltr'><strong>venisse.</strong></span> <span class='ocrx_word' id='word_1_282' title='bbox 1278 2821 1437 2890; x_wconf 77' lang='lat'><strong>166</strong></span> <span class='ocrx_word' id='word_1_283' title='bbox 1466 2820 1592 2874; x_wconf 62' lang='lat' dir='ltr'><strong>Haec</strong></span> <span class='ocrx_word' id='word_1_284' title='bbox 1612 2835 1679 2873; x_wconf 90' lang='lat' dir='ltr'><strong>eo</strong></span> <span class='ocrx_word' id='word_1_285' title='bbox 1713 2835 1887 2889; x_wconf 88' lang='lat' dir='ltr'><strong>usque</strong></span> <span class='ocrx_word' id='word_1_286' title='bbox 1927 2827 2215 2889; x_wconf 85' lang='lat' dir='ltr'><strong>pervagata</strong></span> <span class='ocrx_word' id='word_1_287' title='bbox 2237 2826 2321 2873; x_wconf 89' lang='lat' dir='ltr'><strong>est</strong></span> 
     </span>
    </p>
   </div>
   <div class='ocr_carea' id='block_1_44' title="bbox 744 2910 2318 2983">
    <p class='ocr_par' dir='ltr' id='par_1_44' title="bbox 744 2910 2318 2983">
     <span class='ocr_line' id='line_1_44' title="bbox 744 2910 2318 2983; baseline -0.003 -16"><span class='ocrx_word' id='word_1_288' title='bbox 744 2914 909 2975; x_wconf 81' lang='lat' dir='ltr'><strong>fama,</strong></span> <span class='ocrx_word' id='word_1_289' title='bbox 939 2920 1000 2966; x_wconf 95' lang='lat' dir='ltr'><strong>ut</strong></span> <span class='ocrx_word' id='word_1_290' title='bbox 1038 2912 1305 2983; x_wconf 83' lang='lat' dir='ltr'><strong>Cyrillum</strong></span> <span class='ocrx_word' id='word_1_291' title='bbox 1351 2911 1593 2980; x_wconf 80' lang='lat' dir='ltr'><strong>coegerit</strong></span> <span class='ocrx_word' id='word_1_292' title='bbox 1624 2920 1813 2980; x_wconf 90' lang='lat' dir='ltr'><strong>postea</strong></span> <span class='ocrx_word' id='word_1_293' title='bbox 1845 2911 1912 2965; x_wconf 91' lang='lat' dir='ltr'><strong>ad</strong></span> <span class='ocrx_word' id='word_1_294' title='bbox 1963 2910 2318 2975; x_wconf 82' lang='lat' dir='ltr'><strong>calumniam,</strong></span> 
     </span>
    </p>
   </div>
   <div class='ocr_carea' id='block_1_45' title="bbox 745 2998 2317 3071">
    <p class='ocr_par' dir='ltr' id='par_1_45' title="bbox 745 2998 2317 3071">
     <span class='ocr_line' id='line_1_45' title="bbox 745 2998 2317 3071; baseline -0.001 -16"><span class='ocrx_word' id='word_1_295' title='bbox 745 3017 855 3055; x_wconf 90' lang='lat' dir='ltr'><strong>non</strong></span> <span class='ocrx_word' id='word_1_296' title='bbox 875 3001 1193 3071; x_wconf 88' lang='lat' dir='ltr'><strong>injuriosam</strong></span> <span class='ocrx_word' id='word_1_297' title='bbox 1215 3000 1388 3070; x_wconf 85' lang='lat' dir='ltr'><strong>magis</strong></span> <span class='ocrx_word' id='word_1_298' title='bbox 1408 3015 1571 3069; x_wconf 89' lang='lat' dir='ltr'><strong>quam</strong></span> <span class='ocrx_word' id='word_1_299' title='bbox 1600 3000 1960 3069; x_wconf 85' lang='lat' dir='ltr'><strong>probabilem,</strong></span> <span class='ocrx_word' id='word_1_300' title='bbox 1979 2998 2317 3067; x_wconf 89' lang='lat' dir='ltr'><strong>diluendam,</strong></span> 
     </span>
    </p>
   </div>
   <div class='ocr_carea' id='block_1_46' title="bbox 747 3090 2321 3162">
    <p class='ocr_par' dir='ltr' id='par_1_46' title="bbox 747 3090 2321 3162">
     <span class='ocr_line' id='line_1_46' title="bbox 747 3090 2321 3162; baseline -0.001 -16"><span class='ocrx_word' id='word_1_301' title='bbox 747 3093 991 3147; x_wconf 88' lang='lat' dir='ltr'><strong>scribere</strong></span> <span class='ocrx_word' id='word_1_302' title='bbox 1020 3091 1307 3162; x_wconf 88' lang='lat' dir='ltr'><strong>epistolam</strong></span> <span class='ocrx_word' id='word_1_303' title='bbox 1337 3091 1631 3146; x_wconf 92' lang='lat' dir='ltr'><strong>admodum</strong></span> <span class='ocrx_word' id='word_1_304' title='bbox 1673 3092 1939 3160; x_wconf 76' lang='lat' dir='ltr'><strong>prolixam</strong></span> <span class='ocrx_word' id='word_1_305' title='bbox 1978 3091 2178 3145; x_wconf 82' lang='lat' dir='ltr'><strong>Acacio</strong></span> <span class='ocrx_word' id='word_1_306' title='bbox 2208 3090 2321 3145; x_wconf 86' lang='lat' dir='ltr'><strong>Me-</strong></span> 
     </span>
    </p>
   </div>
   <div class='ocr_carea' id='block_1_47' title="bbox 2415 1965 3986 2062">
    <p class='ocr_par' dir='ltr' id='par_1_47' title="bbox 2415 1965 3986 2062">
     <span class='ocr_line' id='line_1_47' title="bbox 2415 1965 3986 2062; baseline -0.021 -12"><span class='ocrx_word' id='word_1_307' title='bbox 2415 2011 2479 2049; x_wconf 88' lang='lat' dir='ltr'><strong>ae</strong></span> <span class='ocrx_word' id='word_1_308' title='bbox 2502 1993 2749 2062; x_wconf 90' lang='lat' dir='ltr'><strong>impium,</strong></span> <span class='ocrx_word' id='word_1_309' title='bbox 2777 2003 2903 2043; x_wconf 91' lang='lat' dir='ltr'><strong>cum</strong></span> <span class='ocrx_word' id='word_1_310' title='bbox 2928 1986 3037 2040; x_wconf 91' lang='lat' dir='ltr'><strong>duo</strong></span> <span class='ocrx_word' id='word_1_311' title='bbox 3061 1991 3187 2038; x_wconf 89' lang='lat' dir='ltr'><strong>sunt</strong></span> <span class='ocrx_word' id='word_1_312' title='bbox 3208 1981 3275 2035; x_wconf 93' lang='lat' dir='ltr'><strong>de</strong></span> <span class='ocrx_word' id='word_1_313' title='bbox 3311 1976 3505 2032; x_wconf 90' lang='lat' dir='ltr'><strong>iisdem</strong></span> <span class='ocrx_word' id='word_1_314' title='bbox 3528 1968 3859 2027; x_wconf 88' lang='lat' dir='ltr'><strong>criminibus</strong></span> <span class='ocrx_word' id='word_1_315' title='bbox 3882 1965 3986 2027; x_wconf 89' lang='lat' dir='ltr'><strong>rei,</strong></span> 
     </span>
    </p>
   </div>
   <div class='ocr_carea' id='block_1_48' title="bbox 2415 2059 3990 2152">
    <p class='ocr_par' dir='ltr' id='par_1_48' title="bbox 2415 2059 3990 2152">
     <span class='ocr_line' id='line_1_48' title="bbox 2415 2059 3990 2152; baseline -0.02 -12"><span class='ocrx_word' id='word_1_316' title='bbox 2415 2059 2987 2152; x_wconf 80' lang='lat' dir='ltr'><strong>alteriindulgentiam</strong></span> <span class='ocrx_word' id='word_1_317' title='bbox 3026 2069 3390 2137; x_wconf 89' lang='lat' dir='ltr'><strong>tribui,alteri</strong></span> <span class='ocrx_word' id='word_1_318' title='bbox 3424 2063 3758 2138; x_wconf 72' lang='lat' dir='ltr'><strong>pmnitentia:</strong></span> <span class='ocrx_word' id='word_1_319' title='bbox 3787 2059 3990 2114; x_wconf 88' lang='lat' dir='ltr'><strong>ostium</strong></span> 
     </span>
    </p>
   </div>
   <div class='ocr_carea' id='block_1_49' title="bbox 2413 2148 3988 2240">
    <p class='ocr_par' dir='ltr' id='par_1_49' title="bbox 2413 2148 3988 2240">
     <span class='ocr_line' id='line_1_49' title="bbox 2413 2148 3988 2240; baseline -0.02 -7"><span class='ocrx_word' id='word_1_320' title='bbox 2413 2178 2616 2233; x_wconf 91' lang='lat' dir='ltr'><strong>claudi.</strong></span> <span class='ocrx_word' id='word_1_321' title='bbox 2675 2148 2879 2229; x_wconf 75' lang='lat' dir='ltr'><strong>Verum</strong></span> <span class='ocrx_word' id='word_1_322' title='bbox 2934 2167 3180 2240; x_wconf 65' lang='lat' dir='ltr'><strong>epistolae</strong></span> <span class='ocrx_word' id='word_1_323' title='bbox 3228 2176 3395 2234; x_wconf 88' lang='lat' dir='ltr'><strong>pars,</strong></span> <span class='ocrx_word' id='word_1_324' title='bbox 3447 2172 3572 2227; x_wconf 69' lang='lat' dir='ltr'><strong>quae</strong></span> <span class='ocrx_word' id='word_1_325' title='bbox 3612 2151 3871 2225; x_wconf 90' lang='lat' dir='ltr'><strong>synodica</strong></span> <span class='ocrx_word' id='word_1_326' title='bbox 3904 2148 3988 2202; x_wconf 85' lang='lat' dir='ltr'><strong>vi-</strong></span> 
     </span>
    </p>
   </div>
   <div class='ocr_carea' id='block_1_50' title="bbox 2416 2249 3988 2335">
    <p class='ocr_par' dir='ltr' id='par_1_50' title="bbox 2416 2249 3988 2335">
     <span class='ocr_line' id='line_1_50' title="bbox 2416 2249 3988 2335; baseline -0.022 -8"><span class='ocrx_word' id='word_1_327' title='bbox 2416 2272 2600 2335; x_wconf 91' lang='lat' dir='ltr'><strong>detur,</strong></span> <span class='ocrx_word' id='word_1_328' title='bbox 2655 2261 3016 2323; x_wconf 76' lang='lat' dir='ltr'><strong>exscribenda</strong></span> <span class='ocrx_word' id='word_1_329' title='bbox 3073 2267 3177 2314; x_wconf 90' lang='lat' dir='ltr'><strong>est.</strong></span> <span class='ocrx_word' id='word_1_330' title='bbox 3247 2274 3265 2305; x_wconf 86' lang='grc'>‹</span> <span class='ocrx_word' id='word_1_331' title='bbox 3321 2249 3688 2308; x_wconf 90' lang='lat' dir='ltr'><strong>Intentionem</strong></span> <span class='ocrx_word' id='word_1_332' title='bbox 3741 2252 3988 2297; x_wconf 90' lang='lat' dir='ltr'><strong>nostram</strong></span> 
     </span>
    </p>
   </div>
   <div class='ocr_carea' id='block_1_51' title="bbox 2416 2333 3990 2418">
    <p class='ocr_par' dir='ltr' id='par_1_51' title="bbox 2416 2333 3990 2418">
     <span class='ocr_line' id='line_1_51' title="bbox 2416 2333 3990 2418; baseline -0.021 0"><span class='ocrx_word' id='word_1_333' title='bbox 2416 2333 2623 2418; x_wconf 87' lang='lat' dir='ltr'><strong>certam</strong></span> <span class='ocrx_word' id='word_1_334' title='bbox 2673 2366 2781 2411; x_wconf 75' lang='lat' dir='ltr'><strong>tuae</strong></span> <span class='ocrx_word' id='word_1_335' title='bbox 2835 2354 3067 2408; x_wconf 76' lang='lat' dir='ltr'><strong>facimus</strong></span> <span class='ocrx_word' id='word_1_336' title='bbox 3110 2345 3426 2406; x_wconf 90' lang='lat' dir='ltr'><strong>sanctitati,</strong></span> <span class='ocrx_word' id='word_1_337' title='bbox 3458 2345 3476 2361; x_wconf 86' lang='lat'><strong><em>‘</em></strong></span> <span class='ocrx_word' id='word_1_338' title='bbox 3519 2336 3687 2410; x_wconf 89' lang='lat' dir='ltr'><strong>quod,</strong></span> <span class='ocrx_word' id='word_1_339' title='bbox 3720 2333 3877 2389; x_wconf 88' lang='lat' dir='ltr'><strong>lectis</strong></span> <span class='ocrx_word' id='word_1_340' title='bbox 3923 2347 3990 2385; x_wconf 78' lang='lat' dir='ltr'><strong>ex</strong></span> 
     </span>
    </p>
   </div>
   <div class='ocr_carea' id='block_1_52' title="bbox 2416 2422 3989 2525">
    <p class='ocr_par' dir='ltr' id='par_1_52' title="bbox 2416 2422 3989 2525">
     <span class='ocr_line' id='line_1_52' title="bbox 2416 2422 3989 2525; baseline -0.021 -15"><span class='ocrx_word' id='word_1_341' title='bbox 2416 2454 2645 2525; x_wconf 60' lang='lat' dir='ltr'><strong>[Egypto</strong></span> <span class='ocrx_word' id='word_1_342' title='bbox 2671 2448 2871 2507; x_wconf 87' lang='lat' dir='ltr'><strong>litteris</strong></span> <span class='ocrx_word' id='word_1_343' title='bbox 2898 2442 3204 2505; x_wconf 88' lang='lat' dir='ltr'><strong>destinatis,</strong></span> <span class='ocrx_word' id='word_1_344' title='bbox 3256 2448 3311 2493; x_wconf 89' lang='lat' dir='ltr'><strong>et</strong></span> <span class='ocrx_word' id='word_1_345' title='bbox 3339 2434 3482 2505; x_wconf 90' lang='lat' dir='ltr'><strong>apud</strong></span> <span class='ocrx_word' id='word_1_346' title='bbox 3530 2445 3632 2485; x_wconf 88' lang='lat' dir='ltr'><strong>nos</strong></span> <span class='ocrx_word' id='word_1_347' title='bbox 3662 2442 3805 2525; x_wconf 65' lang='lat' dir='ltr'><strong>saepe</strong></span> <span class='ocrx_word' id='word_1_348' title='bbox 3833 2422 3989 2493; x_wconf 80' lang='lat'><strong>167</strong></span> 
     </span>
    </p>
   </div>
   <div class='ocr_carea' id='block_1_53' title="bbox 2417 2518 3992 2605">
    <p class='ocr_par' dir='ltr' id='par_1_53' title="bbox 2417 2518 3992 2605">
     <span class='ocr_line' id='line_1_53' title="bbox 2417 2518 3992 2605; baseline -0.023 -4"><span class='ocrx_word' id='word_1_349' title='bbox 2417 2543 2704 2605; x_wconf 88' lang='lat' dir='ltr'><strong>discussis,</strong></span> <span class='ocrx_word' id='word_1_350' title='bbox 2751 2537 3062 2595; x_wconf 85' lang='lat' dir='ltr'><strong>invenimus</strong></span> <span class='ocrx_word' id='word_1_351' title='bbox 3114 2547 3206 2586; x_wconf 87' lang='lat' dir='ltr'><strong>eas</strong></span> <span class='ocrx_word' id='word_1_352' title='bbox 3256 2526 3524 2583; x_wconf 68' lang='lat' dir='ltr'><strong>doctrina:</strong></span> <span class='ocrx_word' id='word_1_353' title='bbox 3583 2519 3806 2590; x_wconf 89' lang='lat' dir='ltr'><strong>quidem</strong></span> <span class='ocrx_word' id='word_1_354' title='bbox 3856 2518 3992 2568; x_wconf 77' lang='lat' dir='ltr'><strong>cnn-</strong></span> 
     </span>
    </p>
   </div>
   <div class='ocr_carea' id='block_1_54' title="bbox 2418 2609 3991 2706">
    <p class='ocr_par' dir='ltr' id='par_1_54' title="bbox 2418 2609 3991 2706">
     <span class='ocr_line' id='line_1_54' title="bbox 2418 2609 3991 2706; baseline -0.022 -15"><span class='ocrx_word' id='word_1_355' title='bbox 2418 2641 2680 2706; x_wconf 67' lang='lat' dir='ltr'><strong>gruentes</strong></span> <span class='ocrx_word' id='word_1_356' title='bbox 2708 2629 2997 2691; x_wconf 64' lang='lat' dir='ltr'><strong>Ecclesiae;</strong></span> <span class='ocrx_word' id='word_1_357' title='bbox 3043 2621 3335 2679; x_wconf 90' lang='lat' dir='ltr'><strong>duodecim</strong></span> <span class='ocrx_word' id='word_1_358' title='bbox 3380 2630 3514 2670; x_wconf 89' lang='lat' dir='ltr'><strong>vero</strong></span> <span class='ocrx_word' id='word_1_359' title='bbox 3554 2609 3813 2681; x_wconf 86' lang='lat' dir='ltr'><strong>capitulis</strong></span> <span class='ocrx_word' id='word_1_360' title='bbox 3856 2621 3991 2659; x_wconf 89' lang='lat' dir='ltr'><strong>con-</strong></span> 
     </span>
    </p>
   </div>
   <div class='ocr_carea' id='block_1_55' title="bbox 2424 2696 3992 2790">
    <p class='ocr_par' dir='ltr' id='par_1_55' title="bbox 2424 2696 3992 2790">
     <span class='ocr_line' id='line_1_55' title="bbox 2424 2696 3992 2790; baseline -0.021 -9"><span class='ocrx_word' id='word_1_361' title='bbox 2424 2725 2616 2781; x_wconf 84' lang='lat' dir='ltr'><strong>trarias</strong></span> <span class='ocrx_word' id='word_1_362' title='bbox 2649 2737 2772 2777; x_wconf 90' lang='lat' dir='ltr'><strong>esse</strong></span> <span class='ocrx_word' id='word_1_363' title='bbox 2812 2717 3188 2790; x_wconf 91' lang='lat' dir='ltr'><strong>probavimus,</strong></span> <span class='ocrx_word' id='word_1_364' title='bbox 3224 2726 3346 2781; x_wconf 67' lang='lat' dir='ltr'><strong>qua:</strong></span> <span class='ocrx_word' id='word_1_365' title='bbox 3370 2719 3543 2775; x_wconf 90' lang='lat' dir='ltr'><strong>usque</strong></span> <span class='ocrx_word' id='word_1_366' title='bbox 3595 2696 3992 2771; x_wconf 67' lang='lat' dir='ltr'><strong>imprazscntia-</strong></span> 
     </span>
    </p>
   </div>
   <div class='ocr_carea' id='block_1_56' title="bbox 2422 2786 3994 2881">
    <p class='ocr_par' dir='ltr' id='par_1_56' title="bbox 2422 2786 3994 2881">
     <span class='ocr_line' id='line_1_56' title="bbox 2422 2786 3994 2881; baseline -0.02 -11"><span class='ocrx_word' id='word_1_367' title='bbox 2422 2832 2544 2872; x_wconf 90' lang='lat' dir='ltr'><strong>rum</strong></span> <span class='ocrx_word' id='word_1_368' title='bbox 2589 2786 2909 2881; x_wconf 80' lang='lat' dir='ltr'><strong>impugnare</strong></span> <span class='ocrx_word' id='word_1_369' title='bbox 2962 2805 3326 2876; x_wconf 87' lang='lat' dir='ltr'><strong>perstitimus.</strong></span> <span class='ocrx_word' id='word_1_370' title='bbox 3379 2796 3589 2854; x_wconf 85' lang='lat' dir='ltr'><strong>Placuit</strong></span> <span class='ocrx_word' id='word_1_371' title='bbox 3628 2793 3791 2862; x_wconf 81' lang='lat' dir='ltr'><strong>igitur</strong></span> <span class='ocrx_word' id='word_1_372' title='bbox 3833 2786 3994 2881; x_wconf 72' lang='lat' dir='ltr'><strong>nobis</strong></span> 
     </span>
    </p>
   </div>
   <div class='ocr_carea' id='block_1_57' title="bbox 2422 2876 3994 2970">
    <p class='ocr_par' dir='ltr' id='par_1_57' title="bbox 2422 2876 3994 2970">
     <span class='ocr_line' id='line_1_57' title="bbox 2422 2876 3994 2970; baseline -0.022 -9"><span class='ocrx_word' id='word_1_373' title='bbox 2422 2915 2502 2970; x_wconf 93' lang='lat' dir='ltr'><strong>ut,</strong></span> <span class='ocrx_word' id='word_1_374' title='bbox 2531 2906 2576 2960; x_wconf 91' lang='lat' dir='ltr'><strong>si</strong></span> <span class='ocrx_word' id='word_1_375' title='bbox 2605 2903 2925 2958; x_wconf 90' lang='lat' dir='ltr'><strong>sanctitates</strong></span> <span class='ocrx_word' id='word_1_376' title='bbox 2949 2906 3142 2952; x_wconf 70' lang='lat' dir='ltr'><strong>vestrae</strong></span> <span class='ocrx_word' id='word_1_377' title='bbox 3168 2892 3479 2962; x_wconf 84' lang='lat' dir='ltr'><strong>receperint</strong></span> <span class='ocrx_word' id='word_1_378' title='bbox 3493 2882 3764 2941; x_wconf 89' lang='lat' dir='ltr'><strong>Ecclesias</strong></span> <span class='ocrx_word' id='word_1_379' title='bbox 3793 2876 3994 2932; x_wconf 83' lang='lat' dir='ltr'><strong>divini-</strong></span> 
     </span>
    </p>
   </div>
   <div class='ocr_carea' id='block_1_58' title="bbox 2422 2968 3997 3057">
    <p class='ocr_par' dir='ltr' id='par_1_58' title="bbox 2422 2968 3997 3057">
     <span class='ocr_line' id='line_1_58' title="bbox 2422 2968 3997 3057; baseline -0.021 -4"><span class='ocrx_word' id='word_1_380' title='bbox 2422 2968 2511 3053; x_wconf 84' lang='lat' dir='ltr'><strong>tus</strong></span> <span class='ocrx_word' id='word_1_381' title='bbox 2532 2996 2633 3052; x_wconf 90' lang='lat' dir='ltr'><strong>sibi</strong></span> <span class='ocrx_word' id='word_1_382' title='bbox 2654 2992 2990 3052; x_wconf 84' lang='lat' dir='ltr'><strong>commissas,</strong></span> <span class='ocrx_word' id='word_1_383' title='bbox 3016 2986 3281 3057; x_wconf 70' lang='lat' dir='ltr'><strong>.Egyptiis</strong></span> <span class='ocrx_word' id='word_1_384' title='bbox 3301 2993 3357 3037; x_wconf 91' lang='lat' dir='ltr'><strong>et</strong></span> <span class='ocrx_word' id='word_1_385' title='bbox 3376 2968 3997 3043; x_wconf 86' lang='lat' dir='ltr'><strong>Constantinopolitauis</strong></span> 
     </span>
    </p>
   </div>
   <div class='ocr_carea' id='block_1_59' title="bbox 2431 3059 3998 3148">
    <p class='ocr_par' dir='ltr' id='par_1_59' title="bbox 2431 3059 3998 3148">
     <span class='ocr_line' id='line_1_59' title="bbox 2431 3059 3998 3148; baseline -0.019 -5"><span class='ocrx_word' id='word_1_386' title='bbox 2431 3086 2857 3147; x_wconf 87' lang='lat' dir='ltr'><strong>communicare,</strong></span> <span class='ocrx_word' id='word_1_387' title='bbox 2913 3080 3168 3148; x_wconf 87' lang='lat' dir='ltr'><strong>aliisque,</strong></span> <span class='ocrx_word' id='word_1_388' title='bbox 3218 3074 3311 3145; x_wconf 90' lang='lat' dir='ltr'><strong>qui</strong></span> <span class='ocrx_word' id='word_1_389' title='bbox 3349 3079 3541 3128; x_wconf 87' lang='lat' dir='ltr'><strong>contra</strong></span> <span class='ocrx_word' id='word_1_390' title='bbox 3600 3082 3702 3122; x_wconf 89' lang='lat' dir='ltr'><strong>nos</strong></span> <span class='ocrx_word' id='word_1_391' title='bbox 3747 3077 3873 3118; x_wconf 89' lang='lat' dir='ltr'><strong>cum</strong></span> <span class='ocrx_word' id='word_1_392' title='bbox 3916 3059 3998 3113; x_wconf 80' lang='lat' dir='ltr'><strong>eis</strong></span> 
     </span>
    </p>
   </div>
   <div class='ocr_carea' id='block_1_60' title="bbox 748 3151 3999 3272">
    <p class='ocr_par' dir='ltr' id='par_1_60' title="bbox 748 3151 3999 3272">
     <span class='ocr_line' id='line_1_60' title="bbox 748 3151 3999 3272; baseline -0.01 -33"><span class='ocrx_word' id='word_1_393' title='bbox 748 3184 949 3239; x_wconf 76' lang='lat' dir='ltr'><strong>litenes</strong></span> <span class='ocrx_word' id='word_1_394' title='bbox 982 3185 1241 3253; x_wconf 88' lang='lat' dir='ltr'><strong>episcopo</strong></span> <span class='ocrx_word' id='word_1_395' title='bbox 1260 3184 1330 3249; x_wconf 80' lang='lat'><strong>&#39;°,</strong></span> <span class='ocrx_word' id='word_1_396' title='bbox 1364 3200 1394 3238; x_wconf 91' lang='lat' dir='ltr'><strong>a</strong></span> <span class='ocrx_word' id='word_1_397' title='bbox 1427 3199 1537 3253; x_wconf 93' lang='lat' dir='ltr'><strong>quo</strong></span> <span class='ocrx_word' id='word_1_398' title='bbox 1565 3183 1633 3238; x_wconf 91' lang='lat' dir='ltr'><strong>de</strong></span> <span class='ocrx_word' id='word_1_399' title='bbox 1667 3183 2001 3237; x_wconf 90' lang='lat' dir='ltr'><strong>Theodoreti</strong></span> <span class='ocrx_word' id='word_1_400' title='bbox 2042 3182 2317 3236; x_wconf 86' lang='lat' dir='ltr'><strong>sermoni—</strong></span> <span class='ocrx_word' id='word_1_401' title='bbox 2350 3214 2393 3272; x_wconf 63' lang='grc' dir='ltr'>α</span> <span class='ocrx_word' id='word_1_402' title='bbox 2429 3179 2697 3233; x_wconf 88' lang='lat' dir='ltr'><strong>militasse</strong></span> <span class='ocrx_word' id='word_1_403' title='bbox 2742 3178 3047 3230; x_wconf 91' lang='lat' dir='ltr'><strong>noscuntur</strong></span> <span class='ocrx_word' id='word_1_404' title='bbox 3076 3188 3090 3223; x_wconf 91' lang='lat'><strong>:</strong></span> <span class='ocrx_word' id='word_1_405' title='bbox 3123 3168 3252 3239; x_wconf 91' lang='lat' dir='ltr'><strong>quia</strong></span> <span class='ocrx_word' id='word_1_406' title='bbox 3302 3174 3549 3219; x_wconf 87' lang='lat' dir='ltr'><strong>nostram</strong></span> <span class='ocrx_word' id='word_1_407' title='bbox 3600 3157 3785 3219; x_wconf 83' lang='lat' dir='ltr'><strong>ﬁdem,</strong></span> <span class='ocrx_word' id='word_1_408' title='bbox 3825 3151 3999 3222; x_wconf 82' lang='lat' dir='ltr'><strong>magis</strong></span> 
     </span>
     <span class='ocr_line' id='line_1_61' title="bbox 2859 3248 3997 3272; baseline 0 0"><span class='ocrx_word' id='word_1_409' title='bbox 2859 3263 2872 3272; x_wconf 85' lang='lat'>.</span> <span class='ocrx_word' id='word_1_410' title='bbox 3269 3257 3283 3272; x_wconf 85' lang='lat' dir='ltr'><strong>I</strong></span> <span class='ocrx_word' id='word_1_411' title='bbox 3342 3257 3358 3272; x_wconf 88' lang='lat' dir='ltr'><strong>I</strong></span> <span class='ocrx_word' id='word_1_412' title='bbox 3392 3270 3401 3272; x_wconf 68' lang='lat'><strong><em>_</em></strong></span> <span class='ocrx_word' id='word_1_413' title='bbox 3452 3269 3466 3272; x_wconf 84' lang='lat'>_</span> <span class='ocrx_word' id='word_1_414' title='bbox 3542 3248 3770 3272; x_wconf 70' lang='lat' dir='ltr'><strong>__-l‘-....:</strong></span> <span class='ocrx_word' id='word_1_415' title='bbox 3829 3252 3953 3272; x_wconf 57' lang='lat' dir='ltr'><strong>anni</strong></span> <span class='ocrx_word' id='word_1_416' title='bbox 3982 3258 3997 3272; x_wconf 79' lang='grc' dir='ltr'><strong>ο</strong></span> 
     </span>
    </p>
   </div>
   <div class='ocr_carea' id='block_1_61' title="bbox 747 3273 2322 3344">
    <p class='ocr_par' dir='ltr' id='par_1_61' title="bbox 747 3273 2322 3344">
     <span class='ocr_line' id='line_1_62' title="bbox 747 3273 2322 3344; baseline -0.002 -15"><span class='ocrx_word' id='word_1_417' title='bbox 747 3276 856 3330; x_wconf 87' lang='lat' dir='ltr'><strong>bus</strong></span> <span class='ocrx_word' id='word_1_418' title='bbox 918 3276 1162 3330; x_wconf 88' lang='lat' dir='ltr'><strong>monitus</strong></span> <span class='ocrx_word' id='word_1_419' title='bbox 1208 3285 1347 3340; x_wconf 90' lang='lat' dir='ltr'><strong>erat,</strong></span> <span class='ocrx_word' id='word_1_420' title='bbox 1381 3284 1437 3331; x_wconf 93' lang='lat' dir='ltr'><strong>et</strong></span> <span class='ocrx_word' id='word_1_421' title='bbox 1465 3275 1651 3341; x_wconf 90' lang='lat' dir='ltr'><strong>simul,</strong></span> <span class='ocrx_word' id='word_1_422' title='bbox 1694 3284 1918 3344; x_wconf 92' lang='lat' dir='ltr'><strong>propter</strong></span> <span class='ocrx_word' id='word_1_423' title='bbox 1968 3273 2166 3327; x_wconf 80' lang='lat' dir='ltr'><strong>factam</strong></span> <span class='ocrx_word' id='word_1_424' title='bbox 2197 3289 2322 3329; x_wconf 92' lang='lat' dir='ltr'><strong>cum</strong></span> 
     </span>
    </p>
   </div>
   <div class='ocr_carea' id='block_1_62' title="bbox 748 3363 2326 3435">
    <p class='ocr_par' dir='ltr' id='par_1_62' title="bbox 748 3363 2326 3435">
     <span class='ocr_line' id='line_1_63' title="bbox 748 3363 2326 3435; baseline -0.002 -14"><span class='ocrx_word' id='word_1_425' title='bbox 748 3366 1120 3421; x_wconf 88' lang='lat' dir='ltr'><strong>Orientalibus</strong></span> <span class='ocrx_word' id='word_1_426' title='bbox 1142 3366 1512 3430; x_wconf 89' lang='lat' dir='ltr'><strong>concordiam,</strong></span> <span class='ocrx_word' id='word_1_427' title='bbox 1543 3382 1683 3435; x_wconf 91' lang='lat' dir='ltr'><strong>pene</strong></span> <span class='ocrx_word' id='word_1_428' title='bbox 1731 3372 2017 3419; x_wconf 88' lang='lat' dir='ltr'><strong>accusatus</strong></span> <span class='ocrx_word' id='word_1_429' title='bbox 2056 3363 2183 3419; x_wconf 84' lang='lat' dir='ltr'><strong>ﬁdei</strong></span> <span class='ocrx_word' id='word_1_430' title='bbox 2226 3380 2326 3434; x_wconf 92' lang='lat' dir='ltr'><strong>per</strong></span> 
     </span>
    </p>
   </div>
   <div class='ocr_carea' id='block_1_63' title="bbox 751 3456 2075 3526">
    <p class='ocr_par' dir='ltr' id='par_1_63' title="bbox 751 3456 2075 3526">
     <span class='ocr_line' id='line_1_64' title="bbox 751 3456 2075 3526; baseline -0.002 -15"><span class='ocrx_word' id='word_1_431' title='bbox 751 3458 1117 3512; x_wconf 88' lang='lat' dir='ltr'><strong>inconsultam</strong></span> <span class='ocrx_word' id='word_1_432' title='bbox 1149 3473 1301 3512; x_wconf 85' lang='lat' dir='ltr'><strong>suam</strong></span> <span class='ocrx_word' id='word_1_433' title='bbox 1330 3457 1795 3526; x_wconf 89' lang='lat' dir='ltr'><strong>dispensationem</strong></span> <span class='ocrx_word' id='word_1_434' title='bbox 1828 3456 2075 3526; x_wconf 67' lang='lat' dir='ltr'><strong>proditas.</strong></span> 
     </span>
    </p>
   </div>
   <div class='ocr_carea' id='block_1_64' title="bbox 820 3543 2322 3619">
    <p class='ocr_par' dir='ltr' id='par_1_64' title="bbox 820 3543 2322 3619">
     <span class='ocr_line' id='line_1_65' title="bbox 820 3543 2322 3619; baseline -0.003 -16"><span class='ocrx_word' id='word_1_435' title='bbox 820 3548 911 3603; x_wconf 79' lang='lat' dir='ltr'><strong>Vl.</strong></span> <span class='ocrx_word' id='word_1_436' title='bbox 943 3549 1080 3603; x_wconf 91' lang='lat' dir='ltr'><strong>Dum</strong></span> <span class='ocrx_word' id='word_1_437' title='bbox 1098 3550 1377 3619; x_wconf 85' lang='lat' dir='ltr'><strong>negotium</strong></span> <span class='ocrx_word' id='word_1_438' title='bbox 1396 3549 1544 3618; x_wconf 88' lang='lat' dir='ltr'><strong>pacis</strong></span> <span class='ocrx_word' id='word_1_439' title='bbox 1558 3543 1766 3619; x_wconf 78' lang='lat' dir='ltr'><strong>geritur</strong></span> <span class='ocrx_word' id='word_1_440' title='bbox 1784 3548 1983 3618; x_wconf 86' lang='lat' dir='ltr'><strong>partim</strong></span> <span class='ocrx_word' id='word_1_441' title='bbox 2006 3548 2061 3601; x_wconf 92' lang='lat' dir='ltr'><strong>in</strong></span> <span class='ocrx_word' id='word_1_442' title='bbox 2076 3545 2322 3611; x_wconf 89' lang='lat' dir='ltr'><strong>Oriente,</strong></span> 
     </span>
    </p>
   </div>
   <div class='ocr_carea' id='block_1_65' title="bbox 752 3636 2325 3711">
    <p class='ocr_par' dir='ltr' id='par_1_65' title="bbox 752 3636 2325 3711">
     <span class='ocr_line' id='line_1_66' title="bbox 752 3636 2325 3711; baseline -0.002 -18"><span class='ocrx_word' id='word_1_443' title='bbox 752 3640 953 3711; x_wconf 86' lang='lat' dir='ltr'><strong>partim</strong></span> <span class='ocrx_word' id='word_1_444' title='bbox 987 3640 1043 3693; x_wconf 91' lang='lat' dir='ltr'><strong>in</strong></span> <span class='ocrx_word' id='word_1_445' title='bbox 1076 3639 1329 3710; x_wconf 64' lang='lat' dir='ltr'><strong>Egypto,</strong></span> <span class='ocrx_word' id='word_1_446' title='bbox 1382 3655 1492 3708; x_wconf 85' lang='lat' dir='ltr'><strong>quo</strong></span> <span class='ocrx_word' id='word_1_447' title='bbox 1545 3654 1603 3694; x_wconf 89' lang='lat' dir='ltr'><strong>se</strong></span> <span class='ocrx_word' id='word_1_448' title='bbox 1634 3640 1942 3694; x_wconf 90' lang='lat' dir='ltr'><strong>contulerat</strong></span> <span class='ocrx_word' id='word_1_449' title='bbox 1988 3636 2325 3701; x_wconf 81' lang='lat' dir='ltr'><strong>Aristolaus,</strong></span> 
     </span>
    </p>
   </div>
   <div class='ocr_carea' id='block_1_66' title="bbox 752 3727 2327 3801">
    <p class='ocr_par' dir='ltr' id='par_1_66' title="bbox 752 3727 2327 3801">
     <span class='ocr_line' id='line_1_67' title="bbox 752 3727 2327 3801; baseline -0.001 -16"><span class='ocrx_word' id='word_1_450' title='bbox 752 3738 1017 3800; x_wconf 57' lang='lat' dir='ltr'><strong>pertaesus</strong></span> <span class='ocrx_word' id='word_1_451' title='bbox 1042 3746 1341 3795; x_wconf 86' lang='lat' dir='ltr'><strong>morarum,</strong></span> <span class='ocrx_word' id='word_1_452' title='bbox 1368 3746 1510 3801; x_wconf 88' lang='lat' dir='ltr'><strong>quas</strong></span> <span class='ocrx_word' id='word_1_453' title='bbox 1554 3729 1793 3799; x_wconf 89' lang='lat' dir='ltr'><strong>partium</strong></span> <span class='ocrx_word' id='word_1_454' title='bbox 1818 3727 2102 3783; x_wconf 88' lang='lat' dir='ltr'><strong>contentio</strong></span> <span class='ocrx_word' id='word_1_455' title='bbox 2141 3735 2327 3783; x_wconf 87' lang='lat' dir='ltr'><strong>necte-</strong></span> 
     </span>
    </p>
   </div>
   <div class='ocr_carea' id='block_1_67' title="bbox 753 3818 2327 3890">
    <p class='ocr_par' dir='ltr' id='par_1_67' title="bbox 753 3818 2327 3890">
     <span class='ocr_line' id='line_1_68' title="bbox 753 3818 2327 3890; baseline -0.001 -15"><span class='ocrx_word' id='word_1_456' title='bbox 753 3819 868 3884; x_wconf 83' lang='lat' dir='ltr'><strong>bat,</strong></span> <span class='ocrx_word' id='word_1_457' title='bbox 897 3820 1305 3885; x_wconf 87' lang='lat' dir='ltr'><strong>Theodoretus,</strong></span> <span class='ocrx_word' id='word_1_458' title='bbox 1337 3836 1479 3890; x_wconf 67' lang='lat' dir='ltr'><strong>aegre</strong></span> <span class='ocrx_word' id='word_1_459' title='bbox 1532 3820 1715 3875; x_wconf 79' lang='lat' dir='ltr'><strong>ferens</strong></span> <span class='ocrx_word' id='word_1_460' title='bbox 1757 3836 1875 3875; x_wconf 90' lang='lat' dir='ltr'><strong>rem</strong></span> <span class='ocrx_word' id='word_1_461' title='bbox 1938 3835 2051 3874; x_wconf 90' lang='lat' dir='ltr'><strong>non</strong></span> <span class='ocrx_word' id='word_1_462' title='bbox 2103 3818 2327 3874; x_wconf 88' lang='lat' dir='ltr'><strong>evenire</strong></span> 
     </span>
    </p>
   </div>
   <div class='ocr_carea' id='block_1_68' title="bbox 752 3910 2328 3981">
    <p class='ocr_par' dir='ltr' id='par_1_68' title="bbox 752 3910 2328 3981">
     <span class='ocr_line' id='line_1_69' title="bbox 752 3910 2328 3981; baseline -0.001 -17"><span class='ocrx_word' id='word_1_463' title='bbox 752 3925 820 3965; x_wconf 78' lang='lat' dir='ltr'><strong>ex</strong></span> <span class='ocrx_word' id='word_1_464' title='bbox 840 3910 1008 3965; x_wconf 86' lang='lat' dir='ltr'><strong>animi</strong></span> <span class='ocrx_word' id='word_1_465' title='bbox 1039 3911 1123 3966; x_wconf 88' lang='lat' dir='ltr'><strong>sui</strong></span> <span class='ocrx_word' id='word_1_466' title='bbox 1147 3912 1439 3976; x_wconf 89' lang='lat' dir='ltr'><strong>sententia,</strong></span> <span class='ocrx_word' id='word_1_467' title='bbox 1470 3912 1680 3966; x_wconf 88' lang='lat' dir='ltr'><strong>litteras</strong></span> <span class='ocrx_word' id='word_1_468' title='bbox 1713 3912 1865 3967; x_wconf 91' lang='lat' dir='ltr'><strong>dedit</strong></span> <span class='ocrx_word' id='word_1_469' title='bbox 1888 3914 1933 3944; x_wconf 79' lang='lat'><strong><em>°°</em></strong></span> <span class='ocrx_word' id='word_1_470' title='bbox 1964 3911 2031 3966; x_wconf 90' lang='lat' dir='ltr'><strong>ad</strong></span> <span class='ocrx_word' id='word_1_471' title='bbox 2051 3910 2328 3981; x_wconf 87' lang='lat' dir='ltr'><strong>geminum</strong></span> 
     </span>
    </p>
   </div>
   <div class='ocr_carea' id='block_1_69' title="bbox 754 4000 2327 4071">
    <p class='ocr_par' dir='ltr' id='par_1_69' title="bbox 754 4000 2327 4071">
     <span class='ocr_line' id='line_1_70' title="bbox 754 4000 2327 4071; baseline -0.003 -15"><span class='ocrx_word' id='word_1_472' title='bbox 754 4000 1053 4065; x_wconf 75' lang='lat' dir='ltr'><strong>Andream,</strong></span> <span class='ocrx_word' id='word_1_473' title='bbox 1074 4003 1404 4057; x_wconf 84' lang='lat' dir='ltr'><strong>monachum</strong></span> <span class='ocrx_word' id='word_1_474' title='bbox 1432 4002 1642 4058; x_wconf 89' lang='lat' dir='ltr'><strong>scilicet</strong></span> <span class='ocrx_word' id='word_1_475' title='bbox 1656 4001 2327 4071; x_wconf 87' lang='lat' dir='ltr'><strong>Constantinopolitanum</strong></span> 
     </span>
    </p>
   </div>
   <div class='ocr_carea' id='block_1_70' title="bbox 755 4091 2330 4164">
    <p class='ocr_par' dir='ltr' id='par_1_70' title="bbox 755 4091 2330 4164">
     <span class='ocr_line' id='line_1_71' title="bbox 755 4091 2330 4164; baseline -0.001 -17"><span class='ocrx_word' id='word_1_476' title='bbox 755 4102 814 4148; x_wconf 85' lang='lat' dir='ltr'><strong>et</strong></span> <span class='ocrx_word' id='word_1_477' title='bbox 828 4092 1240 4148; x_wconf 88' lang='lat' dir='ltr'><strong>Samosatenum</strong></span> <span class='ocrx_word' id='word_1_478' title='bbox 1261 4094 1580 4164; x_wconf 89' lang='lat' dir='ltr'><strong>episcopum</strong></span> <span class='ocrx_word' id='word_1_479' title='bbox 1608 4111 1621 4147; x_wconf 87' lang='lat'><strong>:</strong></span> <span class='ocrx_word' id='word_1_480' title='bbox 1657 4092 1810 4149; x_wconf 89' lang='lat' dir='ltr'><strong>dedit</strong></span> <span class='ocrx_word' id='word_1_481' title='bbox 1830 4094 2036 4163; x_wconf 87' lang='lat' dir='ltr'><strong>pariter</strong></span> <span class='ocrx_word' id='word_1_482' title='bbox 2065 4091 2131 4146; x_wconf 89' lang='lat' dir='ltr'><strong>ad</strong></span> <span class='ocrx_word' id='word_1_483' title='bbox 2162 4091 2330 4147; x_wconf 79' lang='lat' dir='ltr'><strong>Joan—</strong></span> 
     </span>
    </p>
   </div>
   <div class='ocr_carea' id='block_1_71' title="bbox 757 4183 2328 4254">
    <p class='ocr_par' dir='ltr' id='par_1_71' title="bbox 757 4183 2328 4254">
     <span class='ocr_line' id='line_1_72' title="bbox 757 4183 2328 4254; baseline -0.002 -17"><span class='ocrx_word' id='word_1_484' title='bbox 757 4198 882 4237; x_wconf 90' lang='lat' dir='ltr'><strong>nem</strong></span> <span class='ocrx_word' id='word_1_485' title='bbox 904 4183 1303 4239; x_wconf 84' lang='lat' dir='ltr'><strong>Antiochenum</strong></span> <span class='ocrx_word' id='word_1_486' title='bbox 1329 4194 1491 4254; x_wconf 89' lang='lat' dir='ltr'><strong>atque</strong></span> <span class='ocrx_word' id='word_1_487' title='bbox 1523 4184 1802 4239; x_wconf 83' lang='lat' dir='ltr'><strong>Himerum</strong></span> <span class='ocrx_word' id='word_1_488' title='bbox 1828 4184 2328 4245; x_wconf 86' lang='lat' dir='ltr'><strong>Nicomediensem,</strong></span> 
     </span>
    </p>
   </div>
   <div class='ocr_carea' id='block_1_72' title="bbox 758 4274 2330 4346">
    <p class='ocr_par' dir='ltr' id='par_1_72' title="bbox 758 4274 2330 4346">
     <span class='ocr_line' id='line_1_73' title="bbox 758 4274 2330 4346; baseline -0.001 -18"><span class='ocrx_word' id='word_1_489' title='bbox 758 4274 959 4344; x_wconf 89' lang='lat' dir='ltr'><strong>quibus</strong></span> <span class='ocrx_word' id='word_1_490' title='bbox 1003 4284 1231 4329; x_wconf 83' lang='lat' dir='ltr'><strong>testatur</strong></span> <span class='ocrx_word' id='word_1_491' title='bbox 1276 4292 1335 4332; x_wconf 91' lang='lat' dir='ltr'><strong>se</strong></span> <span class='ocrx_word' id='word_1_492' title='bbox 1368 4277 1507 4330; x_wconf 90' lang='lat' dir='ltr'><strong>nihil</strong></span> <span class='ocrx_word' id='word_1_493' title='bbox 1552 4277 1776 4346; x_wconf 88' lang='lat' dir='ltr'><strong>quidem</strong></span> <span class='ocrx_word' id='word_1_494' title='bbox 1813 4276 1868 4330; x_wconf 93' lang='lat' dir='ltr'><strong>in</strong></span> <span class='ocrx_word' id='word_1_495' title='bbox 1892 4276 2094 4330; x_wconf 87' lang='lat' dir='ltr'><strong>litteris</strong></span> <span class='ocrx_word' id='word_1_496' title='bbox 2140 4274 2330 4345; x_wconf 90' lang='lat' dir='ltr'><strong>Cyrilli</strong></span> 
     </span>
    </p>
   </div>
   <div class='ocr_carea' id='block_1_73' title="bbox 761 4364 2331 4432">
    <p class='ocr_par' dir='ltr' id='par_1_73' title="bbox 761 4364 2331 4432">
     <span class='ocr_line' id='line_1_74' title="bbox 761 4364 2331 4432; baseline 0.001 -15"><span class='ocrx_word' id='word_1_497' title='bbox 761 4365 1033 4432; x_wconf 89' lang='lat' dir='ltr'><strong>reperisse</strong></span> <span class='ocrx_word' id='word_1_498' title='bbox 1070 4380 1218 4424; x_wconf 71' lang='lat' dir='ltr'><strong>sana:</strong></span> <span class='ocrx_word' id='word_1_499' title='bbox 1278 4366 1543 4423; x_wconf 69' lang='lat' dir='ltr'><strong>doctrinm</strong></span> <span class='ocrx_word' id='word_1_500' title='bbox 1586 4368 1946 4430; x_wconf 90' lang='lat' dir='ltr'><strong>contrarium,</strong></span> <span class='ocrx_word' id='word_1_501' title='bbox 1998 4367 2053 4420; x_wconf 89' lang='lat' dir='ltr'><strong>in</strong></span> <span class='ocrx_word' id='word_1_502' title='bbox 2092 4364 2331 4420; x_wconf 87' lang='lat' dir='ltr'><strong>Nestorii</strong></span> 
     </span>
    </p>
   </div>
   <div class='ocr_carea' id='block_1_74' title="bbox 760 4454 2331 4525">
    <p class='ocr_par' dir='ltr' id='par_1_74' title="bbox 760 4454 2331 4525">
     <span class='ocr_line' id='line_1_75' title="bbox 760 4454 2331 4525; baseline 0.001 -18"><span class='ocrx_word' id='word_1_503' title='bbox 760 4463 965 4519; x_wconf 91' lang='lat' dir='ltr'><strong>tamen,</strong></span> <span class='ocrx_word' id='word_1_504' title='bbox 994 4471 1158 4525; x_wconf 87' lang='lat' dir='ltr'><strong>quem</strong></span> <span class='ocrx_word' id='word_1_505' title='bbox 1189 4457 1342 4511; x_wconf 89' lang='lat' dir='ltr'><strong>miris</strong></span> <span class='ocrx_word' id='word_1_506' title='bbox 1370 4456 1629 4511; x_wconf 91' lang='lat' dir='ltr'><strong>laudibus</strong></span> <span class='ocrx_word' id='word_1_507' title='bbox 1655 4456 1886 4521; x_wconf 75' lang='lat' dir='ltr'><strong>extollit,</strong></span> <span class='ocrx_word' id='word_1_508' title='bbox 1929 4454 2331 4525; x_wconf 90' lang='lat' dir='ltr'><strong>depositionem</strong></span> 
     </span>
    </p>
   </div>
   <div class='ocr_carea' id='block_1_75' title="bbox 2432 3248 4000 3336">
    <p class='ocr_par' dir='ltr' id='par_1_75' title="bbox 2432 3248 4000 3336">
     <span class='ocr_line' id='line_1_76' title="bbox 2432 3248 4000 3336; baseline -0.018 -12"><span class='ocrx_word' id='word_1_509' title='bbox 2432 3278 2615 3325; x_wconf 85' lang='lat' dir='ltr'><strong>autem</strong></span> <span class='ocrx_word' id='word_1_510' title='bbox 2667 3263 3036 3336; x_wconf 91' lang='lat' dir='ltr'><strong>apostolorum</strong></span> <span class='ocrx_word' id='word_1_511' title='bbox 3071 3301 3085 3326; x_wconf 92' lang='lat'><strong>,</strong></span> <span class='ocrx_word' id='word_1_512' title='bbox 3141 3274 3199 3314; x_wconf 90' lang='lat' dir='ltr'><strong>se</strong></span> <span class='ocrx_word' id='word_1_513' title='bbox 3268 3257 3474 3311; x_wconf 88' lang='lat' dir='ltr'><strong>habere</strong></span> <span class='ocrx_word' id='word_1_514' title='bbox 3542 3248 3773 3321; x_wconf 81' lang='lat' dir='ltr'><strong>professi</strong></span> <span class='ocrx_word' id='word_1_515' title='bbox 3829 3252 4000 3307; x_wconf 89' lang='lat' dir='ltr'><strong>sunt;</strong></span> 
     </span>
    </p>
   </div>
   <div class='ocr_carea' id='block_1_76' title="bbox 2425 3334 4001 3415">
    <p class='ocr_par' dir='ltr' id='par_1_76' title="bbox 2425 3334 4001 3415">
     <span class='ocr_line' id='line_1_77' title="bbox 2425 3334 4001 3415; baseline -0.018 0"><span class='ocrx_word' id='word_1_516' title='bbox 2425 3357 2763 3415; x_wconf 89' lang='lat' dir='ltr'><strong>damnationi</strong></span> <span class='ocrx_word' id='word_1_517' title='bbox 2788 3371 2920 3410; x_wconf 87' lang='lat' dir='ltr'><strong>vero</strong></span> <span class='ocrx_word' id='word_1_518' title='bbox 2937 3349 3233 3407; x_wconf 90' lang='lat' dir='ltr'><strong>venerandi</strong></span> <span class='ocrx_word' id='word_1_519' title='bbox 3272 3357 3330 3403; x_wconf 89' lang='lat' dir='ltr'><strong>et</strong></span> <span class='ocrx_word' id='word_1_520' title='bbox 3355 3341 3685 3401; x_wconf 87' lang='lat' dir='ltr'><strong>sanctissimi</strong></span> <span class='ocrx_word' id='word_1_521' title='bbox 3734 3334 4001 3397; x_wconf 87' lang='lat' dir='ltr'><strong>Nestorii,</strong></span> 
     </span>
    </p>
   </div>
   <div class='ocr_carea' id='block_1_77' title="bbox 2425 3428 4002 3522">
    <p class='ocr_par' dir='ltr' id='par_1_77' title="bbox 2425 3428 4002 3522">
     <span class='ocr_line' id='line_1_78' title="bbox 2425 3428 4002 3522; baseline -0.018 -16"><span class='ocrx_word' id='word_1_522' title='bbox 2425 3467 2546 3522; x_wconf 67' lang='lat' dir='ltr'><strong>quae</strong></span> <span class='ocrx_word' id='word_1_523' title='bbox 2570 3449 2710 3503; x_wconf 79' lang='lat' dir='ltr'><strong>facta</strong></span> <span class='ocrx_word' id='word_1_524' title='bbox 2734 3447 2958 3508; x_wconf 91' lang='lat' dir='ltr'><strong>dicitur,</strong></span> <span class='ocrx_word' id='word_1_525' title='bbox 2982 3459 3089 3497; x_wconf 92' lang='lat' dir='ltr'><strong>non</strong></span> <span class='ocrx_word' id='word_1_526' title='bbox 3109 3440 3353 3511; x_wconf 72' lang='lat' dir='ltr'><strong>praebere</strong></span> <span class='ocrx_word' id='word_1_527' title='bbox 3370 3446 3721 3492; x_wconf 90' lang='lat' dir='ltr'><strong>consensum.</strong></span> <span class='ocrx_word' id='word_1_528' title='bbox 3745 3428 4002 3497; x_wconf 86' lang='lat' dir='ltr'><strong>iniquum</strong></span> 
     </span>
    </p>
   </div>
   <div class='ocr_carea' id='block_1_78' title="bbox 2425 3518 4003 3611">
    <p class='ocr_par' dir='ltr' id='par_1_78' title="bbox 2425 3518 4003 3611">
     <span class='ocr_line' id='line_1_79' title="bbox 2425 3518 4003 3611; baseline -0.017 -14"><span class='ocrx_word' id='word_1_529' title='bbox 2425 3556 2661 3611; x_wconf 89' lang='lat' dir='ltr'><strong>namque</strong></span> <span class='ocrx_word' id='word_1_530' title='bbox 2698 3554 2825 3593; x_wconf 90' lang='lat' dir='ltr'><strong>vere</strong></span> <span class='ocrx_word' id='word_1_531' title='bbox 2849 3546 2905 3591; x_wconf 91' lang='lat' dir='ltr'><strong>et</strong></span> <span class='ocrx_word' id='word_1_532' title='bbox 2931 3535 3157 3604; x_wconf 90' lang='lat' dir='ltr'><strong>impium</strong></span> <span class='ocrx_word' id='word_1_533' title='bbox 3205 3528 3647 3599; x_wconf 86' lang='lat' dir='ltr'><strong>comprobamus,</strong></span> <span class='ocrx_word' id='word_1_534' title='bbox 3686 3522 3731 3578; x_wconf 91' lang='lat' dir='ltr'><strong>si</strong></span> <span class='ocrx_word' id='word_1_535' title='bbox 3799 3518 4003 3575; x_wconf 91' lang='lat' dir='ltr'><strong>iisdem</strong></span> 
     </span>
    </p>
   </div>
   <div class='ocr_carea' id='block_1_79' title="bbox 2427 3609 4002 3696">
    <p class='ocr_par' dir='ltr' id='par_1_79' title="bbox 2427 3609 4002 3696">
     <span class='ocr_line' id='line_1_80' title="bbox 2427 3609 4002 3696; baseline -0.018 -9"><span class='ocrx_word' id='word_1_536' title='bbox 2427 3609 2773 3691; x_wconf 85' lang='lat' dir='ltr'><strong>criminibus,</strong></span> <span class='ocrx_word' id='word_1_537' title='bbox 2803 3626 3007 3696; x_wconf 91' lang='lat' dir='ltr'><strong>quibus</strong></span> <span class='ocrx_word' id='word_1_538' title='bbox 3040 3631 3095 3677; x_wconf 91' lang='lat' dir='ltr'><strong>et</strong></span> <span class='ocrx_word' id='word_1_539' title='bbox 3124 3621 3309 3676; x_wconf 88' lang='lat' dir='ltr'><strong>socius</strong></span> <span class='ocrx_word' id='word_1_540' title='bbox 3348 3619 3491 3687; x_wconf 84' lang='lat' dir='ltr'><strong>ejus,</strong></span> <span class='ocrx_word' id='word_1_541' title='bbox 3529 3628 3657 3667; x_wconf 88' lang='lat' dir='ltr'><strong>reus</strong></span> <span class='ocrx_word' id='word_1_542' title='bbox 3691 3609 4002 3669; x_wconf 84' lang='lat' dir='ltr'><strong>exstiterat,</strong></span> 
     </span>
    </p>
   </div>
   <div class='ocr_carea' id='block_1_80' title="bbox 2426 3704 4003 3795">
    <p class='ocr_par' dir='ltr' id='par_1_80' title="bbox 2426 3704 4003 3795">
     <span class='ocr_line' id='line_1_81' title="bbox 2426 3704 4003 3795; baseline -0.02 -14"><span class='ocrx_word' id='word_1_543' title='bbox 2426 3726 2509 3781; x_wconf 93' lang='lat' dir='ltr'><strong>illi</strong></span> <span class='ocrx_word' id='word_1_544' title='bbox 2535 3723 2759 3795; x_wconf 91' lang='lat' dir='ltr'><strong>quidem</strong></span> <span class='ocrx_word' id='word_1_545' title='bbox 2786 3720 3002 3775; x_wconf 91' lang='lat' dir='ltr'><strong>veniam</strong></span> <span class='ocrx_word' id='word_1_546' title='bbox 3035 3716 3243 3787; x_wconf 87' lang='lat' dir='ltr'><strong>largiri,</strong></span> <span class='ocrx_word' id='word_1_547' title='bbox 3273 3712 3401 3766; x_wconf 91' lang='lat' dir='ltr'><strong>huic</strong></span> <span class='ocrx_word' id='word_1_548' title='bbox 3432 3716 3615 3764; x_wconf 91' lang='lat' dir='ltr'><strong>autem</strong></span> <span class='ocrx_word' id='word_1_549' title='bbox 3644 3704 3844 3759; x_wconf 91' lang='lat' dir='ltr'><strong>ostium</strong></span> <span class='ocrx_word' id='word_1_550' title='bbox 3881 3714 4003 3769; x_wconf 74' lang='lat' dir='ltr'><strong>pm—</strong></span> 
     </span>
    </p>
   </div>
   <div class='ocr_carea' id='block_1_81' title="bbox 2427 3792 4007 3872">
    <p class='ocr_par' dir='ltr' id='par_1_81' title="bbox 2427 3792 4007 3872">
     <span class='ocr_line' id='line_1_82' title="bbox 2427 3792 4007 3872; baseline -0.02 -2"><span class='ocrx_word' id='word_1_551' title='bbox 2427 3792 2675 3870; x_wconf 72' lang='lat' dir='ltr'><strong>nitentize</strong></span> <span class='ocrx_word' id='word_1_552' title='bbox 2702 3809 2961 3866; x_wconf 85' lang='lat' dir='ltr'><strong>claudere</strong></span> <span class='ocrx_word' id='word_1_553' title='bbox 2994 3825 3006 3860; x_wconf 95' lang='lat'>:</span> <span class='ocrx_word' id='word_1_554' title='bbox 3044 3805 3217 3859; x_wconf 90' lang='lat' dir='ltr'><strong>multo</strong></span> <span class='ocrx_word' id='word_1_555' title='bbox 3249 3802 3417 3872; x_wconf 85' lang='lat' dir='ltr'><strong>igitur</strong></span> <span class='ocrx_word' id='word_1_556' title='bbox 3439 3796 3611 3865; x_wconf 86' lang='lat' dir='ltr'><strong>magis</strong></span> <span class='ocrx_word' id='word_1_557' title='bbox 3642 3792 3915 3860; x_wconf 92' lang='lat' dir='ltr'><strong>iniquum,</strong></span> <span class='ocrx_word' id='word_1_558' title='bbox 3950 3794 4007 3840; x_wconf 90' lang='lat' dir='ltr'><strong>et</strong></span> 
     </span>
    </p>
   </div>
   <div class='ocr_carea' id='block_1_82' title="bbox 2428 3876 4006 3972">
    <p class='ocr_par' dir='ltr' id='par_1_82' title="bbox 2428 3876 4006 3972">
     <span class='ocr_line' id='line_1_83' title="bbox 2428 3876 4006 3972; baseline -0.018 -15"><span class='ocrx_word' id='word_1_559' title='bbox 2428 3902 2599 3972; x_wconf 86' lang='lat' dir='ltr'><strong>magis</strong></span> <span class='ocrx_word' id='word_1_560' title='bbox 2620 3899 2870 3968; x_wconf 90' lang='lat' dir='ltr'><strong>impium,</strong></span> <span class='ocrx_word' id='word_1_561' title='bbox 2898 3897 3245 3950; x_wconf 89' lang='lat' dir='ltr'><strong>innocentem</strong></span> <span class='ocrx_word' id='word_1_562' title='bbox 3270 3888 3431 3944; x_wconf 92' lang='lat' dir='ltr'><strong>morti</strong></span> <span class='ocrx_word' id='word_1_563' title='bbox 3464 3884 3705 3939; x_wconf 90' lang='lat' dir='ltr'><strong>tradere.</strong></span> <span class='ocrx_word' id='word_1_564' title='bbox 3732 3879 3882 3934; x_wconf 88' lang='lat' dir='ltr'><strong>Sciat</strong></span> <span class='ocrx_word' id='word_1_565' title='bbox 3907 3876 4006 3945; x_wconf 86' lang='lat' dir='ltr'><strong>igi-</strong></span> 
     </span>
    </p>
   </div>
   <div class='ocr_carea' id='block_1_83' title="bbox 2431 3967 4005 4055">
    <p class='ocr_par' dir='ltr' id='par_1_83' title="bbox 2431 3967 4005 4055">
     <span class='ocr_line' id='line_1_84' title="bbox 2431 3967 4005 4055; baseline -0.02 -6"><span class='ocrx_word' id='word_1_566' title='bbox 2431 4003 2523 4049; x_wconf 91' lang='lat' dir='ltr'><strong>tur</strong></span> <span class='ocrx_word' id='word_1_567' title='bbox 2554 3991 2819 4047; x_wconf 89' lang='lat' dir='ltr'><strong>sanctitas</strong></span> <span class='ocrx_word' id='word_1_568' title='bbox 2848 3997 3054 4049; x_wconf 89' lang='lat' dir='ltr'><strong>vestra,</strong></span> <span class='ocrx_word' id='word_1_569' title='bbox 3083 3984 3232 4055; x_wconf 90' lang='lat' dir='ltr'><strong>quod</strong></span> <span class='ocrx_word' id='word_1_570' title='bbox 3260 3980 3372 4037; x_wconf 85' lang='grc' dir='ltr'>ἱιοιι</span> <span class='ocrx_word' id='word_1_571' title='bbox 3396 3979 3554 4049; x_wconf 91' lang='lat' dir='ltr'><strong>prius</strong></span> <span class='ocrx_word' id='word_1_572' title='bbox 3584 3974 3667 4030; x_wconf 89' lang='lat' dir='ltr'><strong>eis</strong></span> <span class='ocrx_word' id='word_1_573' title='bbox 3694 3967 4005 4027; x_wconf 89' lang='lat' dir='ltr'><strong>communi-</strong></span> 
     </span>
    </p>
   </div>
   <div class='ocr_carea' id='block_1_84' title="bbox 2430 4058 4008 4143">
    <p class='ocr_par' dir='ltr' id='par_1_84' title="bbox 2430 4058 4008 4143">
     <span class='ocr_line' id='line_1_85' title="bbox 2430 4058 4008 4143; baseline -0.019 -4"><span class='ocrx_word' id='word_1_574' title='bbox 2430 4083 2665 4140; x_wconf 91' lang='lat' dir='ltr'><strong>candum</strong></span> <span class='ocrx_word' id='word_1_575' title='bbox 2685 4096 2805 4135; x_wconf 89' lang='lat' dir='ltr'><strong>esse</strong></span> <span class='ocrx_word' id='word_1_576' title='bbox 2830 4088 3319 4143; x_wconf 86' lang='lat' dir='ltr'><strong>censemus,quam</strong></span> <span class='ocrx_word' id='word_1_577' title='bbox 3348 4076 3561 4123; x_wconf 86' lang='lat' dir='ltr'><strong>vestras</strong></span> <span class='ocrx_word' id='word_1_578' title='bbox 3593 4060 3870 4131; x_wconf 89' lang='lat' dir='ltr'><strong>recipiatis</strong></span> <span class='ocrx_word' id='word_1_579' title='bbox 3901 4058 4008 4111; x_wconf 84' lang='lat' dir='ltr'><strong>Ec-</strong></span> 
     </span>
    </p>
   </div>
   <div class='ocr_carea' id='block_1_85' title="bbox 2431 4157 4009 4232">
    <p class='ocr_par' dir='ltr' id='par_1_85' title="bbox 2431 4157 4009 4232">
     <span class='ocr_line' id='line_1_86' title="bbox 2431 4157 4009 4232; baseline -0.017 -5"><span class='ocrx_word' id='word_1_580' title='bbox 2431 4174 2649 4228; x_wconf 90' lang='lat' dir='ltr'><strong>clesias.</strong></span> <span class='ocrx_word' id='word_1_581' title='bbox 2674 4171 2800 4225; x_wconf 60' lang='lat' dir='ltr'><strong>Haec</strong></span> <span class='ocrx_word' id='word_1_582' title='bbox 2822 4178 3003 4223; x_wconf 90' lang='lat' dir='ltr'><strong>autem</strong></span> <span class='ocrx_word' id='word_1_583' title='bbox 3035 4182 3143 4220; x_wconf 93' lang='lat' dir='ltr'><strong>non</strong></span> <span class='ocrx_word' id='word_1_584' title='bbox 3164 4165 3314 4219; x_wconf 91' lang='lat' dir='ltr'><strong>solus</strong></span> <span class='ocrx_word' id='word_1_585' title='bbox 3342 4176 3462 4232; x_wconf 87' lang='lat' dir='ltr'><strong>ego,</strong></span> <span class='ocrx_word' id='word_1_586' title='bbox 3493 4157 3589 4213; x_wconf 92' lang='lat' dir='ltr'><strong>sed</strong></span> <span class='ocrx_word' id='word_1_587' title='bbox 3628 4168 3823 4209; x_wconf 91' lang='lat' dir='ltr'><strong>omnes</strong></span> <span class='ocrx_word' id='word_1_588' title='bbox 3878 4164 4009 4202; x_wconf 90' lang='lat' dir='ltr'><strong>san-</strong></span> 
     </span>
    </p>
   </div>
   <div class='ocr_carea' id='block_1_86' title="bbox 2432 4237 4008 4327">
    <p class='ocr_par' dir='ltr' id='par_1_86' title="bbox 2432 4237 4008 4327">
     <span class='ocr_line' id='line_1_87' title="bbox 2432 4237 4008 4327; baseline -0.022 -7"><span class='ocrx_word' id='word_1_589' title='bbox 2432 4263 2661 4320; x_wconf 91' lang='lat' dir='ltr'><strong>ctissimi</strong></span> <span class='ocrx_word' id='word_1_590' title='bbox 2688 4272 2889 4317; x_wconf 67' lang='lat' dir='ltr'><strong>nostrae</strong></span> <span class='ocrx_word' id='word_1_591' title='bbox 2931 4257 3174 4327; x_wconf 81' lang='lat' dir='ltr'><strong>regionis</strong></span> <span class='ocrx_word' id='word_1_592' title='bbox 3227 4250 3491 4324; x_wconf 89' lang='lat' dir='ltr'><strong>episcopi,</strong></span> <span class='ocrx_word' id='word_1_593' title='bbox 3524 4246 3713 4301; x_wconf 91' lang='lat' dir='ltr'><strong>habito</strong></span> <span class='ocrx_word' id='word_1_594' title='bbox 3750 4237 4008 4299; x_wconf 88' lang='lat' dir='ltr'><strong>concilio,</strong></span> 
     </span>
    </p>
   </div>
   <div class='ocr_carea' id='block_1_87' title="bbox 2434 4328 4012 4414">
    <p class='ocr_par' dir='ltr' id='par_1_87' title="bbox 2434 4328 4012 4414">
     <span class='ocr_line' id='line_1_88' title="bbox 2434 4328 4012 4414; baseline -0.021 -4"><span class='ocrx_word' id='word_1_595' title='bbox 2434 4353 2817 4409; x_wconf 88' lang='lat' dir='ltr'><strong>decreverunt.</strong></span> <span class='ocrx_word' id='word_1_596' title='bbox 2854 4369 2873 4401; x_wconf 72' lang='grc' dir='ltr'><strong>ι</strong></span> <span class='ocrx_word' id='word_1_597' title='bbox 2922 4348 3095 4402; x_wconf 88' lang='lat' dir='ltr'><strong>Tanta</strong></span> <span class='ocrx_word' id='word_1_598' title='bbox 3122 4340 3586 4414; x_wconf 79' lang='lat' dir='ltr'><strong>Euphratensium</strong></span> <span class='ocrx_word' id='word_1_599' title='bbox 3610 4336 3663 4388; x_wconf 92' lang='lat' dir='ltr'><strong>in</strong></span> <span class='ocrx_word' id='word_1_600' title='bbox 3694 4328 4012 4386; x_wconf 87' lang='lat' dir='ltr'><strong>Nestorium</strong></span> 
     </span>
    </p>
   </div>
   <div class='ocr_carea' id='block_1_88' title="bbox 2438 4417 4012 4516">
    <p class='ocr_par' dir='ltr' id='par_1_88' title="bbox 2438 4417 4012 4516">
     <span class='ocr_line' id='line_1_89' title="bbox 2438 4417 4012 4516; baseline -0.021 -15"><span class='ocrx_word' id='word_1_601' title='bbox 2438 4444 2737 4516; x_wconf 85' lang='lat' dir='ltr'><strong>propensio</strong></span> <span class='ocrx_word' id='word_1_602' title='bbox 2788 4442 2924 4497; x_wconf 89' lang='lat' dir='ltr'><strong>mira</strong></span> <span class='ocrx_word' id='word_1_603' title='bbox 2977 4438 3154 4493; x_wconf 91' lang='lat' dir='ltr'><strong>videri</strong></span> <span class='ocrx_word' id='word_1_604' title='bbox 3197 4450 3306 4489; x_wconf 89' lang='lat' dir='ltr'><strong>non</strong></span> <span class='ocrx_word' id='word_1_605' title='bbox 3328 4432 3512 4485; x_wconf 88' lang='lat' dir='ltr'><strong>debet.</strong></span> <span class='ocrx_word' id='word_1_606' title='bbox 3563 4422 3817 4482; x_wconf 84' lang='lat' dir='ltr'><strong>Nestorio</strong></span> <span class='ocrx_word' id='word_1_607' title='bbox 3861 4417 4012 4472; x_wconf 91' lang='lat' dir='ltr'><strong>enim</strong></span> 
     </span>
    </p>
   </div>
   <div class='ocr_carea' id='block_1_89' title="bbox 760 4510 4011 4617">
    <p class='ocr_par' dir='ltr' id='par_1_89' title="bbox 760 4510 4011 4617">
     <span class='ocr_line' id='line_1_90' title="bbox 760 4510 4011 4617; baseline -0 -20"><span class='ocrx_word' id='word_1_608' title='bbox 760 4560 872 4598; x_wconf 92' lang='lat' dir='ltr'><strong>non</strong></span> <span class='ocrx_word' id='word_1_609' title='bbox 896 4561 1076 4615; x_wconf 91' lang='lat' dir='ltr'><strong>posse,</strong></span> <span class='ocrx_word' id='word_1_610' title='bbox 1112 4547 1467 4615; x_wconf 89' lang='lat' dir='ltr'><strong>quantumvis</strong></span> <span class='ocrx_word' id='word_1_611' title='bbox 1507 4556 1748 4603; x_wconf 78' lang='lat' dir='ltr'><strong>extrema</strong></span> <span class='ocrx_word' id='word_1_612' title='bbox 1788 4510 2019 4617; x_wconf 71' lang='lat' dir='ltr'><strong>quaeque</strong></span> <span class='ocrx_word' id='word_1_613' title='bbox 2052 4546 2333 4600; x_wconf 90' lang='lat' dir='ltr'><strong>toleranda</strong></span> <span class='ocrx_word' id='word_1_614' title='bbox 2368 4545 2410 4600; x_wconf 89' lang='grc' dir='ltr'><strong>ῐ)</strong></span> <span class='ocrx_word' id='word_1_615' title='bbox 2439 4510 2615 4606; x_wconf 44' lang='lat' dir='ltr'><strong>intr—i8</strong></span> <span class='ocrx_word' id='word_1_616' title='bbox 2662 4535 2766 4590; x_wconf 69' lang='grc' dir='ltr'><strong>Γυίῐ</strong></span> <span class='ocrx_word' id='word_1_617' title='bbox 2815 4530 3182 4593; x_wconf 48' lang='lat' dir='ltr'><strong>Germanic“:</strong></span> <span class='ocrx_word' id='word_1_618' title='bbox 3217 4541 3340 4596; x_wconf 69' lang='grc' dir='ltr'>(ιιιεη</span> <span class='ocrx_word' id='word_1_619' title='bbox 3366 4517 3745 4592; x_wconf 64' lang='grc' dir='ltr'><strong>Ευβῖπδίθθίθθ</strong></span> <span class='ocrx_word' id='word_1_620' title='bbox 3795 4510 4011 4617; x_wconf 59' lang='lat' dir='ltr'><strong>eimf‘s&#39;</strong></span> 
     </span>
    </p>
   </div>
   <div class='ocr_carea' id='block_1_90' title="bbox 763 4638 2339 4708">
    <p class='ocr_par' dir='ltr' id='par_1_90' title="bbox 763 4638 2339 4708">
     <span class='ocr_line' id='line_1_91' title="bbox 763 4638 2339 4708; baseline 0.001 -18"><span class='ocrx_word' id='word_1_621' title='bbox 763 4645 971 4702; x_wconf 89' lang='lat' dir='ltr'><strong>essent,</strong></span> <span class='ocrx_word' id='word_1_622' title='bbox 1001 4652 1331 4693; x_wconf 88' lang='lat' dir='ltr'><strong>consensum</strong></span> <span class='ocrx_word' id='word_1_623' title='bbox 1364 4639 1629 4708; x_wconf 70' lang='lat' dir='ltr'><strong>praebere.</strong></span> <span class='ocrx_word' id='word_1_624' title='bbox 1658 4640 1994 4694; x_wconf 89' lang='lat' dir='ltr'><strong>Protestatus</strong></span> <span class='ocrx_word' id='word_1_625' title='bbox 2020 4646 2106 4693; x_wconf 91' lang='lat' dir='ltr'><strong>est</strong></span> <span class='ocrx_word' id='word_1_626' title='bbox 2132 4638 2339 4708; x_wconf 87' lang='lat' dir='ltr'><strong>pariter</strong></span> 
     </span>
    </p>
   </div>
   <div class='ocr_carea' id='block_1_91' title="bbox 766 4729 2341 4801">
    <p class='ocr_par' dir='ltr' id='par_1_91' title="bbox 766 4729 2341 4801">
     <span class='ocr_line' id='line_1_92' title="bbox 766 4729 2341 4801; baseline -0.001 -17"><span class='ocrx_word' id='word_1_627' title='bbox 766 4746 823 4784; x_wconf 90' lang='lat' dir='ltr'><strong>se</strong></span> <span class='ocrx_word' id='word_1_628' title='bbox 862 4748 971 4786; x_wconf 90' lang='lat' dir='ltr'><strong>non</strong></span> <span class='ocrx_word' id='word_1_629' title='bbox 1016 4746 1178 4799; x_wconf 91' lang='lat' dir='ltr'><strong>posse</strong></span> <span class='ocrx_word' id='word_1_630' title='bbox 1212 4731 1474 4789; x_wconf 90' lang='lat' dir='ltr'><strong>damnare</strong></span> <span class='ocrx_word' id='word_1_631' title='bbox 1508 4731 1782 4801; x_wconf 86' lang='lat' dir='ltr'><strong>dogmata,</strong></span> <span class='ocrx_word' id='word_1_632' title='bbox 1810 4746 1932 4799; x_wconf 71' lang='lat' dir='ltr'><strong>quae</strong></span> <span class='ocrx_word' id='word_1_633' title='bbox 1978 4729 2341 4784; x_wconf 89' lang='lat' dir='ltr'><strong>versabantur</strong></span> 
     </span>
    </p>
   </div>
   <div class='ocr_carea' id='block_1_92' title="bbox 767 4820 2340 4892">
    <p class='ocr_par' dir='ltr' id='par_1_92' title="bbox 767 4820 2340 4892">
     <span class='ocr_line' id='line_1_93' title="bbox 767 4820 2340 4892; baseline -0.001 -17"><span class='ocrx_word' id='word_1_634' title='bbox 767 4822 823 4874; x_wconf 91' lang='lat' dir='ltr'><strong>in</strong></span> <span class='ocrx_word' id='word_1_635' title='bbox 850 4823 1172 4890; x_wconf 74' lang='lat' dir='ltr'><strong>quaestione,</strong></span> <span class='ocrx_word' id='word_1_636' title='bbox 1202 4823 1331 4887; x_wconf 91' lang='lat' dir='ltr'><strong>nisi,</strong></span> <span class='ocrx_word' id='word_1_637' title='bbox 1364 4822 1509 4891; x_wconf 89' lang='lat' dir='ltr'><strong>quod</strong></span> <span class='ocrx_word' id='word_1_638' title='bbox 1534 4823 1831 4892; x_wconf 82' lang='lat' dir='ltr'><strong>pessimum</strong></span> <span class='ocrx_word' id='word_1_639' title='bbox 1857 4821 2066 4876; x_wconf 82' lang='lat' dir='ltr'><strong>exstitit</strong></span> <span class='ocrx_word' id='word_1_640' title='bbox 2088 4820 2340 4875; x_wconf 86' lang='lat' dir='ltr'><strong>venturis</strong></span> 
     </span>
    </p>
   </div>
   <div class='ocr_carea' id='block_1_93' title="bbox 769 4912 2338 4982">
    <p class='ocr_par' dir='ltr' id='par_1_93' title="bbox 769 4912 2338 4982">
     <span class='ocr_line' id='line_1_94' title="bbox 769 4912 2338 4982; baseline -0.001 -16"><span class='ocrx_word' id='word_1_641' title='bbox 769 4913 985 4966; x_wconf 67' lang='lat' dir='ltr'><strong>sareulis</strong></span> <span class='ocrx_word' id='word_1_642' title='bbox 1009 4914 1341 4982; x_wconf 75' lang='lat' dir='ltr'><strong>exemplum,</strong></span> <span class='ocrx_word' id='word_1_643' title='bbox 1377 4913 1733 4969; x_wconf 87' lang='lat' dir='ltr'><strong>adhiberetur</strong></span> <span class='ocrx_word' id='word_1_644' title='bbox 1778 4913 2050 4982; x_wconf 84' lang='lat' dir='ltr'><strong>exceptio,</strong></span> <span class='ocrx_word' id='word_1_645' title='bbox 2084 4928 2192 4981; x_wconf 91' lang='lat' dir='ltr'><strong>qua</strong></span> <span class='ocrx_word' id='word_1_646' title='bbox 2234 4912 2338 4965; x_wconf 85' lang='lat' dir='ltr'><strong>im-</strong></span> 
     </span>
    </p>
   </div>
   <div class='ocr_carea' id='block_1_94' title="bbox 772 5002 2336 5075">
    <p class='ocr_par' dir='ltr' id='par_1_94' title="bbox 772 5002 2336 5075">
     <span class='ocr_line' id='line_1_95' title="bbox 772 5002 2336 5075; baseline 0.001 -21"><span class='ocrx_word' id='word_1_647' title='bbox 772 5004 990 5071; x_wconf 87' lang='lat' dir='ltr'><strong>probari</strong></span> <span class='ocrx_word' id='word_1_648' title='bbox 1018 5002 1356 5066; x_wconf 88' lang='lat' dir='ltr'><strong>dicerentur.</strong></span> <span class='ocrx_word' id='word_1_649' title='bbox 1389 5005 1765 5075; x_wconf 81' lang='lat' dir='ltr'><strong>cujuscunque</strong></span> <span class='ocrx_word' id='word_1_650' title='bbox 1813 5004 2032 5057; x_wconf 87' lang='lat' dir='ltr'><strong>tandem</strong></span> <span class='ocrx_word' id='word_1_651' title='bbox 2094 5002 2336 5056; x_wconf 90' lang='lat' dir='ltr'><strong>auctoris</strong></span> 
     </span>
    </p>
   </div>
   <div class='ocr_carea' id='block_1_95' title="bbox 774 5092 2339 5164">
    <p class='ocr_par' dir='ltr' id='par_1_95' title="bbox 774 5092 2339 5164">
     <span class='ocr_line' id='line_1_96' title="bbox 774 5092 2339 5164; baseline -0.001 -18"><span class='ocrx_word' id='word_1_652' title='bbox 774 5094 954 5147; x_wconf 79' lang='lat' dir='ltr'><strong>forent</strong></span> <span class='ocrx_word' id='word_1_653' title='bbox 980 5112 992 5146; x_wconf 88' lang='lat'>:</span> <span class='ocrx_word' id='word_1_654' title='bbox 1027 5095 1105 5147; x_wconf 91' lang='lat' dir='ltr'><strong>sic</strong></span> <span class='ocrx_word' id='word_1_655' title='bbox 1127 5093 1274 5148; x_wconf 91' lang='lat' dir='ltr'><strong>enim</strong></span> <span class='ocrx_word' id='word_1_656' title='bbox 1312 5095 1709 5150; x_wconf 92' lang='lat' dir='ltr'><strong>consulendum</strong></span> <span class='ocrx_word' id='word_1_657' title='bbox 1740 5095 1968 5164; x_wconf 88' lang='lat' dir='ltr'><strong>putabat</strong></span> <span class='ocrx_word' id='word_1_658' title='bbox 1989 5092 2226 5148; x_wconf 80' lang='lat' dir='ltr'><strong>Nestorii</strong></span> <span class='ocrx_word' id='word_1_659' title='bbox 2257 5092 2339 5146; x_wconf 83' lang='lat' dir='ltr'><strong>fa-</strong></span> 
     </span>
    </p>
   </div>
   <div class='ocr_carea' id='block_1_96' title="bbox 775 5181 2339 5253">
    <p class='ocr_par' dir='ltr' id='par_1_96' title="bbox 775 5181 2339 5253">
     <span class='ocr_line' id='line_1_97' title="bbox 775 5181 2339 5253; baseline -0.003 -15"><span class='ocrx_word' id='word_1_660' title='bbox 775 5199 909 5238; x_wconf 71' lang='lat' dir='ltr'><strong>mm:</strong></span> <span class='ocrx_word' id='word_1_661' title='bbox 948 5203 964 5233; x_wconf 79' lang='grc' dir='ltr'><strong>ι</strong></span> <span class='ocrx_word' id='word_1_662' title='bbox 998 5184 1187 5253; x_wconf 89' lang='lat' dir='ltr'><strong>Cujus,</strong></span> <span class='ocrx_word' id='word_1_663' title='bbox 1212 5184 1409 5253; x_wconf 90' lang='lat' dir='ltr'><strong>inquit,</strong></span> <span class='ocrx_word' id='word_1_664' title='bbox 1429 5184 1758 5239; x_wconf 87' lang='lat' dir='ltr'><strong>sanctissimi</strong></span> <span class='ocrx_word' id='word_1_665' title='bbox 1786 5183 1893 5237; x_wconf 90' lang='lat' dir='ltr'><strong>viri</strong></span> <span class='ocrx_word' id='word_1_666' title='bbox 1919 5181 2012 5252; x_wconf 92' lang='lat' dir='ltr'><strong>qui</strong></span> <span class='ocrx_word' id='word_1_667' title='bbox 2036 5181 2339 5236; x_wconf 90' lang='lat' dir='ltr'><strong>doctrinam</strong></span> 
     </span>
    </p>
   </div>
   <div class='ocr_carea' id='block_1_97' title="bbox 776 5273 2343 5346">
    <p class='ocr_par' dir='ltr' id='par_1_97' title="bbox 776 5273 2343 5346">
     <span class='ocr_line' id='line_1_98' title="bbox 776 5273 2343 5346; baseline -0.001 -19"><span class='ocrx_word' id='word_1_668' title='bbox 776 5274 1071 5329; x_wconf 86' lang='lat' dir='ltr'><strong>indiscrete</strong></span> <span class='ocrx_word' id='word_1_669' title='bbox 1097 5276 1540 5338; x_wconf 84' lang='lat' dir='ltr'><strong>anathematizet,</strong></span> <span class='ocrx_word' id='word_1_670' title='bbox 1588 5276 1759 5346; x_wconf 88' lang='lat' dir='ltr'><strong>ipsam</strong></span> <span class='ocrx_word' id='word_1_671' title='bbox 1811 5274 2032 5329; x_wconf 88' lang='lat' dir='ltr'><strong>videtur</strong></span> <span class='ocrx_word' id='word_1_672' title='bbox 2084 5273 2343 5343; x_wconf 89' lang='lat' dir='ltr'><strong>pietatem</strong></span> 
     </span>
    </p>
   </div>
   <div class='ocr_carea' id='block_1_98' title="bbox 776 5364 1118 5419">
    <p class='ocr_par' dir='ltr' id='par_1_98' title="bbox 776 5364 1118 5419">
     <span class='ocr_line' id='line_1_99' title="bbox 776 5364 1118 5419; baseline -0.012 0"><span class='ocrx_word' id='word_1_673' title='bbox 776 5364 1055 5419; x_wconf 87' lang='lat' dir='ltr'><strong>damnare.</strong></span> <span class='ocrx_word' id='word_1_674' title='bbox 1101 5385 1118 5415; x_wconf 74' lang='grc' dir='ltr'><strong>ι</strong></span> 
     </span>
    </p>
   </div>
   <div class='ocr_carea' id='block_1_99' title="bbox 2436 4599 4013 4683">
    <p class='ocr_par' dir='ltr' id='par_1_99' title="bbox 2436 4599 4013 4683">
     <span class='ocr_line' id='line_1_100' title="bbox 2436 4599 4013 4683; baseline -0.02 0"><span class='ocrx_word' id='word_1_675' title='bbox 2436 4599 2564 4683; x_wconf 47' lang='lat' dir='ltr'><strong>iuit</strong></span> <span class='ocrx_word' id='word_1_676' title='bbox 2618 4636 2674 4682; x_wconf 91' lang='lat' dir='ltr'><strong>et</strong></span> <span class='ocrx_word' id='word_1_677' title='bbox 2728 4633 2879 4681; x_wconf 88' lang='lat' dir='ltr'><strong>arcta</strong></span> <span class='ocrx_word' id='word_1_678' title='bbox 2934 4619 3268 4678; x_wconf 89' lang='lat' dir='ltr'><strong>necessitate</strong></span> <span class='ocrx_word' id='word_1_679' title='bbox 3323 4615 3652 4682; x_wconf 91' lang='lat' dir='ltr'><strong>conjunctus</strong></span> <span class='ocrx_word' id='word_1_680' title='bbox 3700 4599 4013 4660; x_wconf 76' lang='lat' dir='ltr'><strong>Alexander</strong></span> 
     </span>
    </p>
   </div>
   <div class='ocr_carea' id='block_1_100' title="bbox 2434 4692 4009 4791">
    <p class='ocr_par' dir='ltr' id='par_1_100' title="bbox 2434 4692 4009 4791">
     <span class='ocr_line' id='line_1_101' title="bbox 2434 4692 4009 4791; baseline -0.022 -15"><span class='ocrx_word' id='word_1_681' title='bbox 2434 4719 2733 4791; x_wconf 55' lang='lat' dir='ltr'><strong>provincias</strong></span> <span class='ocrx_word' id='word_1_682' title='bbox 2779 4717 3007 4788; x_wconf 87' lang='lat' dir='ltr'><strong>primas,</strong></span> <span class='ocrx_word' id='word_1_683' title='bbox 3043 4713 3187 4766; x_wconf 90' lang='lat' dir='ltr'><strong>sicut</strong></span> <span class='ocrx_word' id='word_1_684' title='bbox 3212 4718 3269 4763; x_wconf 92' lang='lat' dir='ltr'><strong>et</strong></span> <span class='ocrx_word' id='word_1_685' title='bbox 3303 4704 3684 4760; x_wconf 83' lang='lat' dir='ltr'><strong>Theodoretns</strong></span> <span class='ocrx_word' id='word_1_686' title='bbox 3710 4694 3871 4791; x_wconf 59' lang='lat' dir='ltr'><strong>Cyri,</strong></span> <span class='ocrx_word' id='word_1_687' title='bbox 3893 4692 4009 4791; x_wconf 40' lang='lat' dir='ltr'><strong>A‘n-</strong></span> 
     </span>
    </p>
   </div>
   <div class='ocr_carea' id='block_1_101' title="bbox 2436 4781 4013 4868">
    <p class='ocr_par' dir='ltr' id='par_1_101' title="bbox 2436 4781 4013 4868">
     <span class='ocr_line' id='line_1_102' title="bbox 2436 4781 4013 4868; baseline -0.021 -2"><span class='ocrx_word' id='word_1_688' title='bbox 2436 4811 2596 4865; x_wconf 88' lang='lat' dir='ltr'><strong>dreas</strong></span> <span class='ocrx_word' id='word_1_689' title='bbox 2628 4809 3059 4868; x_wconf 89' lang='lat' dir='ltr'><strong>Samosatarum,</strong></span> <span class='ocrx_word' id='word_1_690' title='bbox 3084 4802 3324 4857; x_wconf 87' lang='lat' dir='ltr'><strong>Joannes</strong></span> <span class='ocrx_word' id='word_1_691' title='bbox 3350 4789 3728 4851; x_wconf 69' lang='lat' dir='ltr'><strong>Germaniciae,</strong></span> <span class='ocrx_word' id='word_1_692' title='bbox 3755 4781 4013 4839; x_wconf 83' lang='lat' dir='ltr'><strong>Heliades</strong></span> 
     </span>
    </p>
   </div>
   <div class='ocr_carea' id='block_1_102' title="bbox 2436 4879 4016 4973">
    <p class='ocr_par' dir='ltr' id='par_1_102' title="bbox 2436 4879 4016 4973">
     <span class='ocr_line' id='line_1_103' title="bbox 2436 4879 4016 4973; baseline -0.022 -14"><span class='ocrx_word' id='word_1_693' title='bbox 2436 4902 2751 4973; x_wconf 84' lang='lat' dir='ltr'><strong>Zeugmatis</strong></span> <span class='ocrx_word' id='word_1_694' title='bbox 2776 4897 3056 4969; x_wconf 85' lang='lat' dir='ltr'><strong>episcopi;</strong></span> <span class='ocrx_word' id='word_1_695' title='bbox 3090 4890 3288 4960; x_wconf 88' lang='lat' dir='ltr'><strong>reliqui</strong></span> <span class='ocrx_word' id='word_1_696' title='bbox 3315 4902 3448 4942; x_wconf 87' lang='lat' dir='ltr'><strong>vero</strong></span> <span class='ocrx_word' id='word_1_697' title='bbox 3471 4890 3566 4938; x_wconf 90' lang='lat' dir='ltr'><strong>aut</strong></span> <span class='ocrx_word' id='word_1_698' title='bbox 3600 4881 3783 4935; x_wconf 92' lang='lat' dir='ltr'><strong>minus</strong></span> <span class='ocrx_word' id='word_1_699' title='bbox 3815 4879 4016 4973; x_wconf 69' lang='lat' dir='ltr'><strong>aucto-</strong></span> 
     </span>
    </p>
   </div>
   <div class='ocr_carea' id='block_1_103' title="bbox 2439 4962 4020 5063">
    <p class='ocr_par' dir='ltr' id='par_1_103' title="bbox 2439 4962 4020 5063">
     <span class='ocr_line' id='line_1_104' title="bbox 2439 4962 4020 5063; baseline -0.023 -12"><span class='ocrx_word' id='word_1_700' title='bbox 2439 4962 2603 5050; x_wconf 73' lang='lat' dir='ltr'><strong>ritate</strong></span> <span class='ocrx_word' id='word_1_701' title='bbox 2638 4962 2917 5063; x_wconf 68' lang='lat' dir='ltr'><strong>pollebant</strong></span> <span class='ocrx_word' id='word_1_702' title='bbox 2937 4962 3094 5053; x_wconf 21' lang='lat' dir='ltr'><strong>(aut</strong></span> <span class='ocrx_word' id='word_1_703' title='bbox 3123 4983 3355 5038; x_wconf 86' lang='lat' dir='ltr'><strong>aliorum</strong></span> <span class='ocrx_word' id='word_1_704' title='bbox 3402 4969 3809 5032; x_wconf 87' lang='lat' dir='ltr'><strong>necessitudine</strong></span> <span class='ocrx_word' id='word_1_705' title='bbox 3837 4962 4020 5018; x_wconf 88' lang='lat' dir='ltr'><strong>trahe-</strong></span> 
     </span>
    </p>
   </div>
   <div class='ocr_carea' id='block_1_104' title="bbox 2444 5086 2663 5140">
    <p class='ocr_par' dir='ltr' id='par_1_104' title="bbox 2444 5086 2663 5140">
     <span class='ocr_line' id='line_1_105' title="bbox 2444 5086 2663 5140; baseline -0.009 0"><span class='ocrx_word' id='word_1_706' title='bbox 2444 5086 2663 5140; x_wconf 88' lang='lat' dir='ltr'><strong>bantur.</strong></span> 
     </span>
    </p>
   </div>
   <div class='ocr_carea' id='block_1_105' title="bbox 2522 5151 4019 5241">
    <p class='ocr_par' dir='ltr' id='par_1_105' title="bbox 2522 5151 4019 5241">
     <span class='ocr_line' id='line_1_106' title="bbox 2522 5151 4019 5241; baseline -0.019 -11"><span class='ocrx_word' id='word_1_707' title='bbox 2522 5176 2629 5230; x_wconf 76' lang='lat' dir='ltr'><strong>V&#39;ll.</strong></span> <span class='ocrx_word' id='word_1_708' title='bbox 2663 5175 2955 5241; x_wconf 86' lang='lat' dir='ltr'><strong>Postquam</strong></span> <span class='ocrx_word' id='word_1_709' title='bbox 2978 5167 3242 5223; x_wconf 87' lang='lat' dir='ltr'><strong>sancitam</strong></span> <span class='ocrx_word' id='word_1_710' title='bbox 3275 5158 3645 5217; x_wconf 86' lang='lat' dir='ltr'><strong>Ecclesiarum</strong></span> <span class='ocrx_word' id='word_1_711' title='bbox 3665 5151 4019 5209; x_wconf 89' lang='lat' dir='ltr'><strong>concordiam</strong></span> 
     </span>
    </p>
   </div>
   <div class='ocr_carea' id='block_1_106' title="bbox 2450 5240 4022 5326">
    <p class='ocr_par' dir='ltr' id='par_1_106' title="bbox 2450 5240 4022 5326">
     <span class='ocr_line' id='line_1_107' title="bbox 2450 5240 4022 5326; baseline -0.018 -7"><span class='ocrx_word' id='word_1_712' title='bbox 2450 5263 2692 5326; x_wconf 89' lang='lat' dir='ltr'><strong>rescivit,</strong></span> <span class='ocrx_word' id='word_1_713' title='bbox 2725 5240 3056 5326; x_wconf 84' lang='lat' dir='ltr'><strong>missamque</strong></span> <span class='ocrx_word' id='word_1_714' title='bbox 3082 5272 3111 5309; x_wconf 91' lang='lat' dir='ltr'><strong>a</strong></span> <span class='ocrx_word' id='word_1_715' title='bbox 3140 5254 3347 5308; x_wconf 84' lang='lat' dir='ltr'><strong>Joanne</strong></span> <span class='ocrx_word' id='word_1_716' title='bbox 3378 5246 3718 5302; x_wconf 81' lang='lat' dir='ltr'><strong>Antiocheno</strong></span> <span class='ocrx_word' id='word_1_717' title='bbox 3733 5240 4022 5311; x_wconf 90' lang='lat' dir='ltr'><strong>epistolam</strong></span> 
     </span>
    </p>
   </div>
   <div class='ocr_carea' id='block_1_107' title="bbox 2453 5336 4026 5419">
    <p class='ocr_par' dir='ltr' id='par_1_107' title="bbox 2453 5336 4026 5419">
     <span class='ocr_line' id='line_1_108' title="bbox 2453 5336 4026 5419; baseline -0.017 -7"><span class='ocrx_word' id='word_1_718' title='bbox 2453 5358 2523 5411; x_wconf 90' lang='lat' dir='ltr'><strong>de</strong></span> <span class='ocrx_word' id='word_1_719' title='bbox 2548 5372 2605 5410; x_wconf 91' lang='lat' dir='ltr'><strong>re</strong></span> <span class='ocrx_word' id='word_1_720' title='bbox 2637 5362 2749 5409; x_wconf 91' lang='lat' dir='ltr'><strong>tota</strong></span> <span class='ocrx_word' id='word_1_721' title='bbox 2773 5352 2838 5407; x_wconf 91' lang='lat' dir='ltr'><strong>ad</strong></span> <span class='ocrx_word' id='word_1_722' title='bbox 2874 5351 3283 5419; x_wconf 89' lang='lat' dir='ltr'><strong>imperatorem,</strong></span> <span class='ocrx_word' id='word_1_723' title='bbox 3304 5351 3466 5412; x_wconf 89' lang='lat' dir='ltr'><strong>atque</strong></span> <span class='ocrx_word' id='word_1_724' title='bbox 3494 5340 3660 5395; x_wconf 90' lang='lat' dir='ltr'><strong>etiam</strong></span> <span class='ocrx_word' id='word_1_725' title='bbox 3691 5336 3759 5390; x_wconf 90' lang='lat' dir='ltr'><strong>ad</strong></span> <span class='ocrx_word' id='word_1_726' title='bbox 3787 5336 4026 5403; x_wconf 88' lang='lat' dir='ltr'><strong>majores</strong></span> 
     </span>
    </p>
   </div>
   <div class='ocr_carea' id='block_1_108' title="bbox 2112 5507 2692 5571">
    <p class='ocr_par' dir='ltr' id='par_1_108' title="bbox 2112 5507 2692 5571">
     <span class='ocr_line' id='line_1_109' title="bbox 2112 5507 2692 5571; baseline -0.021 1"><span class='ocrx_word' id='word_1_727' title='bbox 2112 5510 2428 5571; x_wconf 83' lang='lat' dir='ltr'><strong>SCHULle</strong></span> <span class='ocrx_word' id='word_1_728' title='bbox 2466 5507 2692 5563; x_wconf 69' lang='lat' dir='ltr'><strong>NOTAE.</strong></span> 
     </span>
    </p>
   </div>
   <div class='ocr_carea' id='block_1_109' title="bbox 852 5672 1986 5737">
    <p class='ocr_par' dir='ltr' id='par_1_109' title="bbox 852 5672 1986 5737">
     <span class='ocr_line' id='line_1_110' title="bbox 852 5672 1986 5737; baseline -0.006 -6"><span class='ocrx_word' id='word_1_729' title='bbox 852 5677 898 5709; x_wconf 77' lang='grc'><strong>⁵⁸</strong></span> <span class='ocrx_word' id='word_1_730' title='bbox 928 5675 990 5730; x_wconf 68' lang='grc' dir='ltr'><strong>[τι</strong></span> <span class='ocrx_word' id='word_1_731' title='bbox 1022 5676 1198 5737; x_wconf 78' lang='lat' dir='ltr'><strong>srrib.,</strong></span> <span class='ocrx_word' id='word_1_732' title='bbox 1230 5685 1348 5732; x_wconf 68' lang='lat' dir='ltr'><strong>cazt.</strong></span> <span class='ocrx_word' id='word_1_733' title='bbox 1386 5674 1508 5729; x_wconf 86' lang='lat' dir='ltr'><strong>Vid.</strong></span> <span class='ocrx_word' id='word_1_734' title='bbox 1537 5681 1576 5727; x_wconf 88' lang='lat' dir='ltr'><strong>t.</strong></span> <span class='ocrx_word' id='word_1_735' title='bbox 1603 5673 1692 5731; x_wconf 86' lang='grc'><strong>111.</strong></span> <span class='ocrx_word' id='word_1_736' title='bbox 1732 5688 1786 5737; x_wconf 91' lang='lat' dir='ltr'><strong>p.</strong></span> <span class='ocrx_word' id='word_1_737' title='bbox 1829 5672 1986 5726; x_wconf 82' lang='grc'><strong>1199.</strong></span> 
     </span>
    </p>
   </div>
   <div class='ocr_carea' id='block_1_110' title="bbox 777 5688 1779 5807">
    <p class='ocr_par' dir='ltr' id='par_1_110' title="bbox 777 5688 1779 5807">
     <span class='ocr_line' id='line_1_111' title="bbox 852 5688 1779 5737; baseline -0.008 -6"><span class='ocrx_word' id='word_1_738' title='bbox 852 5688 898 5709; x_wconf 85' lang='lat'><strong>°&quot;</strong></span> <span class='ocrx_word' id='word_1_739' title='bbox 928 5688 990 5730; x_wconf 81' lang='grc' dir='ltr'>ω</span> <span class='ocrx_word' id='word_1_740' title='bbox 1022 5688 1198 5737; x_wconf 71' lang='grc' dir='ltr'><strong>εει-ιδ..</strong></span> <span class='ocrx_word' id='word_1_741' title='bbox 1230 5688 1348 5732; x_wconf 68' lang='lat' dir='ltr'><strong>cazt.</strong></span> <span class='ocrx_word' id='word_1_742' title='bbox 1391 5688 1508 5729; x_wconf 79' lang='lat' dir='ltr'><strong>Via.</strong></span> <span class='ocrx_word' id='word_1_743' title='bbox 1537 5688 1576 5727; x_wconf 89' lang='lat' dir='ltr'><strong>t.</strong></span> <span class='ocrx_word' id='word_1_744' title='bbox 1606 5688 1692 5731; x_wconf 88' lang='lat' dir='ltr'><strong>tu.</strong></span> <span class='ocrx_word' id='word_1_745' title='bbox 1775 5714 1779 5724; x_wconf 92' lang='lat'><strong>.</strong></span> 
     </span>
     <span class='ocr_line' id='line_1_112' title="bbox 777 5688 1779 5807; baseline -0.005 -7"><span class='ocrx_word' id='word_1_746' title='bbox 777 5757 895 5801; x_wconf 70' lang='lat' dir='ltr'><strong>emt.</strong></span> <span class='ocrx_word' id='word_1_747' title='bbox 928 5746 1061 5799; x_wconf 76' lang='lat' dir='ltr'><strong>Vide</strong></span> <span class='ocrx_word' id='word_1_748' title='bbox 1106 5756 1144 5799; x_wconf 89' lang='lat' dir='ltr'><strong>t.</strong></span> <span class='ocrx_word' id='word_1_749' title='bbox 1182 5747 1271 5807; x_wconf 84' lang='lat' dir='ltr'><strong>IV,</strong></span> <span class='ocrx_word' id='word_1_750' title='bbox 1320 5744 1482 5807; x_wconf 83' lang='lat' dir='ltr'><strong>epist.</strong></span> <span class='ocrx_word' id='word_1_751' title='bbox 1514 5744 1634 5806; x_wconf 83' lang='lat' dir='ltr'><strong>l7l,</strong></span> <span class='ocrx_word' id='word_1_752' title='bbox 1660 5688 1779 5804; x_wconf 53' lang='grc' dir='ltr'>ΗΞ,</span> 
     </span>
    </p>
   </div>
   <div class='ocr_carea' id='block_1_111' title="bbox 2080 5647 3509 5732">
    <p class='ocr_par' dir='ltr' id='par_1_111' title="bbox 2080 5647 3509 5732">
     <span class='ocr_line' id='line_1_113' title="bbox 2080 5647 3509 5732; baseline -0.018 -7"><span class='ocrx_word' id='word_1_753' title='bbox 2080 5670 2124 5701; x_wconf 75' lang='grc'><strong><em>⁵³</em></strong></span> <span class='ocrx_word' id='word_1_754' title='bbox 2155 5669 2362 5724; x_wconf 78' lang='lat' dir='ltr'><strong>Acacio.</strong></span> <span class='ocrx_word' id='word_1_755' title='bbox 2394 5664 2544 5727; x_wconf 78' lang='lat' dir='ltr'><strong>Vid.,</strong></span> <span class='ocrx_word' id='word_1_756' title='bbox 2601 5679 2653 5732; x_wconf 91' lang='lat' dir='ltr'><strong>p.</strong></span> <span class='ocrx_word' id='word_1_757' title='bbox 2704 5658 2955 5732; x_wconf 46' lang='lat' dir='ltr'><strong>utﬁunt.</strong></span> <span class='ocrx_word' id='word_1_758' title='bbox 3016 5655 3234 5732; x_wconf 56' lang='lat' dir='ltr'><strong>Epiros,</strong></span> <span class='ocrx_word' id='word_1_759' title='bbox 3266 5647 3509 5732; x_wconf 45' lang='lat' dir='ltr'><strong>cannas.</strong></span> 
     </span>
    </p>
   </div>
   <div class='ocr_carea' id='block_1_112' title="bbox 1810 5709 4026 5795">
    <p class='ocr_par' dir='ltr' id='par_1_112' title="bbox 1810 5709 4026 5795">
     <span class='ocr_line' id='line_1_114' title="bbox 1810 5709 4026 5795; baseline -0.015 1"><span class='ocrx_word' id='word_1_760' title='bbox 1810 5709 2109 5795; x_wconf 52' lang='grc' dir='ltr'><strong>ἡῖυᾹόάθ</strong></span> <span class='ocrx_word' id='word_1_761' title='bbox 2403 5709 2653 5793; x_wconf 52' lang='lat' dir='ltr'><strong>iié-&quot;émi&#39;</strong></span> <span class='ocrx_word' id='word_1_762' title='bbox 2677 5709 2978 5789; x_wconf 33' lang='lat' dir='ltr'><strong>t.&quot;ll,.edit.</strong></span> <span class='ocrx_word' id='word_1_763' title='bbox 3008 5709 3193 5785; x_wconf 60' lang='lat' dir='ltr'><strong>Germ,</strong></span> <span class='ocrx_word' id='word_1_764' title='bbox 3224 5709 3288 5792; x_wconf 47' lang='lat' dir='ltr'><strong>&#39;p.</strong></span> <span class='ocrx_word' id='word_1_765' title='bbox 3320 5709 3425 5773; x_wconf 55' lang='lat'><strong>972</strong></span> <span class='ocrx_word' id='word_1_766' title='bbox 3462 5732 3613 5785; x_wconf 82' lang='lat' dir='ltr'><strong>seqq.</strong></span> <span class='ocrx_word' id='word_1_767' title='bbox 3648 5712 3780 5779; x_wconf 68' lang='lat' dir='ltr'><strong>Quae</strong></span> <span class='ocrx_word' id='word_1_768' title='bbox 3820 5709 4026 5764; x_wconf 85' lang='lat' dir='ltr'><strong>deinde</strong></span> 
     </span>
    </p>
   </div>
   <div class='ocr_carea' id='block_1_113' title="bbox 3586 5639 4021 5695">
    <p class='ocr_par' dir='ltr' id='par_1_113' title="bbox 3586 5639 4021 5695">
     <span class='ocr_line' id='line_1_115' title="bbox 3586 5639 4021 5695; baseline -0.007 1"><span class='ocrx_word' id='word_1_769' title='bbox 3586 5645 3630 5675; x_wconf 73' lang='grc' dir='ltr'><strong>⁸ο</strong></span> <span class='ocrx_word' id='word_1_770' title='bbox 3682 5642 3784 5695; x_wconf 78' lang='lat' dir='ltr'><strong>Lit.</strong></span> <span class='ocrx_word' id='word_1_771' title='bbox 3860 5639 4021 5693; x_wconf 77' lang='lat' dir='ltr'><strong>dedit.</strong></span> 
     </span>
    </p>
   </div>
   <div class='ocr_carea' id='block_1_114' title="bbox 783 5802 2840 5875">
    <p class='ocr_par' dir='ltr' id='par_1_114' title="bbox 783 5802 2840 5875">
     <span class='ocr_line' id='line_1_116' title="bbox 783 5802 2840 5875; baseline -0.01 -4"><span class='ocrx_word' id='word_1_772' title='bbox 783 5818 1082 5871; x_wconf 73' lang='lat' dir='ltr'><strong>recitantur</strong></span> <span class='ocrx_word' id='word_1_773' title='bbox 1107 5802 1272 5869; x_wconf 68' lang='lat' dir='ltr'><strong>verba</strong></span> <span class='ocrx_word' id='word_1_774' title='bbox 1302 5835 1314 5868; x_wconf 88' lang='lat'>:</span> <span class='ocrx_word' id='word_1_775' title='bbox 1342 5802 1686 5870; x_wconf 68' lang='lat' dir='ltr'><strong>intentionem</strong></span> <span class='ocrx_word' id='word_1_776' title='bbox 1712 5802 1967 5875; x_wconf 79' lang='lat' dir='ltr'><strong>nostram,</strong></span> <span class='ocrx_word' id='word_1_777' title='bbox 1991 5821 2119 5873; x_wconf 84' lang='lat' dir='ltr'><strong>etc.,</strong></span> <span class='ocrx_word' id='word_1_778' title='bbox 2144 5808 2478 5864; x_wconf 84' lang='lat' dir='ltr'><strong>constituunt</strong></span> <span class='ocrx_word' id='word_1_779' title='bbox 2534 5803 2691 5873; x_wconf 78' lang='lat' dir='ltr'><strong>epist.</strong></span> <span class='ocrx_word' id='word_1_780' title='bbox 2725 5802 2840 5854; x_wconf 81' lang='lat' dir='ltr'><strong>l7l.</strong></span> 
     </span>
    </p>
   </div>
  </div>
