4208 6440
183 378 267 443 iZl
1370 384 1738 445 HISTORIA
1774 387 2283 451 THEODORETI.

3348 385 3446 450 122

178 489 351 549 sedes.
388 489 696 545 Romanam
732 489 877 554 dico,
910 489 1362 556 Alexandrinam,
1397 500 1455 546 et
1480 492 1755 547 Constan-
1789 504 1827 555 Α
1864 500 1947 552 rio
1979 500 2199 568 scripsit
2237 501 2302 554 ad
2346 502 2603 554 Acacium
2656 500 2992 561 Melitenum,
3041 514 3274 567 eamque
3325 514 3446 551 cum

178 582 597 649 tinopolitanam
626 600 639 635 :
673 582 827 637 dedit
853 583 1051 638 iterum
1087 584 1154 637 ad
1188 584 1493 639 ilimerium
1526 586 1760 649 litteras,

178 672 378 742 quibus
399 674 570 727 animi
608 676 692 729 sui
736 691 981 738 sensum,
1011 676 1285 745 simulque
1317 676 1576 732 factionis
1616 686 1765 731 artes

179 766 460 834 patefecit.
500 785 519 817 ι
550 768 670 820 Non
703 774 877 829 tuam,
904 768 1151 836 inquit“,
1189 770 1357 824 lateat
1391 771 1763 834 sanctitatem,

176 856 342 924 quod,
373 866 668 927 postquam
693 858 798 929 legi
821 861 1131 928 epistolam,
1163 878 1287 931 quae
1327 862 1646 933 imperatori
1677 864 1765 917 di-

180 954 327 1002 recta
356 956 465 1012 est,
515 950 683 1004 nimis
714 953 900 1005 animo
932 953 1118 1018 dolui;
1163 955 1292 1024 quia
1337 956 1627 1011 manifeste
1671 972 1769 1012 co-

181 1056 407 1110 guosco,
426 1041 577 1110 quod
607 1043 672 1103 is,
694 1044 786 1111 qui
818 1044 958 1096 hanc
973 1045 1214 1113 scripsit,
1236 1045 1475 1116 idipsum
1499 1049 1767 1112 sentiens,

183 1131 484 1188 indiscrete
527 1142 692 1202 atque
741 1134 928 1204 inique
975 1134 1258 1190 damnavit
1307 1152 1456 1201 eum,
1502 1138 1596 1206 qui
1632 1137 1769 1191 nihil

182 1233 382 1295 prater
433 1225 743 1279 doctrinam
779 1241 966 1281 sanam
1016 1228 1175 1281 novit
1202 1228 1412 1297 aliquid
1452 1238 1509 1282 et
1556 1229 1767 1283 docuit.

183 1318 287 1372 Sed
322 1318 824 1374 anathematismus
853 1321 1118 1384 insertus,
1148 1320 1277 1373 licet
1299 1320 1532 1375 idoneus
1564 1322 1635 1376 sit
1658 1338 1773 1375 am—

183 1407 349 1475 plius,
386 1423 557 1477 quam
600 1424 909 1464 consensus
949 1410 1322 1465 damnationis
1360 1413 1501 1482 ejus,
1547 1412 1775 1467 turbare

185 1498 485 1564 lectorem;
513 1508 696 1555 tamen
723 1502 850 1571 quia
877 1519 985 1556 non
1015 1503 1336 1568 indiscrete,
1370 1505 1466 1558 sed
1502 1506 1604 1559 sub
1634 1520 1768 1574 quav

186 1589 310 1644 dam
342 1592 790 1647 consideratione
816 1594 1028 1663 positus
1048 1603 1153 1657 est,
1190 1595 1448 1648 solatium
1480 1597 1734 1665 praestitit
1761 1613 1774 1648 :

186 1698 289 1737 nec
322 1685 473 1737 enim
492 1684 667 1738 dixit:
700 1685 1248 1740 Anathematizamus
1293 1686 1599 1741 doctrinam
1626 1690 1774 1759 ejus;

188 1775 282 1830 sed
307 1791 660 1845 quaecunque
703 1778 866 1831 aliter
894 1777 1036 1831 dixit
1082 1789 1179 1833 aut
1206 1780 1380 1835 sensit
1432 1795 1597 1849 quam
1643 1780 1779 1835 doc-

190 1867 334 1921 trina
361 1868 664 1936 apostolica
683 1870 950 1923 continet.
985 1889 1002 1920 ι

259 1959 403 2012 Vill.
438 1959 602 2013 Dedit
640 1968 698 2014 et
731 1961 869 2015 alias
892 1962 957 2015 ad
986 1962 1324 2027 Nestorium,
1361 1971 1597 2019 testatus
1628 1978 1783 2017 suam

196 2048 249 2103 in
297 2050 472 2118 ipsius
503 2051 757 2119 partibus
788 2052 1009 2107 tuendis
1037 2055 1403 2109 constantiam
1431 2073 1443 2109 :
1494 2075 1512 2107 ι
1550 2056 1667 2121 llis,
1703 2057 1788 2110 in-

195 2144 397 2211 quit",
424 2160 548 2213 quae
574 2153 765 2198 contra
785 2155 932 2199 tuam
956 2150 1371 2203 venerationem
1402 2150 1601 2219 injuste
1622 2158 1787 2219 atque

197 2234 385 2303 inique
420 2243 634 2304 patrata
660 2246 812 2300 sunt,
845 2252 950 2292 nec
978 2237 1023 2291 si
1070 2238 1203 2292 mihi
1236 2246 1528 2309 utramque
1560 2255 1785 2294 manqu

198 2325 321 2392 quis
336 2325 713 2389 abscinderet,
744 2336 939 2395 potero
962 2330 1206 2398 pnebere
1231 2345 1584 2394 consensum,
1601 2330 1788 2385 divina

200 2415 576 2483 proculdubio
598 2416 733 2470 mihi
753 2428 1083 2487 cooperante
1112 2421 1305 2489 gratia,
1333 2427 1388 2475 et
1416 2420 1787 2473 infirmitatem

200 2508 395 2563 anima:
428 2510 786 2576 sublevante;
859 2511 1019 2582 168
1059 2512 1163 2566 hoc
1210 2523 1394 2567 autem
1446 2514 1611 2567 etiam
1680 2511 1788 2577 his,

200 2601 292 2669 qui
326 2601 447 2655 haac
498 2601 749 2671 exigunt,
799 2612 1015 2656 certum
1064 2604 1267 2658 litteris
1324 2604 1451 2666 feci,
1506 2614 1560 2659 et
1594 2614 1791 2660 vestra:

201 2693 504 2755 sanctitati,
533 2694 665 2762 quid
708 2710 739 2748 a
781 2710 868 2749 me
910 2696 993 2749 eis
1048 2697 1373 2766 rescriptum
1401 2698 1503 2762 sit;
1543 2699 1792 2767 exempla

203 2785 504 2846 transmisi,
540 2796 815 2854 quatenus
840 2796 1123 2857 agnoscat,
1155 2789 1303 2857 quod
1328 2790 1541 2844 nullum
1576 2799 1793 2860 tempus

203 2891 301 2931 nos
335 2893 437 2947 per
462 2877 707 2932 divinam
728 2880 956 2949 gratiam
986 2880 1367 2935 commutabit.
1413 2902 1431 2932 ›

269 2966 361 3020 ΙΧ.
396 2965 543 3032 Quin
566 2968 733 3021 etiam
754 2968 1053 3023 Phoenicia:
1081 2970 1378 3040 episcOpis,
1413 2987 1553 3040 quos
1587 2972 1642 3025 in
1678 2972 1795 3027 suis

204 3059 457 3128 partibus
503 3060 833 3115 auctoritate
886 3060 1160 3115 hactenus
1188 3062 1517 3126 retinuerat,
1556 3072 1612 3118 et
1652 3080 1795 3134 quos

203 3166 301 3205 sua
358 3161 545 3204 tamen
591 3152 929 3206 conscientia
978 3160 1237 3221 coegerat
1268 3154 1419 3223 pacis
1451 3155 1795 3210 conditiones

204 3241 498 3311 accipere,
551 3240 756 3310 objecit
820 3257 919 3310 per
974 3242 1264 3310 epistolam
1326 3244 1795 3313 praevaricationis

206 3335 438 3397 crimen,
465 3333 626 3402 quasi
651 3348 854 3388 novum
886 3335 1231 3404 accepissent
1266 3335 1575 3406 symbolum
1601 3346 1797 3406 praeter

205 3422 495 3477 Nicmnum
520 3440 533 3487 ;
560 3433 850 3492 postquam
896 3424 1100 3494 Ephesi
1130 3424 1365 3479 confessi
1397 3436 1605 3491 essent,
1638 3442 1696 3481 se
1725 3427 1797 3482 ita

208 3514 263 3569 in
289 3514 519 3568 Nicaano
541 3514 957 3583 conquiescere,
982 3524 1044 3569 ut
1072 3515 1221 3570 aliud
1246 3517 1618 3588 quodcunque
1662 3534 1796 3573 con-

208 3606 261 3660 di
288 3620 581 3675 nunquam
604 3613 791 3659 essent
820 3605 1060 3674 passuri.

276 3693 414 3748 Eam
439 3693 513 3747 ob
537 3708 653 3746 rem
677 3693 840 3747 tacito
863 3693 1083 3747 nomine
1096 3694 1339 3765 aCyrillo
1355 3696 1676 3766 perstrictus
1693 3708 1797 3753 est.

223 3806 242 3836 ε
274 3785 423 3852 Quid
456 3785 646 3855 igitur,
678 3786 757 3840 ait
792 3786 859 3850 “,
911 3795 1118 3842 temere
1159 3789 1424 3843 conviciis
1458 3789 1801 3846 insectantur

213 3878 514 3934 Pbcenicia:
534 3878 841 3947 episcopos,
868 3894 1059 3932 eorum
1083 3894 1409 3934 consensum
1430 3897 1630 3935 novum
1659 3899 1804 3954 symo

214 3973 405 4027 bolum
458 3970 825 4039 appellantes,
860 3985 1024 4040 quem
1059 3971 1136 4024 illi
1166 3971 1377 4025 utiliter
1407 3982 1462 4027 et
1486 3975 1800 4028 necessario

215 4062 537 4121 ediderunt.
572 4069 632 4115 ut
663 4061 925 4115 nimirum
980 4077 1038 4116 se
1078 4072 1398 4134 purgarent,
1444 4080 1649 4134 eosque
1702 4065 1801 4119 de~

216 4152 657 4221 mulcerent,qui
689 4153 838 4221 ipsos
868 4152 1249 4208 Nestorianam
1279 4155 1577 4208 novitatem
1609 4171 1805 4225 appro-
1854 4170 1867 4181 '

217 4245 349 4300 bare
408 4245 883 4299 existimaveram.
920 4263 938 4295 ι
1002 4246 1226 4300 Poterat
1271 4246 1389 4300 lucc
1443 4247 1804 4316 reprehensio

219 4337 467 4391 animum
517 4335 855 4390 Theodoreti
886 4351 1016 4406 erga
1056 4335 1322 4407 Cyrillum
1352 4338 1464 4407 jam
1498 4339 1621 4407 plus
1647 4354 1805 4408 aequo

220 4426 507 4481 infensum
539 4427 912 4492 exacerbare;
951 4427 1045 4482 sed
1083 4443 1193 4482 suae
1216 4427 1373 4483 fama:
1404 4429 1669 4484 interesse
1704 4446 1805 4483 no-

1872 589 2026 643 libris
2056 590 2245 643 decem
2262 590 2316 643 in
2340 590 2616 645 lulianum
2643 600 2944 661 apostatam
2969 606 2996 643 a
3026 606 3084 644 se
3107 590 3444 657 compositis.

1871 680 2067 734 Joanni
2090 681 2434 734 Antiocheno
2472 681 2641 745 misit,
2678 696 2877 751 rogans
2905 690 3102 734 utcum
3135 678 3450 733 eruditissi-

1875 773 1980 827 mis
2003 773 2313 842 quibusque
2362 787 2475 827 suaa
2521 771 2776 827 dimcesis
2825 771 3101 841 episcopis
3140 784 3448 823 communi»

1875 874 2047 920 caret.
2079 866 2205 919 llzec
2240 866 2623 919 Theodoretus
2668 879 2792 917 cum
2830 862 3134 932 accepisset
3161 876 3190 915 a
3220 860 3450 923 Joanne,

1877 959 2205 1027 legissetque
2251 959 2533 1021 attentius,
2588 957 2800 1010 litteras
2866 955 3015 1009 misit
3071 953 3137 1007 ad
3190 952 3454 1024 Cyrillum

1878 1050 2101 1103 laudum
2131 1059 2295 1118 atque
2344 1048 2507 1103 cilicii
2554 1050 2768 1118 plenas,
2801 1058 3128 1116 mutuasque
3158 1045 3230 1101 ab
3265 1061 3335 1100 eo
3366 1060 3455 1099 re-

1880 1143 2047 1211 cepit,
2077 1158 2177 1195 nec
2205 1142 2325 1195 illas
2361 1156 2518 1204 unas,
2555 1155 2693 1209 quas
2730 1154 2797 1193 eo
2839 1138 3155 1208 diligentius
3192 1136 3456 1200 servavit,

1881 1250 1990 1305 quo
2010 1235 2327 1288 callidiores
2365 1234 2429 1285 ad
2465 1250 2595 1285 usus
2623 1233 2958 1286 destinabat.

1954 1328 2020 1380 Et
2056 1344 2185 1379 vero
2206 1326 2795 1396 postmodum'abusus
2821 1334 2928 1386 est,
2965 1339 3090 1377 cum
3126 1321 3460 1392 persuadere

1882 1422 2045 1473 vellet
2098 1420 2359 1473 Dioscoro
2384 1462 2396 1483 ,
2436 1418 2622 1488 Cyrilli
2685 1434 2741 1471 se
2785 1418 3082 1471 amicitiam
3117 1415 3376 1477 coluisse,
3408 1422 3464 1465 et

1883 1514 2185 1567 doctrinam
2234 1511 2503 1565 laudasse.
2568 1530 2584 1559 ι
2633 1511 2829 1573 llr-alar,
2883 1510 3140 1577 inquit“,
3188 1505 3466 1560 memoria:

1884 1604 2147 1675 Cyrillum
2180 1621 2321 1674 szepe
2359 1604 2423 1657 ad
2457 1620 2556 1656 nos
2603 1602 2816 1656 litteras
2840 1600 3079 1663 dedisse,
3114 1607 3465 1668 perspectum

1885 1704 1988 1757 est,
2025 1696 2240 1765 opinor,
2271 1694 2546 1748 sanctitati
2574 1702 2711 1756 tum;
2757 1692 2853 1746 sed
2881 1700 2937 1744 et
2958 1690 3181 1760 quando
3215 1703 3346 1742 suos
3374 1687 3469 1741 ad—

1887 1804 2080 1842 versus
2102 1788 2377 1841 Julianmn
2408 1788 2580 1839 libros
2609 1787 2759 1839 misit
2786 1785 3158 1846 Antiochiam,
3186 1782 3469 1836 similiter-

1888 1894 1997 1949 que
2025 1882 2039 1897 ”
2079 1878 2281 1932 librum
2350 1877 2424 1930 De
2470 1878 2764 1939 emissario,
2802 1875 3021 1929 beatum
3062 1873 3327 1927 Joannem
3377 1887 3468 1924 ro-

1888 1972 2035 2042 gavit
2087 1970 2403 2040 episcopum
2442 1969 2872 2028 Antiochcnum,
2930 1974 2988 2020 ut
3041 1966 3164 2019 illos
3212 1964 3473 2046 spectatis

1889 2078 1989 2133 per
2022 2061 2301 2117 Orientem
2336 2062 2614 2131 magistris
2648 2060 2990 2123 ostenderet,
3023 2057 3333 2126 litterisque
3368 2057 3471 2110 ob-

1890 2168 2127 2221 sequens
2161 2153 2355 2205 beatus
2377 2152 2616 2206 Joannes
2647 2153 2806 2206 nobis
2834 2153 3005 2205 libros
3023 2150 3194 2211 misit,
3225 2166 3364 2218 quos
3391 2149 3472 2203 le-

1890 2250 2081 2312 gentes
2109 2242 2476 2310 suspeximus,
2502 2251 2557 2295 et
2582 2241 2751 2295 beata:
2782 2240 3060 2295 memorhe
3104 2239 3307 2310 Cyrillo
3340 2236 3476 2292 scri—

1890 2333 2122 2403 psimus,
2153 2341 2208 2387 et
2239 2333 2328 2385 ille
2360 2332 2427 2386 ad
2455 2348 2555 2386 nos
2586 2332 2893 2400 rescripsit,
2924 2331 3380 2400 diligentiamque
3412 2342 3478 2381 ac

1890 2424 2326 2478 benevolentiam
2350 2422 2789 2477 commendavit:
2823 2422 3160 2491 quaelitteraa
3206 2418 3350 2488 apud
3378 2433 3477 2472 nos

1896 2525 2207 2571 servantur.
2251 2535 2266 2563 ι

1968 2609 2128 2679 169
2163 2607 2253 2661 XI.
2294 2606 2677 2661 Theodoretus
2720 2621 2905 2675 porro,
2931 2606 3139 2658 sancita
3161 2619 3316 2673 pace,
3368 2618 3479 2655 non

1894 2703 2056 2756 modo
2082 2718 2190 2754 non
2218 2699 2515 2763 consensit,
2549 2698 2643 2753 sed
2674 2714 2741 2751 ne
2764 2698 2976 2767 quievit
2998 2695 3223 2766 quidem
3244 2696 3288 2724 εδ
3316 2712 3327 2746 :
3355 2708 3480 2748 nam

1896 2795 2160 2865 propositi
2195 2793 2445 2862 pertinax
2494 2802 2549 2846 et
2592 2791 2746 2845 fama:
2780 2790 3074 2853 conscius,
3122 2801 3483 2857 quoscunque

1896 2886 2078 2955 potuit
2098 2925 2111 2943 .
2166 2884 2217 2937 in
2248 2899 2374 2937 suas
2399 2892 2583 2952 partes
2613 2899 2720 2950 qua
2757 2880 3066 2935 rationibus
3098 2877 3344 2939 deduxit,
3375 2891 3482 2946 qua

1898 2977 2222 3032 auctoritate
2245 2975 2533 3045 protraxit.
2564 2975 2751 3043 Neque
2776 2989 2904 3026 vero
2932 2972 3090 3041 pauci
3110 2969 3305 3023 ducem
3325 2982 3482 3022 secu-

1900 3070 1939 3124 ti
1971 3076 2128 3131 sunt,
2178 3069 2287 3120 imo
2314 3067 2480 3121 factio
2504 3066 2798 3129 exstitit“,
2835 3080 2957 3133 qua:
2999 3062 3130 3132 quia
3154 3076 3258 3115 nec
3279 3058 3485 3129 Cyrillo

1822 3194 1869 3258 ο
1899 3160 2234 3223 adhaerebat,
2263 3176 2365 3213 nec
2394 3159 2612 3221 Joanni,
2649 3156 2885 3227 partium
2917 3164 2972 3210 et
2997 3155 3308 3209 dioeceseon
3331 3149 3484 3220 capi-

1901 3255 2070 3316 tibus,
2112 3251 2513 3321 Acephalorum
2539 3266 2758 3313 nomen,
2792 3249 2837 3303 si
2860 3265 2965 3317 qua
2986 3247 3243 3301 Liberato
3264 3242 3402 3297 ﬁdes
3416 3242 3482 3305 ⁸⁷,

1900 3344 2144 3413 accepit;
2199 3350 2362 3411 atque
2407 3341 2480 3395 ita
2532 3340 2917 3395 Theodoretus
2956 3337 3132 3391 videri
3165 3335 3345 3406 potuit
3372 3334 3484 3404 jam

1900 3450 2012 3488 non
2040 3448 2183 3487 unus
2213 3433 2279 3487 de
2303 3440 2451 3486 secta
2478 3430 2713 3485 Nestorii
2738 3471 2750 3493 ,
2788 3429 2883 3483 sed
2914 3429 3270 3482 factiosorum
3299 3433 3485 3495 caput,

1900 3534 1956 3580 et
1979 3524 2239 3581 Ecclesia:
2262 3525 2706 3594 perturbaturum
2731 3523 3008 3591 princeps.

1974 3617 2103 3672 Scio
2132 3617 2199 3671 de
2223 3616 2434 3694 origine
2458 3615 2697 3668 nominis
2721 3612 3125 3682 Aceplialnrum
3154 3626 3259 3664 non
3284 3608 3354 3663 ab
3375 3623 3490 3663 om—

1904 3712 2067 3767 nibus
2084 3711 2341 3765 Libcrato
2362 3709 2534 3772 credi,
2563 3708 2659 3762 sed
2686 3706 2917 3761 Leontio
2940 3705 3113 3775 magis
3140 3722 3152 3756 :
3174 3719 3271 3758 eos
3292 3716 3490 3771 nempe

1904 3804 1977 3858 ita
2005 3803 2199 3864 dictos,
2234 3802 2327 3871 qui
2357 3800 2520 3870 longo
2549 3809 2671 3869 post
2695 3808 2965 3868 tempore,
2995 3812 3120 3851 cum
3148 3793 3493 3850 Alexandria:

1905 3894 2302 3966 Eutychianam
2348 3892 2583 3946 hiercsin
2623 3899 3023 3961 sequerentur,
3060 3888 3211 3943 velut
3244 3887 3492 3943 Dioscuri

1904 3987 2149 4055 reliquiae
2172 4027 2186 4049 ,
2236 4000 2347 4038 non
2379 3994 2559 4038 tamen
2590 3984 2753 4037 Petro
2779 3983 2971 4052 Moggo
2997 3980 3228 4036 antistiti
3257 3977 3493 4033 civitatis

1905 4077 2257 4134 adlnerebant
2278 4117 2291 4141 ,
2328 4075 2679 4145 quantumvis
2700 4074 3042 4145 Eutychiana
3072 4082 3129 4127 et
3154 4073 3269 4142 ipse
3298 4069 3494 4126 hmresi

1907 4169 2143 4225 infectus
2182 4178 2348 4222 esset.
2396 4166 2621 4231 Verum,
2674 4175 2734 4219 ut
2774 4165 3006 4219 Leontio
3033 4164 3169 4218 fides
3196 4162 3492 4224 tribuatur,

1906 4276 2027 4328 qua:
2054 4259 2245 4327 procul
2271 4257 2443 4310 dubio
2475 4255 2661 4310 debita
2685 4264 2770 4309 est
2792 4296 2806 4317 ,
2844 4271 2953 4308 non
2985 4254 3249 4308 continuo
3274 4252 3497 4304 videtur

1907 4348 2219 4417 abroganda
2265 4347 2546 4409 Liber-ato,
2602 4360 2725 4399 cum
2780 4343 2908 4396 iniri
2954 4342 3129 4412 possit
3173 4341 3493 4395 concordia.

1911 4440 2205 4510 Scripserit
2249 4439 2395 4493 enim
2448 4439 2560 4501 ille,
2617 4436 2764 4507 quod
2812 4436 3281 4507 Eutychianorum
3312 4432 3493 4503 parti;

217 4528 398 4584 verat.
430 4520 564 4575 dum
594 4528 791 4575 cuncta
818 4520 1088 4590 principis
1122 4521 1277 4591 jussu
1312 4530 1801 4590 componerenlur.
1841 4533 1878 4585 ι)
1911 4534 2035 4595 iste,
2086 4531 2231 4601 quod
2270 4530 2629 4585 Orientalium
2670 4528 2893 4583 factioni
2944 4543 3144 4581 nomen
3185 4525 3493 4593 obtigerit:

222 4615 357 4668 nihil
388 4612 681 4666 turbarum
706 4613 874 4677 ciere,
918 4613 1028 4667 imo
1053 4613 1371 4667 occasiones
1399 4623 1643 4682 captare,
1676 4614 1802 4683 qui-

224 4706 326 4759 bus
353 4712 544 4773 posset
567 4713 664 4756 aut
709 4703 764 4756 in
789 4703 1089 4758 amicitiam
1147 4720 1179 4758 a
1218 4702 1425 4775 Cyrillo
1477 4704 1672 4774 recipi,
1708 4712 1804 4759 aut

224 4804 483 4865 receptus
506 4795 680 4850 videri
712 4812 725 4848 :
765 4797 845 4850 sic
872 4796 1021 4850 enim
1049 4781 1431 4865 pertinaciam,
1471 4796 1527 4850 in
1564 4813 1808 4851 renuen-

222 4888 308 4944 dis
330 4889 753 4945 conditionibus
772 4890 1104 4957 concordiae,
1131 4891 1353 4946 valebat
1380 4892 1556 4945 tutius
1586 4892 1675 4946 vel
1708 4908 1807 4947 ex-

222 4995 417 5037 cusare
443 4982 531 5036 vel
563 4992 767 5053 tegere.

292 5075 363 5129 X.
398 5074 619 5129 Accidit
673 5090 800 5129 mox
861 5075 1079 5131 occasio
1132 5086 1439 5146 opportuna
1487 5076 1646 5130 dolo:
1681 5092 1805 5130 nam

226 5166 462 5239 Cyrinus
494 5166 825 5222 laboriosam
857 5168 1240 5223 tractationem
1271 5166 1340 5221 de
1364 5183 1531 5237 capro
1573 5168 1806 5221 emissa-

1913 4634 2143 4693 uterque
2196 4632 2318 4693 apte
2363 4623 2429 4676 ad
2470 4623 2581 4676 vim
2614 4622 2770 4676 vocis
2804 4619 2958 4673 facta:
2987 4620 3055 4674 ad
3084 4618 3496 4689 significandam

1914 4726 2138 4777 sectam,
2189 4731 2309 4784 quae
2342 4715 2429 4769 cui
2462 4731 2560 4783 par
2597 4722 2700 4777 est,
2738 4714 2904 4783 capiti
2942 4728 3052 4766 non
3100 4709 3494 4779 conjungitur:

1914 4807 2021 4860 erit
2048 4816 2230 4860 tamen
2255 4806 2496 4860 Liberati
2524 4821 2687 4875 quam
2714 4804 2929 4859 Leontii
2960 4803 3141 4873 potior
3164 4801 3291 4855 inde
3311 4816 3499 4864 causa.

1917 4898 2065 4967 quod
2095 4898 2186 4951 ille
2214 4898 2463 4962 tradidit,
2503 4897 2647 4951 unde
2676 4897 2914 4966 primum
2964 4896 3017 4948 in
3058 4894 3166 4947 hoc
3191 4902 3305 4947 toto
3328 4906 3498 4961 nego-

1918 4987 1993 5039 tio
2046 4986 2295 5040 auditum
2340 4987 2411 5040 sit
2456 4986 2859 5054 Aceplialorum
2904 4999 3140 5048 nomen;
3190 4982 3315 5045 iste,
3356 4981 3499 5035 unde

1915 5075 2272 5147 Eutycliianis
2315 5076 2591 5129 inhmscrit
2642 5094 2655 5128 :
2708 5092 3020 5145 quanquam
3073 5074 3287 5128 Leontii
3333 5088 3497 5141 quam

1915 5167 2155 5221 Liberati
2191 5168 2373 5221 notior
2399 5175 2484 5220 est
2510 5167 2815 5232 sententia;
2849 5176 3139 5235 propterea
3163 5163 3311 5233 quod
3338 5178 3500 5216 man-

1576 5320 1888 5376 SCIIULZII
1930 5319 2153 5378 NOT/E.

302 5458 341 5488 θ’
374 5452 576 5523 lnquit.
609 5453 732 5523 Yid.
772 5464 810 5506 t.
847 5453 935 5517 IV,
967 5455 1128 5523 epist.
1164 5455 1284 5510 1³76.

1388 5457 1433 5487 ⁶²
1464 5456 1664 5527 Inquit.
1700 5456 1823 5509 Vid.
1859 5457 1896 5510 l.
1930 5472 1978 5511 c.
2022 5456 2184 5526 epist.
2212 5456 2345 5527 4172.
2382 5456 2532 5510 Adde
2561 5472 2679 5525 s_vn.
2729 5473 2779 5517 v,
2823 5467 2929 5509 act.
2965 5457 3015 5509 5.

3115 5456 3160 5486 ”
3212 5453 3316 5508 Ait.
3372 5452 3496 5506 τιό.

231 5540 284 5593 p.
322 5540 375 5576 ιιι
408 5517 899 5596 ερηεηΕρΙιεεηᾷς.
939 5517 1026 5596 35.
1078 5525 1367 5596 Αθδιηᾳαὶι.
1404 5517 1604 5581 νιᾱλ.
1652 5528 1740 5589 IV,
1774 5527 1934 5596 epist.
1970 5517 2073 5581 85:
2135 5525 2279 5579 “Ne
2318 5528 2506 5596 quievit
2558 5517 2786 5594 quidem.
2815 5527 3055 5591 Quievit.
3099 5524 3274 5596 donec
3302 5521 3494 5576 defert-‘-

234 5596 420 5647 deuda:
452 5592 677 5647 Diodori
722 5603 778 5647 et
811 5593 1089 5649 Theodori
1141 5592 1420 5651 memoriae
1482 5592 1863 5651 necessitatem

1938 5598 2040 5651 sibi
2089 5594 2393 5665 impositam
2448 5612 2568 5649 esse
2628 5598 2900 5650 crederet.
2959 5597 3089 5650 Erat
3146 5594 3328 5665 cnim,_
3358 5600 3498 5646 teste

232 5664 494 5737 Gagierio
526 5668 733 5737 (supra,
764 5680 817 5732 p.
870 5664 1409 5737 1470),gamicitiarum
1466 5666 1859 5721 incredibiliter
1914 5663 2218 5737 appetens,
2254 5676 2310 5719 et
2364 5682 2487 5737 eum
2528 5667 2823 5737 junxissct,
2861 5663 3494 5737 constantcrhretinens.

238 5736 283 5765 “
312 5735 488 5807 Fadio
522 5735 740 5807 eqstitil,
768 5731 897 5807 ciet.
929 5735 1139 5807 Dudum
1171 5754 1201 5789 ει
1237 5736 1511 5791 Cotelerio
1536 5737 1765 5806 aliisque
1800 5731 2017 5807 explosa
2073 5744 2156 5791 est
2209 5735 2308 5790 ista
2365 5731 2563 5791 fabula.
2623 5737 2739 5790 Vid.
2817 5737 3032 5805 Dupinii
3092 5733 3330 5787 Biblioth.
3375 5731 3496 5785 Aut.

236 5806 435 5871 eri-les,
475 5814 516 5859 t.
568 5804 656 5865 IV,
695 5820 744 5872 ιι.
776 5803 860 5858 85.
940 5805 1280 5869 “Breviarii,
1330 5822 1447 5874 cap.
1501 5807 1553 5860 9.
