4208 6440
720 429 819 492 123

1849 420 2228 481 GARNEBII
2270 415 2768 478 DISSERTATIO
2806 416 2854 472 1.

3866 403 3968 470 124

712 538 787 590 sit
808 537 900 590 diu
920 534 1255 604 Eutyehiana
1281 531 1443 585 factio
1473 545 1596 584 cum
1624 544 1725 583 suo
1753 529 2002 593 nomine;
2037 526 2289 582 Orienta—
2320 532 2360 586 Α
2390 524 2657 578 freuatam
2695 521 2985 575 dimisisti?
3043 521 3198 582 Vide,
3239 536 3305 574 ne
3335 518 3460 589 quis
3493 521 3508 539 ‘
3544 526 3593 571 te
3627 516 3965 570 callidiorem

712 630 847 682 lium
869 626 1065 681 seditio
1098 626 1250 678 brevi
1286 624 1589 692 composita
1611 630 1715 675 est.

1318 734 1541 789 CAPUT
1579 734 1690 788 V'll.

714 830 753 881 1.
784 828 888 881 Pro
915 827 1142 880 Nestorii
1169 828 1310 879 libris
1338 825 1613 877 combustis
1640 823 2026 875 substituuntur
2045 830 2288 889 excerpta

780 914 844 950 ea:
876 897 1103 950 Diodoro
1134 907 1179 949 et
1212 895 1495 950 Theodoro.
1554 894 1617 946 ll.
1651 891 1891 944 Monachi
1921 891 2136 943 Armeni
2168 891 2290 943 inde

783 968 963 1020 turbas
1018 976 1242 1019 movent.
1304 965 1394 1018 111.
1436 962 1745 1033 ϐυνίιιιιεᾹες
1782 959 1996 1033 Proetus
2043 970 2287 1033 excerpta

782 1038 1115 1106 impugnant.
1158 1035 1243 1089 IV.
1278 1029 1903 1106 ΤΙιεξοάοὶ-ειιλδΑιίίξίιςζιίίὶεἶ
1943 1030 2008 1106 \_i._
2036 1029 2287 1106 Queritur

781 1097 1201 1171 apudvloannem
1222 1106 1598 1158 Antiochenam
1617 1097 1847 1171 Cyrillus
1872 1101 1933 1152 de
1950 1099 2282 1171 Tlieodoreto.

781 1168 866 1231 Vl.
902 1175 1002 1239 Qui
1041 1192 1096 1228 se
1138 1175 1206 1228 ad
1250 1172 1626 1239 componendos
1670 1168 1845 1239 libros,
1902 1178 1950 1221 et
1990 1170 2286 1221 ornandam

781 1238 996 1315 Cyrum,
1017 1246 1287 1315 convertit.
1309 1238 1419 1296 VII.
1445 1242 1519 1294 De
1538 1238 1756 1293 concilio
1773 1239 2119 1292 Armenorum
2138 1239 2285 1307 cujus

783 1316 1014 1367 meminit
1036 1314 1318 1367 Baronius.

1108 1408 1178 1455 Ab
1212 1419 1339 1454 anno
1366 1403 1545 1454 (.hristi
1570 1405 1661 1453 151
1696 1404 1753 1452 ad
1780 1402 1884 1450 HO.

782 1513 825 1568 1.
863 1513 993 1579 Qum
1020 1512 1396 1567 intercessisse
1422 1512 1566 1565 dicta
1589 1521 1690 1573 est,
1717 1508 2122 1562 Theodoretum
2143 1508 2284 1559 inter

709 1613 766 1657 et
796 1603 1095 1674 Cyrillum,
1145 1602 1454 1655 litterarum
1501 1599 1843 1654 consuetudo
1890 1600 2147 1653 diuturna
2175 1612 2285 1651 non

710 1694 831 1747 fuit.
871 1694 1005 1745 Nam
1050 1709 1173 1745 cum
1206 1693 1491 1745 Nestorius
1521 1690 1869 1759 imperatoris
1899 1687 2153 1742 mandato
2184 1687 2282 1739 de-

709 1792 955 1853 portatus
1006 1793 1151 1839 esset
1202 1785 1255 1836 in
1300 1782 1516 1845 Oasim,
1576 1789 1865 1850 propterea
1921 1779 2079 1847 170
2134 1776 2281 1847 quod

706 1891 739 1929 e
771 1892 871 1929 suo
900 1874 1235 1928 monasterio
1265 1874 1453 1927 turbas
1489 1874 1788 1927 amicorum
1809 1887 1911 1940 ope
1932 1871 2280 1935 moliebatur,
2319 1855 2358 1908 Β

707 1979 944 2036 cumque
975 1969 1094 2035 ejus
1122 1966 1247 2019 libri
1273 1965 1503 2018 ﬂammis
1525 1966 1809 2029 arsissent,
1839 1964 2097 2034 quoniam
2126 1981 2191 2019 ex
2218 1965 2285 2019 iis

704 2058 953 2127 quidam,
1004 2058 1194 2111 eadem
1238 2072 1360 2110 cum
1406 2055 1658 2109 Patribus
1700 2055 2008 2109 Nestorium
2056 2056 2281 2120 sentire,

708 2147 913 2216 populo
951 2145 1358 2214 persuadebant
1392 2162 1405 2197 :
1438 2147 1551 2198 visa
1579 2154 1663 2199 est
1695 2144 1938 2198 factiosis
1973 2145 2284 2199 hominibus

707 2237 989 2291 sarcieuda
1023 2251 1145 2290 cum
1184 2236 1391 2290 faenore
1418 2237 1648 2306 jactura.
1702 2236 1834 2289 Nam
1856 2234 1898 2266 ⁸⁸
1930 2252 2030 2306 pro
2056 2237 2281 2290 combu-

708 2326 809 2380 stis
835 2325 1000 2379 unius
1022 2325 1260 2377 hominis
1295 2341 1404 2377 non
1431 2324 1801 2393 probatissimi
1830 2325 1970 2392 apud
1996 2340 2185 2379 omnes
2214 2325 2283 2378 li-

710 2417 825 2472 bris
875 2416 1141 2485 suppositi
1190 2424 1317 2469 sunt
1356 2416 1469 2478 alii,
1509 2416 1623 2469 sive
1655 2430 1794 2484 quos
1819 2414 2143 2468 Theodorus
2168 2414 2282 2468 Mo-

710 2519 1059 2580 psuestenus,
1093 2509 1331 2563 Nestorii
1364 2509 1621 2577 magister
1643 2548 1656 2571 ,
1712 2507 1827 2562 sive
1853 2523 1989 2576 quos
2015 2506 2285 2562 Diodorus

707 2601 1014 2665 Tarsensis,
1044 2601 1412 2671 Mopsuesteni
1441 2602 1651 2663 doctor,
1673 2600 1970 2668 scripserat
1996 2616 2007 2649 :
2033 2608 2112 2661 ut,
2144 2615 2284 2668 quo-

709 2694 858 2750 niam
883 2705 1115 2763 uterque
1144 2693 1356 2747 infinita
1381 2701 1499 2746 erat
1527 2692 1671 2761 apud
1698 2706 1890 2744 omnes
1920 2691 1974 2743 in
2002 2690 2280 2760 opinione,

708 2793 862 2839 tanto
900 2786 1265 2855 perniciosius
1290 2783 1433 2836 idem
1457 2798 1615 2836 error
1640 2781 2030 2844 invalesceret,
2078 2790 2284 2850 quanto

708 2877 811 2930 sub
837 2876 1093 2929 nobiliori
1120 2875 1340 2928 nomine
1369 2876 1582 2928 lateret.

778 2966 845 3021 11.
882 2966 1059 3035 Atque
1090 2966 1217 3019 hinc
1244 2964 1454 3019 exstitit
1476 2980 1639 3019 causa
1667 2966 1996 3019 tumultuum
2023 2965 2075 3019 in
2097 2968 2286 3021 Arme-

711 3056 821 3122 nia,
841 3058 1030 3111 multis
1052 3069 1347 3126 utrumque
1367 3056 1651 3111 doctorem
1670 3056 1897 3112 mirifice
1914 3058 2282 3123 laudantibus,

2390 615 2689 676 existimet,
2717 614 2803 667 his
2823 613 3084 666 adversus
3104 612 3451 666 Theodorum
3471 611 3546 663 uti
3568 610 3802 679 injuriis,
3820 609 3965 677 quod

2390 704 2809 775 Apollinarium,
2864 712 2921 756 et
2965 703 3059 772 qui
3104 718 3190 766 ea,
3224 718 3344 772 quae.
3374 712 3501 756 sunt
3534 701 3699 759 illius,
3726 700 3964 768 sapiunt,

2391 795 2848 849 sceleratissimos
2878 795 3111 847 vocavit.
3149 793 3204 848 Si
3229 794 3333 846 hoc
3364 800 3596 853 nonest,
3633 805 3729 842 cur
3758 790 3966 842 absono

2391 887 2559 949 dicto,
2612 888 2755 940 sicut
2783 886 3094 954 crapulam,
3158 893 3334 937 tantas
3365 882 3673 953 hujusmodi
3702 880 3967 935 adversus

2388 994 2513 1034 eum
2540 978 2912 1046 blasphemias
2930 976 3176 1031 eﬂ‘udisti
3198 976 3283 1027 ‘9?
3310 995 3326 1025 ι

2458 1072 2522 1127 ν.
2563 1073 2638 1127 Ea
2665 1072 2974 1133 occasione,
3008 1071 3221 1139 opinor,
3248 1068 3502 1140 Cyrillus,
3532 1067 3671 1119 datis
3700 1066 3765 1119 ad
3796 1066 3966 1119 Joan-

2387 1179 2513 1218 nem
2536 1164 2936 1217 Antiochenum
2964 1161 3185 1225 litteris,
3211 1169 3438 1228 questus
3461 1167 3542 1210 est
3564 1159 3629 1210 de
3650 1156 3968 1211 Theodore-

2387 1261 2445 1307 ιο
2495 1262 2752 1321 tanquam
2780 1250 2847 1304 de
2876 1250 3096 1305 homine
3125 1248 3381 1311 factioso,
3434 1248 3527 1316 qui
3560 1262 3667 1299 non
3695 1246 3967 1314 ejurasset

2386 1344 2621 1398 Nestorii
2666 1345 2998 1404 societatem,
3051 1341 3145 1395 sed
3189 1355 3325 1393 vana
3353 1340 3533 1407 potius
3557 1338 3736 1406 specie
3770 1337 3964 1391 defen-

2386 1434 2552 1488 dendi
2579 1434 2886 1502 magistros,
2924 1431 3175 1499 discipuli
3198 1430 3500 1483 doctrinam
3538 1427 3817 1481 vindicare
3848 1427 3963 1480 vel-

2384 1527 2459 1581 let
2505 1526 2766 1579 adversus
2805 1524 2957 1593 171
2996 1522 3251 1576 Ecclesia:
3286 1521 3629 1574 sententiam.
3690 1518 3969 1572 Littera”

2385 1620 2464 1673 sic
2520 1634 2577 1673 se
2630 1618 2832 1671 habent
2881 1635 2893 1668 :
2943 1613 3290 1667 «Arbitratus
3317 1628 3437 1666 sum
3501 1612 3554 1664 in
3612 1611 3757 1664 hunc
3793 1625 3965 1678 usque

2385 1709 2529 1764 diem
2565 1706 3086 1761 reverendissimum
3111 1703 3538 1763 Theodoretum,
3569 1699 3833 1768 depositis
3860 1699 3970 1753 Nc-

2388 1797 2542 1853 storii
2570 1796 2723 1850 vanis
2743 1792 3115 1864 opinionibus,
3144 1790 3412 1843 maculam
3435 1789 3587 1843 exiis
3609 1794 3963 1847 contractam,

2388 1888 2638 1957 exemplo
2660 1886 3127 1940 sanctissimorum
3150 1882 3380 1936 aliorum
3404 1882 3719 1950 praesulum,
3740 1880 3961 1931 eluisse.

2386 1984 2545 2036 Hunc
2582 1980 2732 2034 enim
2779 1976 3122 2033 credideram
3171 1976 3330 2045 longe
3363 1989 3469 2029 ase
3492 1974 3809 2033 removisse,
3844 1986 3968 2040 qua:

2387 2072 2508 2142 paci
2551 2071 2877 2131 obstabant,
2918 2066 3328 2122 conditionibus
3374 2065 3689 2133 mutuisque
3710 2080 3739 2116 a
3763 2079 3846 2116 me
3875 2062 3965 2115 lit-

2387 2162 2517 2215 teris
2552 2160 2808 2227 receptis.
2844 2159 3065 2222 Verum,
3102 2156 3374 2210 referente
3403 2156 3491 2223 pio
3512 2154 3832 2225 presbytero
3860 2153 3964 2205 Da-

2385 2252 2549 2315 niele,
2578 2250 2745 2304 didici
2780 2252 2958 2318 ipsum
2984 2264 3012 2302 a
3038 2247 3286 2318 pristinis
3307 2246 3500 2315 agendi
3527 2245 3830 2299 rationibus
3855 2259 3965 2297 non

2386 2338 2699 2402 recessisse,
2736 2338 3018 2392 adhaarere
3042 2334 3269 2406 perinde
3298 2351 3361 2389 ae
3383 2336 3532 2405 prius
3567 2334 3802 2388 Nestorii
3852 2333 3969 2386 bla-

2386 2430 2668 2499 sphemiis,
2695 2438 2752 2485 et
2796 2437 2981 2499 aperte
3013 2427 3327 2489 ostendere,
3374 2443 3429 2482 se
3467 2442 3643 2494 neque
3677 2424 3968 2480 anathema

2385 2522 2485 2591 ipsi
2509 2522 2729 2585 dixisse,
2758 2536 2938 2590 neque
2960 2519 3288 2588 depositioni
3314 2519 3629 2572 assensisse.
3662 2518 3811 2570 Hanc
3831 2516 3966 2569 mihi

2386 2621 2478 2667 tua
2501 2614 2759 2668 sanctitas
2789 2612 2935 2665 fandi
2965 2620 3293 2681 potestatem
3319 2609 3501 2672 faciat,
3541 2608 3811 2677 siquidem
3840 2608 3970 2661 cha-

2387 2704 2521 2759 ritas
2542 2714 2700 2774 urget
2723 2703 2789 2757 ad
2813 2701 3148 2771 loquendum
3178 2718 3190 2753 :
3217 2716 3378 2769 quam
3399 2699 3469 2753 ob
3487 2714 3704 2753 causam
3727 2697 3967 2751 nonnul-

2386 2794 2424 2848 li
2458 2795 2600 2848 elata
2629 2793 2841 2847 cervice
2872 2792 3147 2846 laudabile
3179 2802 3331 2845 tuum
3364 2790 3673 2853 consilium,
3712 2789 3766 2842 in
3798 2789 3965 2841 rehus

2387 2883 2455 2937 ad
2485 2895 2633 2937 tuam
2655 2882 3005 2953 prudentiam
3037 2881 3461 2952 pertinentibus,
3495 2895 3603 2934 non
3626 2880 3969 2947 sequuntur?

2386 2974 2516 3038 Cur,
2551 2975 2721 3028 instar
2760 2974 3031 3043 pecudum
3077 2989 3109 3027 a
3140 2988 3305 3043 grege
3338 2986 3395 3025 se
3433 2971 3848 3031 abduceutium,
3887 2970 3965 3021 nil

2387 3065 2494 3120 nisi
2524 3065 2668 3135 quod
2692 3065 2827 3119 libet
2851 3065 3265 3134 exsequuntur?
3321 3064 3377 3118 Si
3412 3079 3543 3117 vera
3566 3071 3696 3116 sunt
3734 3059 3856 3131 quae
3882 3058 3967 3114 di-

710 3150 962 3221 pluribus
989 3158 1283 3219 utrumque
1313 3148 1609 3218 impietatis
1634 3150 2013 3221 arguentibus.
2066 3151 2287 3205 Exstitit
2314 3192 2356 3248 C
2389 3156 2518 3220 dici,
2567 3170 2650 3209 nte
2682 3155 3171 3210 reverendissimus
3199 3154 3288 3207 ille
3335 3153 3500 3207 debet
3528 3152 3835 3207 sanctitatis
3862 3162 3972 3206 tuae

709 3242 876 3296 etiam
901 3242 1250 3310 querelarum
1279 3241 1453 3311 origo,
1493 3257 1629 3310 quas
1649 3242 1999 3312 gravissimas
2032 3243 2287 3296 monachi

710 3331 831 3387 zelo
873 3330 1177 3401 praefervidi
1223 3331 1604 3385 Alexandriam
1647 3332 1713 3385 ad
1759 3330 2042 3403 Cyrillum,
2100 3333 2288 3387 Antio-

713 3420 891 3476 chiam
927 3420 992 3474 ad
1019 3421 1304 3485 Joannem,
1335 3429 1392 3476 et
1420 3422 1474 3476 in
1498 3423 1689 3477 urbem
1714 3424 1915 3493 regiam
1940 3423 2007 3478 ad
2037 3424 2289 3477 Proclum

714 3511 1022 3565 Maximiani
1054 3526 1427 3566 successorem
1452 3514 1721 3567 tulerunt.

781 3601 870 3656 111.
905 3601 1143 3672 Cyrillus
1188 3602 1453 3658 adversus
1490 3605 1791 3659 Diodorum
1842 3614 1897 3658 et
1938 3604 2288 3660 Theodorum

712 3695 1023 3763 composuit
1052 3695 1288 3760 librum,
1347 3698 1504 3767 cujus
1524 3696 1659 3750 nihil
1684 3706 1931 3750 remanet
1958 3705 2155 3765 prater
2180 3696 2290 3749 fra-

714 3794 931 3855 gmenta
966 3787 1020 3840 in
1043 3788 1194 3840 Actis
1225 3788 1430 3856 quintae
1456 3787 1672 3858 synodi.
1724 3788 1961 3842 Joannes
2001 3787 2292 3841 Theodoro

722 3875 869 3929 visus
905 3886 989 3929 est
1031 3878 1195 3947 paulo
1216 3879 1444 3947 mquior.
1478 3879 1708 3933 Proclus
1728 3879 1903 3933 edidit
1931 3878 1997 3931 ad
2025 3879 2292 3934 Armenes

714 3964 947 4019 Tomum
980 3967 1046 4020 de
1080 3967 1207 4031 ﬁde,
1238 3968 1325 4021 cui
1355 3969 1638 4038 subjunxit
1662 3979 1919 4038 excerpta
1951 3969 2197 4037 quaedam
2226 3984 2291 4021 ex

716 4055 1037 4121 Theodoro,
1076 4059 1245 4113 tacito
1270 4067 1447 4115 tamen
1476 4060 1780 4129 prudenter
1807 4062 2028 4114 nomine
2071 4078 2084 4112 :
2131 4061 2292 4130 hujus

712 4147 864 4201 enim
895 4156 1044 4202 tanta
1081 4149 1185 4203 fuit
1218 4150 1273 4203 in
1297 4150 1522 4205 Oriente
1548 4152 1855 4204 reverentia
1903 4161 1958 4205 et
1982 4152 2135 4220 quasi
2164 4165 2290 4205 san-

714 4236 897 4300 ctitas,
960 4248 1038 4301 ut,
1081 4256 1205 4293 cum
1249 4241 1529 4310 religionis
1562 4241 1960 4295 incrementum
1987 4252 2288 4311 optaretur,

715 4332 1107 4385 reclamaretur
1136 4333 1189 4386 in
1218 4334 1449 4387 ecclesia
1476 4351 1488 4386 :
1532 4332 1681 4386 Vivat
1710 4332 1964 4387 Theodori
1986 4335 2138 4402 ﬁdes.

788 4422 874 4476 ιν.
915 4422 1063 4491 Opus
1086 4423 1265 4477 Procli
1292 4424 1529 4478 Joannes
1572 4424 1625 4477 in
1654 4440 1751 4477 sua
1777 4425 1984 4495 synodo
2017 4424 2289 4493 probavit.

2391 3245 2673 3299 stimulum
2704 3255 2761 3300 et
2793 3246 2888 3299 irae
2906 3246 3127 3299 aculeos
3148 3243 3444 3313 experiri»

2459 3333 2546 3386 Vl.
2584 3332 2755 3385 Porro
2782 3341 2962 3386 autem
2991 3348 3114 3386 cum
3134 3341 3383 3387 cerneret
3410 3330 3808 3395 Theodoretus,
3833 3331 3973 3385 scri-

2390 3422 2498 3491 ptis
2542 3436 2663 3490 quas
2706 3423 2946 3477 diximus
2994 3424 3284 3494 evulgatis,
3337 3440 3445 3477 non
3473 3423 3730 3478 effectum
3761 3440 3882 3479 esse
3916 3423 3972 3478 id

2390 3512 2775 3567 commotionis
2806 3513 2952 3582 quod
2975 3523 3239 3583 speraret,
3288 3514 3380 3569 sed
3406 3526 3597 3569 contra
3633 3530 3719 3569 res
3743 3524 3973 3569 cunctas

2391 3604 2470 3659 ire
2493 3605 2757 3673 pacatius,
2782 3606 3046 3674 pertaesis,
3074 3613 3131 3657 ut
3157 3605 3234 3668 fit,
3264 3606 3649 3660 diuturnarum
3673 3607 3962 3660 turbarum

2390 3698 2675 3767 plurimis,
2734 3714 2837 3751 nec
2876 3700 2982 3767 jam
3037 3699 3226 3753 faciles
3262 3701 3383 3769 ejus
3422 3701 3767 3755 sermonibus
3809 3717 3974 3755 aures

2391 3789 2785 3857 praebentibus.
2824 3799 2997 3843 totum
3026 3806 3085 3843 se
3110 3791 3263 3846 dedit
3290 3793 3684 3861 componendis
3711 3792 3889 3856 libris,
3920 3803 3977 3846 et

2393 3883 2564 3936 sacris
2608 3883 2906 3951 Scripturis
2944 3882 3371 3952 interpretandis
3398 3903 3411 3937 :
3438 3901 3549 3954 quo
3577 3885 3629 3937 in
3653 3901 3851 3953 genere
3882 3886 3975 3939 vix

2394 3973 2564 4027 ullum
2593 3974 2785 4027 habuit
2812 3974 3178 4044 superiorem,
3230 3976 3344 4030 sive
3375 3993 3569 4031 sensus
3595 3977 3850 4031 litteralis
3873 3992 3972 4029 ex-

2392 4063 2633 4132 planatio
2657 4072 2936 4131 spectetur
2956 4105 2970 4127 ,
3031 4065 3144 4119 sive
3173 4066 3416 4119 brevitas
3437 4106 3451 4129 ,
3508 4066 3624 4120 sive
3649 4067 3975 4120 elocutionis

2393 4155 2630 4209 claritas.
2660 4155 2883 4208 interim
2906 4170 3014 4208 non
3034 4155 3321 4209 desinebat
3342 4155 3577 4226 synodos
3598 4156 3971 4226 frequentare,

2393 4263 2497 4315 qua
2521 4256 2671 4316 parte
2695 4255 2895 4315 posset,
2917 4255 3078 4315 atque
3101 4247 3263 4300 etiam
3291 4247 3520 4300 consilio
3535 4264 3717 4317 agere,
3744 4256 3802 4300 ut
3818 4264 3972 4301 suam

2394 4338 2449 4391 in
2475 4338 2800 4391 sententiam
2838 4337 3159 4399 adduceret,
3188 4353 3329 4405 quos
3358 4338 3597 4401 valeret;
3636 4338 3729 4392 sed
3764 4338 3831 4392 iis
3854 4353 3973 4392 ma-

2394 4426 2535 4479 xime
2582 4427 2941 4481 conciliandis
2988 4427 3265 4489 studebat,
3317 4428 3409 4496 qui
3438 4430 3642 4497 majore
3668 4429 3977 4484 sanctitatis

716 4511 975 4566 Probavit
1004 4522 1059 4567 et
1084 4514 1139 4567 in
1161 4513 1410 4584 [Egyptia
1432 4514 1686 4583 Cyrillus,
1739 4514 1940 4583 quippe
1971 4516 2084 4568 suis
2114 4516 2290 4569 tribus
2324 4527 2364 4577 ι)
2394 4517 2536 4571 fama
2582 4519 2998 4573 celebrarentur
3048 4536 3059 4570 :
3106 4535 3276 4586 quare
3320 4528 3376 4571 et
3401 4518 3658 4587 frequens
3683 4528 3802 4574 erat
3830 4521 3976 4590 apud

717 4603 982 4659 adversus
1028 4603 1379 4657 Theodorum
1418 4604 1576 4665 libris
1604 4620 1927 4658 consonum.
1968 4605 2074 4658 Sed
2108 4606 2287 4659 Theo-

717 4696 945 4749 doretus
982 4696 1107 4748 inde
1148 4696 1331 4748 animo
1361 4705 1647 4764 permotus
1675 4712 1773 4764 pro
1801 4696 2091 4749 Theodoro
2111 4738 2125 4759 ,
2182 4713 2300 4765 quo

719 4789 979 4857 magistro
1027 4803 1245 4855 semper
1290 4787 1556 4856 gloriatus
1597 4797 1701 4849 est,
1756 4796 1867 4841 tres
1896 4788 2101 4856 pariter
2125 4788 2293 4841 libros

718 4879 1047 4945 composuit,
1100 4887 1155 4933 et
1201 4896 1298 4933 eos
1333 4882 1555 4949 quidem
1602 4880 1992 4940 amarulentos,
2029 4879 2292 4947 quemad-

718 4970 942 5023 modum
993 4971 1297 5041 intelligere
1337 4973 1465 5026 licet
1513 4989 1579 5026 ex
1606 4971 1952 5041 fragmentis,
2003 4972 2203 5039 quibus
2239 4971 2292 5024 iu

718 5062 911 5129 quinta
958 5064 1166 5132 synodo
1213 5080 1347 5117 usus
1385 5064 1508 5127 fuit,
1555 5064 1622 5116 ad
1659 5078 1877 5116 causam
1902 5063 2171 5116 Theodori
2202 5066 2293 5133 ju-

720 5148 1029 5204 dicandam.
1051 5151 1183 5204 Nam
1207 5152 1337 5219 quid
1364 5152 1614 5205 acerbius
1634 5166 1701 5203 eo
1730 5167 1837 5218 quo
1861 5150 1913 5203 in
1934 5150 2194 5221 Cyrillum
2216 5151 2299 5203 in-

721 5240 975 5293 vehitur?
1015 5261 1030 5290 ι
1054 5242 1194 5307 Quid
1222 5242 1385 5312 igitur
1408 5258 1606 5295 novum
1628 5241 1764 5294 dixit
1787 5240 2125 5302 Theodorus,
2152 5241 2297 5310 quod

723 5333 891 5385 tantis
918 5348 1043 5385 eum
1070 5333 1429 5404 blasphemiis
1449 5332 1725 5403 lapidasti,
1766 5333 1966 5402 jubens
1994 5333 2072 5386 illi
2104 5342 2161 5385 ut
2187 5333 2296 5386 fre-

723 5432 878 5477 naret
926 5424 1188 5493 linguam,
1240 5424 1461 5494 quando
1507 5434 1654 5477 tuam
1695 5424 1809 5492 ipse
1857 5437 2082 5477 currere
2119 5423 2189 5475 ita
2214 5423 2294 5475 ef-

2396 4610 2573 4678 ipsos,
2624 4618 2680 4662 et
2725 4609 3016 4678 asperioris
3061 4610 3186 4662 vita:
3241 4611 3625 4664 communione
3667 4621 3977 4665 aseetarum

2400 4700 2631 4762 animos,
2663 4700 3027 4768 simpliciores
3051 4717 3213 4769 quam
3242 4701 3538 4762 doctiores,
3565 4704 3836 4771 captabat.

2472 4786 2614 4852 Quin
2654 4787 2818 4841 etiam
2870 4789 3012 4842 bona
3050 4789 3309 4843 Ecclesia:
3362 4790 3418 4843 in
3453 4805 3621 4859 opera
3645 4791 3863 4859 publica
3895 4792 3976 4843 ci-

2402 4878 2556 4931 vitati
2580 4895 2690 4934 suze
2710 4882 3017 4934 necessaria
3040 4882 3273 4933 contulit
3299 4898 3311 4932 :
3339 4896 3484 4944 nam,
3509 4896 3633 4935 cum
3656 4882 3828 4935 Nomo
3846 4896 3981 4935 cou-

2401 4968 2506 5021 suli
2541 4969 2889 5032 scriberet“,
2947 4971 3221 5023 recensuit
3247 4972 3508 5038 porticus,
3564 4979 3760 5039 pontes
3810 4970 3975 5033 duos,

2402 5059 2670 5111 baluzeum
2725 5069 2779 5111 et
2822 5062 3203 5129 aquaeductum
3254 5078 3265 5111 :
3322 5077 3428 5129 qua
3481 5063 3533 5114 in
3577 5061 3980 5129 magnificentia

2404 5147 2740 5201 desideraret
2762 5150 3026 5217 quispiam
3052 5150 3447 5203 xenodochium
3475 5151 3699 5219 aliquod
3721 5159 3815 5204 aut
3838 5151 3982 5204 basi-

2405 5239 2564 5292 licam
2601 5239 2684 5292 vel
2716 5241 3139 5303 monasterium,
3176 5249 3236 5294 ut
3259 5240 3581 5295 Christiana:
3608 5243 3729 5310 plus
3758 5241 3981 5310 pietatis

2403 5331 2837 5400 episcopalisque
2868 5332 3223 5400 providentiae
3246 5333 3491 5386 eluceret
3533 5350 3546 5382 :
3594 5333 3690 5387 sed
3721 5333 3807 5387 his
3834 5332 3975 5385 forte

2405 5431 2533 5475 tunc
2558 5423 2820 5491 temporis
2842 5438 2946 5475 non
2966 5432 3235 5492 eratopus
3263 5424 3408 5477 illius
3428 5424 3654 5488 civitati,
3682 5423 3979 5493 provinciae

2066 5581 2383 5636 SCllULZII
2428 5582 2654 5637 NUTE.

795 5742 838 5772 "'
862 5741 1029 5803 Nam,
1075 5753 1177 5795 etc.
1218 5741 1336 5795 Vid.
1395 5742 1656 5801 LiberaL,
1712 5757 1827 5809 cap.
1880 5740 1941 5793 10
1986 5741 2221 5794 Breviat'.

724 5821 870 5877 tem,
902 5823 1004 5867 etc.
1055 5812 1171 5866 \"id.
1230 5822 1266 5865 t.
1307 5812 1393 5874 ιν,
1446 5811 1605 5881 epist.
1664 5812 1779 5866 l79.

2300 5741 2342 5769 ⁸ο
2404 5740 2559 5805 Quid,
2611 5747 2713 5791 etc.
2764 5738 2877 5791 Viri.
2916 5736 3044 5791 Acta
3086 5736 3275 5807 synodi
3312 5754 3362 5798 v,
3399 5737 3558 5791 collat
3618 5735 3669 5789 4.

1892 5812 1930 5843 ⁷⁸
1958 5812 2083 5865 Cum
2106 5842 2173 5850 —-
2194 5811 2455 5866 scriberet.
2500 5811 2656 5870 lbid.,
2691 5813 2849 5879 epist.
2886 5809 2971 5860 8|.

3775 5733 3823 5767 ⁷⁸
3872 5733 3977 5791 [λιι
