4208 6440
224 383 324 447 125

1409 391 1770 450 HISTORIA
1809 389 2319 452 THEODORETI.

3378 382 3479 445 126

217 494 403 563 capiti.
467 493 676 549 Deinde
728 494 992 551 conduxit
1042 496 1314 552 medicum
1341 539 1355 563 ,
1416 514 1527 569 quo
1577 498 1801 553 carebat
1830 503 1875 556 Δ
1903 500 2125 556 Littera:
2150 503 2297 556 enim
2321 501 2496 555 Procli
2547 499 2861 554 referuntur
2904 498 2957 551 in
2988 497 3221 551 concilia
3248 495 3478 550 Chalce-

215 586 478 656 Cyrillus,
510 595 569 640 et
601 586 885 641 basilicam
914 589 1176 656 apostolis
1203 590 1380 645 erexit
1404 600 1591 660 postea
1617 608 1629 643 :
1654 590 1801 659 quod

216 676 270 727 in
298 675 483 745 elogio
506 676 755 730 Jacobi”
787 686 843 731 et
868 679 1174 747 epistolis"
1213 682 1478 750 scriptum
1505 682 1748 751 reliquit.

287 766 401 819 ΠΙ.
441 767 688 820 Meminit
725 768 995 822 Baronius
1038 770 1106 823 ad
1140 786 1344 825 annum
1375 773 1800 843 quadringente-

213 854 419 908 simum
456 857 796 910 tricesimum
826 873 1030 911 nonum
1063 860 1243 930 magni
1272 862 1556 931 cujusdam
1581 863 1799 917 concilii

214 959 244 997 a
300 946 502 1000 Proclo
555 948 611 1001 in
669 948 808 1001 urbe
859 949 1007 1018 regia
1050 951 1248 1015 coacti,
1297 952 1365 1007 de
1394 969 1503 1021 quo
1527 954 1801 1022 inquirere

212 1050 399 1104 opera-
429 1038 669 1105 pretium
693 1047 797 1101 est,
825 1039 1079 1107 quoniam
1100 1044 1271 1096 sancti
1288 1042 1472 1114 Cyrilli
1498 1060 1583 1098 res
1600 1044 1798 1113 agitur,

212 1134 262 1178 et
317 1127 425 1180 odii
480 1144 511 1180 ι
546 1126 807 1180 Dioscoro
839 1129 995 1197 172
1032 1129 1087 1182 in
1118 1130 1526 1185 Theodoretum
1550 1132 1800 1201 concepti

214 1215 340 1268 fons
384 1217 594 1285 aperiri
637 1218 859 1271 dicitur.
932 1220 1137 1273 Scribit
1182 1221 1346 1289 igitur
1402 1221 1802 1275 illustrissimus

212 1306 519 1361 cardinalis
558 1326 572 1361 :
612 1308 661 1361 l.
688 1309 947 1363 Proclum
989 1310 1056 1362 ad
1079 1310 1372 1364 concilium
1399 1326 1655 1365 evocasse
1691 1327 1799 1365 non

211 1398 562 1452 mediocrem
577 1385 969 1469 episcoporum
992 1402 1422 1465 multitudinem,
1449 1413 1508 1456 ut
1529 1419 1640 1456 sua:
1657 1403 1802 1457 sedis

211 1490 466 1561 dignitati
496 1494 837 1547 consuleret.
893 1494 945 1546 Ξ.
985 1495 1042 1547 In
1074 1509 1140 1547 eo
1173 1504 1354 1548 actum
1381 1496 1644 1548 adversus
1672 1496 1799 1548 Ale-

211 1580 502 1635 xandrina:
528 1582 786 1637 Ecclesiae
811 1585 1140 1647 molitiones,
1171 1585 1326 1652 quasi
1362 1586 1528 1638 totius
1552 1584 1801 1638 Orienta-

210 1669 278 1726 lis
301 1671 567 1726 Ecclesim
598 1675 893 1743 primatum
921 1674 1159 1745 Cyrillus
1181 1676 1437 1730 ambiret.
1497 1677 1550 1730 3.
1581 1677 1741 1730 Datas
1769 1694 1798 1730 a

210 1763 451 1817 concilio
471 1764 687 1818 litteras
707 1765 775 1819 ad
796 1766 1224 1821 Alexandrinum
1245 1768 1567 1829 antistitem,
1598 1770 1799 1836 quibus

1908 590 2138 644 donensi
2177 591 2281 643 hoc
2322 589 2481 642 titulo
2526 606 2541 641 :
2599 587 2956 657 ’Δντῐγραφον
2988 585 3269 638 nivosum-3
3296 583 3480 653 γράμ-

1911 698 2096 748 ματος.
2154 680 2245 749 Τῷ
2285 680 2586 747 ὁσιωτάτῳ,
2637 677 2730 731 καὶ
2765 675 3183 744 θεοφιλεστάτῳ,
3232 678 3324 725 καὶ
3354 672 3481 725 ξηιλ⁸

1907 770 2205 840 λειτουργῷ
2233 771 2421 839 Δόμνῳ
2449 768 2688 837 Πρόκλος
2716 770 2773 819 ἐν
2803 767 2997 835 Κυρίῳ
3019 766 3232 834 χαίρειν
3250 766 3316 816 ⁷⁸.

1980 864 2163 917 Potest
2194 872 2372 916 tamen
2419 859 2659 914 suboriri
2690 859 2951 912 nonnulla
2977 858 3227 926 quastio.
3275 854 3478 919 Quam-

1907 954 2117 1013 obrem,
2145 953 2189 1005 si
2212 968 2298 1005 res
2322 953 2395 1005 ita
2416 967 2473 1005 se
2494 950 2709 1009 habuit,
2737 959 2797 1002 ut
2818 950 3076 1010 diximus,
3101 945 3482 1000 Theodoretus

1908 1041 2192 1110 scripserit
2240 1040 2613 1094 Antiochenos
2666 1037 2821 1105 173
2869 1050 3149 1089 assensum
3180 1029 3480 1101 prmbuisse

1908 1130 2083 1184 Procli
2117 1128 2428 1198 synodicis?
2473 1129 2584 1188 τοῖς
2612 1126 2721 1177 τῶν
2757 1125 2928 1191 ἁγίων
2959 1124 3219 1191 Πατὲρων
3259 1119 3480 1172 κανόσιν

1906 1220 2396 1289 ἀκολουθήσαντας.
2424 1218 2533 1271 Cur
2553 1218 2775 1271 eosdem
2798 1215 3171 1271 Antiochenos
3186 1214 3482 1265 Dioscorus

1908 1314 2137 1382 prodita:
2160 1327 2271 1364 suae
2313 1326 2377 1363 ac
2402 1310 2781 1361 Alexandrinae
2807 1308 3063 1360 Ecclesia:
3098 1319 3221 1357 reos
3247 1302 3438 1355 fecerit
3463 1318 3476 1352 :

1906 1413 1962 1457 et
1988 1420 2099 1471 quo
2130 1404 2183 1455 in
2210 1402 2382 1470 gradu
2420 1410 2549 1453 tunc
2577 1400 2841 1467 temporis
2885 1399 3181 1451 Dioscorus
3209 1395 3479 1447 constitu-

1909 1503 1996 1547 tus
2026 1493 2200 1546 esset?
2229 1493 2451 1552 Verum,
2486 1498 2542 1543 ut
2573 1506 2602 1543 a
2636 1500 2910 1557 postremo
2933 1487 3139 1548 ordiar,
3163 1486 3479 1547 Dioscorus,

1906 1602 2029 1640 cum
2069 1584 2425 1639 Antiochenis
2473 1582 2682 1634 crimen
2709 1580 3037 1648 proditionis
3060 1580 3351 1647 objiceret,
3392 1592 3480 1627 re-

1906 1694 2036 1732 cens
2064 1684 2405 1731 successerat
2450 1675 2501 1727 in
2533 1672 2722 1742 Cyrilli
2754 1672 2932 1724 locum
2961 1711 2975 1733 ,
3023 1670 3110 1723 die
3141 1668 3210 1721 28
3241 1665 3479 1724 Januarii

1905 1786 2050 1825 anno
2070 1770 2173 1822 444
2200 1768 2463 1821 defuncti.
2490 1765 2702 1831 Objecit
2724 1779 2876 1828 vero,
2899 1765 3026 1832 quia
3052 1760 3330 1831 synodicis
3351 1759 3483 1812 Pro-

216 1862 546 1908 moneretur
601 1872 874 1910 canonum
920 1859 1118 1925 prioris
1146 1859 1433 1926 utriusque
1460 1860 1677 1911 concilii
1706 1875 1798 1927 gc-
1838 1850 1874 1905 Β
1905 1859 1973 1913 cli
2008 1858 2208 1910 litteris
2252 1858 2493 1908 Domnus
2518 1855 2831 1906 admonitus
2860 1851 3211 1918 dljudicatam
3236 1849 3480 1902 Athana-

212 1946 423 1998 neralis
472 1945 680 1999 Nicaeni
739 1954 796 2000 et
825 1946 1417 2017 Constantinopolitani
1464 1967 1474 2000 :
1518 1950 1800 2002 etNicacni

212 2036 461 2106 quidem,
498 2038 615 2090 suis
649 2038 892 2107 singulas
921 2039 1189 2094 diceceses
1223 2041 1491 2095 limitibus
1518 2052 1803 2094 contentas

210 2127 761 2196 esseprwcipientis;
818 2129 1405 2199 tlonstantinopolitani
1455 2148 1605 2196 vero,
1664 2149 1803 2202 pra:-

212 2217 386 2270 sulem
423 2233 581 2271 nova:
608 2218 792 2272 Romae
822 2221 1124 2274 secundum
1153 2237 1182 2275 a
1204 2222 1408 2275 veteris
1428 2224 1671 2275 antistite
1702 2240 1801 2292 po-

211 2309 419 2362 nentis.
485 2311 540 2362 4.
584 2310 824 2363 Litteras
871 2311 940 2363 ab
968 2313 1328 2366 Antiochenis
1361 2323 1608 2382 receptas
1634 2314 1801 2368 fuisse

208 2408 261 2452 et
301 2400 628 2453 assensione
656 2400 1023 2455 confirmatas.
1087 2404 1138 2456 5.
1173 2404 1516 2468 Dioscorum,
1552 2406 1645 2473 qui
1671 2412 1802 2459 tunc

210 2492 597 2546 Alexandrina:
642 2493 899 2547 Ecclesia}
923 2495 977 2548 in
1026 2495 1163 2549 urbe
1207 2496 1358 2566 regia
1399 2497 1802 2566 apocrisiarius

209 2591 376 2647 esset,
441 2585 656 2653 magnis
696 2585 913 2639 viribus
958 2586 1275 2653 obstitisse;
1332 2588 1451 2650 sed,
1500 2603 1627 2641 cum
1661 2589 1798 2642 nihil

208 2674 537 2743 proficeret,
603 2676 661 2729 in
715 2676 1120 2741 Antiochenos,
1176 2694 1411 2747 quorum
1462 2680 1798 2735 incentorem

210 2766 475 2820 credebat
500 2766 936 2833 Theodoretum,
962 2769 1212 2823 dolorem
1243 2771 1411 2824 animi
1436 2772 1795 2835 convertisse,

208 2872 417 2925 eosque
448 2859 787 2922 proditionis
818 2861 872 2914 in
900 2876 1054 2914 suam
1080 2876 1144 2914 ac
1167 2861 1588 2916 Alexandrinam
1614 2863 1801 2917 Eccle-

208 2948 346 3001 siam
380 2964 699 3004 accusasse.

276 3038 483 3093 Verum
519 3049 579 3093 ut
612 3040 904 3106 Baronius,
962 3042 1310 3098 auctoritatis
1346 3058 1459 3098 sua:
1498 3052 1794 3107 momento,

209 3132 458 3200 potuerit
478 3131 696 3185 Binium
725 3142 1065 3203 caaterosque
1088 3134 1452 3188 conciliorum
1474 3135 1797 3189 collectores

207 3238 262 3277 ιιι
286 3239 445 3277 suam
472 3225 801 3277 sententiam
837 3225 1142 3291 adducere;
1198 3241 1317 3280 eam
1350 3234 1529 3280 tamen
1563 3227 1796 3282 curiosis

208 3316 287 3369 rei
314 3314 756 3384 indagatoribus,
786 3317 876 3369 vix
902 3332 965 3371 ac
992 3333 1061 3371 ne
1086 3318 1175 3370 vix
1190 3316 1413 3386 quidem
1438 3318 1790 3386 persuaserit.

208 3404 341 3461 Nam
372 3404 711 3459 Theodoreti
739 3408 973 3475 epistola
995 3407 1082 3469 86,
1128 3422 1235 3475 qua
1259 3422 1365 3460 una
1390 3408 1582 3469 utitur,
1621 3408 1675 3461 id
1705 3423 1793 3461 re-

208 3496 323 3568 ipsa
358 3514 471 3551 non
494 3497 763 3562 continet,
794 3498 938 3567 quod
968 3498 1235 3552 cardinali
1267 3497 1447 3551 visum
1472 3507 1584 3563 est;
1618 3514 1795 3567 neque

210 3589 355 3643 ullus
398 3589 639 3658 scriptor
678 3590 815 3643 tanti
845 3588 1051 3658 negotii
1081 3589 1334 3643 meminit
1360 3607 1372 3643 :
1399 3605 1576 3659 neque
1605 3591 1793 3661 Cyrilli

209 3680 481 3734 modestia
539 3689 649 3734 tam
692 3679 1045 3734 ambitiosum
1076 3681 1368 3735 consilium
1402 3681 1545 3736 ferre
1577 3684 1789 3752 potuit;

209 3786 388 3841 neque
419 3771 736 3827 Christiana
766 3773 1008 3828 charitas
1041 3772 1389 3827 sanctissimo
1416 3774 1636 3827 vinculo
1666 3790 1792 3827 san-

208 3863 488 3917 ctissimos
513 3865 779 3933 praesules
808 3866 1061 3920 Proclum
1084 3875 1139 3920 et
1161 3866 1425 3936 Cyrillum
1452 3866 1789 3932 devinciens,

209 3964 313 4007 tam
361 3955 687 4025 injuriosam
732 3958 1061 4011 sententiam
1103 3958 1290 4013 dicere
1335 3959 1548 4023 valuit;
1614 3975 1793 4028 neque

209 4045 430 4099 tandem
462 4046 573 4100 ulla
599 4062 719 4101 sese
750 4063 813 4101 ea
842 4057 1160 4117 tempestate
1187 4048 1416 4103 dederat
1446 4050 1661 4103 occasio
1690 4050 1794 4104 hoc

209 4137 274 4191 de
295 4139 424 4207 jure
456 4139 786 4207 praesidendi
809 4141 1059 4195 conciliis
1087 4140 1383 4197 Orientalis
1403 4143 1661 4197 Ecclesiae
1683 4144 1795 4198 dis-

209 4230 467 4297 ceptandi
501 4248 513 4282 :
546 4245 667 4301 qua:
695 4232 796 4285 tria
825 4234 1131 4301 posteriora
1164 4250 1288 4287 cum
1316 4244 1464 4288 certa
1491 4235 1650 4298 sint,‘
1677 4235 1792 4305 pri-

210 4334 359 4372 mum
392 4336 506 4375 non
534 4337 732 4392 magno
754 4323 973 4393 negotio
1008 4324 1063 4377 in
1091 4326 1414 4379 recensione
1441 4312 1686 4394 epistolae
1704 4325 1791 4389 86,

209 4411 552 4466 conficietur.
590 4433 607 4463 ‹
631 4414 797 4477 Scito,
825 4414 1065 4479 domine,
1092 4416 1233 4469 hanc
1251 4417 1403 4468 illum
1430 4418 1792 4485 (Dioscorum)

1905 1948 1970 2001 sii
1994 1946 2313 2000 Perrhensis
2336 1958 2553 1997 causam
2580 1939 2957 2010 recognoverit
2985 1956 2996 1991 :
3017 1952 3127 2007 quo
3146 1935 3289 1989 facto
3305 1934 3480 1989 videri

1904 2038 2083 2108 potuit
2124 2038 2416 2106 primatum
2470 2034 2666 2087 Proclo
2709 2031 3012 2087 concedere
3037 2071 3051 2093 ,
3112 2027 3383 2097 siquidem
3421 2038 3481 2082 ut

1904 2131 2133 2202 privatis
2158 2129 2359 2181 litteris
2380 2142 2606 2180 monere
2635 2125 2701 2179 de
2726 2124 2902 2179 officio
2925 2121 3086 2177 amici
3111 2130 3214 2183 est,
3253 2121 3324 2174 ita
3350 2136 3479 2190 syn-

1903 2223 2097 2284 odicis,
2119 2220 2440 2289 superioris.
2470 2219 2585 2273 Jam
2611 2232 2761 2281 vero,
2786 2232 2909 2271 cum
2933 2214 3301 2270 Alexandrina
3322 2214 3480 2268 sedes

1903 2310 2141 2367 secunda
2165 2309 2331 2363 fuerit
2353 2318 2478 2378 post
2500 2308 2820 2370 Romanam,
2847 2306 3188 2361 Antiochena
3217 2313 3339 2374 post
3358 2305 3481 2357 Ale-

1902 2400 2221 2455 xandrinam
2267 2400 2449 2462 tertia,
2501 2398 2665 2467 idque
2695 2408 2972 2453 servatum
3004 2396 3169 2451 fuerit
3207 2396 3317 2465 jam
3350 2395 3478 2449 inde

1902 2509 1932 2547 a
1961 2492 2153 2563 primis
2180 2490 2442 2545 Ecclesiae
2467 2489 2805 2559 temporibus
2831 2503 2847 2541 :
2871 2486 3476 2555 Constantinopolitana

1903 2597 2096 2638 recens
2137 2581 2463 2643 constituta,
2512 2581 2556 2635 si
2586 2579 2889 2635 secundum
2916 2580 3097 2633 locum
3126 2586 3327 2639 teneat,
3356 2578 3476 2645 jus-

1900 2688 2006 2742 que
2055 2672 2226 2741 ipsius
2277 2671 2380 2724 hac
2424 2671 2477 2724 in
2521 2680 2674 2739 parte
2717 2680 3080 2740 agnoscatur;
3138 2682 3363 2721 necesse
3394 2673 3480 2720 est
3526 2660 3539 2668 ’⁷

1902 2766 2195 2834 utramque
2222 2764 2385 2819 aliam
2409 2764 2595 2818 sedem
2622 2762 3043 2832 patriarcbalem
3078 2760 3333 2829 deprimi.

2490 2874 2713 2930 CAPUT
2743 2874 2882 2928 Vill.

1899 2966 1940 3022 1.
1991 2966 2191 3021 Joanni
2237 2966 2556 3020 Antiocheno
2603 2966 2829 3019 succedit
2872 2963 3125 3017 Domnus.
3187 2962 3250 3016 ll.
3278 2960 3479 3029 Cyrillo

1970 3037 2333 3091 Alexandrino
2352 3035 2652 3089 Dioscorus.
2696 3034 2784 3088 Ill.
2808 3032 3010 3103 Cyrillo
3030 3042 3234 3103 mortuo
3255 3031 3478 3084 insultat

1970 3106 2337 3167 Theodoretus,
2372 3123 2474 3158 non
2500 3114 2705 3157 tantum
2731 3101 2917 3157 litteris
2940 3103 3075 3157 datis
3104 3102 3170 3155 ad
3194 3101 3476 3154 Damnum.

1969 3177 2059 3233 Ν.
2103 3174 2205 3229 Sed
2233 3178 2389 3228 etiam
2417 3176 2660 3228 concione
2682 3174 2859 3227 habita
2883 3173 3188 3226 Antiochiae.
3248 3171 3310 3224 ν.
3340 3170 3478 3224 Εαηι

1976 3248 2035 3300 ob
2064 3262 2173 3298 rem
2205 3245 2345 3298 male
2374 3245 2541 3298 audit.
2598 3244 2685 3297 Vl.
2736 3243 2803 3296 Et
2832 3244 2894 3295 ab
2926 3245 3245 3311 imperatore
3265 3240 3481 3311 julgetur

1970 3333 2024 3369 se
2055 3316 2320 3369 continere
2347 3315 2502 3383 Cyro.
2544 3313 2655 3367 VII.
2690 3313 2849 3366 Paret
2879 3309 3047 3383 multa
3073 3322 3302 3380 questus.
3340 3309 3476 3363 VIII.

1976 3386 2260 3440 Eranisten
2288 3382 2568 3453 componit.
2624 3383 2715 3436 IX.
2745 3382 2897 3452 Apud
2926 3382 3229 3453 Dioscorum
3260 3397 3478 3432 accusa-

1974 3465 2081 3509 tur.
2143 3454 2208 3508 Χ.
2240 3450 2430 3508 Scribit
2484 3453 2759 3515 Flaviano,
2794 3450 2899 3522 ‘qui
2930 3450 3477 3522 Proclo_su_cccsser‘at,

1974 3535 2151 3595 petens
2174 3542 2321 3595 opem
2345 3525 2591 3577 adversus
2618 3518 2943 3595 Dioscorum.
2988 3521 3076 3573 XI.
3103 3519 3280 3595 Efﬁcit
3304 3527 3358 3570 ut
3381 3518 3481 3595 Do-

1900 3655 1907 3663 ,
1973 3588 2128 3647 nanus
2171 3588 2410 3663 legatum
2428 3596 2598 3645 mittat
2637 3594 3119 3661 adimperatorcm.
3170 3588 3363 3658 Legato
3389 3588 3482 3641 dat

1974 3664 2176 3719 litteras
2208 3654 2275 3717 ad
2302 3654 2598 3732 optimates.

2308 3767 2378 3816 Ab
2401 3781 2527 3815 anno
2548 3764 2727 3814 Citriin
2750 3765 2838 3813 ΗΟ
2860 3768 2918 3813 :ul
2944 3765 3051 3812 H7.

1969 3872 2011 3925 l.
2053 3871 2351 3924 lnclioante
2379 3886 2523 3923 anno
2547 3869 2750 3923 Christi
2778 3867 3321 3937 quadringentesimo
3344 3880 3481 3935 qua-

1901 3963 2243 4031 dragesimo,
2301 3970 2395 4014 aut
2441 3963 2624 4031 potius
2653 3962 2875 4013 ineunte
2910 3959 3002 4028 qui
3031 3959 3299 4027 sequitur,
3335 3958 3479 4011 diem

1900 4062 2207 4107 extremum
2253 4054 2449 4107 clausit
2488 4054 2755 4115 Joannes,
2812 4064 3096 4121 postquam
3128 4049 3481 4104 Antiochense

1902 4146 2159 4200 Ecclesiae
2207 4160 2381 4197 annos
2427 4144 2691 4197 tredecim
2744 4153 2885 4198 totos
2912 4144 2981 4195 ab
3025 4143 3177 4195 obitu
3204 4140 3479 4194 Theodori

1902 4236 2229 4308 praefuisset.
2295 4235 2562 4287 Defuncto
2606 4233 2873 4286 successit
2914 4232 3155 4285 Domnus
3201 4243 3507 4283 exsororc

1902 4343 2091 4397 nepos,
2134 4328 2219 4379 vir
2270 4336 2331 4380 ut
2355 4325 2537 4379 dubiae
2566 4324 2711 4387 fidei,
2747 4324 2823 4376 sic
2847 4322 3213 4390 imprudentis
3239 4319 3478 4382 consilii,

1902 4419 2175 4486 variatque
2194 4416 2447 4479 fortunae,
2465 4425 2523 4467 et
2543 4415 2774 4468 infelicis
2790 4414 2974 4466 sortis.
2995 4412 3129 4467 Nam
3148 4426 3270 4464 cum
3290 4425 3479 4479 pacem

210 4501 478 4557 adversus
512 4520 615 4559 nos
644 4506 1152 4575 pusillanimitatem
1189 4523 1399 4576 gerere.
1435 4523 1502 4561 ex
1531 4524 1639 4576 quo
1665 4525 1794 4579 s_vn-
1831 4532 1869 4585 ι)
1902 4510 1970 4564 ab
2000 4509 2273 4563 avunculo
2294 4507 2655 4576 compositam
2701 4520 2811 4558 non
2846 4502 3188 4558 sanctissime
3212 4506 3483 4554 servasset

211 4592 387 4647 odicis
405 4595 608 4648 vestris
640 4596 741 4650 sub
768 4597 942 4651 beata:
962 4599 1239 4653 memoriae
1263 4599 1456 4652 Proclo
1485 4599 1643 4654 factis
1668 4616 1796 4653 san-

211 4695 429 4739 ctorum
470 4686 692 4740 Patrum
729 4688 934 4758 regulis
963 4689 1294 4743 inhaarentes
1321 4691 1655 4745 assensimus
1688 4708 1701 4743 :
1735 4708 1798 4745 ac

214 4777 280 4832 de
306 4779 416 4833 hoc
442 4793 545 4831 nos
568 4780 736 4833 semel
770 4788 932 4848 atque
956 4780 1157 4835 iterum
1189 4781 1524 4850 increpasse,
1560 4784 1715 4851 quasi
1742 4790 1800 4837 et

213 4868 709 4934 Antiochenorum,
738 4878 798 4924 ut
824 4869 917 4934 ait,
943 4877 997 4923 et
1017 4869 1510 4924 Alexandrinorum
1534 4873 1655 4940 jura
1675 4886 1801 4940 pro-

214 4958 539 5013 diderimus.
573 4977 591 5009 υ
1578 5010 1581 5011 ν

282 5050 433 5115 Quas
458 5066 592 5103 vero
635 5050 1019 5106 Theodoretus
1044 5052 1334 5122 synodicas
1363 5053 1468 5107 sub
1490 5054 1687 5107 Proclo
1713 5053 1795 5108 fa-

217 5152 329 5196 ctas
358 5141 857 5212 Constantinopoli,
908 5152 963 5197 et
989 5145 1057 5198 ab
1082 5144 1442 5199 Antiochenis
1470 5146 1797 5214 approbatas

216 5242 523 5296 memorat,
585 5249 695 5286 non
734 5234 888 5297 alias,
930 5234 1146 5303 opinor,
1192 5250 1353 5303 quam
1400 5250 1521 5304 qua:
1551 5236 1604 5287 in
1633 5251 1793 5289 causa

218 5324 501 5377 Athanasii
552 5325 956 5380 Perrhenorum
984 5325 1227 5396 episcOpi
1277 5325 1540 5380 confecta:
1570 5335 1698 5380 sunt
1740 5326 1795 5379 in

219 5415 475 5479 concilio,
505 5416 652 5471 unde
674 5418 902 5472 Proclus
924 5418 990 5471 ad
1012 5417 1284 5471 Domuum
1304 5431 1367 5472 ea
1390 5416 1458 5471 de
1480 5432 1537 5471 re
1554 5417 1793 5487 scripsit.

1901 4604 2231 4672 (incertum,
2283 4616 2380 4654 sua
2420 4608 2636 4668 sponte,
2682 4614 2751 4652 an
2792 4594 3122 4651 Theodoreti
3156 4590 3479 4659 instinctu),

1899 4694 2163 4761 visusque
2189 4699 2337 4746 esset
2387 4689 2685 4744 amicitiam
2711 4687 2901 4759 Cyrilli
2929 4686 3234 4756 negligere,
3272 4683 3323 4737 in
3352 4684 3479 4738 Ale-

1899 4784 2294 4838 xandrinorum
2324 4782 2682 4835 offensionem
2708 4778 2964 4839 incurrit,
2998 4793 3104 4846 qua
3133 4775 3480 4845 p0stmodiim

1901 4877 1958 4929 in
1981 4890 2233 4945 apertum
2261 4874 2445 4927 odium
2476 4872 2885 4931 exardescente,
2914 4885 2942 4921 a
2968 4867 3274 4922 latrocinali
3297 4866 3481 4919 conci-

1904 4965 1979 5019 lio
2009 4963 2290 5033 Ephesino
2320 4978 2425 5015 una
2456 4978 2579 5015 cum
2613 4960 2961 5013 Theodoreto
2994 4959 3059 5012 de
3083 4956 3211 5011 sede
3238 4956 3482 5025 dejectus

1903 5064 2016 5118 est,
2052 5062 2108 5107 et
2135 5070 2371 5107 mmrore
2395 5052 2679 5106 confectus
2710 5052 2941 5106 interiit.

1975 5143 2198 5199 Occulta
2245 5142 2370 5195 facti
2413 5157 2578 5195 causa
2605 5149 2718 5203 est;
2761 5152 3009 5209 apertum
3043 5148 3217 5192 tamen
3249 5135 3390 5188 hanc
3426 5134 3479 5186 in

1904 5251 2019 5290 rem
2055 5236 2226 5289 sancti
2256 5233 2531 5303 Euthymii
2562 5232 2906 5285 vaticinium.
2946 5231 3156 5283 Domno
3184 5227 3294 5307 ille,
3330 5240 3478 5284 cum,

1902 5326 2120 5381 deserto
2145 5323 2471 5395 jampridem
2505 5320 2859 5381 monasterio,
2895 5316 3241 5371 Antiochiam
3271 5318 3480 5382 peteret

1902 5415 2219 5472 ambitionis
2238 5415 2427 5479 ductu,
2460 5412 2767 5483 praedixit"
2790 5409 2905 5466 fore
2938 5428 2955 5460 ι
2990 5418 3048 5463 ιιι
3070 5406 3325 5461 avunculi
3359 5396 3483 5474 qu‘i-

1556 5571 1871 5627 SCHULZII
1916 5569 2141 5625 NOTAE.

289 5707 333 5778 ’ξ
364 5708 424 5761 In
451 5706 582 5778 elog.
622 5708 738 5762 Jac.
771 5710 915 5769 Vid..
954 5721 992 5765 t.
1032 5711 1121 5773 111,

228 5768 269 5798 τ.
290 5712 429 5798 21τί
451 5712 582 5798 “:29-
769 5712 927 5798 Yidr.
954 5721 992 5765 ιο
1032 5712 1210 5798 εειθηνο
1254 5712 1389 5798 ξμς»
1418 5727 1530 5798 ξαι-

253 5771 448 5833 ⁵ϐοη‹·.
489 5771 693 5842 Citam,
726 5789 829 5835 act.
870 5782 955 5835 M.

1668 5711 1713 5742 ⁷³
1739 5710 2007 5779 Epistolis.
2049 5710 2146 5763 Vid
2206 5720 2215 5759 ε
2275 5710 2328 5761 l\
2403 5708 2537 5771 epist
2597 5708 2681 5771 ρει
2743 5706 2830 5767 42,
2870 5704 2955 5767 45,
3002 5706 3090 5764 79,
3136 5700 3234 5755 ΗΞ
3267 5716 3321 5755 et
3359 5695 3473 5754 H5.

1033 5782 1076 5814 ’⁸
1113 5780 1388 5837 Praedixit.
1429 5781 1484 5835 lu
1533 5782 1637 5834 ‘v’it.
1680 5781 1733 5835 S.
1774 5780 2070 5853 Euthymii.
