4208 6440
703 351 802 418 127

1830 361 2206 422 GARNERII
2249 363 2746 426 DISSERTATIO
2787 368 2830 427 1.

3853 371 3954 436 128

701 473 827 528 dem
850 472 1132 527 obtineret
1157 473 1363 537 sedem,
1391 475 1486 529 sed
1512 489 1632 529 eam
1658 475 1762 546 ipsi
1787 488 1978 532 rursus
1995 479 2280 533 auferrent
2309 487 2350 542 Α
2382 479 2636 548 pluribus
2677 482 2825 534 enim
2878 479 3002 533 fidei
3049 479 3308 550 pacisque
3334 480 3648 536 amantibus
3695 481 3836 537 velle
3867 484 3952 538 νίν

707 563 867 634 pla
895 564 1022 617 mali
1049 565 1302 620 homines
1331 574 1494 636 atque
1519 564 2282 640 priestigiatoresppostquam

701 655 772 709 ab
800 655 910 710 illis
936 655 1092 723 prius
1120 671 1230 726 prae
1257 657 1569 725 ignorantia
1597 661 1858 715 seductus
1881 672 2049 716 esset.
2082 681 2098 712 ι

773 746 837 799 11.
863 746 1156 802 Eﬁluxerat
1175 749 1286 802 fere
1309 751 1734 817 quadriennium
1761 753 1829 805 ab
1857 753 2009 807 ohitu
2032 754 2279 818 Joannis,

702 851 829 890 cum
870 837 961 892 die
1003 855 1145 892 nona
1185 841 1334 894 Junii
1387 842 1641 911 migravit
1682 843 1750 896 ad
1771 859 2002 912 superos
2024 844 2281 914 Cyrillus,

649 990 651 992 _
705 939 993 998 postquam
1049 930 1475 986 Alexandrinam
1520 935 1822 989 Ecclesiam
1879 936 2102 1006 triginta
2145 937 2285 992 duos

706 1033 882 1074 annos
913 1021 1165 1075 rexisset.
1205 1022 1380 1077 Flevit
1409 1023 1673 1094 Egyptus
1699 1027 2010 1094 praesulem,
2040 1027 2284 1082 Ecclesia

707 1110 1007 1174 doctorem,
1025 1112 1176 1166 orbis
1193 1113 1372 1167 virum
1390 1115 1693 1168 constantis
1711 1115 1857 1178 ﬁdei,
1881 1117 2061 1186 magni
2083 1116 2274 1181 animi,

707 1202 1037 1256 eruditionis
1076 1205 1312 1268 eximiae,
1365 1207 1581 1259 invictae
1626 1208 1847 1275 pietatis
1897 1208 1951 1260 in
1980 1208 2283 1270 Christum,

708 1293 1002 1362 singularis
1041 1311 1170 1365 erga
1203 1297 1487 1365 Deiparam
1518 1298 1717 1363 studii;
1770 1315 1896 1352 eum
1921 1299 2156 1368 denique
2190 1299 2285 1367 qui

707 1394 894 1452 posset
925 1386 1267 1441 conﬁdenter
1300 1404 1559 1456 vereque,
1593 1398 1729 1442 teste
1756 1390 1916 1452 caalo,
1952 1390 2137 1444 dicere
2161 1405 2286 1443 cum

708 1474 970 1542 Apostolo
997 1493 1010 1527 :
1038 1475 1224 1530 Certus
1251 1493 1390 1537 sunt,
1424 1479 1561 1546 quod
1589 1494 1755 1546 neque
1785 1496 1944 1540 mors,
1971 1496 2136 1549 neque
2157 1481 2285 1542 vita,

711 1581 876 1634 neque
901 1566 1110 1635 Angeti,
1139 1584 1303 1636 neque
1332 1569 1693 1639 Principatus,
1727 1586 1894 1639 neque
1926 1571 2170 1633 Virtutes,
2196 1587 2289 1623 ne—

709 1671 810 1723 que
848 1658 1127 1721 instantia,
1179 1675 1345 1728 neque
1386 1661 1588 1728 futura,
1624 1677 1790 1728 neque
1821 1662 2092 1729 fortitudo,
2126 1678 2290 1732 neque

712 1746 959 1812 altitudo,
996 1765 1161 1818 neque
1196 1752 1540 1819 profundum,
1576 1768 1744 1821 neque
1776 1761 2022 1804 creatura
2052 1752 2162 1805 alia
2193 1768 2289 1822 po-

711 1838 831 1889 terit
867 1853 959 1890 nos
983 1855 1237 1907 separare
1271 1836 1310 1894 ᾱ
1331 1843 1591 1895 charitate
1616 1842 1730 1908 Dei,
1762 1857 1878 1909 quis
1905 1850 1979 1895 est
2004 1843 2060 1895 in
2086 1840 2288 1896 Christo

709 1927 835 1982 Iesu
867 1929 1090 1983 Domino
1119 1943 1294 1984 nostro
1321 1931 1360 1984 1.

783 2018 872 2071 111.
927 2019 1030 2074 Ubi
1079 2021 1316 2089 primum
1381 2022 1576 2076 mortis
1620 2023 1848 2076 nuntius
1910 2022 1965 2076 in
2011 2021 2290 2077 Orientem

716 2109 899 2166 venit.
958 2110 1246 2164 continere
1274 2126 1332 2165 se
1367 2126 1476 2165 non
1505 2115 1686 2181 potuit
1712 2113 2118 2176 Theodoretus,
2158 2115 2292 2182 quin

717 2203 918 2270 scripto
953 2204 1136 2256 statim
1171 2212 1468 2258 testaretur
1515 2206 1682 2259 animi
1715 2207 1799 2262 sui
1831 2222 2070 2261 sensum.
2134 2205 2296 2260 Dedit

717 2292 886 2362 igitur
907 2294 1178 2347 Damno"
1201 2296 1508 2350 Antiochiae
1526 2298 1787 2366 episcopo
1802 2298 2111 2366 epistolam,
2129 2311 2292 2366 quam

715 2397 818 2451 ego
840 2383 942 2452 ipsi
970 2385 1152 2437 malim
1175 2401 1299 2440 cum
1322 2387 1558 2442 concilio
1578 2389 1818 2458 generali
1847 2389 2111 2452 tribuere,
2129 2403 2294 2459 quam

719 2475 805 2529 vel
850 2476 1170 2545 abjudicare
1201 2493 1324 2532 cum
1357 2477 1624 2544 Baronio,
1669 2481 1754 2534 vel
1783 2483 1795 2499 '
1822 2496 1946 2535 cum
1978 2481 2098 2535 aliis
2129 2497 2297 2536 vanas

720 2564 792 2618 ob
817 2581 1012 2619 causas
1033 2577 1343 2635 suspectam
1371 2569 1594 2624 habere.
1627 2569 1718 2622 Illa
1741 2586 1870 2624 vero
1895 2586 2018 2625 cum
2045 2572 2203 2640 plena
2225 2572 2298 2625 sit

720 2654 964 2708 collectae
1010 2669 1076 2708 ex
1123 2656 1284 2726 longo
1334 2665 1578 2726 tempore
1620 2658 1767 2721 bilis,
1821 2659 2062 2712 ostendit
2087 2670 2294 2730 aperte,

719 2760 1008 2815 quousque
1040 2746 1225 2801 eﬁ‘erri
1252 2749 1426 2816 possit
1466 2757 1563 2801 aut
1587 2749 1770 2803 furere
1799 2751 1982 2819 potius
2018 2751 2175 2804 illusa
2210 2766 2299 2806 re-

719 2832 852 2903 ligio
880 2853 890 2886 :
923 2834 1090 2888 habet
1113 2836 1260 2889 enim
1295 2837 1442 2890 unde
1470 2839 1646 2891 valeat
1670 2853 1858 2891 creare
1891 2839 2172 2893 horrorem
2199 2841 2300 2894 im-

719 2927 1002 2996 potentiae,
1057 2943 1163 2996 qua
1203 2943 1383 2982 caecus
1417 2929 1569 2983 zelus
1599 2930 1804 2998 abripit
1828 2930 2120 2999 aliquando
2153 2931 2301 2986 viros

721 3017 903 3086 magni
927 3017 1150 3086 quidem
1177 3017 1368 3079 animi,
1401 3018 1496 3072 sed
1529 3019 1810 3072 commoti.

795 3109 884 3163 lV.
921 3109 1110 3177 Neque
1137 3125 1270 3162 vero
1299 3110 1585 3178 scripsisse
1609 3117 1900 3164 contentus
1925 3118 2034 3175 est;
2072 3111 2165 3164 sed
2194 3111 2298 3164 im-

721 3208 920 3269 potens
967 3200 1136 3253 animi
1188 3199 1464 3254 advolavit
1513 3200 1777 3254 continuo
1827 3199 2192 3263 Antiochiam,
2246 3210 2302 3254 et

723 3291 1053 3361 praesidente
1101 3291 1331 3355 Domno,
1381 3291 1704 3346 concionem
1743 3290 1936 3344 habuit
1984 3291 2037 3344 in
2071 3291 2301 3345 ecclesia

723 3370 969 3452 epistolae
1013 3383 1287 3454 parem".
1351 3383 1564 3436 cNemo
1595 3383 1706 3452 jam
1751 3382 2052 3444 neminem,
2103 3381 2300 3451 inquit,

729 3475 1110 3543 blasphemare
1139 3475 1420 3544 compellit
1449 3462 1467 3526 ἐ
1505 3473 1596 3527 ubi
1628 3481 1776 3538 sunt,
1809 3473 1904 3542 qui
1929 3473 2138 3534 dicunt,
2174 3473 2304 3541 quia

729 3564 874 3617 Deus
917 3572 1020 3629 est,
1084 3565 1180 3633 qui
1235 3563 1530 3618 cruciﬁxus
1556 3571 1682 3628 est;
1732 3579 1842 3617 non
1871 3572 1956 3616 est
2009 3562 2305 3616 cruciﬁxus

729 3652 895 3716 Deus,
938 3653 1032 3712 sed
1077 3654 1242 3708 homo
1293 3652 1650 3707 crucifixus"
1704 3661 1788 3707 est
1831 3653 1991 3708 Jesus
2031 3653 2300 3707 Christus.

729 3744 877 3797 Deus
907 3754 1091 3798 autem
1149 3745 1415 3812 templum
1446 3759 1606 3797 suum
1659 3760 1727 3798 ex
1769 3744 1972 3798 Davide
1998 3743 2304 3807 suscitavit,

729 3835 874 3892 sicut
899 3836 1042 3892 idem
1069 3836 1240 3890 David
1269 3844 1396 3890 ante
1425 3835 1710 3904 praedixit;
1748 3836 1914 3889 homo
1951 3845 2176 3905 generat
2208 3835 2308 3888 ho-

731 3926 969 3990 minem;
1005 3935 1202 3980 natura
1232 3925 1513 3997 quidem”
1549 3926 1722 3979 Filius
1750 3926 1844 3979 Dei
1871 3933 1957 3979 est
1999 3925 2140 3979 Deus
2170 3926 2305 3979 Ver-

731 4015 862 4068 bum
891 4055 904 4077 ,
960 4015 1217 4070 Christus
1245 4029 1376 4068 vero
1431 4023 1517 4068 est
1552 4013 1698 4068 ﬁlius
1721 4014 1972 4080 Davidis;
2009 4014 2106 4069 sed
2139 4014 2310 4069 Filius

733 4107 828 4160 Dei
865 4108 1130 4177 templum
1165 4123 1276 4160 non
1300 4115 1404 4160 est.
1441 4106 1734 4161 Contentio
1760 4108 1902 4161 ultra
1927 4108 2031 4177 iam
2059 4122 2167 4160 non
2189 4114 2306 4160 est:

733 4199 837 4252 sub
865 4214 976 4251 uno
1004 4199 1135 4268 jugo
1158 4197 1354 4252 Oriens
1379 4206 1434 4252 et
1458 4197 1725 4268 Egyptus
1746 4206 2144 4260 convenerunt,
2168 4212 2312 4251 mor-

737 4299 828 4344 tua
854 4300 938 4344 est
960 4290 1186 4353 invidia,
1216 4297 1272 4344 et
1296 4291 1616 4359 consepulta
1640 4290 1717 4344 illi
1744 4290 1968 4345 haeresis
1991 4308 2004 4343 :
2022 4290 2133 4360 jam
2155 4291 2312 4361 quie-

733 4389 916 4441 scunt,
951 4379 1045 4448 qui
1071 4394 1290 4448 passum
1314 4379 1483 4433 Deum
1511 4379 1831 4448 praedicant,
1861 4397 1880 4430 ι
1916 4387 2026 4432 etc.

2384 574 2639 637 debatur,
2676 576 2760 628 vel
2793 575 2844 627 in
2878 573 3121 643 synodis,
3159 587 3296 641 quas
3319 571 3577 640 frequens
3603 589 3702 628 suo
3721 574 3953 628 consilio

2383 666 2642 734 cogebat,
2697 666 2955 734 pristinas
2983 664 3174 718 turbas
3195 664 3468 728 excitare;
3529 664 3615 717 vel
3641 666 3806 718 etiam
3835 667 3953 720 elo-

2383 757 2606 825 quentia
2642 766 2698 810 et
2735 759 3061 810 auctoritate
3096 762 3422 822 prostratam
3451 755 3685 809 haeresin
3716 756 3947 825 erigere.

2418 855 2423 859 '
2454 845 2755 910 VLQuare,
2779 856 2897 914 post
2921 844 3047 897 anni
3075 843 3271 910 integri
3293 844 3635 911 patientiam,
3658 843 3958 912 imperator

2385 936 2679 990 Antiochia
2713 937 2992 990 abstinere
3029 934 3405 988 turbulentum
3459 933 3735 987 hominem
3768 935 3954 1004 jussit,

2386 1027 2609 1095 suisque
2644 1026 2918 1095 parochiis
2945 1026 3025 1078 sic
3069 1033 3326 1092 tanquam
3370 1023 3602 1077 honesto
3646 1039 3864 1078 carcere
3899 1041 3955 1078 se

2386 1115 2690 1169 continere.
2729 1114 2862 1167 Rem
2897 1121 3086 1165 narrat
3117 1111 3499 1165 Theodoretus
3525 1112 3640 1179 ipse
3670 1113 3724 1164 in
3760 1113 3958 1166 litteris

2387 1206 2453 1260 ad
2481 1204 2780 1260 Eusebium
2824 1205 3050 1273 Ancyra;
3075 1205 3413 1272 episcopum.
3463 1221 3479 1253 ι
3505 1203 3606 1268 Qui
3647 1204 3955 1266 Marcionis,

2388 1298 2566 1368 inquit
2587 1297 2653 1360 '°,
2675 1305 2732 1351 et
2757 1295 3031 1350 Valentini
3063 1303 3119 1349 et
3143 1295 3390 1353 Manetis.
3423 1295 3766 1362 aliorumque
3801 1295 3958 1349 Doci-

2391 1398 2566 1443 tarum
2591 1387 2823 1441 haeresin
2852 1387 2953 1440 hac
2975 1394 3159 1439 nostra
3178 1395 3498 1454 tempestate
3516 1393 3797 1447 renovant,
3816 1400 3957 1453 aegre

2389 1479 2624 1533 ferentes
2655 1477 2885 1534 hmresin
2908 1493 2938 1532 a
2969 1493 3053 1530 me
3089 1492 3242 1530 suam
3288 1484 3476 1545 aperte
3516 1476 3807 1538 confutari,
3862 1477 3958 1530 im-

2390 1570 2658 1639 peratoris
2678 1584 2840 1623 aures
2874 1569 3272 1623 circumvenire
3301 1566 3481 1620 conati
3510 1576 3658 1629 sunt,
3674 1567 3961 1620 hereticos

2392 1675 2490 1713 nos
2512 1660 2869 1728 appellantes,
2900 1669 2955 1712 et
2975 1673 3143 1712 unum
3178 1657 3465 1710 Dominum
3492 1665 3737 1711 nostrum
3775 1658 3960 1712 Jesnm

2390 1748 2693 1811 Christum,
2721 1749 3069 1801 incarnatum
3104 1747 3276 1800 Deum
3307 1745 3548 1800 Verbum
3577 1746 3630 1798 in
3655 1745 3795 1798 duos
3823 1746 3965 1800 ﬁlios

2393 1838 2639 1893 dividere
2679 1838 3098 1892 calumniantes.
3130 1835 3237 1890 Sed
3281 1835 3468 1889 verbis
3515 1835 3653 1899 suis,
3687 1843 3747 1888 ut
3777 1851 3962 1904 spera-

2395 1925 2544 1988 bant,
2579 1941 2687 1978 non
2714 1934 3112 1994 persuaserunt
3137 1942 3150 1977 :
3177 1940 3348 1993 quare
3392 1925 3658 1993 scriptum
3694 1934 3779 1979 est
3810 1941 3962 1978 com-

2392 2013 2748 2067 monitorium
2817 2013 3358 2083 magniﬁcentissimo
3443 2022 3501 2067 et
3571 2013 3966 2083 gloriosissimo

2393 2106 2654 2174 magistro
2706 2105 2942 2158 militum
2991 2104 3226 2166 consuli,
3283 2102 3508 2156 haeresis
3557 2104 3965 2157 accusationem

2393 2195 2597 2250 nullam
2624 2194 2934 2255 continens,
2969 2193 3061 2247 sed
3079 2194 3213 2248 alias
3242 2195 3503 2262 quasdam
3525 2208 3737 2256 causas,
3763 2209 3966 2262 easque

2395 2285 2576 2340 falsas.
2607 2284 2856 2355 Synodos
2885 2283 3032 2338 enim
3079 2284 3302 2338 aiebant
3333 2299 3420 2338 me
3470 2283 3787 2352 frequentes
3821 2283 3958 2351 armi

2394 2375 2743 2432 Antiochiam
2773 2390 3098 2439 convocare,
3122 2383 3177 2429 et
3199 2389 3263 2429 ea
3299 2390 3358 2430 re
3391 2373 3595 2430 oﬁ‘endi
3633 2374 3963 2437 nonnullos;

2397 2468 2628 2537 proinde
2659 2470 2943 2538 quiescere
2967 2485 3056 2523 me
3083 2477 3361 2538 oportere,
3389 2475 3446 2522 et
3469 2467 3791 2522 commissas
3831 2466 3967 2528 mihi

2399 2560 2674 2615 Ecclesiae
2705 2561 3035 2631 gubernare.
3058 2559 3173 2614 Hoc
3197 2560 3364 2630 igitur
3393 2567 3616 2614 ostenso
3657 2559 3791 2613 mihi
3815 2574 3968 2612 com-

2396 2655 2712 2719 monitorio,
2731 2654 3014 2709 decretum
3033 2654 3183 2708 velut
3195 2653 3463 2708 bonorum
3479 2653 3683 2707 fontem
3699 2652 3928 2720 arripui.
3944 2671 3962 2700 ι

2466 2749 2956 2804 Commonitorium
2982 2749 3098 2817 ipsa
3120 2746 3468 2816 imperatoris
3498 2760 3684 2808 manu,
3710 2745 3846 2798 tanti
3883 2761 3973 2799 res

2398 2849 2538 2903 erat,
2574 2848 2856 2894 exaratum
2906 2839 3078 2892 fuisse
3122 2845 3583 2905 testaturzquare
3621 2835 3701 2890 rei
3726 2835 3972 2889 insolen-

2403 2931 2530 2983 tiam
2572 2931 2824 2995 miratus,
2851 2945 2918 2983 ex
2941 2929 3193 2982 Anatolio
3226 2928 3456 2998 patricio
3487 2927 3689 2982 litteris
3719 2927 3972 2981 sciscita-

2402 3031 2491 3076 tus
2516 3028 2621 3084 est,
2656 3036 2787 3073 num
2820 3035 2960 3073 vana
2981 3020 3127 3074 foret
3153 3034 3250 3074 sua
3285 3018 3492 3074 fraudis
3512 3018 3774 3088 suspicio.
3815 3036 3834 3068 ι
3866 3019 3974 3072 Ve-

2403 3119 2560 3172 strae,
2587 3110 2804 3178 inquit,
2835 3109 3175 3163 excellentiae
3207 3108 3570 3163 indicavimus
3606 3109 3975 3163 commonito-

2406 3202 2545 3255 rium
2577 3203 2737 3262 nobis
2761 3201 3066 3255 ostendisse
3096 3201 3297 3256 Rufum
3334 3202 3591 3256 comitem
3620 3201 3977 3269 magniﬁcen-

2404 3293 2696 3356 tissimum,
2721 3293 3078 3362 imperatoria
3115 3309 3278 3346 manu
3306 3302 3611 3356 exaratum,
3648 3308 3757 3362 quo
3787 3292 3980 3345 fortis-

2403 3385 2540 3437 simo
2576 3384 2835 3452 magistro
2883 3384 3121 3437 militum
3167 3383 3540 3453 praecipiebat,
3570 3391 3630 3436 ut
3675 3381 3980 3451 prudenter

2403 3475 2648 3544 sciteque
2683 3481 2903 3528 curaret
2944 3490 3046 3528 nos
3091 3474 3217 3544 Cyri
3259 3475 3585 3544 consistere,
3614 3490 3719 3528 nec
3749 3473 3816 3527 ad
3843 3474 3980 3529 alias

2404 3543 2657 3619 civitates
2692 3562 3000 3631 proﬁcisci,
3038 3543 3214 3630 utqui
3271 3543 3510 3632 sfnodos
3563 3561 3783 3616 assidue
3831 3559 3978 3628 apud

2406 3653 2749 3708 Antiochiam
2785 3667 3125 3722 cogeremus,
3156 3661 3211 3705 et
3239 3652 3574 3706 orthodoxos
3607 3651 3977 3704 turbaremus.

2405 3743 2562 3798 Nunc
2609 3742 2794 3796 indico
2839 3757 2925 3796 me
2972 3742 3138 3811 regiis
3175 3741 3499 3794 obsecutum
3545 3740 3743 3794 litteris
3776 3739 3982 3808 Cyrum

2407 3835 2643 3898 venisse,
2664 3850 2728 3888 ac
2751 3834 2949 3888 diebus
2981 3848 3076 3887 sev
3092 3843 3372 3902 septemve
3398 3833 3708 3895 transactis,
3729 3834 3897 3886 misso
3913 3832 3980 3884 ad

2407 3939 2495 3978 me
2538 3924 2892 3978 devotissimo
2927 3924 3248 3992 Euphronio
3283 3923 3655 3992 magistriano,
3689 3922 3982 3991 ﬂagitasse,

2410 4025 2472 4070 ut
2513 4016 2722 4084 scripto
2749 4015 3063 4078 conﬁterer,
3097 4015 3373 4069 exhibitas
3393 4015 3527 4068 mihi
3554 4014 3732 4084 regias
3771 4014 3986 4068 litteras

2409 4108 2599 4162 fuisse.
2629 4108 2742 4177 Ego
2788 4123 2920 4162 vero
2978 4109 3082 4162 hoc
3127 4109 3294 4161 etiam
3354 4107 3487 4170 feci,
3518 4115 3574 4160 et
3617 4106 3843 4176 promisi
3897 4121 3985 4158 me

2409 4199 2555 4268 apud
2601 4198 2803 4269 Cyrum
2844 4206 2900 4253 et
2941 4200 2998 4252 in
3044 4200 3147 4253 hac
3179 4199 3398 4266 regione
3451 4212 3894 4267 permansurum,
3929 4208 3989 4251 et

2412 4290 2686 4361 pascendo
2718 4291 2868 4360 gregi
2922 4290 3057 4344 mihi
3109 4291 3402 4346 commisso
3443 4289 3798 4343 inhaesurum.
3834 4288 3989 4356 Rogo

2415 4381 2602 4451 itaque
2627 4381 3090 4452 magniﬁcentiam
3121 4390 3289 4442 tuam,
3335 4390 3589 4434 accurate
3621 4387 3682 4432 ut
3707 4380 3985 4447 exquirat,

805 4470 869 4524 V.
907 4470 1054 4524 Fecit
1080 4471 1171 4524 illa
1205 4479 1320 4525 tum
1347 4470 1598 4538 epistola,
1631 4485 1754 4539 qua:
1790 4469 1946 4539 175
1973 4470 2137 4539 vulgo
2157 4469 2308 4524 edita
2343 4492 2382 4546 ο
2410 4484 2479 4528 et-
2498 4490 2566 4528 an
2585 4490 2716 4529 vere
2749 4475 2868 4529 haec
2894 4474 2966 4529 ita
2998 4473 3262 4542 imperata
3299 4473 3440 4535 sint,
3478 4479 3536 4527 et
3557 4486 3720 4541 quam
3753 4470 3825 4524 ob
3854 4485 3988 4524 cau-

733 4570 846 4626 est;
887 4572 999 4615 tum
1034 4563 1247 4627 concio,
1285 4577 1408 4631 quae
1443 4561 1511 4615 ad
1544 4563 1870 4616 immensam
1897 4560 1964 4613 de
1987 4576 2141 4615 more
2169 4560 2311 4614 mul-

737 4653 1026 4707 titudinem
1068 4654 1285 4717 habita,
1341 4662 1402 4708 ut
1441 4653 1821 4708 Theodoretus
1857 4651 1910 4705 in
1943 4652 2310 4720 suspicionem

735 4746 1117 4800 consensionis
1144 4761 1268 4800 cum
1299 4745 1556 4800 Nestorio
1584 4746 1820 4808 venerit,
1853 4744 2009 4813 quasi
2041 4743 2314 4800 divideret

734 4837 1017 4890 Christum
1045 4828 1262 4892 in'duos
1290 4838 1452 4901 ﬁlios,
1479 4853 1714 4907 quorum
1743 4837 1881 4890 alter
1905 4835 2311 4901 sitcruciﬁxus,

735 4929 877 4982 alter
929 4939 1206 4984 mortuum
1247 4929 1613 4984 suscitaverit.
1654 4928 1804 4983 Fecit
1846 4927 2012 4982 etiam
2057 4937 2120 4982 ut
2164 4928 2311 4997 apud

740 5019 1127 5085 imperatorem
1151 5019 1448 5088 impietatis
1475 5035 1539 5073 ac
1561 5018 1849 5074 seditionis
1877 5032 2006 5072 reus
2024 5026 2308 5086 ageretur:

824 5168 837 5208 ι
883 5169 1036 5226 Rom.
1061 5189 1174 5238 vm,
1205 5172 1294 5239 '58,
1321 5172 1409 5227 39.

2415 4582 2548 4622 sam.
2590 4585 2606 4618 ι

2492 4656 2652 4726 176
2673 4655 2844 4721 Quale
2882 4670 3016 4710 vero
3044 4653 3574 4723 fuerit,quibusque
3618 4651 3803 4706 verbis
3847 4653 3987 4706 scri-

2416 4754 2596 4816 ptum,
2638 4745 2820 4814 legere
2876 4745 3005 4799 licet
3057 4745 3112 4798 in
3166 4744 3399 4812 epistola
3445 4743 3515 4796 ad
3560 4740 3917 4796 Eutrechium
3946 4743 3990 4772 θ’

2419 4835 2756 4906 pmfectum.
2789 4853 2808 4886 ι
2838 4834 3083 4904 Relegati
3109 4850 3173 4888 ac
3195 4832 3596 4901 circumscripti
3618 4832 3759 4902 Cyro
3778 4846 3990 4891 sumus,

2419 4926 2462 4980 si
2494 4942 2682 4980 verum
2718 4933 2800 4979 est
2836 4925 3335 4988 commonitorium,
3363 4921 3510 4992 quod
3550 4923 3777 4976 victoris
3819 4920 3992 4989 ipsius

2419 5017 2648 5088 Augusti
2689 5031 2856 5071 manu
2896 5016 3164 5086 scriptum
3215 5015 3419 5078 ferunt,
3455 5021 3512 5069 et
3556 5014 3632 5067 ita
3677 5028 3737 5068 se
3782 5012 3986 5067 habet:

2087 5285 2400 5341 SCHULZII
2439 5284 2668 5341 ΝΟΤΛΕ.

815 5401 858 5433 ’⁸
879 5401 1102 5454 Damno.
1164 5404 1241 5456 Ad
1299 5403 1563 5457 Joannem
1614 5403 2012 5458 Antiochenam
2084 5405 2266 5472 potius
2327 5403 2466 5472 hanc
2524 5397 3133 5472 epistolamfscripsisse
3186 5395 3594 5472 dicitur.__Cum
3647 5402 3829 5472 autem

747 5471 1024 5542 inscriptio
1050 5472 1180 5525 satis
1201 5483 1384 5540 aperte
1409 5474 1602 5542 prodat
1626 5473 1832 5525 νοθείαν
1856 5474 2015 5539 hujus
2046 5463 2306 5542 epistola},
2331 5463 2626 5527 Carnerius
2657 5469 2940 5525 substituit
2961 5463 3394 5542 _ho_men_Domni.
3417 5465 3600 5518 Exstat
3623 5463 3850 5532 epistola
3881 5463 3991 5520 illa.

751 5548 790 5590 ι.
824 5537 997 5608 Ινίρ.
1043 5542 1196 5595 1362.
1236 5537 1317 5573 ’⁷⁷
1357 5537 1610 5596 Ε’ἱδιοιαξ
1656 5559 1857 5610 parem.
1895 5537 2150 5605 Omnino,
2178 5552 2292 5596 tum
2325 5550 2667 5611 argumento.
2729 5549 2843 5592 tum
2895 5537 3093 5606 νοθείᾳ.
3148 5537 3279 5601 Qme
3340 5545 3676 5604 sequuntur,
3736 5547 3994 5600 expressa

751 5619 876 5661 sunt
902 5611 1046 5664 iuxta
1070 5613 1372 5664 versionem
1406 5561 1550 5664 μίλιοἱί
1577 5613 1912 5664 Mercatoris.
1943 5612 2076 5664 Vide
2105 5629 2291 5664 snnra.
2318 5628 2369 5664 n.
2410 5629 2485 5664 Ill.
2564 5612 2608 5642 ⁷⁸
2639 5609 2835 5664 Crucif.
2879 5617 2972 5661 est.
3011 5605 3132 5659 lhec
3172 5604 3419 5659 addenda
3473 5605 3714 5656 fuerunt.
3790 5605 3837 5633 '“'
3871 5600 3989 5653 Nat.

749 5619 876 5661 sunt
896 5611 1046 5678 juxta
1070 5613 1372 5666 versionem

750 5678 981 5743 quidem.
1017 5690 1122 5733 etc.
1160 5683 1326 5734 Paulo
1355 5682 1513 5735 aliter
1538 5684 1642 5746 leg.
1681 5697 1866 5749 supra,
1903 5683 1938 5735 l.
1983 5699 2030 5732 (ο.

748 5749 910 5817 epist.
954 5753 1108 5813 79,1.
1147 5751 1233 5813 IV,
1274 5769 1322 5820 p.
1362 5753 1511 5805 1151.

1455 5613 1550 5666 arii
1577 5613 1912 5665 Mercatoris.
1943 5612 2076 5666 Vide
2105 5629 2291 5682 supra,
2318 5628 2369 5680 p.
2410 5629 2485 5666 Ill.

2105 5681 2150 5711 ⁸⁰
2173 5675 2370 5751 inquit.
2426 5683 2547 5735 Vid.
2593 5681 2754 5748 epist.
2964 5685 3004 5729 t.
3053 5677 3138 5740 IV,
3181 5692 3231 5746 ῃ.
3278 5675 3428 5729 1142.

1591 5754 1633 5782 ⁸⁷
1667 5751 1744 5805 Ad
1793 5751 1941 5803 Eutr.
1983 5751 2100 5805 Viti.
2154 5750 2313 5822 cpiSt.
2350 5752 2437 5816 80,
2470 5762 2506 5804 t.
2547 5752 2632 5812 lV,
2674 5767 2724 5819 p.
2763 5750 2912 5803 “3'3.

2564 5612 2608 5642 ⁷⁸
2639 5609 2835 5676 Crucif.
2879 5617 2972 5661 est.
3011 5600 3132 5659 Ihec
3172 5600 3432 5659 addenda
3473 5605 3714 5656 fuerunt.
3790 5605 3837 5633 '“'
3871 5600 3989 5653 Nat.

2593 5681 2754 5742 epist.
2811 5679 2898 5736 εξ,
2964 5685 3004 5729 ι.
3053 5677 3138 5740 IV,
3181 5692 3231 5742 p.
3278 5675 3428 5729 H42.
3507 5675 3545 5702 "
3612 5673 3810 5742 Inquit.
3873 5669 3989 5727 \‘id.
