4208 6440
224 360 320 422 199
1380 343 1743 408 HISTORIA
1779 338 2285 402 THEODORETI.

3371 334 3473 397 130

220 472 491 540 Quoniam
520 470 607 523 ille
639 468 880 523 civitatis
911 467 1059 520 illius
1092 464 1384 535 episcopus
1424 458 1643 514 assidue
1668 468 1798 506 con-
1834 456 1875 505 Α
1906 458 2011 504 tam
2042 464 2371 522 posuerunt,
2400 454 2553 521 quasi
2589 453 2642 506 in
2677 451 2815 505 duos
2849 450 2988 504 ﬁlios
3024 448 3301 503 Christum
3333 447 3474 501 divi-

220 570 410 634 gregat
465 560 727 631 synodos,
764 558 1059 626 turbatque
1096 571 1159 608 ea
1210 570 1266 607 re
1316 550 1682 610 orthodoxos,
1734 544 1802 600 da

220 670 445 723 operam
480 651 809 720 congruenti
832 648 1208 702 moderatione
1231 662 1294 698 ac
1320 642 1633 711 prudentia,
1667 648 1726 693 ut
1759 638 1804 691 is

219 744 362 815 Cyro
394 759 453 797 se
492 742 798 805 contineat,
837 754 937 793 nec
964 738 1029 792 ad
1070 738 1229 791 aliam
1264 736 1539 789 civitatem
1584 728 1804 799 proﬁci-

223 846 432 891 scatur.
467 856 484 885 ι

295 930 410 983 VII.
440 929 497 982 In
536 925 898 982 domesticum
925 921 1058 977 illud
1080 921 1358 982 exsilium,
1393 917 1534 971 sicut
1569 916 1685 984 ipse
1722 913 1805 965 lo-

223 1019 439 1087 quitur,
477 1018 688 1086 eiectus
738 1025 823 1069 est
865 1028 1010 1067 anno
1062 1011 1184 1073 445,
1219 1025 1328 1079 quo
1388 1021 1532 1060 anno
1583 1002 1807 1073 gerebat

225 1106 579 1159 consulatum
609 1105 835 1158 Nomus.
862 1102 972 1156 Etsi
1018 1110 1198 1154 autem
1240 1112 1354 1167 prae
1390 1112 1446 1150 sc
1480 1095 1649 1149 ferret
1677 1107 1806 1146 con-

227 1197 490 1251 stantiam
528 1194 691 1249 animi
730 1194 783 1246 in
814 1193 916 1247 hac
946 1192 1286 1252 calamitate,
1320 1188 1594 1242 nemiuem
1626 1194 1807 1237 tamen

229 1302 338 1339 non
390 1284 689 1347 invocavit,
744 1282 891 1337 unde
928 1288 1178 1350 speraret
1226 1277 1535 1331 auxilium:
1584 1288 1707 1326 nam
1757 1279 1808 1325 et

226 1377 487 1432 Anatolio
512 1376 558 1407 ⁸³
579 1374 833 1444 patricio,
860 1376 915 1426 e‘t
935 1370 1233 1426 Eutrechio
1259 1367 1535 1438 praefecto,
1560 1373 1615 1418 et
1639 1364 1811 1417 Nomo

227 1469 443 1523 consuli
463 1464 891 1521 lamentabiliter
906 1468 1133 1531 questus
1149 1469 1253 1520 est,
1279 1474 1336 1512 se
1376 1455 1619 1510 inaudita
1650 1469 1812 1508 causa

227 1562 576 1622 damnatum,
607 1574 731 1612 cum
756 1572 823 1610 ne
852 1553 1177 1609 incendiarii
1212 1550 1434 1620 quidem
1468 1556 1631 1617 atque
1647 1545 1813 1599 effos-

230 1668 386 1706 sores
432 1651 837 1720 sepulcrorum,
864 1648 974 1699 imo
1024 1657 1080 1698 et
1129 1640 1415 1711 parricidae
1461 1640 1809 1697 damnentur,

231 1745 557 1813 priusquam
584 1741 649 1793 ad
684 1739 959 1809 objectum
992 1735 1201 1789 crimen
1230 1731 1610 1801 responderint
1638 1746 1650 1781 :
1680 1726 1813 1796 quin

230 1845 285 1888 et
322 1833 595 1903 synodum
614 1832 999 1900 episcoporum
1030 1825 1149 1894 cogi
1182 1822 1441 1892 postulat,
1469 1817 1562 1871 sed
1597 1830 1809 1878 eorum,

232 1926 325 1994 qui
355 1924 633 1993 judicium
669 1921 813 1975 ferre
846 1918 1059 1987 possint
1102 1915 1170 1969 de
1221 1912 1488 1973 doctrina,
1514 1918 1567 1963 et
1609 1910 1662 1962 in
1706 1922 1813 1976 qua

234 2018 593 2086 magistratus
649 2011 1027 2083 pronuntient,
1082 2024 1203 2077 qua:
1257 2002 1657 2073 disputantium
1719 1998 1816 2053 do-

236 2110 417 2162 ctrina
449 2105 766 2175 apostolij
789 2101 1121 2157 conformior
1158 2098 1246 2151 sit.
1280 2094 1361 2150 Ad
1402 2094 1519 2148 ham
1556 2094 1815 2146 innocen-

238 2202 368 2253 tiam
412 2215 567 2253 suam
598 2196 948 2267 depraedicat,
968 2207 1203 2260 suosque
1235 2205 1336 2260 pro
1368 2187 1473 2241 ﬁde
1506 2187 1721 2240 labores
1754 2198 1818 2237 ac

237 2292 425 2346 eﬁicax
478 2292 535 2344 in
567 2288 842 2344 haereticis
886 2284 1276 2340 convertendis
1309 2280 1572 2343 studium,
1602 2292 1815 2331 necnon

240 2387 363 2438 vitae
387 2384 457 2438 ab
491 2383 652 2436 initio
673 2391 808 2435 actae
832 2378 1237 2449 integritatem;
1278 2379 1295 2396 ‘
1324 2372 1559 2440 denique
1603 2368 1817 2423 infracti

240 2474 399 2526 malis
412 2471 583 2525 animi
607 2468 913 2523 ﬁrmitatem
937 2473 1207 2520 sustentat
1225 2459 1631 2529 exspectatione
1649 2455 1818 2511 divini

236 2564 455 2634 judicii,
483 2563 551 2616 ad
579 2562 725 2631 quod
759 2558 1124 2621 adversarios,
1152 2557 1267 2611 sive
1291 2554 1384 2623 qui
1406 2559 1685 2615 accusant,
1706 2550 1819 2605 sive

240 2650 335 2720 qui
358 2650 648 2715 damnant,
670 2655 766 2703 aut
788 2646 954 2703 etiam
979 2646 1238 2701 damnare
1257 2644 1462 2705 sinunt,
1487 2640 1822 2696 confidenter

243 2741 397 2797 citat.

312 2833 453 2888 Vlll.
484 2831 557 2887 Ut
588 2846 793 2898 egrum
828 2829 1072 2884 animum
1109 2827 1397 2888 solaretur,
1433 2840 1574 2894 opus
1598 2836 1822 2891 compo-

245 2926 375 2987 suit,
409 2925 498 2978 cui
542 2937 741 2976 nomen
782 2921 904 2975 fecit
940 2920 1205 2974 Eranistae
1234 2934 1329 2972 seu
1359 2913 1730 2985 Polymorphi.
1765 2912 1823 2965 In

246 3018 354 3071 hoc
380 3016 429 3047 “
449 3018 587 3070 mira
616 3015 850 3083 quadam
872 3022 990 3067 arte
1014 3012 1301 3066 consilium
1326 3008 1636 3063 dissimulat
1659 3024 1671 3059 :
1698 3020 1824 3059 nam

1903 547 2082 603 sisset.
2112 555 2167 599 et
2191 546 2494 599 latitantem
2526 548 2577 599 in
2604 545 2793 599 Cilicia
2814 543 3198 597 Nestorianum
3230 556 3475 596 errorem

1904 639 2260 705 propalasset.
2288 637 2341 689 Id
2366 638 2609 691 criminis
2632 647 2689 690 ut
2714 636 3076 706 propulsaret,
3096 634 3306 687 litteras
3327 632 3480 686 dedit

1904 728 2162 781 Dioscoro
2191 728 2235 758 "
2271 726 2324 780 in
2372 726 2488 780 haec
2521 727 2685 779 verba
2716 744 2727 777 :
2770 746 2786 775 ι
2828 725 2951 778 Haec
2976 723 3215 776 scribere
3257 731 3481 775 coactus

1906 834 2196 881 sum,cum
2243 819 2555 873 sanctitatis
2600 828 2704 873 tua:
2737 819 2952 872 litteras
2976 815 3229 885 legissem
3273 815 3339 867 ad
3382 814 3478 868 Dei

1906 915 2336 968 amantissimum
2408 914 2925 981 sanctissimumque
3000 908 3478 977 archiepiscopum

1907 1005 2185 1060 dominum
2210 1009 2481 1061 Domnum
2511 1006 2764 1073 scriptas.
2792 1004 2849 1056 lu
2884 1004 2990 1056 illis
3020 1002 3167 1054 enim
3206 1000 3309 1053 hoc
3336 999 3482 1051 inter

1910 1105 2103 1150 caetera
2124 1099 2525 1160 continebatur,
2552 1095 2814 1165 quosdam
2841 1095 2905 1147 ad
2940 1094 3228 1147 maximam
3265 1091 3481 1149 urbem.

1910 1204 2031 1257 qua:
2057 1205 2086 1242 a
2115 1190 2399 1243 sanctitate
2429 1200 2520 1244 tua
2550 1189 2779 1258 regitur,
2814 1202 2937 1240 cum
2971 1188 3269 1248 venissent,
3316 1198 3483 1237 accu-

1911 1296 2059 1334 sasse
2098 1296 2219 1340 nos.
2249 1282 2404 1348 quasi
2437 1282 2489 1333 in
2537 1281 2675 1334 duos
2726 1280 2866 1333 ﬁlios
2908 1278 3274 1331 divideremus
3313 1290 3483 1328 unum

1910 1372 2201 1426 Dominum
2254 1383 2500 1427 nostrum
2555 1374 2736 1427 Jesum
2777 1373 3058 1427 Christum
3102 1388 3112 1421 :
3149 1368 3311 1437 idque
3357 1383 3482 1421 cum

1913 1463 2054 1532 apud
2082 1465 2425 1517 Antiochiam
2445 1464 2858 1523 dissereremus,
2879 1463 2969 1515 ubi
3004 1462 3187 1514 multae
3209 1458 3485 1530 myriades

1913 1554 2226 1608 auditorum
2255 1556 2319 1609 ad
2344 1555 2662 1608 concionem
2690 1564 3086 1608 convenerunt.
3114 1552 3181 1605 At
3213 1567 3313 1620 ego
3365 1552 3489 1605 illos

1913 1645 2131 1713 quidem
2147 1646 2443 1715 deploravi,
2463 1646 2554 1715 qui
2583 1645 2926 1699 manifestam
2945 1644 3272 1698 calumniam
3303 1651 3486 1695 texere

1916 1738 2033 1788 ausi
2067 1746 2232 1789 sunt:
2279 1737 2429 1789 dolui
2481 1754 2631 1800 vero,
2677 1748 2732 1791 et
2777 1737 3017 1806 ignosce,
3064 1734 3313 1794 Domine,
3358 1733 3487 1800 quia

1916 1842 2105 1881 vocem
2139 1828 2394 1895 exprimit
2440 1826 2615 1889 dolor,
2644 1827 2789 1896 quod
2840 1826 2970 1879 mihi
3015 1840 3203 1878 aurem
3257 1823 3487 1876 alteram

1916 1926 2006 1970 tua
2035 1916 2333 1971 secundum
2365 1918 2535 1971 Deum
2562 1916 2825 1986 perfectio
2864 1916 3128 1983 integram
3156 1927 3262 1964 non
3309 1926 3488 1964 reser-

1915 2010 2091 2071 vavit;
2115 2008 2207 2061 sed
2235 2008 2299 2061 iis
2327 2024 2447 2077 qua:
2471 2007 2607 2061 falso
2631 2006 2698 2060 ab
2725 2006 2831 2060 illis
2856 2006 3002 2059 dicta
3025 2010 3173 2063 sunt,
3204 2000 3362 2054 ﬁdem
3389 2001 3487 2054 ha-

1916 2100 2054 2153 buit.
2100 2118 2116 2147 ι

1989 2191 2190 2244 liahuit
2246 2205 2377 2243 vero
2433 2189 2832 2243 Alexandrinus
2885 2188 3099 2243 clericis
3147 2204 3213 2243 eo
3277 2189 3492 2244 facilius

1920 2282 2103 2345 ﬁdem,
2144 2297 2252 2351 quo
2304 2283 2458 2351 pejus
2503 2281 2685 2335 animo
2727 2290 2845 2335 erat
2902 2296 3028 2348 erga
3082 2279 3489 2333 Theodoretum

1919 2375 2148 2428 aﬁ‘cctus
2174 2392 2187 2427 :
2215 2390 2339 2429 eum
2392 2373 2535 2427 enim
2585 2373 2790 2427 sciebat
2834 2372 3037 2443 Cyrillo
3064 2371 3263 2440 passim
3289 2370 3495 2424 calum-

1920 2464 2083 2526 niari,
2108 2464 2278 2517 totius
2301 2462 2593 2517 Orientalis
2623 2461 2878 2517 dioecesis
2903 2460 3193 2531 pnesulum
3217 2460 3495 2516 mentibus

1922 2570 2058 2624 pene
2096 2553 2388 2617 dominari,
2422 2551 2476 2606 in
2521 2567 2647 2606 suas
2690 2560 2872 2620 partes
2905 2553 3282 2607 sanctissimos
3327 2568 3495 2621 quos-

1921 2660 2026 2715 que
2075 2644 2390 2705 monachos,
2433 2644 2630 2713 partim
2657 2642 2780 2696 vitae
2827 2643 3116 2696 sanctitate
3150 2651 3205 2696 et
3231 2643 3495 2697 doctrinm

1924 2734 2083 2797 fama,
2111 2738 2305 2803 partim
2336 2733 2648 2801 eloquentia
2673 2733 2725 2786 in
2752 2731 3130 2794 concionibus,
3160 2732 3496 2800 laudumque

1923 2823 2080 2893 quasi
2104 2821 2438 2884 adulatione,
2467 2821 2520 2875 in
2549 2820 2775 2875 historia
2807 2821 3101 2885 Philothei,
3138 2822 3388 2876 traxisse.
3415 2820 3497 2875 Ad

1926 2911 2041 2966 hare
2067 2921 2295 2965 noverat
2327 2911 2493 2964 fuisse
2521 2910 2877 2963 Antiochenis
2910 2918 3209 2973 auctorem,
3240 2920 3297 2963 ut
3324 2909 3500 2964 tribu-

1927 3011 2033 3057 tam
2102 3001 2714 3070 Constantinopolitanae
2769 2999 2882 3052 sedi
2934 3014 2964 3052 a
3007 2999 3244 3054 secunda
3292 3000 3500 3069 synodo

246 3126 372 3165 cum
404 3124 505 3178 per
537 3108 921 3176 dialogismum
946 3105 1000 3158 in
1026 3102 1442 3173 Apollinaristas
1466 3100 1744 3167 disputare
1765 3112 1822 3150 se
1851 3107 1895 3166 ο
1926 3093 2180 3147 secundae
2209 3101 2330 3161 post
2356 3092 2655 3145 Romanam
2705 3091 2853 3144 sedis
2894 3090 3311 3163 praerogativam
3334 3107 3499 3160 agno-

250 3200 426 3271 ﬁngit,
456 3199 718 3271 Cyrillum
751 3212 941 3251 revera
968 3205 1021 3249 et
1051 3192 1361 3249 Catholicos
1390 3191 1687 3259 impugnat,
1716 3187 1825 3239 imo

248 3293 560 3347 doctrinam
587 3288 826 3344 Ncstorii
851 3285 1340 3346 demonstratione,
1374 3290 1434 3334 ut
1464 3281 1578 3348 ipse
1604 3278 1824 3348 quidem

248 3382 515 3452 loquitur,
547 3380 874 3434 conﬁrmare
908 3375 1120 3430 nititur.
1154 3372 1363 3427 Laudat
1394 3370 1613 3440 quidem
1658 3367 1828 3438 Cyril-

249 3475 359 3528 lum
409 3474 462 3525 iu
504 3472 722 3541 dialogo
749 3467 1014 3531 secundo,
1044 3466 1137 3520 sed
1187 3464 1419 3533 maligna
1447 3460 1627 3515 laude.
1654 3458 1827 3525 Quem

248 3568 397 3620 enim
434 3565 645 3619 sciebat
684 3563 753 3616 ab
791 3559 1047 3615 omnibus
1078 3555 1268 3611 audire
1298 3554 1462 3607 unius
1499 3549 1826 3621 hypostasis,

252 3658 302 3712 id
328 3667 437 3719 est,
464 3666 526 3709 ut
547 3655 708 3724 vulgo
724 3652 1026 3713 ferebatur,
1054 3648 1215 3703 unius
1235 3656 1443 3699 natura:
1464 3643 1827 3705 defensorem,

254 3752 402 3804 hunc
435 3758 696 3817 tanquam
724 3740 1121 3799 inconfusionis
1140 3739 1354 3793 hostem
1383 3735 1639 3805 praedicat
1664 3751 1676 3786 :
1702 3747 1828 3786 nam

253 3840 593 3910 prudentum
633 3834 840 3905 judicio
875 3829 1124 3886 convinci
1151 3831 1309 3897 posSC
1334 3842 1399 3880 ex
1437 3840 1503 3878 eo
1526 3822 1831 3877 arbitraba-

254 3944 342 3985 tur
367 3930 547 3999 egisse
572 3928 852 3988 Proteum,
877 3923 929 3977 id
968 3930 1074 3984 est,
1104 3929 1197 3974 aut
1232 3932 1453 3972 errores
1482 3916 1609 3968 olim
1639 3914 1829 3968 defen-

252 4023 424 4083 disse,
458 4029 517 4073 et
556 4015 900 4087 postmodum
954 4014 1220 4082 ejurasse,
1257 4017 1351 4062 aut
1389 4007 1579 4060 iisdem
1623 4013 1830 4072 tempo-

255 4114 413 4166 ribus
436 4108 734 4179 pugnantia
762 4107 1027 4160 locutum.
1057 4102 1234 4170 Atque
1267 4099 1430 4154 etiam
1461 4098 1577 4151 haec
1604 4096 1832 4149 fortasse

253 4214 422 4254 causa
473 4196 596 4259 fuit,
632 4210 733 4249 cur
777 4192 930 4262 operi
977 4188 1376 4260 Polymorphus
1421 4184 1831 4243 inscriberetur,

254 4302 577 4359 quanquam
607 4294 663 4337 et
688 4285 856 4337 altera
888 4296 1009 4336 esse
1046 4279 1243 4348 potuit,
1279 4292 1383 4345 qua
1428 4290 1535 4329 non
1583 4274 1835 4327 adversa-

257 4382 374 4434 rius
418 4387 652 4438 tantum,
690 4374 785 4429 sed
821 4373 963 4427 liber
999 4373 1114 4441 ipse
1145 4370 1549 4439 appellaretur:
1579 4365 1835 4435 quoniam

1934 3192 2151 3240 scerent
2184 3200 2196 3235 :
2237 3192 2465 3235 noverat
2505 3183 2668 3236 etiam
2700 3188 3085 3251 Opportunam,
3114 3181 3375 3235 exsistere
3401 3196 3497 3236 oc-

1933 3277 2204 3333 casionem
2232 3275 2463 3329 nocendi
2492 3274 2719 3337 homini,
2747 3291 2907 3343 quem
2940 3274 3284 3342 imperatoris
3305 3273 3501 3329 oﬁ‘ensi

1936 3370 2015 3422 ira
2060 3376 2501 3437 persequeretur,
2538 3366 2821 3435 jussioque
2856 3365 3125 3418 inclusum
3177 3366 3332 3436 quasi
3378 3379 3501 3418 car—

1935 3475 2061 3514 cere
2108 3466 2340 3519 teneret,
2380 3464 2543 3523 atque
2588 3455 2725 3508 adeo
2766 3454 3083 3508 defensione
3129 3453 3500 3507 interdiceret.

1935 3551 2113 3618 Quare
2144 3550 2285 3603 datis
2325 3548 2390 3601 ad
2428 3548 2694 3600 Domuum
2726 3546 2952 3614 ejusque
2982 3544 3250 3614 synodum
3280 3544 3501 3607 litteris,

1935 3652 2166 3714 questus
2199 3650 2284 3695 est
2309 3640 2550 3709 graviter
2592 3637 2659 3690 de
2702 3635 2907 3690 Citicicc
2941 3635 3233 3704 episcopis,
3276 3634 3505 3703 ipsoque

1938 3732 2261 3788 nominatim
2315 3726 2738 3785 Theodoreto,a
2789 3737 2899 3792 quo
2948 3736 3070 3775 cum
3124 3721 3334 3774 litteras
3356 3734 3506 3774 acce-

1937 3826 2125 3894 pisset,
2157 3820 2332 3891 magni
2369 3817 2535 3872 animi
2568 3813 3007 3881 calumniamquc
3032 3810 3368 3879 indignantis
3391 3809 3508 3878 ple-

1937 3932 2056 3979 nas,
2088 3930 2156 3969 eo
2181 3927 2354 3981 usque
2377 3908 2733 3963 exacerbatus
2763 3912 2866 3964 est,
2902 3911 2961 3955 ut
2987 3903 3185 3971 ipsum,
3218 3901 3347 3954 licet
3370 3915 3509 3969 pra:-

1939 4007 2112 4060 sulem
2155 4002 2381 4057 alterius
2433 3998 2701 4054 dimccsis.
2746 3995 2799 4047 in
2845 3992 3090 4047 Ecclesia
3139 3990 3504 4044 Alexandrina

1939 4113 2105 4153 ausus
2136 4096 2207 4149 sit
2252 4093 2595 4147 anathemate
2622 4089 2788 4141 ferire
2826 4103 2838 4137 :
2872 4099 2979 4137 non
3025 4082 3168 4151 quod
3198 4082 3506 4136 exercuerit

1940 4191 2007 4244 de
2040 4188 2382 4242 Theodoreto
2409 4181 2697 4253 judicium,
2721 4178 2813 4247 qui
2848 4176 3039 4230 fuisset
3070 4189 3338 4229 canonum
3368 4167 3506 4226 into-

1941 4280 2184 4334 lerabilis
2206 4282 2587 4342 contemptus;
2618 4270 2712 4324 sed
2748 4267 2941 4322 callide
2966 4265 3284 4325 monachos,
3316 4265 3407 4332 qui
3439 4281 3505 4318 ex

1942 4371 2164 4425 Oriente
2193 4373 2507 4420 accusatum
2532 4366 2815 4417 venerant,
2850 4356 2903 4407 in
2930 4354 3216 4408 ecclesiam
3254 4353 3503 4418 induxit;

257 4471 468 4525 striata!
502 4468 677 4522 instar
722 4464 974 4535 imaginis
1004 4464 1181 4516 varias
1246 4475 1344 4529 pro
1372 4460 1526 4512 vario
1573 4456 1837 4510 intuentis
1869 4454 1913 4512 D
1940 4473 2236 4528 eorumque
2268 4455 2426 4526 178
2452 4461 2565 4507 arte
2610 4452 2681 4505 ita
2706 4448 2997 4503 concitavit
3025 4446 3304 4515 populum,
3331 4452 3391 4497 ιιι
3424 4452 3507 4497 ιυ-

258 4573 487 4635 aspectu
516 4563 723 4616 formas
753 4560 995 4614 exhibet.
1029 4558 1227 4611 Verum
1255 4554 1357 4608 hac
1379 4553 1446 4606 de
1472 4568 1528 4605 re
1560 4551 1613 4603 in
1643 4565 1832 4604 recen-

259 4656 419 4709 sione
448 4653 576 4707 libri
621 4650 888 4721 prolixius
913 4649 1110 4719 agitur.

338 4742 500 4811 177
532 4741 622 4795 IX.
652 4740 771 4793 Non
801 4747 1010 4792 tantum
1041 4735 1183 4805 apud
1214 4735 1601 4804 imperatorem
1627 4731 1834 4801 ipsum-

260 4851 369 4904 que
406 4834 660 4888 Proclum
695 4832 857 4901 regia:
883 4830 1035 4884 urbis
1078 4828 1392 4898 episcopum
1436 4826 1835 4895 expostulatum

262 4937 348 4981 est
374 4926 443 4981 de
470 4925 837 4986 Theodoreto,
869 4922 963 4977 sed
992 4920 1135 4990 apud
1159 4918 1588 4974 Alexandrinum
1618 4932 1836 4987 quoque

266 5018 613 5078 Dioscorum;
640 5014 708 5068 ad
733 5028 897 5084 quem
923 5027 1048 5066 cum
1094 5011 1455 5065 accessissent
1494 5008 1682 5062 clerici
1713 5007 1836 5075 qui-

265 5110 393 5163 dam
441 5109 772 5169 Osdroenes,
824 5104 1187 5159 anathematis
1242 5100 1512 5155 sententia
1558 5113 1588 5152 a
1632 5100 1839 5152 Domno

268 5199 536 5269 percussi,
581 5196 955 5258 Theodoreto,
985 5193 1177 5247 Domni
1233 5192 1408 5245 amico
1451 5188 1735 5259 singulari,
1785 5188 1840 5242 in

267 5292 502 5348 crimine
547 5289 758 5346 nefario
802 5287 1122 5342 concionem
1156 5284 1211 5338 in
1258 5283 1412 5337 obitu
1439 5281 1630 5351 Cyrilli
1680 5279 1838 5334 habi-

1944 4550 2251 4608 multuatim
2304 4546 2591 4600 anathema
2639 4540 2983 4594 Theodorcto
3050 4537 3516 4590 conclamaretur.”

1943 4641 2260 4697 Tumultum
2295 4652 2425 4689 vero
2457 4631 2651 4701 praesul
2701 4644 2807 4681 non
2856 4626 3018 4679 modo
3056 4640 3164 4677 non
3222 4625 3501 4691 repressit,

1944 4734 2037 4789 sed
2066 4742 2217 4787 stans
2242 4730 2292 4781 in
2332 4726 2526 4777 throno
2554 4714 3012 4775 conclamantium
3039 4714 3196 4767 ﬁdem
3228 4713 3500 4765 laudavit:

1946 4840 2045 4881 nec
2074 4839 2139 4877 eo
2166 4826 2475 4877 contentus,
2504 4807 3030 4877 Constantinopolim
3066 4806 3382 4873 episcopum
3432 4805 3508 4857 lc-

1943 4916 2108 4988 gavit,
2157 4910 2249 4980 qui
2307 4907 2375 4961 de
2415 4900 2786 4958 Orientalibus
2817 4896 3223 4966 expostularet,
3276 4903 3331 4948 et
3381 4893 3505 4947 facti

1943 5009 2205 5063 adversus
2232 4998 2633 5055 Theodoretum
2670 4993 2937 5045 rationem
2964 4988 3234 5043 redderet.

2014 5097 2083 5151 Χ.
2120 5096 2255 5148 Dum
2282 5092 2395 5144 hcec
2417 5092 2681 5157 geruntur
2705 5083 2769 5145 "°,
2811 5089 2902 5134 aut
2932 5079 3092 5148 paulo
3123 5085 3267 5138 ante,
3302 5090 3367 5129 ex
3406 5074 3508 5130 hac

1947 5189 2057 5241 vita
2108 5182 2341 5238 decessit
2402 5176 2657 5238 Proclus,
2706 5173 2790 5226 vir
2845 5168 3087 5239 apprime
3133 5166 3435 5221 catholicus
3485 5185 3503 5217 -.

1947 5276 2190 5337 succedit
2221 5274 2273 5326 in
2315 5269 2499 5324 sedem
2525 5266 2678 5321 urbis
2715 5265 2873 5334 regiae
2916 5257 3226 5319 Flavianus,
3266 5255 3512 5328 martyrii

1612 5447 1782 5503 SCHU
1797 5445 1925 5500 LZII
1967 5439 2167 5497 NOTAE
2180 5478 2194 5493 .

346 5614 393 5648 ⁸³
419 5614 688 5677 Anatolio,
726 5590 985 5668 μείνω.
1027 5613 1188 5682 epist.
1224 5610 1309 5674 79,
1348 5609 1437 5671 30,
1474 5608 1682 5682 31,91.

278 5684 381 5737 Sed
419 5666 632 5739 nemini
677 5666 832 5737 vanae
882 5698 992 5738 suae
1043 5666 1368 5752 donjecturae
1400 5666 1708 5752 veritatem
1758 5673 2085 5752 persuadere
2140 5666 2335 5752 potuit.

1776 5605 1819 5637 “
1855 5604 1916 5658 In
1956 5603 2069 5663 hoc,
2103 5607 2208 5653 etc.
2239 5593 2493 5649 Eamdem
2520 5590 2708 5663 tibiam
2746 5586 2967 5663 inﬂatio
3003 5582 3219 5663 disi-‘2,
3242 5598 3291 5637 c.

2428 5664 2473 5695 ⁸⁵
2511 5662 2774 5714 Dioscoro.
2827 5655 2947 5711 Vid.
2997 5663 3034 5709 t.
3097 5654 3195 5718 IV,
3245 5668 3299 5723 p.
3352 5653 3503 5707 ΗΞ».

279 5732 638 5811 δι”ωιῖῑιῑε
670 5732 1362 5825 ῥῖἱὶὗιιιῖνῖ”5ςῖιίἔέἱέἑιῐὲιὸ
1386 5749 1508 5811 447,
1551 5756 1610 5801 ιη
1656 5748 1709 5801 ει,
1749 5732 1987 5817 r'uargine
2016 5732 2228 5794 monui:
