4208 6440
688 403 782 469 131

1814 399 2193 463 GARNERII
2233 396 2733 457 DISSERTATIO
2774 399 2823 457 Ι.

3845 393 3947 460 132

682 521 863 594 palma
887 520 1107 575 futurus
1128 520 1352 576 nobilis.
1384 522 1465 576 Ad
1490 522 1637 575 hunc
1660 520 2063 582 Theodoretus,
2091 532 2255 586 quem
2292 523 2330 573 Α
2360 529 2570 577 errore,
2596 515 2762 577 hunc,
2790 511 3164 567 admonitione
3198 522 3535 584 contempta,
3561 514 3835 569 obstinate
3864 532 3955 571 re-

683 613 789 666 sibi
825 612 1189 667 faventiorem
1222 614 1417 666 Proclo
1449 613 1725 681 sperabat,
1768 612 1921 665 dedit
1957 611 2171 665 litteras
2202 610 2270 671 ⁸⁷,

682 700 1072 769 gratulatorias
1116 702 1376 771 primum,
1424 714 1550 753 mox
1601 697 2025 770 deprecatorias,
2074 694 2275 763 quibus

688 789 1014 857 imploraret
1044 806 1230 859 opem,
1260 800 1606 860 peteretque,
1643 806 1713 844 ne
1752 789 2040 842 audiretur
2073 785 2276 839 missus

690 878 744 930 in
776 879 973 933 urbem
1008 880 1214 949 regiam
1241 895 1269 932 a
1297 880 1561 935 Dioscoro
1600 881 1913 949 episcopus,
1938 877 2032 945 qui
2065 885 2121 930 et
2149 891 2276 929 cau—

638 1030 641 1033 ν
683 986 772 1024 sas
822 971 955 1025 dicti
1003 971 1347 1025 Alexandriae
1380 972 1433 1025 in
1462 972 1874 1025 Theodoretum
1906 970 2277 1023 anathematis

682 1070 1004 1129 exponeret,
1048 1070 1103 1114 et
1134 1062 1523 1131 imperatorem
1566 1061 1787 1132 gravius
1817 1070 2059 1132 urgeret.
2103 1080 2120 1110 α
2152 1062 2279 1115 Dio-

687 1169 901 1217 scorus,
952 1156 1132 1223 inquit
1180 1153 1248 1220 8“,
1306 1155 1772 1210 calumniantibus
1825 1171 1987 1209 aures
2034 1156 2274 1218 tradens,

686 1260 802 1297 rem
834 1261 1126 1314 aggressus
1149 1256 1253 1310 est,
1282 1263 1400 1316 quae
1425 1246 1574 1300 credi
1609 1249 1924 1303 nullatenus
1952 1257 2139 1316 queat,
2170 1248 2278 1301 nisi

693 1343 889 1388 testem
937 1336 1168 1391 haberet
1205 1337 1525 1390 Ecclesiam.
1575 1338 1724 1393 Tulit
1776 1341 1922 1392 enim
1973 1340 2132 1403 illos,
2183 1338 2279 1408 qui

696 1426 857 1480 nobis
881 1430 897 1445 ‘
915 1429 1204 1480 anathema
1224 1427 1500 1493 dicebant,
1528 1446 1869 1498 surgensque
1896 1440 1949 1483 et
1973 1431 2280 1485 acclamans

687 1517 908 1571 illorum
944 1534 1109 1571 voces
1140 1518 1491 1573 confirmavit
1519 1539 1531 1573 :
1561 1521 1629 1573 ad
1680 1520 1797 1575 haac
1831 1521 2045 1590 aliquos
2075 1537 2143 1575 ex
2168 1522 2280 1575 Deo

688 1609 1031 1662 charissimis
1058 1610 1335 1679 episcopis
1356 1611 1409 1664 in
1443 1611 1637 1665 urbem
1663 1612 1867 1681 regiam
1898 1613 2066 1675 misit,
2100 1620 2161 1665 ut
2194 1628 2284 1666 ac-

688 1700 958 1768 cepimus,
1000 1701 1235 1770 majores
1275 1717 1504 1769 sperans
1534 1712 1725 1755 contra
1767 1716 1867 1755 nos
1895 1702 2163 1755 tumultus
2190 1718 2283 1756 ex-

690 1791 956 1845 citandos.
1000 1810 1016 1842 ι

759 1880 849 1933 ΧΙ.
879 1880 1082 1934 Eodem
1109 1890 1434 1950 argumento
1451 1883 1671 1953 scripsit
1695 1884 1738 1914 ”
1764 1884 1945 1937 Tauro
1966 1893 2021 1937 et
2049 1884 2276 1938 Floren-

693 1973 769 2026 tio
802 1974 1070 2042 patriciis,
1103 1973 1375 2043 Lupicino
1414 1976 1676 2043 magistro
1717 1973 2048 2037 ciliciorum,
2076 1976 2275 2028 Eutre-

692 2064 817 2117 chio
860 2066 1144 2133 przel‘ecto,
1173 2074 1228 2119 et
1271 2064 1524 2119 Anatolio
1564 2067 1815 2135 patricio.
1859 2066 2095 2136 Scripsit
2133 2066 2179 2098 ’°
2222 2067 2277 2121 in

691 2158 939 2210 eamdem
966 2160 1295 2211 sententiam
1327 2158 1392 2211 ad
1423 2158 1564 2211 alios
1589 2159 1751 2211 etiam
1780 2158 1988 2227 plures,
2020 2160 2134 2213 sive
2164 2174 2280 2213 ma-

692 2258 904 2316 gnates,
932 2250 1044 2302 sive
1076 2249 1393 2318 episcopos,
1422 2250 1535 2303 sive
1588 2251 1753 2303 etiam
1809 2250 2051 2305 illustres
2096 2251 2280 2305 diaco-

695 2341 871 2393 nissas
895 2340 1049 2404 duas,
1073 2349 1218 2394 utne
1242 2341 1525 2395 videretur
1550 2340 1746 2394 famam
1773 2357 1924 2396 suam
1951 2344 2277 2413 neglexisse,

695 2446 856 2497 quam
885 2420 1151 2497 integram
1177 2428 1441 2497 praestari,
1461 2429 1686 2497 putabat
1707 2427 1964 2483 Ecclesia:
1990 2430 2276 2482 interesse.

694 2518 837 2586 Quin
871 2528 926 2572 et
957 2520 1132 2589 ipsius
1161 2520 1397 2589 impulsu
1438 2520 1685 2573 Domnus
1725 2519 2105 2575 Antiochenus
2131 2519 2283 2574 misit

697 2627 795 2665 sua
826 2627 892 2663 ex
923 2611 1145 2665 diaacesi
1180 2616 1489 2681 episc0pos,
1524 2610 1616 2680 qui
1658 2611 1818 2664 simul
1846 2619 1902 2664 et
1948 2611 2282 2665 Theodoreti

698 2701 1065 2771 patrocinium
1120 2702 1484 2770 susciperent,
1535 2709 1590 2754 et
1654 2701 1858 2754 illatam
1912 2702 2283 2757 Orientalibus

697 2791 1035 2846 Nestorianae
1092 2791 1316 2845 hreresis
1366 2791 1694 2845 calumniam
1742 2790 2034 2853 diluerent,
2071 2797 2125 2844 ct
2173 2798 2282 2843 tota

698 2897 864 2949 opum
909 2882 962 2933 vi
1010 2894 1067 2933 se
1118 2890 1459 2951 Opponerent
1506 2881 1748 2934 Dioscori
1802 2881 2056 2943 ausibus,
2094 2881 2285 2934 alienae

702 2970 959 3025 dimcesis
987 2972 1039 3024 in
1068 2972 1189 3041 jura
1217 2971 1528 3024 involantis.

1315 3078 1543 3134 CAPUT
1574 3080 1667 3134 IX.

2376 607 2638 659 tinuerat.

2445 698 2509 751 ll.
2540 698 2672 752 Erat
2705 699 2979 770 Eutyches
3025 699 3451 753 archimandrita
3482 698 3825 754 celeberrimi
3862 716 3955 755 cu-

2371 788 2588 857 jusdam
2622 790 2677 842 in
2709 792 2843 844 urbe
2890 790 3037 860 regia
3079 790 3415 853 monasterii,
3444 789 3539 859 qui
3583 791 3714 844 olim
3764 791 3954 855 Nesto—

2379 880 2545 934 riana:
2571 881 2764 936 haeresi
2792 882 3149 952 profliganda;
3172 896 3283 935 non
3317 881 3649 935 mediocrem
3681 896 3805 936 cum
3828 897 3958 935 san—

2378 981 2468 1024 cto
2496 971 2763 1026 Dalmatio
2790 981 3014 1026 navarat
3035 987 3275 1041 operam.
3316 971 3704 1025 Partiehantur
3732 972 3810 1025 illi
3845 972 3958 1025 duo

2380 1063 2635 1116 monachi
2676 1065 3060 1117 auctoritatem
3084 1064 3254 1129 aulae;
3286 1072 3340 1117 et
3368 1070 3632 1131 quantum
3661 1064 3961 1117 Dalmatius

2381 1155 2526 1223 apud
2568 1157 2955 1224 imperatorem
3011 1165 3238 1225 propter
3274 1157 3579 1210 sanctitatis
3620 1156 3957 1224 opinionem,

2381 1254 2593 1297 tantum
2626 1246 2898 1316 Eutychos
2924 1246 3066 1314 apud
3110 1244 3509 1315 Chrysapbium
3537 1245 3751 1315 imperii
3779 1245 3958 1299 admi~

2380 1336 2636 1398 nistrum,
2666 1351 2936 1405 suumque
2967 1337 3023 1389 in
3061 1337 3337 1406 baptismo
3371 1345 3707 1405 susceptum,
3732 1340 3960 1407 propter

2383 1426 2763 1495 cognationem
2789 1427 3123 1496 spiritualem
3155 1427 3391 1481 valebat.
3423 1427 3665 1496 Uterque
3688 1442 3821 1480 vero
3857 1426 3961 1480 fuit

2388 1518 2799 1572 addictissimus
2852 1517 3056 1588 Cyrillo
3100 1535 3111 1570 :
3157 1533 3281 1571 nam
3334 1518 3418 1570 vir
3472 1516 3956 1587 prudentissimus,

2381 1620 2742 1680 praeterquam
2783 1610 2931 1680 quod
2975 1625 3073 1680 pro
3102 1609 3208 1663 fide
3251 1609 3451 1663 acriter
3483 1610 3776 1679 pugnabat,
3811 1608 3959 1677 quod

2382 1699 2486 1753 fuit
2526 1700 2660 1754 viris
2705 1701 2866 1755 bonis
2913 1702 3249 1755 incentivum
3297 1701 3365 1756 ad
3427 1716 3704 1765 amorem,
3761 1701 3961 1755 litteris

2384 1792 2499 1845 suis
2528 1792 2922 1845 monachorum
2947 1792 3101 1846 urbis
3139 1791 3300 1862 regis:
3320 1792 3530 1855 Patres,
3556 1807 3694 1861 quos
3732 1800 3962 1844 noverat

2382 1882 2439 1935 in
2475 1882 2598 1935 aula
2632 1882 2885 1952 religiosa
2917 1882 3055 1935 nihil
3083 1897 3193 1935 non
3219 1897 3409 1951 posse,
3446 1885 3501 1935 in
3536 1890 3744 1951 partem
3775 1882 3962 1935 consi-

2379 1974 2582 2027 liorum
2610 1982 2665 2027 et
2692 1989 2885 2043 pugnae
2914 1989 3137 2037 vocans,
3160 1974 3360 2027 mirum
3397 1983 3665 2043 quantum
3693 1974 3797 2027 sibi
3826 1988 3962 2028 con-

2379 2064 2678 2118 eiliaverat.
2713 2064 2783 2119 Ut
2812 2072 2993 2117 autem
3020 2064 3143 2117 ﬁdei
3169 2066 3340 2128 zelus,
3374 2066 3731 2135 virorumque
3774 2064 3965 2119 docto-

2380 2168 2503 2206 rum
2558 2167 2730 2217 amor,
2762 2153 2806 2206 si
2852 2154 3073 2221 quando
3120 2154 3375 2208 inciderit
3423 2155 3476 2208 in
3518 2155 3770 2209 homines
3804 2155 3964 2210 valde

2381 2244 2588 2308 bonos,
2633 2259 2728 2297 eos
2780 2244 2964 2297 reddit
3014 2244 3204 2299 faciles
3248 2246 3427 2316 decipi
3482 2263 3512 2301 a
3564 2249 3965 2303 veteratoribus

2380 2335 2639 2405 pietatem
2679 2336 2961 2399 mentitis;
2986 2336 3066 2390 sic
3089 2336 3374 2408 Eutychen
3392 2338 3690 2407 propensio
3712 2338 3765 2391 in
3789 2337 3966 2409 Cyril-

2377 2428 2515 2492 lum,
2539 2426 2800 2482 etodium
2829 2427 3089 2491 Nestorii,
3114 2429 3398 2482 monachis
3418 2429 3670 2483 Armenis
3698 2429 3964 2501 Cyrillum

2382 2535 2522 2591 pene
2567 2519 2945 2583 adorantibus,
2998 2520 3309 2575 Nestorium
3359 2520 3511 2575 velut
3552 2522 3704 2577 orbis
3755 2532 3965 2592 pestem

2381 2607 2817 2671 exsecrantibus,
2843 2606 2938 2661 sed
2967 2607 3289 2677 Apollinarii
3324 2610 3513 2663 morbo
3545 2609 3779 2674 allectis,
3802 2624 3968 2666 aures

2384 2696 2626 2766 praebere
2659 2698 2947 2766 compulit,
2974 2714 3038 2753 ac
3062 2700 3411 2755 sermonibus
3436 2700 3595 2755 iidem
3622 2701 3773 2756 dare.

2458 2787 2688 2856 Propter
2725 2788 3017 2842 nonnullas
3057 2788 3226 2858 igitur
3268 2788 3456 2860 Cyrilli
3497 2791 3798 2845 sententias
3824 2790 3967 2845 male

2388 2882 2715 2947 intellectas,
2740 2882 2956 2936 somnio
2989 2882 3222 2937 similem
3245 2881 3374 2936 fecit
3399 2883 3651 2947 haeresin,
3692 2892 3785 2936 aut
3813 2883 3969 2938 facta:

2384 2972 2571 3041 potius
2597 2972 2667 3025 ab
2708 2972 2965 3027 Armenis
2994 2972 3281 3026 monachis
3308 2987 3508 3026 nomen
3552 2972 3726 3029 dedit.
3750 2973 3965 3038 Aiebat,

2386 3070 2449 3114 ut
2488 3061 2691 3125 ferunt,
2719 3061 2857 3115 duas
2898 3060 3064 3115 fuisse
3097 3062 3318 3130 quidem
3346 3070 3473 3116 ante
3504 3063 3762 3117 unionem
3809 3072 3969 3117 natu-

700 3169 745 3225 Ι.
777 3170 1085 3247 __Syno.jlns_
1128 3169 1584 3247 Constantinopoli
1660 3172 1909 3247 adversus
1991 3170 2279 3247 Eutychen.

2387 3167 2497 3216 ras,
2523 3152 2617 3206 sed
2663 3153 2732 3206 ab
2768 3153 3017 3207 unitione
3057 3168 3221 3206 uuam
3271 3168 3557 3207 remanere
3612 3155 3667 3207 in
3713 3150 3965 3212 Christo:

777 3240 1001 3303 ηοω
1070 3242 1231 3308 ipsius
1285 3257 1452 3293 error.
1519 3242 1603 3293 Ill.
1661 3242 1961 3293 Damnatur
2020 3240 2283 3294 obnitente

777 3308 1102 3379 Chrysaphio
1128 3311 1377 3362 eunucho.
1408 3311 1495 3364 IV.
1528 3310 1757 3364 Laborat
1787 3310 2132 3363 Theodoretus
2156 3327 2280 3380 pro—

779 3388 895 3451 pter
922 3381 1309 3451 ordinationem
1338 3380 1784 3451 Ircna’ipdigami.
1821 3380 1885 3433 V.
1917 3380 2175 3432 Indicitur
2200 3398 2285 3451 sy-

779 3449 944 3501 nodus
987 3450 1253 3517 Ephesina
1305 3466 1361 3501 Il.
1390 3451 1474 3506 \‘I.
1523 3449 1672 3501 Vetat
1707 3452 2015 3519 imperator,
2034 3466 2113 3519 ine
2150 3449 2286 3505 adsit

776 3518 1141 3571 Theodoretus.
1176 3519 1286 3571 VII.
1316 3519 1386 3570 De
1412 3519 1757 3588 metrOpolitis
1781 3517 2013 3588 Ᾰέθυριί.
2033 3517 2165 3572 VIII.
2191 3520 2285 3573 ln-

782 3537 1141 3571 lﬂt’OﬂOl’t'INS.
1184 3537 1205 3571 ι
1224 3537 1286 3571 ιι.
1316 3537 1386 3570 ue
1412 3537 1757 3588 metropouus
1781 3537 1901 3588 mg:
1922 3537 2013 3587 pu.
2041 3537 2165 3572 vul.
2191 3537 2285 3573 ln-

782 3589 1058 3642 dictionem
1092 3605 1228 3657 crgre
1262 3589 1356 3655 fert
1388 3588 1755 3641 Theodoretus.
1778 3588 1868 3651 IX,
1989 3589 2288 3642 Dumnatur

778 3657 1044 3728 cumanis
1090 3660 1145 3709 in
1172 3659 1391 3727 synodo,
1427 3660 1482 3710 in
1516 3676 1620 3727 qua
1667 3658 1803 3726 ﬁunt
1828 3660 2004 3711 omnia
2037 3675 2129 3728 per
2161 3662 2284 3714 vim.

780 3725 871 3798 ξι,
900 3726 1013 3779 XII.
1050 3730 1179 3779 Acta
1205 3725 1460 3779 rescindit
1488 3725 1700 3780 sanctus
1737 3728 1858 3789 Leo,
1892 3730 1981 3798 qui
2015 3725 2190 3782 scribit
2221 3731 2289 3783 ad

781 3796 1117 3867 Theodosium
1144 3798 1204 3847 de
1227 3798 1423 3867 synodo
1441 3798 1765 3867 abroganda.
1783 3796 1920 3850 XIII.
1945 3798 2287 3852 Theodoretus

781 3865 1017 3937 appellat
1079 3865 1683 3937 scdennapostolicam,
1746 3868 2047 3937 legatosque
2108 3870 2284 3922 mittit.

780 3933 917 3988 XIV.
946 3935 1081 3987 Petit
1144 3933 1451 4002 facultatem
1479 3938 1637 4005 179
1690 3933 1801 3989 sibi
1826 3933 2131 3989 dari'cuno'i
2182 3939 2290 3990 Ro-

781 4021 945 4065 mam,
974 4015 1065 4056 aut
1104 4006 1171 4057 ad
1200 4008 1594 4076 monasterium.
1622 4006 1734 4059 XV.
1753 4006 2051 4076 Imperator
2081 4008 2289 4076 repellit

780 4076 1081 4145 petitionem
1108 4078 1276 4145 sancti
1304 4076 1504 4128 Leonis.
1532 4075 1667 4129 XVI.
1694 4075 1974 4128 Pulchcria
2008 4075 2162 4145 fratri
2187 4095 2291 4130 non

781 4142 999 4195 obsistit.
1035 4143 1193 4196 XVII.
1236 4144 1579 4197 Theodoretus
1611 4162 1665 4197 se
1715 4154 1761 4195 et
1793 4147 1986 4198 amicos
2008 4142 2289 4201 consortes

779 4211 1003 4265 solatur.
1046 4213 1230 4267 XVIII.
1279 4212 1469 4266 Scribit
1517 4214 1806 4267 Historiam
1856 4214 2286 4270 ecclesiasticam.

1116 4326 1190 4373 Ab
1216 4340 1344 4373 anno
1370 4323 1549 4376 Christi
1590 4326 1671 4373 H9
1694 4327 1753 4374 ad
1779 4327 1888 4375 451.

778 4428 819 4482 1.
852 4429 1051 4483 Coacta
1081 4440 1164 4484 cst
1202 4432 1422 4484 interim
1459 4430 1932 4501 Constantinopoli
1972 4448 1999 4485 a
2034 4433 2291 4486 Flaviano

2386 3241 2508 3311 ejus
2534 3256 2754 3295 carnem
2783 3257 2892 3296 non
2920 3257 3042 3297 esse
3071 3253 3273 3297 nostrae
3298 3243 3845 3303 consubstantialem,
3869 3242 3969 3298 sed

2386 3334 2527 3389 coelo
2552 3333 2780 3402 lapsam,
2824 3349 2924 3402 per
2959 3334 3199 3403 Virginis
3231 3342 3449 3388 uterum
3482 3335 3765 3389 transiisse
3796 3335 3968 3389 veluti

2386 3437 2486 3491 per
2510 3423 2754 3476 canalem
2776 3463 2790 3488 ,
2828 3431 2883 3476 et
2906 3423 2980 3476 ita
3016 3423 3071 3476 in
3105 3424 3282 3477 lucem
3310 3424 3578 3493 prodiisse
3605 3443 3618 3477 :
3656 3441 3775 3494 qua:
3805 3441 3970 3480 causa

2388 3512 2516 3576 fuit,
2541 3521 2600 3567 ut
2627 3529 2656 3566 a
2684 3513 2870 3587 Leone
2905 3514 3097 3584 Magno
3126 3515 3170 3545 ”
3207 3515 3485 3569 diceretur
3516 3517 3676 3585 180
3704 3517 3755 3568 in
3782 3532 3970 3570 veram

2391 3604 2626 3673 Virginis
2672 3591 3100 3670 mater-nitatem,
3152 3607 3381 3676 perinde
3434 3622 3499 3661 ac
3532 3608 3836 3671 Nestorius,
3885 3624 3973 3661 er-

2391 3707 2563 3746 rasse.
2604 3692 2809 3747 Verum
2881 3694 3121 3748 hominis
3177 3696 3500 3765 desipientis
3556 3698 3624 3750 ab
3675 3705 3855 3761 aetate,
3914 3707 3973 3751 et

2392 3784 2566 3853 ignari
2602 3801 2702 3853 per
2739 3801 2818 3849 se,
2842 3795 2898 3840 et
2922 3803 2952 3840 a
2984 3788 3473 3856 praestigiatoribus
3497 3788 3747 3841 Armenis
3768 3788 3970 3854 delusi,

2392 3884 2447 3927 et
2485 3875 2601 3930 suis
2647 3876 2864 3930 duobus
2909 3872 3193 3933 mbnachis
3233 3878 3595 3933 Constantino
3642 3886 3698 3932 et
3751 3878 3973 3933 Eleusio

2392 3967 2635 4029 creduli,
2674 3968 2881 4036 opinio,
2912 3984 3015 4022 nec
3066 3985 3172 4023 una
3225 3970 3361 4035 fuit,
3396 3985 3498 4024 nec
3548 3980 3824 4033 constans,
3871 3969 3971 4025 sed

2392 4059 2817 4124 commutabilis,
2850 4068 3014 4127 prout
3047 4062 3385 4114 contrarium
3411 4060 3672 4129 quiddam
3703 4060 3789 4114 vel
3826 4059 3974 4129 obji-

2394 4159 2637 4213 cerctur,
2676 4152 2759 4203 vel
2783 4151 2949 4203 etiam
2980 4152 3282 4206 diceretur.

2460 4242 2549 4295 ΙΙΙ.
2580 4243 2879 4297 Damnatus
2907 4251 2990 4297 est
3018 4258 3047 4296 a
3072 4243 3313 4297 Flaviani
3337 4240 3565 4313 synodo,
3597 4239 3971 4311 nequidquam

2394 4335 2681 4388 obtinente
2725 4334 3066 4406 Chrysaphio
3116 4333 3394 4395 eunucho,
3437 4348 3602 4402 quem
3644 4332 3826 4386 minus
3857 4331 3973 4385 Eu-

2399 4425 2577 4494 tychis
2617 4440 2791 4488 amor,
2814 4440 2975 4492 quam
3030 4424 3269 4477 Flaviani
3310 4423 3496 4476 odium
3538 4423 3786 4492 urgebat.
3812 4422 3977 4476 Dam-

713 4519 975 4590 synodus,
1017 4536 1139 4587 quae
1194 4522 1544 4590 consignatur
1589 4520 1808 4575 Zenone
1839 4531 1894 4575 et
1937 4523 2289 4575 Postumiano
2321 4537 2370 4594 ι)
2397 4516 2672 4569 nationem
2707 4525 3017 4569 consecuta?
3050 4524 3179 4569 sunt
3202 4515 3392 4579 turbtﬁ,
3412 4522 3638 4583 propter
3659 4529 3797 4582 quas
3823 4523 3976 4582 post-

713 4625 854 4664 coss.
892 4626 962 4664 ιν.
998 4609 1075 4663 Id.
1102 4610 1365 4663 Novemb.
1394 4611 1513 4664 Non
1559 4610 1663 4664 iuit
1716 4610 1946 4665 fortasse
1990 4611 2290 4675 ordinaria,

715 4701 809 4754 sed
832 4709 893 4754 ut
925 4701 1128 4755 habent
1151 4710 1291 4769 acta,
1319 4702 1645 4771 ὲνδημοῦσα,
1672 4718 1738 4756 ex
1769 4704 1835 4756 iis
1862 4718 2058 4771 nempe
2083 4703 2300 4770 episeo-

715 4792 821 4861 pis,
846 4792 941 4861 qui
987 4793 1188 4860 reperti
1239 4801 1369 4846 sunt
1410 4794 1466 4847 in
1510 4793 1799 4848 comitatu.
1827 4794 1997 4847 Erant
2048 4809 2181 4847 vero
2227 4794 2295 4847 de

717 4898 870 4935 more
919 4882 1161 4951 plurimi.
1208 4881 1564 4937 Occasionem
1608 4883 1651 4913 ⁹¹
1699 4883 1954 4952 cogenda:
1998 4882 2128 4936 fecit
2174 4891 2292 4937 orta

717 4973 948 5042 quaestio
998 4973 1139 5028 inter
1170 4974 1512 5029 Florentium
1575 4974 1826 5029 Sardium
1880 4974 2202 5037 antistitem,
2241 4981 2296 5027 ct

720 5064 859 5118 duos
891 5065 1012 5135 ejus
1042 5066 1341 5135 provinciae
1386 5065 1676 5135 episcopos
1695 5065 1959 5120 Joannem
2008 5072 2064 5117 et
2103 5063 2285 5117 Cossi-

721 5155 873 5210 nium
908 5174 920 5208 :
954 5172 1057 5225 qua
1094 5155 1251 5210 facile
1292 5156 1461 5220 finita,
1491 5164 1673 5209 actum
1720 5162 1837 5219 est,‘
1862 5163 2155 5208 accusante
2188 5154 2297 5207 Eu-

726 5244 878 5299 sebio
908 5245 1132 5315 Dorylaai
1159 5246 1439 5314 episcopo,
1464 5244 1531 5297 de
1558 5243 1803 5313 Eutyche
1832 5243 2171 5313 presbytero,
2202 5244 2295 5311 qui

724 5333 923 5402 sepius
955 5335 1021 5387 ab
1053 5335 1287 5389 Eusebio
1325 5334 1498 5388 amice
1539 5332 1853 5386 admonitus
1888 5332 1955 5386 de
1991 5333 2297 5403 abjiciendo

2400 4606 2622 4659 modum
2675 4606 3009 4659 latrocinalis
3054 4605 3289 4673 primum
3342 4604 3582 4675 synodus
3629 4604 3904 4672 Ephesina
3941 4619 3972 4657 a

2402 4697 2732 4759 Theodosio,
2775 4696 2974 4749 deinde
3021 4696 3485 4750 Chalcedonensis
3537 4696 3875 4750 (ecumenica
3944 4711 3975 4749 a

2402 4788 2694 4850 Marciano,
2726 4787 3326 4855 ConstantinOpolitana
3371 4791 3386 4804 ‘
3422 4786 3659 4856 denique
3705 4786 3976 4858 generalis

2403 4877 2643 4933 secunda
2692 4879 2853 4948 longo
2901 4887 3025 4948 post
3055 4888 3296 4946 tempore
3342 4892 3371 4931 a
3423 4877 3731 4932 Justiniano
3785 4887 3975 4932 coacta

2400 4977 2501 5023 est.

2474 5062 2562 5117 IV.
2615 5066 2837 5119 Interim
2874 5065 3255 5120 Theodoretus
3296 5064 3769 5135 Constantinopoli
3833 5064 3978 5117 male

2403 5155 2681 5219 audiebat,
2703 5172 2808 5209 non
2844 5165 3050 5210 tantum
3076 5156 3341 5211 doctrinas
3362 5171 3525 5211 causa
3557 5156 3976 5225 turbarumque,

2405 5262 2541 5314 quas
2572 5246 2769 5310 ciebat,
2807 5246 2899 5300 sed
2934 5247 3095 5300 etiam
3146 5257 3371 5315 pr0pter
3417 5247 3822 5301 ordinationem
3868 5246 3979 5301 Ire-

2406 5336 2505 5389 mei
2533 5337 2754 5405 digami.
2799 5337 2921 5391 Fuit
2971 5338 3207 5392 Irenzeus
3237 5354 3423 5391 comes
3469 5338 3596 5402 ille,
3625 5339 3781 5407 cujus
3834 5337 3979 5391 inter

2052 5484 2364 5542 SCIIULZII
2408 5488 2640 5544 ΝΟΤΑΞ.

810 5603 856 5632 ⁸⁷
892 5601 1139 5654 Litteras.
1171 5600 1287 5653 Vid.
1327 5602 1486 5670 epist.
1527 5615 1562 5653 ιι
1611 5610 1665 5655 et
1719 5603 1806 5659 86.
1857 5611 1894 5653 ι.
1926 5602 2011 5656 IV.

729 5674 889 5741 epist.
926 5674 991 5724 88
1025 5672 1112 5723 9|.

732 5741 1076 5865 Illl(;|’;OII?8llI
1112 5742 1315 5796 inserta
1376 5740 1525 5795 Actis
1566 5756 1716 5795 conc.
1773 5740 2256 5796 Chalcedonensis.

733 5829 785 5879 ιι.
893 5811 959 5865 1'3
992 5827 1144 5879 seqq.

733 5829 785 5879 ιι.
829 5828 959 5865 nvo
992 5828 1144 5879 scqq.

1400 5602 1562 5687 ist..."
1607 5610 1665 5687 et
1857 5611 1894 5687 t.
1926 5602 2011 5687 IX;
2118 5602 2559 5687 ‘.'_ln’q_t'tit-.nyid.
2586 5606 2797 5687 “LAW,
2830 5622 2881 5687 ρ.

1224 5672 1267 5701 ’Ψ
1295 5671 1535 5741 Scripsit,
1571 5683 1674 5724 etc.
1708 5671 1825 5723 Vld.
1864 5681 1899 5723 l.
1944 5672 2033 5734 IV,
2063 5674 2221 5741 epist.
2260 5674 2480 5726 95-108.

2334 5744 2376 5772 ”
2420 5743 2480 5797 Ut
2521 5763 2551 5799 α
2582 5745 2752 5799 Leone
2807 5755 2909 5799 etc.
2967 5743 3083 5796 \‘id.
3123 5746 3324 5800 Leonis
3372 5746 3440 5800 Μ.
3473 5747 3781 5816 epistolam,
3812 5755 3850 5798 t.
3884 5743 3972 5810 IV,

2955 5606 3105 5659 “56.
3210 5606 3522 5675 "Scripsit.
3591 5606 3731 5675 Vid,
3773 5613 3810 5656 t.
3882 5605 3971 5668 IV,

2586 5676 2625 5706 ⁹¹
2665 5674 3018 5733 Occasionem.
3056 5684 3163 5728 etc.
3198 5677 3316 5730 \‘id.
3366 5674 3484 5731 Act.
3518 5692 3671 5730 conc.
3706 5674 3975 5729 Constano
