4208 6440
192 343 285 406 133

1338 340 1698 401 HISTORIA
1735 341 2243 403 THEODORETL

3347 346 3450 408 134

189 449 457 514 agendum
490 448 562 501 de
620 446 833 518 synodo
870 444 1145 513 Ephesius
1193 447 1398 498 mentio
1444 446 1565 508 fuit,
1611 446 1773 498 homo
1806 455 1845 505 Λ
1877 450 1966 517 qui
2004 454 2095 502 sub
2125 454 2285 521 ipsius
2320 454 2562 521 dcgrrcnt
2596 456 2818 516 dia-cesi.
2853 465 2899 506 et
2932 456 3049 508 aliis
3091 455 3331 510 similiter
3360 461 3451 513 de-

188 550 410 611 propter
440 538 727 609 perﬁdiam
770 536 1091 607 imperatori
1126 538 1355 600 invisus,
1385 536 1478 605 qui
1507 538 1772 606 dignitate

186 628 402 688 comitis
437 634 709 703 privatus,
737 639 793 687 et
832 633 1043 701 eiectus
1080 631 1222 693 aula,
1269 630 1319 683 in
1362 630 1641 684 Orientem
1689 646 1774 683 se-

186 735 427 781 cesserat
449 726 595 795 apud
622 740 735 780 sum
763 723 1015 777 factionis
1055 723 1279 776 amicos.
1308 721 1607 787 Ordinatus
1631 734 1714 776 est
1743 738 1772 776 a

186 816 541 870 Theodoreto
569 815 862 885 episcopus
894 812 1044 883 Tyri,
1088 829 1398 882 quanquam
1432 830 1536 867 non
1571 826 1677 867 tam
1703 814 1773 866 ob

186 908 459 963 secundas
490 924 619 961 suas
647 907 890 977 nuptias,
920 920 1083 974 quam
1129 905 1199 958 ob
1248 916 1556 974 suspectam
1610 907 1772 959 tidem

187 1012 238 1052 et
284 998 527 1053 Nestorii
581 998 834 1067 pertinax
883 996 1126 1050 studium
1185 995 1441 1065 indignus
1491 1005 1631 1059 erat,
1679 996 1772 1065 qui

186 1091 490 1145 Ecclesiam
525 1090 690 1142 ullam
725 1096 959 1157 regeret,
1002 1090 1175 1139 multo
1201 1088 1382 1139 minus
1406 1086 1623 1157 Tyriam
1656 1104 1773 1141 mc-

187 1184 526 1252 tropolitano
548 1184 674 1251 jure
709 1181 949 1234 nobilem
989 1197 1000 1231 :
1040 1194 1210 1248 quare
1240 1180 1590 1248 imperatoris
1618 1181 1774 1249 jussu

187 1278 239 1329 in
290 1276 549 1329 ordinem
588 1273 843 1328 redactus
879 1280 997 1335 est,
1032 1286 1095 1324 ac
1147 1271 1329 1340 patrio
1364 1272 1481 1325 solo
1534 1270 1775 1324 circum-

186 1366 450 1435 scriptus.

256 1460 413 1513 Fecit
467 1467 532 1512 ea
589 1466 715 1520 res,
759 1465 821 1509 ut
862 1456 1245 1510 Theodoretus
1294 1455 1562 1524 penderet
1607 1454 1773 1508 animi

186 1548 412 1613 dubius,
441 1547 575 1617 quid
618 1555 741 1616 post
791 1546 1152 1616 dejectionem
1198 1544 1385 1598 lrenaai
1425 1553 1611 1613 agerct
1654 1562 1665 1596 :
1706 1560 1775 1598 an

186 1641 477 1695 ordinaret
512 1640 744 1693 alterum
767 1680 781 1701 ,
811 1638 1091 1708 profectus
1144 1636 1379 1706 Tyrum;
1412 1650 1481 1689 an
1531 1652 1589 1690 se
1634 1636 1776 1706 Cyro

186 1734 525 1796 contineret,
555 1739 615 1784 ut
662 1737 782 1785 erat
821 1730 1041 1800 jussus,
1092 1728 1423 1796 viduamque
1481 1728 1606 1798 Tyri
1680 1729 1777 1781 Ec-

187 1825 415 1879 clesiam
471 1822 833 1892 relinqueret.
875 1821 1142 1890 Utrinque
1186 1820 1507 1888 perplexum
1553 1820 1777 1873 videbat

188 1915 496 1983 negotium,
520 1928 643 1967 cum
673 1922 868 1966 neutra
907 1924 1034 1979 pars
1079 1908 1283 1961 invidia
1317 1917 1560 1971 careret,
1587 1920 1642 1961 et
1664 1909 1778 1961 ani-

188 2024 311 2062 mus
366 2016 551 2061 tamen
596 2007 651 2059 in
678 2005 967 2067 Irenaeum,
993 2000 1353 2057 consiliorum
1398 2001 1527 2055 olim
1568 2002 1779 2071 adjuto-

189 2115 323 2161 rem,
357 2097 751 2168 propenderet.

258 2192 321 2244 ν.
352 2191 581 2244 Interim
606 2190 651 2220 ”
681 2188 1011 2258 Cbrysaphii
1054 2187 1295 2241 eunuchi
1325 2185 1558 2243 artibus.
1590 2183 1774 2237 Eudo-

192 2283 402 2351 xizeque
450 2283 674 2351 reginae,
707 2280 969 2334 muliebri
1006 2280 1062 2332 in
1117 2278 1431 2332 Flavianum
1476 2274 1779 2329 Pulclterize

192 2378 463 2430 faventem
496 2375 625 2427 odio
654 2373 858 2428 factum
886 2381 989 2435 est,
1015 2380 1074 2425 ut
1096 2371 1286 2425 uxoria
1313 2369 1573 2423 facilitate
1595 2365 1776 2419 Theo-

192 2469 381 2522 dosius
405 2466 673 2538 Eutychis
696 2482 916 2520 causam
950 2464 1265 2535 recognosci
1295 2463 1476 2523 vellet,
1508 2460 1778 2528 simulque

193 2558 258 2611 de
307 2558 573 2611 Flaviano
618 2554 811 2609 haberi
845 2554 1136 2624 judicium.
1175 2552 1231 2605 ld
1278 2567 1409 2605 vero
1444 2549 1625 2603 aiebat
1669 2563 1778 2617 pra:

194 2650 450 2702 illusione
499 2646 554 2699 id
594 2647 773 2715 ipsum
818 2660 974 2706 esse,
1032 2641 1180 2711 quod
1232 2640 1563 2709 Epliesinam
1615 2638 1776 2691 tidem

194 2739 402 2792 ﬁrmari
432 2755 445 2790 :
472 2750 643 2805 quare
669 2735 816 2804 quod
834 2734 1157 2804 jamdudum
1184 2740 1500 2799 susceperat
1524 2728 1779 2799 cogendae

192 2832 385 2902 synodi
413 2829 771 2885 (ecumenica:
794 2827 1111 2889 consilium,
1135 2826 1575 2894 deposueratque
1603 2821 1777 2891 gravi-

195 2924 299 2978 bus
339 2923 411 2976 de
437 2922 639 2985 causis,
679 2920 975 2988 resumpsit
1020 2918 1261 2980 tandem,
1289 2914 1666 2987 synodumque
1711 2914 1775 2967 ad

194 3014 466 3069 Kalendas
516 3011 745 3082 Augusti
804 3010 1007 3080 Ephesi
1054 3007 1460 3070 celebrandam,
1518 3005 1779 3059 Dioscoro

196 3107 428 3176 praeside
468 3106 685 3160 indixit.

262 3200 427 3253 Missa
448 3198 497 3229 ”
523 3206 608 3251 est
656 3196 970 3251 cvocatoria
994 3194 1203 3250 sanctio
1242 3194 1309 3249 ad
1336 3208 1527 3249 omnes
1556 3206 1775 3261 magna-

198 3307 318 3345 rum
382 3290 602 3345 sedium
660 3289 956 3351 antistites,
995 3287 1048 3341 id
1077 3296 1184 3351 est,
1221 3286 1289 3341 ad
1333 3296 1581 3340 sanctum
1636 3285 1777 3339 Leo-

197 3398 320 3436 nem
369 3381 582 3444 Romae,
614 3380 770 3450 18],
811 3380 1131 3434 Dioscorum
1163 3376 1536 3441 Alexandriae,
1564 3377 1778 3432 Flavia-

197 3488 323 3526 num
350 3470 930 3540 Constantinopoleos,
966 3470 1239 3523 Domuum
1269 3468 1592 3527 Antiochiae.
1618 3468 1781 3523 Juve-

198 3565 378 3618 nalem
440 3562 946 3631 Hierosolymorum
1006 3559 1329 3629 episcopum
1383 3576 1395 3610 :
1455 3558 1642 3620 missa,
1694 3558 1780 3611 in-

200 3668 384 3721 quam,
434 3651 636 3721 partim
693 3648 976 3709 eadem,si
1027 3648 1166 3701 ratio
1208 3648 1477 3701 habeatur
1518 3648 1779 3717 pmcipui

200 3742 442 3812 negotii;
476 3742 674 3810 partim
705 3740 944 3804 diversa,
979 3739 1024 3792 si
1056 3738 1311 3807 specialia
1358 3738 1607 3807 quaedam
1659 3752 1777 3791 mo-

202 3836 306 3888 nita
339 3842 401 3888 et
424 3835 576 3902 jussa
603 3841 939 3901 spectantur.
969 3830 1027 3885 ld
1053 3830 1375 3900 intelligitur
1393 3846 1461 3884 ex
1487 3831 1624 3884 actis
1647 3846 1779 3884 con-

201 3926 327 3979 cilii.
364 3923 630 3978 Eamdem
677 3922 1039 3986 demonstrat,
1084 3920 1231 3989 quod
1263 3928 1386 3989 post
1434 3920 1627 3975 lectam
1654 3936 1780 3975 san-

202 4019 445 4071 ctionum
508 4030 707 4079 unam,
745 4014 1139 4068 Constantinus
1189 4013 1409 4067 concilii
1458 4014 1785 4067 secretarius

202 4108 361 4173 dixit,
396 4107 579 4159 eodem
618 4116 797 4158 tenore
820 4105 1076 4173 scriptum
1112 4120 1221 4157 esse
1259 4103 1380 4157 aliis
1411 4105 1781 4157 reverendissi-

204 4201 297 4253 mis
322 4200 607 4268 episcopis,
630 4206 685 4249 ut
719 4198 773 4248 in
812 4196 1071 4266 synodum
1101 4196 1452 4248 convenirent.
1486 4195 1781 4249 Diversita-

206 4302 309 4346 tem
361 4290 627 4354 ostendit,
676 4288 823 4359 quod
861 4295 1021 4341 antea
1075 4286 1296 4357 legitur,
1336 4286 1524 4340 haberi
1587 4301 1782 4353 nempe

205 4397 309 4450 prie
349 4379 608 4433 manibus
660 4379 728 4430 τὰ
759 4376 876 4430 θεῖα.
908 4378 946 4429 Γ
952 4376 1212 4446 ράμματα
1256 4375 1324 4429 τὰ
1350 4376 1617 4446 διαφόρως
1645 4378 1781 4428 ἀπο-

1874 557 1980 593 cem
2012 544 2206 595 sanctis
2238 544 2508 611 episcopis,
2539 562 2780 597 sermone
2810 556 2856 598 cl
2890 549 2992 599 vita
3024 550 3246 610 ornatis,
3278 552 3367 617 qui
3400 552 3452 604 in

1873 633 2112 686 doctrina
2160 644 2207 686 rt
2262 637 2477 689 scientia
2532 649 2683 690 recta:
2732 648 2889 708 atque
2934 640 3289 695 immaculata:
3328 643 3456 709 ﬁdei

1874 726 2017 796 apud
2054 735 2262 779 cunctos
2302 730 2608 789 eminerent,
2646 733 2896 800 proximis
2941 732 3195 786 Kalendis
3232 735 3457 805 Augusti

1876 818 2139 886 Ephesum
2177 821 2451 871 convenire
2500 820 2789 888 fcstiuaret.
2836 822 2972 875 Cum
3024 823 3216 877 eodem
3268 833 3456 879 tenore

1875 909 2139 977 scriptum
2177 910 2247 962 sit
2280 920 2329 963 ct
2370 912 2493 963 aliis
2524 912 2815 981 episcopis,
2854 914 2910 967 id
2946 930 3013 967 eo
3051 929 3215 968 sensu
3251 916 3457 969 intelli—

1875 1001 2111 1069 gendum
2143 1004 2331 1071 procul
2364 1002 2533 1056 dubio
2575 1013 2680 1067 est,
2720 1021 2829 1073 quo
2867 1006 3149 1075 pertinere
3181 1008 3359 1075 potuit
3386 1006 3456 1062 ad

1876 1092 2140 1161 singulos,
2177 1110 2372 1163 nempe
2423 1105 2482 1148 ut
2522 1096 2615 1164 qui
2647 1098 3021 1164 ntetrOpolitas
3061 1098 3289 1152 haberet
3330 1114 3457 1167 pro-

1876 1184 1994 1253 prie
2036 1184 2246 1248 dictos.
2302 1195 2361 1239 ut
2393 1186 2801 1250 Antiochenus,
2842 1203 2939 1241 eos
2988 1190 3313 1254 adduceret;
3359 1191 3456 1259 qui

1877 1283 2110 1337 careret,
2144 1276 2543 1344 praecipuarum
2590 1278 2874 1332 civitatum
2920 1282 3247 1349 praesulibus
3282 1284 3455 1337 comi-

1879 1364 2123 1417 tantibus
2160 1365 2391 1418 veniret.

1947 1454 2057 1507 V'll.
2100 1455 2438 1511 Evocatoriae
2476 1458 2577 1511 ista
2617 1459 2997 1529 interpretatio
3030 1464 3232 1517 evertit
3267 1463 3461 1519 funda-

1878 1553 2147 1608 mentum,
2178 1560 2288 1614 quo
2327 1561 2480 1599 suam
2526 1557 2780 1601 astruunt
2823 1551 3163 1617 opinionem,
3202 1552 3295 1621 qui
3341 1568 3459 1607 me-

1879 1637 2165 1705 tropolitas
2200 1639 2417 1706 proprie
2446 1638 2623 1691 dictos
2658 1639 2744 1692 his
2777 1642 3116 1709 temporibus
3146 1644 3199 1695 in
3233 1644 3458 1699 dimcesi

1878 1728 2191 1798 Egyptiaca
2217 1729 2383 1783 fuisse
2406 1732 2619 1799 aliquos
2649 1733 2915 1787 scribunt.
2942 1733 3299 1802 Metropolitae
3328 1751 3459 1804 pro-

1881 1819 1996 1888 prie
2019 1820 2298 1884 dicuntur,
2330 1836 2440 1874 non
2464 1822 2558 1889 qni
2585 1824 2980 1891 praecipuarum
3006 1824 3223 1878 urbium
3249 1826 3462 1893 episco-

1880 1920 2067 1979 patum
2108 1920 2319 1980 gerant.
2363 1912 2458 1965 sed
2501 1913 2595 1981 qui
2638 1915 2973 1967 convocandi
3018 1930 3129 1969 suae
3169 1917 3461 1984 provincia:

1878 2003 2135 2067 concilii,
2180 2003 2582 2073 exercendique
2629 2004 2696 2058 de
2744 2006 3005 2074 subjectis
3054 2006 3328 2077 episcopis
3367 2008 3459 2079 ju-

1879 2092 2008 2145 dicii
2057 2092 2147 2160 jus
2194 2092 2497 2147 obtineant.
2541 2094 2675 2148 Nam
2731 2095 2946 2150 tametsi
2993 2097 3277 2159 noverim,
3316 2097 3462 2152 inter

1878 2180 2126 2235 eruditos
2160 2181 2215 2235 in
2247 2184 2680 2237 controversiam
2712 2186 2916 2249 vocari,
2948 2201 3015 2238 an
3046 2186 3197 2239 solus
3223 2185 3459 2240 Alexan-

1879 2271 2073 2327 drinus
2102 2274 2191 2342 jus
2218 2274 2465 2337 haberet,
2497 2276 2644 2342 quod
2676 2276 2882 2330 dictum
2913 2286 3016 2339 est,
3038 2277 3238 2345 aliique
3268 2292 3462 2332 omnes

1880 2365 2048 2417 totius
2083 2364 2415 2436 [Egyptiacze
2454 2365 2713 2421 dioecesis
2750 2369 3013 2436 prmsules
3050 2384 3211 2437 pares
3246 2369 3458 2438 aliqua-

1878 2465 2038 2510 tenus
2078 2466 2293 2521 essent;
2344 2459 2590 2512 noverim
2640 2459 2847 2528 pariter
2891 2476 3058 2529 super
3098 2476 3164 2515 ea
3210 2476 3269 2515 re
3313 2462 3462 2516 viros

1877 2546 2018 2601 duos
2062 2548 2278 2617 egregie
2324 2547 2514 2601 doctos
2563 2548 2779 2617 scriptis
2812 2564 3121 2619 pugnasse:
3156 2550 3331 2605 dicam
3375 2558 3460 2605 ta-

1880 2656 2028 2705 men,
2066 2640 2270 2709 quibus
2320 2639 2624 2693 rationibus
2668 2639 2940 2693 adductus
2978 2640 3103 2705 sim,
3143 2641 3211 2695 ad
3248 2642 3459 2712 negati-

1878 2748 2000 2785 vam
2038 2742 2247 2801 partem
2284 2730 2707 2785 defendendam.

1950 2824 2327 2878 Animadverti
2365 2824 2543 2894 primo
2570 2825 2624 2878 in
2650 2825 2927 2895 prioribus
2950 2834 3187 2895 quatuor
3213 2824 3463 2881 conciliis

1880 2916 2254 2980 meumenicis,
2286 2917 2487 2985 quibus
2521 2916 2897 2972 interfuerunt
2934 2917 3074 2972 bene
3105 2917 3263 2972 multi
3300 2915 3463 2988 Egy-

1880 3006 1998 3075 ptii,
2022 3008 2491 3077 metropolitarum
2507 3007 2885 3079 Egyptiornm
2924 3009 3126 3062 nullam
3158 3008 3277 3063 ﬁeri
3304 3024 3461 3063 men-

1883 3098 2115 3162 tionem,
2147 3099 2237 3152 ubi
2274 3100 2501 3153 maxime
2527 3101 2693 3163 solet,
2728 3115 2925 3168 nempe
2949 3099 3002 3152 in
3031 3098 3461 3169 subscriptioni-

1880 3188 1984 3244 bus
2012 3208 2022 3241 :
2056 3190 2258 3243 nullam
2285 3190 2537 3245 similiter
2561 3191 2616 3244 in
2640 3190 2914 3260 Ephesino
2949 3190 3262 3245 Latrocinio
3288 3208 3301 3244 :
3333 3190 3465 3246 nul-

1879 3280 1986 3334 lam
2014 3281 2067 3334 in
2094 3281 2342 3334 conciliis
2368 3281 2526 3351 182
2556 3280 2990 3352 provincialibus
3019 3283 3072 3335 in
3093 3281 3329 3354 Egypto
3363 3281 3462 3338 ha-

1880 3372 2011 3427 bitis
2047 3391 2060 3425 :
2097 3373 2302 3426 nullam
2353 3374 2406 3425 in
2450 3374 2667 3439 litteris,
2703 3374 2819 3429 sive
2856 3374 3165 3439 Athanasii,
3208 3374 3324 3429 sive
3353 3373 3461 3445 Cy-

1880 3464 1988 3518 rilli
2045 3464 2113 3517 ad
2154 3480 2266 3518 suae
2306 3464 2602 3533 provinciae
2634 3464 2950 3534 episcopos;
2987 3466 3186 3521 deinde
3230 3480 3328 3521 eos
3365 3465 3463 3535 qui

1881 3564 2256 3610 memorantur
2286 3571 2316 3609 a
2348 3554 2669 3609 recentioris
2687 3556 2790 3609 azvi
2829 3555 3212 3625 scriptoribus,
3249 3556 3265 3575 ‘
3299 3554 3461 3610 insti-

1883 3657 2030 3702 tutos
2067 3663 2176 3701 non
2201 3662 2322 3701 esse
2338 3655 2470 3710 ,ante
2510 3646 2805 3701 Justiniani
2828 3647 3176 3717 imperatoris
3194 3655 3460 3716 tempora.

1882 3741 1995 3795 lmo
2023 3740 2169 3809 quod
2197 3739 2263 3792 ad
2326 3754 2440 3793 rem
2476 3749 2799 3808 praesentem
2845 3738 2994 3803 facit,
3034 3753 3065 3791 a
3114 3739 3333 3793 nemine
3377 3753 3466 3792 re-
3534 3806 3537 3815 λ

1883 3832 2186 3884 centiorum
2247 3830 2621 3899 metropolitas
2660 3828 2854 3883 decem
2903 3828 3188 3898 appellari,
3234 3828 3329 3883 sed
3377 3827 3465 3882 vel

1884 3930 2016 3986 tres,
2061 3921 2295 3992 )Egypti,
2339 3921 2720 3989 Pentapoleos,
2744 3929 2799 3973 et
2822 3920 3047 3991 Libyes;
3084 3920 3168 3974 vel
3192 3927 3336 3982 octo,
3372 3918 3461 3973 vel

1884 4014 1953 4068 ad
1989 4030 2262 4067 summum
2295 4029 2510 4068 novem.
2551 4014 2750 4067 Verum
2786 4011 2854 4067 de
2890 4014 2974 4067 his
3005 4013 3290 4067 hactenus.

1954 4107 2090 4160 Vill.
2126 4107 2323 4160 Audita
2358 4107 2655 4161 indictione
2682 4106 2873 4176 synodi
2902 4105 3285 4161 Theodoretus
3305 4108 3463 4163 haesit

1884 4198 2148 4251 attonitus
2191 4215 2203 4249 :
2247 4196 2507 4251 credebat
2554 4197 2701 4251 enim
2747 4197 3133 4266 imperatorem
3170 4198 3460 4254 consilium

1884 4288 1954 4345 de
1987 4290 2284 4344 indictione
2327 4290 2553 4344 omnino
2593 4289 2934 4359 deposuisse,
2976 4306 3041 4343 ex
3073 4306 3184 4360 quo
3212 4292 3460 4346 reconci-

1885 4381 2047 4437 liatus
2068 4389 2334 4435 eratcum
2362 4381 2635 4444 Flaviano,
2663 4381 3004 4435 abalienatus
3032 4382 3211 4436 fuerat
3238 4392 3461 4452 prepter

206 4472 491 4533 σταλέντα,
545 4485 730 4523 sacras
781 4468 1019 4523 Litteras
1059 4482 1184 4521 cum
1228 4467 1537 4521 dilfel‘enlia
1567 4467 1778 4522 lnissaS-
1813 4496 1858 4551 υ
1889 4475 2178 4530 indicatam
2217 4472 2515 4526 Pulcheriaa
2552 4471 2909 4536 molitionem,
2937 4472 3005 4526 de
3038 4472 3151 4541 ipsa
3181 4473 3233 4526 in
3273 4472 3459 4529 diaco-

271 4563 360 4617 γι.
422 4561 718 4616 Prohibuit
780 4561 1098 4629 imperator,
1152 4575 1219 4612 ne
1284 4560 1666 4613 admitteretur
1729 4562 1782 4615 in

203 4669 526 4709 consessum
562 4651 962 4714 Theodoretus,
991 4650 1167 4703 donec
1202 4648 1459 4703 concordi
1505 4651 1671 4704 totius
1702 4668 1787 4721 sy-

204 4746 333 4800 nodi
387 4744 663 4799 sententia
709 4742 1084 4797 admittendus
1134 4742 1432 4796 diceretur.
1474 4740 1784 4797 Observan-

205 4838 333 4892 dum
383 4851 519 4890 vero
566 4834 619 4889 id
662 4833 913 4905 praecepti
967 4832 1194 4903 singulis
1240 4832 1617 4886 sanctionibus
1656 4848 1783 4887 con-

207 4928 371 4983 tineri
409 4945 422 4980 :
458 4929 777 4983 continetur
826 4941 889 4979 ea
930 4934 1113 4986 certe,
1160 4938 1280 4992 qua:
1326 4922 1390 4975 ad
1442 4923 1781 4987 Dioscorum,

206 5035 439 5090 quasque
477 5019 546 5073 ad
586 5017 904 5072 Juvenalem
933 5023 989 5068 et
1019 5013 1364 5067 Thalassium
1392 5013 1458 5067 de
1491 5014 1785 5083 praesiden-

210 5114 280 5166 tia
313 5112 521 5181 scripta
561 5119 674 5174 est;
714 5122 814 5162 nec
849 5105 1079 5160 dubium
1117 5104 1250 5173 quin
1289 5104 1412 5158 aliis
1446 5104 1682 5170 duabus,
1716 5108 1782 5161 ad

209 5204 448 5258 Leonem
483 5210 541 5255 et
578 5200 917 5254 Flavianum.

279 5294 571 5349 Mandabat
600 5293 645 5323 "
682 5307 812 5361 ergo
847 5290 1141 5359 imperator
1172 5287 1451 5355 Dioscoro,
1480 5299 1537 5344 ut
1562 5295 1783 5362 sumptis

212 5404 380 5440 secum
428 5388 602 5441 decem
641 5382 1079 5439 rcverendissimis
1122 5381 1462 5451 metropolitis
1510 5385 1782 5454 episcopis.

1884 4568 2086 4621 nissam
2134 4564 2461 4627 ordinanda,
2496 4572 2553 4617 ct
2598 4579 2628 4617 a
2678 4564 2914 4633 publicis
2961 4565 3125 4618 rebus
3170 4580 3267 4633 per
3317 4564 3458 4619 hanc

1882 4664 2058 4710 artem
2106 4652 2436 4709 removenda
2480 4670 2493 4706 :
2526 4668 2694 4721 quare
2739 4652 2889 4707 velut
2922 4668 3097 4723 augur
3134 4653 3327 4717 futuri,
3363 4663 3458 4709 aut

1883 4744 2215 4799 conscientia
2260 4743 2442 4811 potius
2482 4743 2795 4807 instinctus,
2833 4745 3056 4813 scripsit
3086 4745 3296 4799 Domno
3337 4747 3455 4815 epi-

1882 4837 2098 4900 stolam,
2131 4851 2237 4905 qua
2280 4846 2335 4890 et
2376 4837 2452 4890 rei
2498 4836 2801 4899 historiam,
2834 4846 2891 4890 et
2919 4837 3080 4890 animi
3118 4838 3199 4891 sui
3235 4838 3459 4907 egritu-

1883 4928 2066 4982 dinem
2100 4943 2226 4997 erga
2261 4927 2520 4997 Cyrillum
2563 4929 2787 4997 ejusque
2838 4942 3209 4983 successorem
3252 4928 3453 4997 prodit.

1890 5040 1907 5072 ο
1947 5019 2225 5082 Cessasse,
2266 5019 2442 5088 inquit
2474 5019 2539 5081 9‘,
2584 5018 2758 5072 tristia
2807 5020 3164 5087 speravimus,
3201 5035 3325 5073 cum
3370 5020 3455 5073 in~

1885 5112 2158 5167 dicassent
2206 5112 2364 5165 nobis
2411 5112 2654 5181 quidam,
2702 5112 3023 5166 exstinctam
3077 5127 3196 5166 esse
3234 5111 3457 5167 victoris

1886 5203 2228 5271 imperatoris
2272 5200 2438 5255 animi
2496 5203 2914 5271 aegritudinem,
2946 5203 3254 5271 factamque
3314 5203 3457 5257 inter

1887 5294 2179 5364 ipsummet
2218 5301 2272 5347 et
2306 5293 2416 5347 Deo
2448 5293 2828 5347 charissimam
2863 5293 3180 5363 episcopum
3213 5294 3458 5349 reconci-

1888 5387 2197 5448 Iiationem;
2251 5402 2310 5439 ac
2361 5385 2547 5454 svnodi
2597 5385 2814 5455 quidem
2866 5386 3306 5441 convocationem
3363 5384 3461 5439 de-

1547 5545 1859 5604 SCHULZII
1904 5549 2129 5603 NOT.-E.

286 5687 331 5719 ⁸⁸
359 5687 725 5749 Interim,etc.
754 5683 873 5738 \‘id.
906 5682 1035 5737 Acta
1063 5695 1218 5735 conc.
1245 5679 1457 5740 Chalc,

216 5759 409 5829 Ephes.
448 5754 769 5812 Latrocinii.

1484 5691 1621 5749 part.
1672 5699 1706 5734 ι.
1784 5686 1826 5714 ’⁵⁵
1886 5685 2192 5747 ,υἱεδα,εῐ‹ε.
2244 5686 2363 5737 Vill.
2410 5690 2571 5741 (lonc.
2624 5690 2901 5745 (Lliali:cd..
2954 5689 3131 5748 act.l.

845 5754 889 5785 "
921 5750 1227 5813 Mandabat,
1268 5758 1371 5802 ctc.
1411 5749 1468 5803 ln
1502 5767 1652 5807 sacra
1697 5753 1759 5808 ed
1803 5755 2120 5816 Dioscorum

3200 5688 3252 5742 in
3310 5690 3459 5744 Actis

2240 5757 2281 5781 "
2320 5756 2513 5825 Inqmt.
2548 5761 2690 5821 th.,
2735 5771 2860 5814 Iam.
2913 5761 2997 5813 Π.
3027 5759 3185 5827 epist.
3220 5758 3336 5812 113.
