4208 6440
715 361 814 425 I35

1799 349 2178 413 GAHNERII
2212 346 2711 411 DISSERTATIO
2749 350 2797 408 Ι.

3857 341 3959 406 136

701 469 1264 542 siisse,Ecclesiarum
1315 482 1444 522 vero
1492 480 1678 536 pacem
1725 464 1974 521 rediisse.
2015 465 2122 521 Sed
2157 481 2278 536 quae
2307 465 2354 523 Α
2380 460 2558 516 oculis
2595 469 2984 530 usurpaverat;
3021 460 3115 514 sed
3151 460 3315 515 etiam
3353 460 3550 514 litteris
3582 462 3837 516 rescitum
3875 475 3960 518 est

711 565 875 618 modo
911 581 941 617 a
993 562 1279 615 sanctitate
1331 569 1421 614 tua
1465 559 1669 627 scripta
1713 566 1862 621 sunt,
1905 558 2142 628 graviter
2182 573 2283 612 nos

711 657 1109 710 contristarunt
1140 670 1152 706 :
1189 652 1324 706 nihil
1365 652 1512 705 enim
1562 650 1693 704 boni
1734 665 1801 704 ex
1840 651 2039 719 iactata
2075 649 2283 721 synodo

712 754 1030 814 exspectare
1082 743 1242 805 licet,
1294 740 1400 794 nisi
1449 738 1764 792 misericors
1816 737 2083 792 Dominus
2126 737 2286 792 solita

717 844 878 889 utens
931 833 1294 904 providentia,
1338 831 1775 885 turbulentorum
1821 829 2128 884 daemonum
2166 845 2282 884 ma-

715 927 906 981 chinas
958 928 1220 981 destruat.
1264 943 1281 976 »
1346 923 1485 977 Tum
1541 922 1840 993 interjectis
1893 923 2170 976 nonnullis
2216 922 2284 977 de

628 1009 632 1012 ’
716 1018 917 1074 infelici
947 1019 1091 1072 exitu
1131 1017 1368 1086 plurium
1400 1016 1733 1087 synodorum
1768 1033 1780 1067 :
1818 1033 1836 1064 ι
1882 1015 2008 1069 Haec
2041 1016 2282 1081 intuens,

714 1115 772 1161 et
809 1107 1000 1162 similia
1040 1107 1397 1175 prospiciens,
1435 1105 1616 1159 infelix
1653 1105 1829 1159 anima
1869 1121 1985 1159 mea
2027 1108 2282 1175 suspirat,

717 1200 994 1268 lugetque,
1031 1198 1168 1250 nihil
1207 1207 1525 1266 exspectans
1574 1196 1702 1250 boni
1748 1214 1762 1250 :
1801 1213 1977 1266 neque
2015 1195 2160 1253 enim
2202 1201 2286 1254 in-

716 1291 882 1345 situm
917 1288 971 1341 in
1012 1288 1301 1342 duodecim
1333 1288 1607 1356 capitibus
1640 1304 1907 1342 venenum
1938 1299 2160 1352 norunt,
2193 1291 2286 1358 qui

715 1381 942 1434 aliarum
970 1388 1097 1433 sunt
1124 1379 1472 1442 dioecesium;
1509 1377 1602 1431 scd
1636 1380 1775 1447 ejus,
1808 1378 1901 1447 qui
1935 1378 2024 1432 illa
2045 1379 2284 1449 scripsit,

716 1471 1018 1524 claritatem
1045 1468 1410 1531 attendentes,
1447 1469 1577 1521 nihil
1603 1469 1886 1522 sinistrum
1915 1470 2284 1538 suspicantur,

718 1568 774 1614 et
813 1560 908 1629 qui
957 1562 1077 1629 ejus
1124 1559 1237 1613 sedi
1289 1560 1569 1622 successit,
1609 1560 1811 1621 omnia,
1847 1561 2065 1629 opinor,
2089 1572 2286 1626 movet,

721 1658 781 1704 ut
809 1653 977 1705 altera
1011 1650 1220 1721 synodo
1254 1652 1342 1704 illa
1377 1649 1661 1704 confirmet
1691 1668 1704 1702 :
1741 1651 1833 1719 qui
1867 1652 2014 1709 enim
2052 1667 2150 1719 pro
2185 1652 2288 1705 im-

719 1744 874 1812 perio
909 1759 1082 1810 nuper
1111 1742 1210 1794 ista
1243 1741 1480 1810 scripsit,
1513 1749 1570 1795 et
1605 1741 1673 1794 iis
1705 1742 1798 1809 qui
1830 1743 2176 1810 acquiescere
2205 1743 2292 1797 his

720 1835 954 1897 nollent,
994 1835 1282 1887 anathema
1307 1833 1471 1895 dixit,
1504 1833 1667 1903 quid,
1699 1834 1997 1903 praesidens
2038 1836 2290 1901 concilio,

720 1943 828 1980 non
863 1927 1020 1996 aget?
1054 1927 1120 1980 At
1153 1927 1312 1988 scito,
1351 1926 1589 1988 domine,
1634 1927 1910 1981 neminem
1953 1943 2166 1992 eorum,
2198 1929 2292 1998 qui

723 2020 940 2073 insitam
971 2019 1025 2071 in
1059 2018 1146 2071 his
1175 2018 1407 2071 haaresin
1433 2027 1655 2082 norunt,
1690 2017 1986 2072 adductum
2018 2021 2103 2083 iri,
2137 2029 2197 2074 ut
2231 2036 2294 2074 ea

725 2112 968 2180 recipiat,
1004 2109 1253 2178 quamvis
1286 2110 1450 2179 duplo
1486 2110 1671 2179 plures
1703 2111 2018 2166 decernant.
2057 2133 2075 2163 ι
2116 2115 2295 2183 Pergit

722 2212 911 2271 postea
947 2201 1188 2254 animum
1222 2201 1417 2255 efferre
1460 2201 1512 2254 in
1561 2203 1815 2270 capitula.
1853 2203 1912 2256 Id
1946 2213 2125 2257 autem
2169 2220 2292 2257 eum

722 2306 866 2345 anno
905 2291 1008 2344 449
1047 2291 1269 2344 ineunte
1310 2291 1630 2358 contigerit,
1675 2290 1853 2359 magni
1899 2292 2068 2346 refert
2108 2292 2298 2348 obser-

722 2397 900 2444 vasse,
929 2381 994 2434 ad
1030 2380 1462 2450 perspiciendam
1497 2381 1826 2436 Theodoreti
1859 2391 2118 2447 mentem,
2153 2385 2299 2454 ejus—

723 2488 832 2542 que
865 2473 919 2525 in
960 2474 1230 2526 sententia
1278 2472 1347 2526 de
1383 2472 1638 2542 capitulis
1675 2474 2034 2528 constantiam
2075 2483 2171 2529 aut
2201 2492 2298 2546 po.

725 2565 834 2619 tius
869 2565 1245 2633 pertinaciam.

795 2655 887 2709 IX.
927 2655 1318 2711 Convenernnt
1359 2656 1523 2727 igitur
1562 2657 1836 2728 Ephesum
1881 2660 2124 2729 undique
2162 2675 2299 2728 pra:-

727 2748 875 2802 sules
913 2763 1037 2801 cum
1076 2748 1250 2802 tribus
1300 2750 1445 2803 sedis
1489 2751 1799 2818 apostolica:
1842 2753 2050 2823 legatis,
2085 2752 2300 2806 Juliano

727 2839 1005 2907 episcopo,
1060 2838 1268 2891 Renato
1314 2839 1656 2909 presbytero,
1694 2849 1749 2894 et
1789 2841 1975 2895 Hilaro
2019 2841 2250 2894 diacono
2284 2856 2298 2891 :

731 2929 1098 2984 interfuerunt
1149 2931 1412 2999 majorum
1459 2930 1670 2984 scdium
1723 2932 1996 2986 antistites
2044 2940 2297 3001 quatuor,

731 3021 1026 3074 Dioscorus
1077 3020 1474 3082 Alexandrina,
1517 3022 1756 3075 Domnus
1794 3021 2164 3085 Antiochenze,
2201 3024 2300 3079 Ju-

2382 552 2780 607 exsecrandum
2832 560 2889 606 et
2935 551 3231 605 nefandum
3279 551 3522 605 Dioscori
3572 550 3805 616 facinus,
3847 568 3959 622 quo

2382 664 2577 718 nempe
2609 664 2677 705 eo
2716 663 2892 719 usque
2931 646 3165 703 vesaniae
3197 647 3484 717 prolapsus
3509 656 3614 710 est,
3646 655 3704 700 ut
3734 661 3956 701 excom-

2383 740 2769 795 municationis
2833 739 3201 803 sententiam,
3267 739 3445 793 tribus
3501 747 3624 808 post
3687 738 3956 809 synodum

2384 833 2597 897 diebus,
2636 833 2691 886 in
2729 833 2986 888 Leonem
3015 832 3190 901 ipsum
3232 829 3461 895 diceret,
3502 830 3658 899 quasi
3701 830 3958 884 omnibus

2385 924 2713 995 patriarchis
2741 923 2960 989 attritis,
2988 923 3139 978 solus
3167 922 3435 977 dominari
3461 922 3644 976 vellet.

2456 1015 2571 1070 XII.
2599 1015 2776 1081 Quare
2806 1030 3054 1068 summus
3078 1013 3321 1084 pontifex
3347 1015 3402 1066 in
3429 1014 3656 1083 synodo,
3683 1028 3803 1082 qua:
3829 1021 3962 1067 tunc

2388 1111 2456 1165 de
2500 1126 2651 1164 more
2687 1125 2742 1163 ιιι
2769 1109 2883 1162 Kal.
2918 1107 3174 1162 Octobris
3228 1115 3577 1170 convenerat,
3623 1108 3886 1162 rescindit
3914 1109 3959 1138 "

2387 1211 2506 1256 acta
2549 1201 2854 1270 Ephesina;
2902 1199 3186 1270 Eutychen
3237 1214 3363 1252 cum
3408 1199 3668 1252 Dioscoro
3713 1197 3956 1259 damnat,

2388 1310 2580 1350 omnes
2609 1309 2709 1362 pro
2745 1293 2850 1347 fide
2880 1307 3069 1361 passos
3092 1306 3243 1346 suam
3271 1291 3326 1344 in
3351 1290 3792 1345 communionem
3825 1287 3962 1342 reci-

2387 1387 2491 1456 pit.
2535 1393 2591 1440 et
2645 1386 2944 1455 apostolico
2989 1384 3176 1453 vigore
3235 1398 3349 1437 rem
3402 1381 3659 1436 Ecclesiae
3708 1380 3962 1434 afllictam

2390 1478 2630 1532 restituit
2669 1495 2683 1530 :
2724 1477 3042 1544 litterasque
3079 1474 3172 1528 dat
3204 1488 3271 1528 ex
3318 1473 3548 1543 synodo,
3586 1471 3770 1525 Idibus
3800 1469 3963 1524 Octo-

2392 1570 2527 1632 bris,
2564 1569 2630 1622 ad
2674 1569 3078 1637 imperatorem,
3117 1563 3184 1618 ad
3234 1563 3600 1625 Pulcheriam,
3640 1561 3704 1615 ad
3754 1559 3962 1614 Flavia-

2389 1678 2541 1724 num,
2577 1661 2646 1714 ad
2695 1657 3358 1725 Constantinopolitanum
3407 1654 3638 1714 clerum,
3673 1651 3740 1704 ad
3785 1651 3968 1705 archi-

2394 1751 2712 1804 mandritas.
2747 1748 2933 1803 Vetuit
2966 1747 3010 1779 ⁹⁹
3051 1761 3215 1814 porro
3247 1753 3366 1799 acta
3401 1741 3692 1812 propalari,
3725 1740 3901 1794 donec
3930 1754 3961 1793 a

2395 1840 2703 1894 Theodosio
2760 1837 3085 1906 rescriptum
3132 1834 3293 1888 foret.
3341 1833 3561 1886 Litteris
3611 1831 3754 1886 enim
3804 1829 3964 1884 enixe

2391 1932 2622 2003 petierat
2663 1929 3062 1986 meumenicum
3110 1926 3401 1980 concilium
3446 1924 3586 1978 intra
3627 1922 3762 1977 fines
3798 1922 3967 1976 Italia

2393 2025 2531 2094 c0gi,
2571 2038 2680 2093 quo
2730 2023 2980 2091 ipsemet,
3015 2019 3229 2088 cognita
3282 2018 3627 2088 judicataque
3679 2013 3965 2067 turbarum

2392 2132 2587 2178 causa,
2633 2131 2764 2185 pace
2815 2129 3004 2168 omnes
3053 2111 3325 2166 Ecclesias
3383 2109 3630 2163 donaret.
3669 2106 3879 2174 Verum
3933 2119 3966 2158 a

2393 2207 2704 2263 Theodosio
2730 2205 3023 2275 repulsam.
3041 2219 3072 2258 a
3097 2202 3384 2258 Pulcheria
3408 2200 3618 2256 nullum
3645 2213 3965 2268 responsum

2394 2300 2602 2369 accepit
2639 2317 2652 2353 :
2687 2295 3076 2368 ingemiscebat
3110 2296 3256 2349 enim
3304 2295 3358 2347 in
3407 2291 3687 2346 Hebdomo
3716 2288 3966 2356 religiosa

2393 2393 2655 2462 Augusta,
2690 2393 2704 2409 ‘
2742 2398 2817 2453 et,
2865 2397 2925 2441 ut
2966 2395 3121 2440 erant
3149 2395 3414 2454 tempora,
3451 2383 3708 2438 Ecdesite
3747 2378 3966 2434 calami-

2398 2493 2535 2537 tates
2560 2483 2666 2552 piis
2693 2481 2935 2550 quidem,
2971 2478 3065 2534 sed
3098 2478 3353 2532 inanibus
3387 2477 3640 2548 lacrymis
3671 2488 3962 2548 proseque-

2397 2577 2574 2631 batur.

2467 2669 2566 2722 Vix
2593 2683 2623 2720 a
2658 2666 2875 2734 scriptis
2901 2663 3097 2718 litteris
3126 2663 3328 2718 mensis
3353 2675 3495 2714 unus
3523 2659 3824 2721 efﬂuxerat,
3843 2674 3968 2711 cum

2399 2756 2813 2810 Valentinianus
2856 2755 3172 2823 imperator,
3209 2751 3597 2807 comitantibus
3639 2761 3810 2804 matre
3852 2751 3972 2804 Pla-

2401 2849 2543 2902 cidia
2576 2856 2631 2900 et
2662 2846 2904 2900 Eudoxia
2940 2846 3190 2914 conjuge,
3225 2845 3447 2898 Romam
3480 2845 3737 2897 Ravenna
3767 2841 3972 2910 ample-

2402 2939 2598 2992 ctenda:
2637 2937 2900 3006 religionis
2936 2952 3096 2988 causa
3135 2935 3304 2988 venit.
3333 2932 3652 2987 Imminebat
3683 2933 3826 2985 enim
3872 2948 3972 2984 an-

2403 3028 2743 3083 niversarius
2779 3025 2938 3096 185
2969 3026 3087 3080 dies
3124 3024 3485 3078 dedicationis
3525 3023 3762 3077 basilica:
3788 3020 3972 3075 Sancti

731 3110 939 3163 venalis
994 3110 1514 3180 Hierolosymitanaz,
1553 3121 1608 3164 et
1660 3113 1950 3167 Flavianus
1994 3114 2301 3168 Constanti-
2327 3127 2370 3183 (ζ.
2405 3123 2546 3175 Petri
2572 3139 2586 3185 ;
2613 3136 2722 3188 quo
2751 3129 2994 3186 tempore
3031 3118 3348 3185 frequentes
3375 3115 3764 3168 concursiones
3794 3114 3847 3166 in
3875 3113 3980 3167 Ur-

733 3199 1091 3267 nopolitanae;
1129 3200 1222 3254 sed
1259 3200 1348 3254 hic
1387 3210 1444 3254 ut
1477 3216 1603 3255 reus
1642 3211 1872 3265 tantum,
1910 3205 2109 3273 quippe
2149 3207 2304 3274 cujus

732 3300 851 3347 acta
899 3291 952 3342 in
999 3291 1302 3360 Eutychen,
1341 3293 1497 3361 183
1536 3293 1759 3361 ipsaque
1799 3295 1930 3347 fides
1965 3295 2029 3348 ad
2076 3310 2300 3349 examen

736 3383 976 3436 vocanda
1003 3392 1166 3436 esset.
1193 3384 1381 3437 Adfuit
1406 3385 1675 3455 Eutyehes
1703 3402 1827 3439 cum
1854 3388 1974 3441 aliis
2001 3389 2302 3453 monachis,

735 3491 971 3545 quorum
1019 3475 1129 3528 dux
1181 3475 1469 3530 Barsumas
1509 3494 1522 3529 :
1571 3478 1935 3545 pra:sidebant
1994 3479 2304 3540 Dioscorus,

737 3567 1051 3620 Thalassius
1082 3576 1136 3620 et
1163 3568 1460 3622 Juvenalis.
1501 3567 1640 3633 Quid
1688 3570 1874 3638 plura?
1904 3571 2090 3623 datum
2128 3573 2309 3625 conci-

741 3658 813 3710 lio
869 3658 1080 3710 initium
1137 3658 1224 3711 die
1279 3658 1486 3712 decima
1539 3659 1794 3729 Augusti,
1857 3662 1980 3716 finis
2025 3663 2310 3730 impositus

740 3747 1103 3812 duodecima;
1146 3749 1342 3802 relecta
1398 3749 1613 3812 triduo,
1671 3767 1792 3818 qua:
1840 3750 2306 3819 ConstantinOpoli

747 3839 1032 3892 Flavianus
1081 3848 1198 3892 acta
1259 3838 1605 3903 confecerat;
1667 3841 1948 3894 absolutus
2006 3843 2307 3913 Eutychos;

744 3929 1030 3982 damnatus
1053 3929 1339 3983 Flavianus
1366 3941 1421 3984 et
1446 3931 1498 3982 in
1527 3931 1774 3983 exsilium
1805 3932 2019 4000 pulsus;
2048 3933 2308 4002 episcopi,

745 4017 1029 4071 intentatis
1062 4018 1251 4087 jugulo
1299 4018 1510 4087 gladiis,
1565 4020 1616 4072 in
1670 4035 1803 4088 pura
1841 4021 2032 4075 charta
2072 4023 2312 4076 subseri-

746 4110 876 4165 bere
911 4111 1113 4174 coacti;
1149 4111 1394 4179 dejectus
1437 4127 1466 4165 a
1505 4113 1702 4165 throno
1755 4114 2014 4176 Domnus,
2051 4129 2174 4167 cum
2210 4115 2316 4168 Eu-

746 4202 895 4254 sebio
943 4202 1194 4272 Dorylmi,
1235 4203 1527 4258 Sabiniano
1575 4205 1814 4268 Perrhae,
1856 4205 1948 4259 Iba
1984 4207 2218 4268 Edessae,
2254 4222 2316 4260 ac

747 4293 1094 4347 'I‘heodoreto
1167 4293 1290 4362 Cyri
1360 4296 1668 4365 episcopis;
1750 4299 2012 4369 Evagrius
2093 4300 2319 4369 dejectis

749 4383 1061 4452 Aquilinum
1105 4385 1253 4455 Bybli
1293 4397 1570 4453 aceenset;
1608 4391 1887 4459 conjectus
1938 4391 1991 4443 in
2043 4406 2316 4445 carcerem

2408 3214 2527 3266 hem
2572 3211 2791 3265 fiebant.
2831 3209 3135 3263 Voluerunt
3169 3222 3364 3276 nempe
3401 3204 3788 3276 religiosissimi
3823 3203 3976 3272 prin-

2407 3304 2556 3371 cipes
2602 3299 2805 3370 templis
2838 3310 3141 3353 sanctorum
3175 3299 3509 3367 prwsentiam
3537 3312 3688 3348 suam
3717 3294 3976 3357 exhibere,

2406 3393 2741 3463 sacrilegium
2770 3407 2879 3444 esse
2912 3391 3036 3454 rati,
3065 3391 3111 3442 si
3144 3387 3452 3441 solemnium
3484 3387 3716 3439 ordinem
3747 3384 3979 3452 denega-

2409 3491 2540 3535 rent.

2479 3570 2640 3636 Quid,
2681 3570 3023 3624 occasionem
3055 3575 3246 3621 nactus
3275 3565 3536 3636 pontifex,
3569 3580 3689 3618 cum
3723 3565 3982 3633 Augustis

2411 3661 2587 3713 tribus
2645 3659 2853 3728 egerit,
2905 3667 3095 3710 narrat
3145 3657 3438 3724 imperator
3487 3655 3602 3723 ipse
3646 3654 3700 3706 in
3757 3654 3870 3707 suis
3914 3653 3982 3706 ad

2411 3750 2780 3804 Theodosium
2814 3749 3030 3801 litteris.
3076 3766 3092 3796 ι
3133 3747 3267 3800 Cum
3303 3745 3666 3806 advenissem,
3701 3744 3896 3812 inquit,
3926 3743 3981 3796 in

2413 3843 2606 3896 urbem
2636 3843 2859 3894 Romam
2891 3839 2956 3893 ad
2983 3839 3328 3892 Divinitatem
3363 3835 3702 3904 placandam,
3731 3835 3984 3903 sequenti

2413 3932 2503 3987 die
2551 3932 2617 3984 ad
2669 3931 2946 3984 basilicam
2988 3927 3216 3996 apostoli
3272 3925 3415 3978 Petri
3461 3925 3724 3993 processi,
3765 3933 3820 3978 et
3874 3924 3986 3977 illic

2414 4033 2536 4093 post
2562 4022 2923 4076 venerabilem
2952 4029 3166 4073 noctem
3191 4017 3300 4072 diei
3331 4016 3583 4085 apostoli,
3605 4025 3660 4069 et
3688 4031 3716 4069 a
3742 4017 3985 4069 Romano

2415 4116 2692 4184 episcopo,
2725 4122 2781 4166 et
2824 4114 2892 4166 ab
2920 4113 3040 4165 aliis
3064 4127 3186 4166 cum
3219 4125 3286 4164 eo
3325 4125 3387 4162 ex
3427 4108 3657 4161 diversis
3687 4106 3988 4176 provinciis

2417 4209 2758 4277 congregatis
2812 4215 3029 4276 rogatus
3065 4220 3182 4259 sum
3229 4202 3468 4256 scribere
3501 4210 3989 4273 vestrzemansue-

2421 4297 2593 4350 tudini
2639 4297 2705 4349 de
2749 4295 2872 4348 fide.
2919 4314 2935 4345 ι
2977 4294 3113 4347 Tum
3164 4292 3495 4353 admonens,
3540 4306 3646 4358 qua
3697 4287 3990 4342 devotione

2421 4388 2646 4441 deberet
2694 4387 3010 4440 intemerata
3065 4383 3299 4453 propria:
3341 4379 3710 4436 venerationis
3755 4378 3991 4446 dignitas

749 4474 1050 4540 Eusebius;
1101 4477 1390 4531 Flavianus
1440 4478 1811 4547 deportandus
1860 4481 2088 4535 militum
2135 4484 2316 4536 manui
2352 4463 2393 4514 ι)
2423 4480 2581 4534 beato
2619 4479 2779 4532 Petro
2815 4478 2882 4530 ab
2920 4475 3341 4544 imperatoribus
3381 4471 3713 4534 conservari,
3752 4488 3770 4520 ‹
3802 4479 3992 4538 quate-

749 4565 1010 4629 traditus;
1047 4567 1227 4620 omnia
1256 4569 1407 4621 velut
1449 4568 1502 4621 in
1545 4570 1847 4624 latrocinali
1883 4573 2117 4627 tumultu
2147 4585 2316 4644 gesta,

751 4659 895 4712 unde
923 4660 1084 4713 etiam
1113 4661 1319 4730 synodo
1349 4661 1551 4715 factum
1587 4662 1786 4716 infame
1820 4680 2038 4719 nomen.

822 4747 889 4800 Χ.
931 4749 1148 4803 Hilarus
1185 4751 1229 4781 ⁸⁷
1276 4751 1576 4820 legatorum
1623 4769 1785 4816 unus,
1823 4769 1946 4808 cum
1993 4756 2085 4809 diu
2123 4756 2322 4810 frustra

757 4840 1015 4896 Dioscoro
1065 4853 1452 4912 repugnasset,
1497 4843 1736 4898 Leonem
1780 4861 2048 4900 summum
2104 4848 2324 4917 pontiﬁ-

757 4947 876 4986 cem
913 4935 1220 4988 moniturus
1251 4935 1418 5007 fugit;
1456 4936 1748 5002 incertum,
1782 4939 1913 5006 quid
1953 4953 2132 5009 operae
2162 4956 2328 4996 nava-

761 5023 831 5076 rit
881 5023 1160 5089 Julianus;
1222 5026 1460 5080 Renatus
1515 5037 1664 5081 certe
1725 5043 1934 5082 summa
1999 5030 2325 5085 confidentia

759 5113 973 5168 obstitit
1017 5115 1208 5187 synodi
1249 5117 1658 5187 malignantium
1697 5119 1934 5187 prmsidi,
1969 5128 2024 5174 et
2053 5121 2177 5176 inde
2215 5123 2326 5176 lau-

760 5206 885 5260 dem
916 5222 944 5261 a
973 5223 1185 5262 summo
1219 5209 1474 5278 pontifice
1498 5211 1815 5278 promeruit.

833 5296 924 5352 XI.
961 5298 1080 5352 Non
1129 5308 1339 5354 tantum
1387 5299 1636 5365 Hilarus,
1704 5315 1828 5355 eum
1861 5301 2086 5356 Romam
2128 5317 2324 5371 perve-

763 5389 954 5452 nisset,
979 5389 1161 5444 retulit
1197 5390 1264 5444 ad
1299 5398 1543 5445 sanctum
1571 5390 1806 5446 Leonem
1833 5391 1900 5444 de
1936 5407 1993 5445 re
2028 5400 2137 5447 tota
2168 5408 2327 5462 quam

2421 4586 2525 4624 nus
2573 4569 2920 4623 beatissimus
2966 4568 3221 4620 Romana
3258 4564 3499 4619 civitatis
3531 4562 3854 4632 episcopus,
3901 4559 3992 4613 cui

2424 4663 2788 4730 principatum
2817 4658 3100 4712 sacerdotii
3129 4673 3295 4726 super
3319 4671 3507 4710 omnes
3531 4654 3829 4722 antiquitas
3857 4667 3995 4704 con-

2425 4754 2572 4816 tulit,
2602 4754 2780 4805 locum
2818 4752 3016 4803 habeat
3047 4763 3111 4802 ac
3143 4747 3452 4801 facultatem
3487 4745 3555 4799 de
3587 4743 3692 4798 fide
3721 4753 3778 4798 et
3806 4757 3994 4796 sacer-

2429 4844 2652 4898 dotibus
2680 4843 2948 4912 judicare,
2990 4860 3007 4890 ι
3057 4838 3232 4909 pergit
3259 4854 3271 4889 :
3317 4856 3334 4887 ι
3364 4835 3538 4906 Hujus
3566 4834 3644 4887 rei
3686 4832 3883 4902 gratia,
3915 4847 4000 4883 se.

2430 4935 2670 4989 cundum
2703 4933 3099 4987 solemnitatem
3135 4927 3513 4990 conciliorum,
3539 4924 3998 4992 ConstantinOpo-

2431 5028 2632 5080 litanus
2663 5025 2952 5094 episcopus
2995 5038 3119 5077 eum
3163 5019 3476 5091 appellavit,
3516 5023 3740 5088 propter
3769 5022 4000 5069 conten-

2433 5119 2658 5178 tionem,
2683 5131 2804 5184 quaa
2833 5123 2949 5167 orta
2977 5121 3061 5167 est
3080 5111 3147 5166 de
3173 5111 3296 5165 fide.
3327 5109 3463 5162 Huic
3491 5107 3676 5175 itaque
3704 5100 4001 5173 postulanti

2433 5220 2490 5264 et
2521 5209 2826 5280 conjuranti
2851 5207 3078 5260 salutem
3103 5212 3343 5258 nostram
3367 5213 3731 5260 communem,
3759 5208 4004 5250 annuere

2436 5315 2546 5353 non
2596 5298 2824 5368 negavi,
2879 5303 3151 5366 quatenus
3204 5292 3272 5347 ad
3324 5300 3473 5346 tuam
3529 5285 4001 5344 mansuetudinem

2438 5407 2611 5447 meam
2640 5392 2958 5460 petitionem
2991 5391 3314 5459 ingererem,
3337 5392 3398 5438 ut
3425 5383 3720 5454 praedictus
3748 5378 4005 5436 sacerdos

2109 5542 2422 5602 SCIIULZII
2465 5546 2697 5603 ΝΟΤᾹΞ.

840 5659 882 5730 ξτ
910 5658 1147 5722 Hilarus,
1176 5667 1286 5730 etc.
1315 5658 1436 5714 Vid.
1470 5659 1645 5730 Epist.
1700 5658 2021 5730 S.Leonis,
2062 5659 2268 5715 24.25.
2304 5662 2395 5726 26,
2425 5663 2492 5717 27
2529 5673 2586 5717 et
2634 5663 2724 5717 29.

766 5727 1012 5797 "Vetuit,
1049 5739 1155 5785 etc.
1191 5728 1312 5783 Vid.
1360 5730 1395 5783 Ι.
1437 5745 1486 5784 c.
1520 5727 1681 5801 epist.
1718 5729 1790 5782 25
1834 5740 1891 5783 et
1942 5731 2032 5794 ‘26,
2089 5738 2198 5784 etc.

2839 5663 2884 5692 ’⁵⁸
2909 5659 3195 5715 Rescindit.
3246 5657 3363 5714 Vid.
3391 5657 3430 5713 I.
3465 5668 3517 5711 c.
3549 5653 3708 5724 epist.
3735 5649 3806 5704 22
3828 5657 3884 5706 et
3915 5647 4004 5704 25-
