  <div class='ocr_page' id='page_1' title='image "/cluster/home/n/w/nwhite01/storage/ocr_20150623/84/nnc1.0114605970/078.png"; bbox 0 0 4208 6440; ppageno 0'>
   <div class='ocr_carea' id='block_1_1' title="bbox 201 350 2271 430">
    <p class='ocr_par' dir='ltr' id='par_1_1' title="bbox 201 350 2271 430">
     <span class='ocr_line' id='line_1_1' title="bbox 201 350 2271 430; baseline 0.01 -19"><span class='ocrx_word' id='word_1_1' title='bbox 201 350 285 413; x_wconf 71' lang='lat'><strong>1&#39;37</strong></span> <span class='ocrx_word' id='word_1_2' title='bbox 1363 364 1726 424; x_wconf 80' lang='lat' dir='ltr'><strong>HISTORIA</strong></span> <span class='ocrx_word' id='word_1_3' title='bbox 1766 367 2271 430; x_wconf 79' lang='lat' dir='ltr'><strong>THEODORETI.</strong></span> 
     </span>
    </p>
   </div>
   <div class='ocr_carea' id='block_1_2' title="bbox 3350 381 3453 444">
    <p class='ocr_par' dir='ltr' id='par_1_2' title="bbox 3350 381 3453 444">
     <span class='ocr_line' id='line_1_2' title="bbox 3350 381 3453 444; baseline 0.019 -2"><span class='ocrx_word' id='word_1_4' title='bbox 3350 381 3453 444; x_wconf 80' lang='lat'><strong>138</strong></span> 
     </span>
    </p>
   </div>
   <div class='ocr_carea' id='block_1_3' title="bbox 194 472 3448 560">
    <p class='ocr_par' dir='ltr' id='par_1_3' title="bbox 194 472 3448 560">
     <span class='ocr_line' id='line_1_3' title="bbox 194 472 3448 560; baseline 0.01 -40"><span class='ocrx_word' id='word_1_5' title='bbox 194 472 536 540; x_wconf 42' lang='lat' dir='ltr'><strong>(‘oiigregatis</strong></span> <span class='ocrx_word' id='word_1_6' title='bbox 571 489 636 526; x_wconf 81' lang='lat' dir='ltr'><strong>ex</strong></span> <span class='ocrx_word' id='word_1_7' title='bbox 675 475 822 527; x_wconf 90' lang='lat' dir='ltr'><strong>omni</strong></span> <span class='ocrx_word' id='word_1_8' title='bbox 855 475 987 529; x_wconf 84' lang='lat' dir='ltr'><strong>orbe</strong></span> <span class='ocrx_word' id='word_1_9' title='bbox 1021 476 1184 530; x_wconf 89' lang='lat' dir='ltr'><strong>etiam</strong></span> <span class='ocrx_word' id='word_1_10' title='bbox 1218 480 1444 548; x_wconf 83' lang='lat' dir='ltr'><strong>reliquis</strong></span> <span class='ocrx_word' id='word_1_11' title='bbox 1478 483 1774 536; x_wconf 89' lang='lat' dir='ltr'><strong>sacerdoti-</strong></span> <span class='ocrx_word' id='word_1_12' title='bbox 1805 490 1845 542; x_wconf 83' lang='grc' dir='ltr'>Λ</span> <span class='ocrx_word' id='word_1_13' title='bbox 1877 487 2179 541; x_wconf 81' lang='lat' dir='ltr'><strong>remedium</strong></span> <span class='ocrx_word' id='word_1_14' title='bbox 2223 489 2291 542; x_wconf 90' lang='lat' dir='ltr'><strong>ab</strong></span> <span class='ocrx_word' id='word_1_15' title='bbox 2322 503 2387 542; x_wconf 93' lang='lat' dir='ltr'><strong>eo</strong></span> <span class='ocrx_word' id='word_1_16' title='bbox 2418 489 2712 559; x_wconf 91' lang='lat' dir='ltr'><strong>acciperet,</strong></span> <span class='ocrx_word' id='word_1_17' title='bbox 2740 490 2826 544; x_wconf 93' lang='lat' dir='ltr'><strong>cui</strong></span> <span class='ocrx_word' id='word_1_18' title='bbox 2859 491 3061 560; x_wconf 88' lang='lat' dir='ltr'><strong>primas</strong></span> <span class='ocrx_word' id='word_1_19' title='bbox 3106 494 3159 546; x_wconf 88' lang='lat' dir='ltr'><strong>in</strong></span> <span class='ocrx_word' id='word_1_20' title='bbox 3195 498 3448 552; x_wconf 85' lang='lat' dir='ltr'><strong>omnibus</strong></span> 
     </span>
    </p>
   </div>
   <div class='ocr_carea' id='block_1_4' title="bbox 195 563 1772 642">
    <p class='ocr_par' dir='ltr' id='par_1_4' title="bbox 195 563 1772 642">
     <span class='ocr_line' id='line_1_4' title="bbox 195 563 1772 642; baseline 0.011 -31"><span class='ocrx_word' id='word_1_21' title='bbox 195 563 290 614; x_wconf 70' lang='lat' dir='ltr'><strong>lius</strong></span> <span class='ocrx_word' id='word_1_22' title='bbox 325 565 471 616; x_wconf 87' lang='lat' dir='ltr'><strong>intra</strong></span> <span class='ocrx_word' id='word_1_23' title='bbox 497 565 728 628; x_wconf 90' lang='lat' dir='ltr'><strong>Italiam,</strong></span> <span class='ocrx_word' id='word_1_24' title='bbox 757 569 904 620; x_wconf 90' lang='lat' dir='ltr'><strong>omni</strong></span> <span class='ocrx_word' id='word_1_25' title='bbox 933 570 1250 637; x_wconf 84' lang='lat' dir='ltr'><strong>pra:judicio</strong></span> <span class='ocrx_word' id='word_1_26' title='bbox 1273 572 1547 636; x_wconf 86' lang='lat' dir='ltr'><strong>submoto,</strong></span> <span class='ocrx_word' id='word_1_27' title='bbox 1574 591 1602 627; x_wconf 88' lang='lat' dir='ltr'><strong>a</strong></span> <span class='ocrx_word' id='word_1_28' title='bbox 1630 577 1772 642; x_wconf 87' lang='lat' dir='ltr'><strong>prin-</strong></span> 
     </span>
    </p>
   </div>
   <div class='ocr_carea' id='block_1_5' title="bbox 190 653 1772 733">
    <p class='ocr_par' dir='ltr' id='par_1_5' title="bbox 190 653 1772 733">
     <span class='ocr_line' id='line_1_5' title="bbox 190 653 1772 733; baseline 0.008 -31"><span class='ocrx_word' id='word_1_29' title='bbox 190 653 333 720; x_wconf 78' lang='lat' dir='ltr'><strong>cipio</strong></span> <span class='ocrx_word' id='word_1_30' title='bbox 379 669 598 706; x_wconf 91' lang='lat' dir='ltr'><strong>omnem</strong></span> <span class='ocrx_word' id='word_1_31' title='bbox 645 671 884 718; x_wconf 91' lang='lat' dir='ltr'><strong>causam,</strong></span> <span class='ocrx_word' id='word_1_32' title='bbox 921 673 1040 725; x_wconf 66' lang='lat' dir='ltr'><strong>quae</strong></span> <span class='ocrx_word' id='word_1_33' title='bbox 1087 662 1340 724; x_wconf 90' lang='lat' dir='ltr'><strong>vertitur,</strong></span> <span class='ocrx_word' id='word_1_34' title='bbox 1381 663 1609 716; x_wconf 91' lang='lat' dir='ltr'><strong>sollicita</strong></span> <span class='ocrx_word' id='word_1_35' title='bbox 1647 681 1772 733; x_wconf 90' lang='lat' dir='ltr'><strong>pro-</strong></span> 
     </span>
    </p>
   </div>
   <div class='ocr_carea' id='block_1_6' title="bbox 191 743 1772 821">
    <p class='ocr_par' dir='ltr' id='par_1_6' title="bbox 191 743 1772 821">
     <span class='ocr_line' id='line_1_6' title="bbox 191 743 1772 821; baseline 0.008 -27"><span class='ocrx_word' id='word_1_36' title='bbox 191 743 410 798; x_wconf 91' lang='lat' dir='ltr'><strong>batione</strong></span> <span class='ocrx_word' id='word_1_37' title='bbox 441 761 800 814; x_wconf 79' lang='lat' dir='ltr'><strong>cognoscens,</strong></span> <span class='ocrx_word' id='word_1_38' title='bbox 827 750 1149 802; x_wconf 88' lang='lat' dir='ltr'><strong>sententiam</strong></span> <span class='ocrx_word' id='word_1_39' title='bbox 1183 751 1340 816; x_wconf 91' lang='lat' dir='ltr'><strong>ferat,</strong></span> <span class='ocrx_word' id='word_1_40' title='bbox 1369 767 1530 821; x_wconf 89' lang='lat' dir='ltr'><strong>quam</strong></span> <span class='ocrx_word' id='word_1_41' title='bbox 1563 753 1697 808; x_wconf 82' lang='lat' dir='ltr'><strong>fides</strong></span> <span class='ocrx_word' id='word_1_42' title='bbox 1718 766 1772 807; x_wconf 92' lang='lat' dir='ltr'><strong>et</strong></span> 
     </span>
    </p>
   </div>
   <div class='ocr_carea' id='block_1_7' title="bbox 189 835 1252 908">
    <p class='ocr_par' dir='ltr' id='par_1_7' title="bbox 189 835 1252 908">
     <span class='ocr_line' id='line_1_7' title="bbox 189 835 1252 908; baseline 0.008 -22"><span class='ocrx_word' id='word_1_43' title='bbox 189 835 330 888; x_wconf 81' lang='lat' dir='ltr'><strong>ratio</strong></span> <span class='ocrx_word' id='word_1_44' title='bbox 362 851 507 889; x_wconf 62' lang='lat' dir='ltr'><strong>vera:</strong></span> <span class='ocrx_word' id='word_1_45' title='bbox 540 837 845 892; x_wconf 74' lang='lat' dir='ltr'><strong>divinitatis</strong></span> <span class='ocrx_word' id='word_1_46' title='bbox 876 842 1205 908; x_wconf 81' lang='lat' dir='ltr'><strong>expostulat.</strong></span> <span class='ocrx_word' id='word_1_47' title='bbox 1236 864 1252 893; x_wconf 72' lang='grc' dir='ltr'>ι</span> 
     </span>
    </p>
   </div>
   <div class='ocr_carea' id='block_1_8' title="bbox 250 926 1774 1005">
    <p class='ocr_par' dir='ltr' id='par_1_8' title="bbox 250 926 1774 1005">
     <span class='ocr_line' id='line_1_8' title="bbox 250 926 1774 1005; baseline 0.009 -26"><span class='ocrx_word' id='word_1_48' title='bbox 250 926 718 996; x_wconf 88' lang='lat' dir='ltr'><strong>Congressionem</strong></span> <span class='ocrx_word' id='word_1_49' title='bbox 771 931 1048 999; x_wconf 81' lang='lat' dir='ltr'><strong>pontificis</strong></span> <span class='ocrx_word' id='word_1_50' title='bbox 1101 949 1226 987; x_wconf 88' lang='lat' dir='ltr'><strong>eum</strong></span> <span class='ocrx_word' id='word_1_51' title='bbox 1285 936 1611 1005; x_wconf 89' lang='lat' dir='ltr'><strong>imperatore</strong></span> <span class='ocrx_word' id='word_1_52' title='bbox 1661 940 1774 992; x_wconf 84' lang='lat' dir='ltr'><strong>suis</strong></span> 
     </span>
    </p>
   </div>
   <div class='ocr_carea' id='block_1_9' title="bbox 184 1018 1772 1086">
    <p class='ocr_par' dir='ltr' id='par_1_9' title="bbox 184 1018 1772 1086">
     <span class='ocr_line' id='line_1_9' title="bbox 184 1018 1772 1086; baseline 0.009 -18"><span class='ocrx_word' id='word_1_53' title='bbox 184 1032 310 1069; x_wconf 89' lang='lat' dir='ltr'><strong>eum</strong></span> <span class='ocrx_word' id='word_1_54' title='bbox 355 1018 635 1086; x_wconf 86' lang='lat' dir='ltr'><strong>adjunetis</strong></span> <span class='ocrx_word' id='word_1_55' title='bbox 678 1020 920 1075; x_wconf 89' lang='lat' dir='ltr'><strong>Placidia</strong></span> <span class='ocrx_word' id='word_1_56' title='bbox 972 1027 1189 1077; x_wconf 89' lang='lat' dir='ltr'><strong>curiose</strong></span> <span class='ocrx_word' id='word_1_57' title='bbox 1230 1036 1451 1080; x_wconf 91' lang='lat' dir='ltr'><strong>narrat:</strong></span> <span class='ocrx_word' id='word_1_58' title='bbox 1499 1047 1514 1076; x_wconf 75' lang='grc' dir='ltr'>ι</span> <span class='ocrx_word' id='word_1_59' title='bbox 1550 1028 1684 1082; x_wconf 89' lang='lat' dir='ltr'><strong>Cum</strong></span> <span class='ocrx_word' id='word_1_60' title='bbox 1718 1031 1772 1083; x_wconf 93' lang='lat' dir='ltr'><strong>in</strong></span> 
     </span>
    </p>
   </div>
   <div class='ocr_carea' id='block_1_10' title="bbox 185 1110 1774 1183">
    <p class='ocr_par' dir='ltr' id='par_1_10' title="bbox 185 1110 1774 1183">
     <span class='ocr_line' id='line_1_10' title="bbox 185 1110 1774 1183; baseline 0.009 -23"><span class='ocrx_word' id='word_1_61' title='bbox 185 1110 306 1176; x_wconf 83' lang='lat' dir='ltr'><strong>ipso</strong></span> <span class='ocrx_word' id='word_1_62' title='bbox 337 1110 590 1179; x_wconf 85' lang='lat' dir='ltr'><strong>ingressu</strong></span> <span class='ocrx_word' id='word_1_63' title='bbox 619 1111 860 1166; x_wconf 84' lang='lat' dir='ltr'><strong>civitatis</strong></span> <span class='ocrx_word' id='word_1_64' title='bbox 884 1114 1119 1183; x_wconf 65' lang='lat' dir='ltr'><strong>antiquae</strong></span> <span class='ocrx_word' id='word_1_65' title='bbox 1156 1116 1296 1170; x_wconf 89' lang='lat' dir='ltr'><strong>hanc</strong></span> <span class='ocrx_word' id='word_1_66' title='bbox 1332 1133 1518 1170; x_wconf 90' lang='lat' dir='ltr'><strong>curam</strong></span> <span class='ocrx_word' id='word_1_67' title='bbox 1553 1120 1774 1174; x_wconf 86' lang='lat' dir='ltr'><strong>habuis-</strong></span> 
     </span>
    </p>
   </div>
   <div class='ocr_carea' id='block_1_11' title="bbox 183 1203 1772 1276">
    <p class='ocr_par' dir='ltr' id='par_1_11' title="bbox 183 1203 1772 1276">
     <span class='ocr_line' id='line_1_11' title="bbox 183 1203 1772 1276; baseline 0.004 -23"><span class='ocrx_word' id='word_1_68' title='bbox 183 1215 392 1260; x_wconf 81' lang='lat' dir='ltr'><strong>semus,</strong></span> <span class='ocrx_word' id='word_1_69' title='bbox 425 1211 486 1254; x_wconf 92' lang='lat' dir='ltr'><strong>ut</strong></span> <span class='ocrx_word' id='word_1_70' title='bbox 521 1203 730 1256; x_wconf 90' lang='lat' dir='ltr'><strong>cultum</strong></span> <span class='ocrx_word' id='word_1_71' title='bbox 759 1203 1079 1259; x_wconf 88' lang='lat' dir='ltr'><strong>beatissimo</strong></span> <span class='ocrx_word' id='word_1_72' title='bbox 1111 1207 1272 1260; x_wconf 91' lang='lat' dir='ltr'><strong>Petro</strong></span> <span class='ocrx_word' id='word_1_73' title='bbox 1301 1210 1548 1276; x_wconf 81' lang='lat' dir='ltr'><strong>apostolo</strong></span> <span class='ocrx_word' id='word_1_74' title='bbox 1580 1211 1772 1265; x_wconf 80' lang='lat' dir='ltr'><strong>redde-</strong></span> 
     </span>
    </p>
   </div>
   <div class='ocr_carea' id='block_1_12' title="bbox 184 1293 1774 1368">
    <p class='ocr_par' dir='ltr' id='par_1_12' title="bbox 184 1293 1774 1368">
     <span class='ocr_line' id='line_1_12' title="bbox 184 1293 1774 1368; baseline 0.008 -25"><span class='ocrx_word' id='word_1_75' title='bbox 184 1308 393 1352; x_wconf 89' lang='lat' dir='ltr'><strong>remus,</strong></span> <span class='ocrx_word' id='word_1_76' title='bbox 431 1293 484 1345; x_wconf 91' lang='lat' dir='ltr'><strong>in</strong></span> <span class='ocrx_word' id='word_1_77' title='bbox 533 1294 650 1362; x_wconf 88' lang='lat' dir='ltr'><strong>ipso</strong></span> <span class='ocrx_word' id='word_1_78' title='bbox 693 1295 975 1349; x_wconf 88' lang='lat' dir='ltr'><strong>adorando</strong></span> <span class='ocrx_word' id='word_1_79' title='bbox 1013 1298 1168 1350; x_wconf 81' lang='lat' dir='ltr'><strong>altari</strong></span> <span class='ocrx_word' id='word_1_80' title='bbox 1211 1301 1485 1368; x_wconf 80' lang='lat' dir='ltr'><strong>martyris,</strong></span> <span class='ocrx_word' id='word_1_81' title='bbox 1519 1317 1774 1356; x_wconf 82' lang='lat' dir='ltr'><strong>reveren-</strong></span> 
     </span>
    </p>
   </div>
   <div class='ocr_carea' id='block_1_13' title="bbox 181 1384 1771 1460">
    <p class='ocr_par' dir='ltr' id='par_1_13' title="bbox 181 1384 1771 1460">
     <span class='ocr_line' id='line_1_13' title="bbox 181 1384 1771 1460; baseline 0.007 -24"><span class='ocrx_word' id='word_1_82' title='bbox 181 1384 448 1440; x_wconf 85' lang='lat' dir='ltr'><strong>dissimus</strong></span> <span class='ocrx_word' id='word_1_83' title='bbox 473 1384 583 1439; x_wconf 87' lang='lat' dir='ltr'><strong>Leo</strong></span> <span class='ocrx_word' id='word_1_84' title='bbox 611 1386 905 1456; x_wconf 90' lang='lat' dir='ltr'><strong>episcopus</strong></span> <span class='ocrx_word' id='word_1_85' title='bbox 927 1389 1206 1458; x_wconf 89' lang='lat' dir='ltr'><strong>paululum</strong></span> <span class='ocrx_word' id='word_1_86' title='bbox 1235 1405 1293 1445; x_wconf 92' lang='lat' dir='ltr'><strong>se</strong></span> <span class='ocrx_word' id='word_1_87' title='bbox 1319 1401 1443 1460; x_wconf 91' lang='lat' dir='ltr'><strong>post</strong></span> <span class='ocrx_word' id='word_1_88' title='bbox 1469 1395 1771 1447; x_wconf 88' lang='lat' dir='ltr'><strong>orationem</strong></span> 
     </span>
    </p>
   </div>
   <div class='ocr_carea' id='block_1_14' title="bbox 183 1477 1774 1552">
    <p class='ocr_par' dir='ltr' id='par_1_14' title="bbox 183 1477 1774 1552">
     <span class='ocr_line' id='line_1_14' title="bbox 183 1477 1774 1552; baseline 0.008 -26"><span class='ocrx_word' id='word_1_89' title='bbox 183 1477 463 1537; x_wconf 87' lang='lat' dir='ltr'><strong>retinens,</strong></span> <span class='ocrx_word' id='word_1_90' title='bbox 510 1487 734 1545; x_wconf 88' lang='lat' dir='ltr'><strong>propter</strong></span> <span class='ocrx_word' id='word_1_91' title='bbox 774 1479 1102 1534; x_wconf 86' lang='lat' dir='ltr'><strong>catholicam</strong></span> <span class='ocrx_word' id='word_1_92' title='bbox 1144 1481 1306 1536; x_wconf 81' lang='lat' dir='ltr'><strong>fidem</strong></span> <span class='ocrx_word' id='word_1_93' title='bbox 1353 1483 1498 1552; x_wconf 91' lang='lat' dir='ltr'><strong>apud</strong></span> <span class='ocrx_word' id='word_1_94' title='bbox 1546 1500 1645 1538; x_wconf 90' lang='lat' dir='ltr'><strong>nos</strong></span> <span class='ocrx_word' id='word_1_95' title='bbox 1679 1485 1774 1538; x_wconf 87' lang='lat' dir='ltr'><strong>de-</strong></span> 
     </span>
    </p>
   </div>
   <div class='ocr_carea' id='block_1_15' title="bbox 185 1564 1770 1644">
    <p class='ocr_par' dir='ltr' id='par_1_15' title="bbox 185 1564 1770 1644">
     <span class='ocr_line' id='line_1_15' title="bbox 185 1564 1770 1644; baseline 0.008 -28"><span class='ocrx_word' id='word_1_96' title='bbox 185 1564 358 1624; x_wconf 81' lang='lat' dir='ltr'><strong>flevit,</strong></span> <span class='ocrx_word' id='word_1_97' title='bbox 393 1566 574 1635; x_wconf 89' lang='lat' dir='ltr'><strong>ipsum</strong></span> <span class='ocrx_word' id='word_1_98' title='bbox 599 1566 852 1621; x_wconf 89' lang='lat' dir='ltr'><strong>similiter</strong></span> <span class='ocrx_word' id='word_1_99' title='bbox 873 1585 1145 1624; x_wconf 92' lang='lat' dir='ltr'><strong>summum</strong></span> <span class='ocrx_word' id='word_1_100' title='bbox 1182 1574 1577 1640; x_wconf 84' lang='lat' dir='ltr'><strong>apostolorum,</strong></span> <span class='ocrx_word' id='word_1_101' title='bbox 1609 1590 1770 1644; x_wconf 85' lang='lat' dir='ltr'><strong>quem</strong></span> 
     </span>
    </p>
   </div>
   <div class='ocr_carea' id='block_1_16' title="bbox 184 1659 1772 1737">
    <p class='ocr_par' dir='ltr' id='par_1_16' title="bbox 184 1659 1772 1737">
     <span class='ocr_line' id='line_1_16' title="bbox 184 1659 1772 1737; baseline 0.007 -28"><span class='ocrx_word' id='word_1_102' title='bbox 184 1673 332 1712; x_wconf 89' lang='lat' dir='ltr'><strong>nunc</strong></span> <span class='ocrx_word' id='word_1_103' title='bbox 363 1674 544 1727; x_wconf 88' lang='lat' dir='ltr'><strong>nuper</strong></span> <span class='ocrx_word' id='word_1_104' title='bbox 570 1659 903 1723; x_wconf 89' lang='lat' dir='ltr'><strong>adieramus,</strong></span> <span class='ocrx_word' id='word_1_105' title='bbox 939 1671 1131 1716; x_wconf 89' lang='lat' dir='ltr'><strong>testem</strong></span> <span class='ocrx_word' id='word_1_106' title='bbox 1166 1664 1450 1732; x_wconf 85' lang='lat' dir='ltr'><strong>objiciens,</strong></span> <span class='ocrx_word' id='word_1_107' title='bbox 1487 1668 1772 1737; x_wconf 88' lang='lat' dir='ltr'><strong>episcopo-</strong></span> 
     </span>
    </p>
   </div>
   <div class='ocr_carea' id='block_1_17' title="bbox 184 1749 1772 1823">
    <p class='ocr_par' dir='ltr' id='par_1_17' title="bbox 184 1749 1772 1823">
     <span class='ocr_line' id='line_1_17' title="bbox 184 1749 1772 1823; baseline 0.008 -24"><span class='ocrx_word' id='word_1_108' title='bbox 184 1763 304 1800; x_wconf 87' lang='lat' dir='ltr'><strong>rum</strong></span> <span class='ocrx_word' id='word_1_109' title='bbox 347 1749 707 1804; x_wconf 84' lang='lat' dir='ltr'><strong>multitudine</strong></span> <span class='ocrx_word' id='word_1_110' title='bbox 743 1751 1338 1823; x_wconf 87' lang='lat' dir='ltr'><strong>circumseptus,quos</strong></span> <span class='ocrx_word' id='word_1_111' title='bbox 1363 1770 1427 1808; x_wconf 78' lang='lat' dir='ltr'><strong>ex</strong></span> <span class='ocrx_word' id='word_1_112' title='bbox 1462 1756 1772 1810; x_wconf 89' lang='lat' dir='ltr'><strong>innumera-</strong></span> 
     </span>
    </p>
   </div>
   <div class='ocr_carea' id='block_1_18' title="bbox 182 1838 1770 1915">
    <p class='ocr_par' dir='ltr' id='par_1_18' title="bbox 182 1838 1770 1915">
     <span class='ocr_line' id='line_1_18' title="bbox 182 1838 1770 1915; baseline 0.006 -26"><span class='ocrx_word' id='word_1_113' title='bbox 182 1838 390 1892; x_wconf 88' lang='lat' dir='ltr'><strong>bilibus</strong></span> <span class='ocrx_word' id='word_1_114' title='bbox 440 1839 759 1894; x_wconf 77' lang='lat' dir='ltr'><strong>civitatibus</strong></span> <span class='ocrx_word' id='word_1_115' title='bbox 801 1840 1004 1904; x_wconf 56' lang='lat' dir='ltr'><strong>Italiae,</strong></span> <span class='ocrx_word' id='word_1_116' title='bbox 1054 1858 1153 1911; x_wconf 92' lang='lat' dir='ltr'><strong>pro</strong></span> <span class='ocrx_word' id='word_1_117' title='bbox 1199 1845 1508 1913; x_wconf 89' lang='lat' dir='ltr'><strong>principatu</strong></span> <span class='ocrx_word' id='word_1_118' title='bbox 1566 1847 1770 1915; x_wconf 87' lang='lat' dir='ltr'><strong>proprii</strong></span> 
     </span>
    </p>
   </div>
   <div class='ocr_carea' id='block_1_19' title="bbox 184 1930 1771 2005">
    <p class='ocr_par' dir='ltr' id='par_1_19' title="bbox 184 1930 1771 2005">
     <span class='ocr_line' id='line_1_19' title="bbox 184 1930 1771 2005; baseline 0.005 -22"><span class='ocrx_word' id='word_1_119' title='bbox 184 1931 310 1992; x_wconf 88' lang='lat' dir='ltr'><strong>loci,</strong></span> <span class='ocrx_word' id='word_1_120' title='bbox 345 1946 444 1984; x_wconf 89' lang='lat' dir='ltr'><strong>seu</strong></span> <span class='ocrx_word' id='word_1_121' title='bbox 495 1930 760 2001; x_wconf 82' lang='lat' dir='ltr'><strong>dignitate</strong></span> <span class='ocrx_word' id='word_1_122' title='bbox 812 1932 1056 2002; x_wconf 82' lang='lat' dir='ltr'><strong>collegit,</strong></span> <span class='ocrx_word' id='word_1_123' title='bbox 1106 1944 1161 1987; x_wconf 88' lang='lat' dir='ltr'><strong>et</strong></span> <span class='ocrx_word' id='word_1_124' title='bbox 1205 1936 1390 1989; x_wconf 78' lang='lat' dir='ltr'><strong>verbis</strong></span> <span class='ocrx_word' id='word_1_125' title='bbox 1436 1937 1771 2005; x_wconf 87' lang='lat' dir='ltr'><strong>permiscens</strong></span> 
     </span>
    </p>
   </div>
   <div class='ocr_carea' id='block_1_20' title="bbox 184 2023 1771 2099">
    <p class='ocr_par' dir='ltr' id='par_1_20' title="bbox 184 2023 1771 2099">
     <span class='ocr_line' id='line_1_20' title="bbox 184 2023 1771 2099; baseline 0.005 -24"><span class='ocrx_word' id='word_1_126' title='bbox 184 2023 470 2092; x_wconf 78' lang='lat' dir='ltr'><strong>lacrymas,</strong></span> <span class='ocrx_word' id='word_1_127' title='bbox 507 2023 574 2077; x_wconf 89' lang='lat' dir='ltr'><strong>ad</strong></span> <span class='ocrx_word' id='word_1_128' title='bbox 601 2024 1048 2079; x_wconf 89' lang='lat' dir='ltr'><strong>communionem</strong></span> <span class='ocrx_word' id='word_1_129' title='bbox 1080 2027 1166 2080; x_wconf 89' lang='lat' dir='ltr'><strong>sui</strong></span> <span class='ocrx_word' id='word_1_130' title='bbox 1200 2025 1362 2082; x_wconf 82' lang='lat' dir='ltr'><strong>ﬂetus</strong></span> <span class='ocrx_word' id='word_1_131' title='bbox 1396 2039 1612 2083; x_wconf 89' lang='lat' dir='ltr'><strong>nostros</strong></span> <span class='ocrx_word' id='word_1_132' title='bbox 1635 2046 1771 2099; x_wconf 90' lang='lat' dir='ltr'><strong>quo-</strong></span> 
     </span>
    </p>
   </div>
   <div class='ocr_carea' id='block_1_21' title="bbox 183 2117 1116 2186">
    <p class='ocr_par' dir='ltr' id='par_1_21' title="bbox 183 2117 1116 2186">
     <span class='ocr_line' id='line_1_21' title="bbox 183 2117 1116 2186; baseline 0.003 -17"><span class='ocrx_word' id='word_1_133' title='bbox 183 2131 284 2184; x_wconf 91' lang='lat' dir='ltr'><strong>que</strong></span> <span class='ocrx_word' id='word_1_134' title='bbox 307 2117 555 2186; x_wconf 83' lang='lat' dir='ltr'><strong>gemitus</strong></span> <span class='ocrx_word' id='word_1_135' title='bbox 585 2117 926 2186; x_wconf 81' lang='lat' dir='ltr'><strong>provocavit,</strong></span> <span class='ocrx_word' id='word_1_136' title='bbox 961 2136 978 2168; x_wconf 86' lang='grc'><strong>›</strong></span> <span class='ocrx_word' id='word_1_137' title='bbox 1009 2127 1116 2172; x_wconf 90' lang='lat' dir='ltr'><strong>etc.</strong></span> 
     </span>
    </p>
   </div>
   <div class='ocr_carea' id='block_1_22' title="bbox 249 2207 1769 2282">
    <p class='ocr_par' dir='ltr' id='par_1_22' title="bbox 249 2207 1769 2282">
     <span class='ocr_line' id='line_1_22' title="bbox 249 2207 1769 2282; baseline 0.004 -22"><span class='ocrx_word' id='word_1_138' title='bbox 249 2207 447 2261; x_wconf 89' lang='lat' dir='ltr'><strong>Tantis</strong></span> <span class='ocrx_word' id='word_1_139' title='bbox 481 2209 742 2277; x_wconf 86' lang='lat' dir='ltr'><strong>precibus</strong></span> <span class='ocrx_word' id='word_1_140' title='bbox 774 2208 910 2263; x_wconf 89' lang='lat' dir='ltr'><strong>nihil</strong></span> <span class='ocrx_word' id='word_1_141' title='bbox 943 2209 1174 2264; x_wconf 87' lang='lat' dir='ltr'><strong>indulsit</strong></span> <span class='ocrx_word' id='word_1_142' title='bbox 1201 2209 1564 2277; x_wconf 87' lang='lat' dir='ltr'><strong>Theodosius,</strong></span> <span class='ocrx_word' id='word_1_143' title='bbox 1597 2229 1769 2282; x_wconf 88' lang='lat' dir='ltr'><strong>usque</strong></span> 
     </span>
    </p>
   </div>
   <div class='ocr_carea' id='block_1_23' title="bbox 182 2298 1769 2368">
    <p class='ocr_par' dir='ltr' id='par_1_23' title="bbox 182 2298 1769 2368">
     <span class='ocr_line' id='line_1_23' title="bbox 182 2298 1769 2368; baseline 0.003 -17"><span class='ocrx_word' id='word_1_144' title='bbox 182 2298 313 2352; x_wconf 90' lang='lat' dir='ltr'><strong>adeo</strong></span> <span class='ocrx_word' id='word_1_145' title='bbox 342 2298 676 2368; x_wconf 72' lang='lat' dir='ltr'><strong>Chrysaphii</strong></span> <span class='ocrx_word' id='word_1_146' title='bbox 707 2299 920 2353; x_wconf 90' lang='lat' dir='ltr'><strong>artibus</strong></span> <span class='ocrx_word' id='word_1_147' title='bbox 954 2299 1316 2365; x_wconf 89' lang='lat' dir='ltr'><strong>illudebatur;</strong></span> <span class='ocrx_word' id='word_1_148' title='bbox 1358 2301 1467 2354; x_wconf 92' lang='lat' dir='ltr'><strong>imo</strong></span> <span class='ocrx_word' id='word_1_149' title='bbox 1497 2319 1597 2356; x_wconf 88' lang='lat' dir='ltr'><strong>nec</strong></span> <span class='ocrx_word' id='word_1_150' title='bbox 1625 2304 1769 2356; x_wconf 84' lang='lat' dir='ltr'><strong>aliud</strong></span> 
     </span>
    </p>
   </div>
   <div class='ocr_carea' id='block_1_24' title="bbox 183 2390 1771 2461">
    <p class='ocr_par' dir='ltr' id='par_1_24' title="bbox 183 2390 1771 2461">
     <span class='ocr_line' id='line_1_24' title="bbox 183 2390 1771 2461; baseline 0.003 -19"><span class='ocrx_word' id='word_1_151' title='bbox 183 2406 513 2458; x_wconf 78' lang='lat' dir='ltr'><strong>responsum</strong></span> <span class='ocrx_word' id='word_1_152' title='bbox 565 2390 754 2455; x_wconf 87' lang='lat' dir='ltr'><strong>dedit,</strong></span> <span class='ocrx_word' id='word_1_153' title='bbox 805 2406 969 2460; x_wconf 90' lang='lat' dir='ltr'><strong>quam</strong></span> <span class='ocrx_word' id='word_1_154' title='bbox 1018 2407 1130 2461; x_wconf 90' lang='lat' dir='ltr'><strong>quo</strong></span> <span class='ocrx_word' id='word_1_155' title='bbox 1179 2392 1494 2446; x_wconf 88' lang='lat' dir='ltr'><strong>Flavianum</strong></span> <span class='ocrx_word' id='word_1_156' title='bbox 1544 2394 1771 2446; x_wconf 71' lang='lat' dir='ltr'><strong>turbata.-</strong></span> 
     </span>
    </p>
   </div>
   <div class='ocr_carea' id='block_1_25' title="bbox 185 2479 1768 2552">
    <p class='ocr_par' dir='ltr' id='par_1_25' title="bbox 185 2479 1768 2552">
     <span class='ocr_line' id='line_1_25' title="bbox 185 2479 1768 2552; baseline 0.001 -20"><span class='ocrx_word' id='word_1_157' title='bbox 185 2479 443 2533; x_wconf 72' lang='lat' dir='ltr'><strong>Ecclesize</strong></span> <span class='ocrx_word' id='word_1_158' title='bbox 475 2480 681 2534; x_wconf 88' lang='lat' dir='ltr'><strong>invidia</strong></span> <span class='ocrx_word' id='word_1_159' title='bbox 709 2489 986 2542; x_wconf 86' lang='lat' dir='ltr'><strong>oneraret,</strong></span> <span class='ocrx_word' id='word_1_160' title='bbox 1017 2481 1430 2552; x_wconf 90' lang='lat' dir='ltr'><strong>velletquejure</strong></span> <span class='ocrx_word' id='word_1_161' title='bbox 1461 2481 1768 2551; x_wconf 79' lang='lat' dir='ltr'><strong>depositum</strong></span> 
     </span>
    </p>
   </div>
   <div class='ocr_carea' id='block_1_26' title="bbox 184 2570 1771 2642">
    <p class='ocr_par' dir='ltr' id='par_1_26' title="bbox 184 2570 1771 2642">
     <span class='ocr_line' id='line_1_26' title="bbox 184 2570 1771 2642; baseline 0.003 -19"><span class='ocrx_word' id='word_1_162' title='bbox 184 2570 352 2624; x_wconf 86' lang='lat' dir='ltr'><strong>credi.</strong></span> <span class='ocrx_word' id='word_1_163' title='bbox 419 2571 677 2625; x_wconf 80' lang='lat' dir='ltr'><strong>Nondum</strong></span> <span class='ocrx_word' id='word_1_164' title='bbox 735 2572 1113 2626; x_wconf 88' lang='lat' dir='ltr'><strong>sanctissimus</strong></span> <span class='ocrx_word' id='word_1_165' title='bbox 1159 2572 1284 2626; x_wconf 78' lang='lat' dir='ltr'><strong>fidei</strong></span> <span class='ocrx_word' id='word_1_166' title='bbox 1337 2572 1594 2626; x_wconf 92' lang='lat' dir='ltr'><strong>defensor</strong></span> <span class='ocrx_word' id='word_1_167' title='bbox 1658 2575 1771 2642; x_wconf 87' lang='lat' dir='ltr'><strong>glo-</strong></span> 
     </span>
    </p>
   </div>
   <div class='ocr_carea' id='block_1_27' title="bbox 186 2661 1769 2736">
    <p class='ocr_par' dir='ltr' id='par_1_27' title="bbox 186 2661 1769 2736">
     <span class='ocr_line' id='line_1_27' title="bbox 186 2661 1769 2736; baseline 0.003 -22"><span class='ocrx_word' id='word_1_168' title='bbox 186 2663 331 2716; x_wconf 89' lang='lat' dir='ltr'><strong>rioso</strong></span> <span class='ocrx_word' id='word_1_169' title='bbox 376 2661 485 2716; x_wconf 85' lang='lat' dir='ltr'><strong>fine</strong></span> <span class='ocrx_word' id='word_1_170' title='bbox 529 2662 672 2716; x_wconf 91' lang='lat' dir='ltr'><strong>diem</strong></span> <span class='ocrx_word' id='word_1_171' title='bbox 715 2663 1015 2730; x_wconf 87' lang='lat' dir='ltr'><strong>clauserat;</strong></span> <span class='ocrx_word' id='word_1_172' title='bbox 1055 2664 1149 2718; x_wconf 91' lang='lat' dir='ltr'><strong>sed</strong></span> <span class='ocrx_word' id='word_1_173' title='bbox 1180 2665 1428 2736; x_wconf 62' lang='lat' dir='ltr'><strong>Hypaepis</strong></span> <span class='ocrx_word' id='word_1_174' title='bbox 1463 2666 1517 2718; x_wconf 91' lang='lat' dir='ltr'><strong>in</strong></span> <span class='ocrx_word' id='word_1_175' title='bbox 1550 2666 1769 2718; x_wconf 81' lang='lat' dir='ltr'><strong>civitate</strong></span> 
     </span>
    </p>
   </div>
   <div class='ocr_carea' id='block_1_28' title="bbox 186 2753 1767 2826">
    <p class='ocr_par' dir='ltr' id='par_1_28' title="bbox 186 2753 1767 2826">
     <span class='ocr_line' id='line_1_28' title="bbox 186 2753 1767 2826; baseline 0.002 -19"><span class='ocrx_word' id='word_1_176' title='bbox 186 2753 366 2824; x_wconf 69' lang='lat' dir='ltr'><strong>Lydia:</strong></span> <span class='ocrx_word' id='word_1_177' title='bbox 391 2754 704 2817; x_wconf 82' lang='lat' dir='ltr'><strong>exsulabat,</strong></span> <span class='ocrx_word' id='word_1_178' title='bbox 732 2755 823 2808; x_wconf 89' lang='lat' dir='ltr'><strong>ubi</strong></span> <span class='ocrx_word' id='word_1_179' title='bbox 850 2765 969 2824; x_wconf 82' lang='lat' dir='ltr'><strong>post</strong></span> <span class='ocrx_word' id='word_1_180' title='bbox 997 2772 1090 2811; x_wconf 79' lang='lat' dir='ltr'><strong>sex</strong></span> <span class='ocrx_word' id='word_1_181' title='bbox 1113 2772 1140 2810; x_wconf 89' lang='lat' dir='ltr'><strong>a</strong></span> <span class='ocrx_word' id='word_1_182' title='bbox 1164 2756 1504 2826; x_wconf 86' lang='lat' dir='ltr'><strong>depositione</strong></span> <span class='ocrx_word' id='word_1_183' title='bbox 1533 2773 1767 2818; x_wconf 89' lang='lat' dir='ltr'><strong>menses,</strong></span> 
     </span>
    </p>
   </div>
   <div class='ocr_carea' id='block_1_29' title="bbox 187 2847 1774 2916">
    <p class='ocr_par' dir='ltr' id='par_1_29' title="bbox 187 2847 1774 2916">
     <span class='ocr_line' id='line_1_29' title="bbox 187 2847 1774 2916; baseline 0.002 -17"><span class='ocrx_word' id='word_1_184' title='bbox 187 2860 280 2899; x_wconf 81' lang='lat' dir='ltr'><strong>seu</strong></span> <span class='ocrx_word' id='word_1_185' title='bbox 325 2847 756 2916; x_wconf 76' lang='lat' dir='ltr'><strong>superveniente</strong></span> <span class='ocrx_word' id='word_1_186' title='bbox 803 2856 1012 2911; x_wconf 91' lang='lat' dir='ltr'><strong>morte,</strong></span> <span class='ocrx_word' id='word_1_187' title='bbox 1054 2863 1146 2901; x_wconf 88' lang='lat' dir='ltr'><strong>seu</strong></span> <span class='ocrx_word' id='word_1_188' title='bbox 1194 2848 1434 2916; x_wconf 89' lang='lat' dir='ltr'><strong>ingesta,</strong></span> <span class='ocrx_word' id='word_1_189' title='bbox 1480 2848 1774 2902; x_wconf 85' lang='lat' dir='ltr'><strong>defunctus</strong></span> 
     </span>
    </p>
   </div>
   <div class='ocr_carea' id='block_1_30' title="bbox 189 2949 289 2993">
    <p class='ocr_par' dir='ltr' id='par_1_30' title="bbox 189 2949 289 2993">
     <span class='ocr_line' id='line_1_30' title="bbox 189 2949 289 2993; baseline 0.01 -3"><span class='ocrx_word' id='word_1_190' title='bbox 189 2949 289 2993; x_wconf 85' lang='lat' dir='ltr'><strong>est.</strong></span> 
     </span>
    </p>
   </div>
   <div class='ocr_carea' id='block_1_31' title="bbox 256 3027 1769 3101">
    <p class='ocr_par' dir='ltr' id='par_1_31' title="bbox 256 3027 1769 3101">
     <span class='ocr_line' id='line_1_31' title="bbox 256 3027 1769 3101; baseline 0.003 -19"><span class='ocrx_word' id='word_1_191' title='bbox 256 3030 396 3084; x_wconf 79' lang='lat' dir='ltr'><strong>XIII.</strong></span> <span class='ocrx_word' id='word_1_192' title='bbox 429 3027 568 3084; x_wconf 82' lang='lat' dir='ltr'><strong>Dlim</strong></span> <span class='ocrx_word' id='word_1_193' title='bbox 594 3030 708 3084; x_wconf 72' lang='lat' dir='ltr'><strong>haec</strong></span> <span class='ocrx_word' id='word_1_194' title='bbox 736 3039 1026 3099; x_wconf 87' lang='lat' dir='ltr'><strong>geruntur,</strong></span> <span class='ocrx_word' id='word_1_195' title='bbox 1054 3030 1455 3094; x_wconf 86' lang='lat' dir='ltr'><strong>Theodoretus,</strong></span> <span class='ocrx_word' id='word_1_196' title='bbox 1482 3040 1769 3101; x_wconf 87' lang='lat' dir='ltr'><strong>postquam</strong></span> 
     </span>
    </p>
   </div>
   <div class='ocr_carea' id='block_1_32' title="bbox 190 3121 1770 3193">
    <p class='ocr_par' dir='ltr' id='par_1_32' title="bbox 190 3121 1770 3193">
     <span class='ocr_line' id='line_1_32' title="bbox 190 3121 1770 3193; baseline 0.001 -19"><span class='ocrx_word' id='word_1_197' title='bbox 190 3136 244 3174; x_wconf 87' lang='lat' dir='ltr'><strong>se</strong></span> <span class='ocrx_word' id='word_1_198' title='bbox 273 3122 589 3190; x_wconf 90' lang='lat' dir='ltr'><strong>depositum</strong></span> <span class='ocrx_word' id='word_1_199' title='bbox 618 3122 830 3185; x_wconf 86' lang='lat' dir='ltr'><strong>didicit,</strong></span> <span class='ocrx_word' id='word_1_200' title='bbox 859 3121 1103 3175; x_wconf 83' lang='lat' dir='ltr'><strong>decrevit</strong></span> <span class='ocrx_word' id='word_1_201' title='bbox 1134 3123 1197 3175; x_wconf 91' lang='lat' dir='ltr'><strong>ad</strong></span> <span class='ocrx_word' id='word_1_202' title='bbox 1234 3123 1417 3176; x_wconf 88' lang='lat' dir='ltr'><strong>sedem</strong></span> <span class='ocrx_word' id='word_1_203' title='bbox 1454 3123 1610 3193; x_wconf 75' lang='lat'><strong>185</strong></span> <span class='ocrx_word' id='word_1_204' title='bbox 1641 3139 1770 3192; x_wconf 86' lang='lat' dir='ltr'><strong>apo—</strong></span> 
     </span>
    </p>
   </div>
   <div class='ocr_carea' id='block_1_33' title="bbox 191 3211 1771 3282">
    <p class='ocr_par' dir='ltr' id='par_1_33' title="bbox 191 3211 1771 3282">
     <span class='ocr_line' id='line_1_33' title="bbox 191 3211 1771 3282; baseline 0.003 -18"><span class='ocrx_word' id='word_1_205' title='bbox 191 3213 460 3274; x_wconf 85' lang='lat' dir='ltr'><strong>stolicam,</strong></span> <span class='ocrx_word' id='word_1_206' title='bbox 491 3213 598 3266; x_wconf 90' lang='lat' dir='ltr'><strong>hoc</strong></span> <span class='ocrx_word' id='word_1_207' title='bbox 625 3220 730 3275; x_wconf 90' lang='lat' dir='ltr'><strong>est,</strong></span> <span class='ocrx_word' id='word_1_208' title='bbox 755 3211 820 3266; x_wconf 91' lang='lat' dir='ltr'><strong>ad</strong></span> <span class='ocrx_word' id='word_1_209' title='bbox 846 3212 1236 3274; x_wconf 88' lang='lat' dir='ltr'><strong>Ecclesiarum,</strong></span> <span class='ocrx_word' id='word_1_210' title='bbox 1266 3229 1387 3282; x_wconf 82' lang='lat' dir='ltr'><strong>quae</strong></span> <span class='ocrx_word' id='word_1_211' title='bbox 1423 3215 1474 3267; x_wconf 95' lang='lat' dir='ltr'><strong>in</strong></span> <span class='ocrx_word' id='word_1_212' title='bbox 1508 3223 1620 3268; x_wconf 89' lang='lat' dir='ltr'><strong>toto</strong></span> <span class='ocrx_word' id='word_1_213' title='bbox 1644 3225 1771 3268; x_wconf 89' lang='lat' dir='ltr'><strong>sunt</strong></span> 
     </span>
    </p>
   </div>
   <div class='ocr_carea' id='block_1_34' title="bbox 192 3302 1772 3374">
    <p class='ocr_par' dir='ltr' id='par_1_34' title="bbox 192 3302 1772 3374">
     <span class='ocr_line' id='line_1_34' title="bbox 192 3302 1772 3374; baseline 0.002 -20"><span class='ocrx_word' id='word_1_214' title='bbox 192 3304 342 3365; x_wconf 83' lang='lat' dir='ltr'><strong>orbe,</strong></span> <span class='ocrx_word' id='word_1_215' title='bbox 373 3302 752 3374; x_wconf 88' lang='lat' dir='ltr'><strong>principatum</strong></span> <span class='ocrx_word' id='word_1_216' title='bbox 793 3303 1032 3365; x_wconf 90' lang='lat' dir='ltr'><strong>mittere,</strong></span> <span class='ocrx_word' id='word_1_217' title='bbox 1067 3303 1160 3371; x_wconf 88' lang='lat' dir='ltr'><strong>qui</strong></span> <span class='ocrx_word' id='word_1_218' title='bbox 1208 3318 1362 3356; x_wconf 93' lang='lat' dir='ltr'><strong>suam</strong></span> <span class='ocrx_word' id='word_1_219' title='bbox 1402 3319 1619 3357; x_wconf 85' lang='lat' dir='ltr'><strong>causam</strong></span> <span class='ocrx_word' id='word_1_220' title='bbox 1649 3320 1772 3373; x_wconf 82' lang='lat' dir='ltr'><strong>age-</strong></span> 
     </span>
    </p>
   </div>
   <div class='ocr_carea' id='block_1_35' title="bbox 193 3392 1773 3464">
    <p class='ocr_par' dir='ltr' id='par_1_35' title="bbox 193 3392 1773 3464">
     <span class='ocr_line' id='line_1_35' title="bbox 193 3392 1773 3464; baseline -0.001 -16"><span class='ocrx_word' id='word_1_221' title='bbox 193 3404 310 3449; x_wconf 89' lang='lat' dir='ltr'><strong>rent</strong></span> <span class='ocrx_word' id='word_1_222' title='bbox 346 3409 534 3448; x_wconf 90' lang='lat' dir='ltr'><strong>coram</strong></span> <span class='ocrx_word' id='word_1_223' title='bbox 571 3394 721 3462; x_wconf 86' lang='lat' dir='ltr'><strong>justo</strong></span> <span class='ocrx_word' id='word_1_224' title='bbox 750 3393 923 3447; x_wconf 85' lang='lat' dir='ltr'><strong>sancti</strong></span> <span class='ocrx_word' id='word_1_225' title='bbox 963 3392 1163 3447; x_wconf 88' lang='lat' dir='ltr'><strong>Leonis</strong></span> <span class='ocrx_word' id='word_1_226' title='bbox 1195 3393 1479 3446; x_wconf 91' lang='lat' dir='ltr'><strong>tribunali.</strong></span> <span class='ocrx_word' id='word_1_227' title='bbox 1518 3394 1590 3446; x_wconf 87' lang='lat' dir='ltr'><strong>Ea</strong></span> <span class='ocrx_word' id='word_1_228' title='bbox 1628 3394 1773 3464; x_wconf 83' lang='lat' dir='ltr'><strong>lega-</strong></span> 
     </span>
    </p>
   </div>
   <div class='ocr_carea' id='block_1_36' title="bbox 194 3484 1772 3554">
    <p class='ocr_par' dir='ltr' id='par_1_36' title="bbox 194 3484 1772 3554">
     <span class='ocr_line' id='line_1_36' title="bbox 194 3484 1772 3554; baseline 0.001 -16"><span class='ocrx_word' id='word_1_229' title='bbox 194 3488 337 3540; x_wconf 88' lang='lat' dir='ltr'><strong>tione</strong></span> <span class='ocrx_word' id='word_1_230' title='bbox 365 3485 541 3539; x_wconf 81' lang='lat' dir='ltr'><strong>functi</strong></span> <span class='ocrx_word' id='word_1_231' title='bbox 566 3493 694 3538; x_wconf 88' lang='lat' dir='ltr'><strong>sunt</strong></span> <span class='ocrx_word' id='word_1_232' title='bbox 719 3484 1098 3552; x_wconf 84' lang='lat' dir='ltr'><strong>chorepiscOpi</strong></span> <span class='ocrx_word' id='word_1_233' title='bbox 1129 3484 1258 3547; x_wconf 89' lang='lat' dir='ltr'><strong>duo,</strong></span> <span class='ocrx_word' id='word_1_234' title='bbox 1290 3485 1585 3539; x_wconf 84' lang='lat' dir='ltr'><strong>Abramius</strong></span> <span class='ocrx_word' id='word_1_235' title='bbox 1610 3494 1772 3554; x_wconf 85' lang='lat' dir='ltr'><strong>atque</strong></span> 
     </span>
    </p>
   </div>
   <div class='ocr_carea' id='block_1_37' title="bbox 196 3574 1773 3646">
    <p class='ocr_par' dir='ltr' id='par_1_37' title="bbox 196 3574 1773 3646">
     <span class='ocr_line' id='line_1_37' title="bbox 196 3574 1773 3646; baseline 0 -16"><span class='ocrx_word' id='word_1_236' title='bbox 196 3576 493 3646; x_wconf 69' lang='lat' dir='ltr'><strong>Hypatius,</strong></span> <span class='ocrx_word' id='word_1_237' title='bbox 544 3590 668 3630; x_wconf 90' lang='lat' dir='ltr'><strong>cum</strong></span> <span class='ocrx_word' id='word_1_238' title='bbox 719 3574 915 3645; x_wconf 79' lang='lat' dir='ltr'><strong>Alypio</strong></span> <span class='ocrx_word' id='word_1_239' title='bbox 963 3575 1354 3628; x_wconf 88' lang='lat' dir='ltr'><strong>monachorum</strong></span> <span class='ocrx_word' id='word_1_240' title='bbox 1402 3576 1773 3645; x_wconf 63' lang='lat' dir='ltr'><strong>Euphratesiw</strong></span> 
     </span>
    </p>
   </div>
   <div class='ocr_carea' id='block_1_38' title="bbox 194 3660 1804 3736">
    <p class='ocr_par' dir='ltr' id='par_1_38' title="bbox 194 3660 1804 3736">
     <span class='ocr_line' id='line_1_38' title="bbox 194 3660 1804 3736; baseline -0.001 -15"><span class='ocrx_word' id='word_1_241' title='bbox 194 3671 450 3721; x_wconf 80' lang='lat' dir='ltr'><strong>exarcho.</strong></span> <span class='ocrx_word' id='word_1_242' title='bbox 500 3667 740 3721; x_wconf 88' lang='lat' dir='ltr'><strong>Litteras</strong></span> <span class='ocrx_word' id='word_1_243' title='bbox 771 3667 848 3720; x_wconf 94' lang='lat' dir='ltr'><strong>illi</strong></span> <span class='ocrx_word' id='word_1_244' title='bbox 884 3666 1222 3730; x_wconf 90' lang='lat' dir='ltr'><strong>detulerunt,</strong></span> <span class='ocrx_word' id='word_1_245' title='bbox 1246 3667 1447 3736; x_wconf 89' lang='lat' dir='ltr'><strong>quibus</strong></span> <span class='ocrx_word' id='word_1_246' title='bbox 1479 3666 1546 3719; x_wconf 88' lang='lat' dir='ltr'><strong>ad</strong></span> <span class='ocrx_word' id='word_1_247' title='bbox 1588 3660 1804 3722; x_wconf 63' lang='lat' dir='ltr'><strong>sedem&#39;</strong></span> 
     </span>
    </p>
   </div>
   <div class='ocr_carea' id='block_1_39' title="bbox 195 3755 1773 3825">
    <p class='ocr_par' dir='ltr' id='par_1_39' title="bbox 195 3755 1773 3825">
     <span class='ocr_line' id='line_1_39' title="bbox 195 3755 1773 3825; baseline 0.001 -16"><span class='ocrx_word' id='word_1_248' title='bbox 195 3757 552 3824; x_wconf 76' lang='lat' dir='ltr'><strong>apostolicam</strong></span> <span class='ocrx_word' id='word_1_249' title='bbox 588 3755 972 3809; x_wconf 90' lang='lat' dir='ltr'><strong>Theodoretus</strong></span> <span class='ocrx_word' id='word_1_250' title='bbox 1007 3755 1343 3819; x_wconf 88' lang='lat' dir='ltr'><strong>recurrebat,</strong></span> <span class='ocrx_word' id='word_1_251' title='bbox 1378 3775 1394 3806; x_wconf 79' lang='grc' dir='ltr'>ι</span> <span class='ocrx_word' id='word_1_252' title='bbox 1432 3767 1492 3810; x_wconf 92' lang='lat' dir='ltr'><strong>ut</strong></span> <span class='ocrx_word' id='word_1_253' title='bbox 1524 3772 1644 3825; x_wconf 75' lang='lat' dir='ltr'><strong>quze</strong></span> <span class='ocrx_word' id='word_1_254' title='bbox 1679 3757 1773 3810; x_wconf 91' lang='lat' dir='ltr'><strong>ha-</strong></span> 
     </span>
    </p>
   </div>
   <div class='ocr_carea' id='block_1_40' title="bbox 196 3845 1769 3915">
    <p class='ocr_par' dir='ltr' id='par_1_40' title="bbox 196 3845 1769 3915">
     <span class='ocr_line' id='line_1_40' title="bbox 196 3845 1769 3915; baseline 0.001 -15"><span class='ocrx_word' id='word_1_255' title='bbox 196 3846 363 3908; x_wconf 87' lang='lat' dir='ltr'><strong>beret,</strong></span> <span class='ocrx_word' id='word_1_256' title='bbox 398 3846 582 3915; x_wconf 88' lang='lat' dir='ltr'><strong>inquit</strong></span> <span class='ocrx_word' id='word_1_257' title='bbox 611 3848 649 3910; x_wconf 82' lang='lat'><strong>‘,</strong></span> <span class='ocrx_word' id='word_1_258' title='bbox 672 3846 1062 3910; x_wconf 83' lang='lat' dir='ltr'><strong>Ecclesiarum,</strong></span> <span class='ocrx_word' id='word_1_259' title='bbox 1094 3861 1216 3914; x_wconf 69' lang='lat' dir='ltr'><strong>qua:</strong></span> <span class='ocrx_word' id='word_1_260' title='bbox 1244 3845 1298 3899; x_wconf 92' lang='lat' dir='ltr'><strong>in</strong></span> <span class='ocrx_word' id='word_1_261' title='bbox 1327 3853 1439 3900; x_wconf 91' lang='lat' dir='ltr'><strong>toto</strong></span> <span class='ocrx_word' id='word_1_262' title='bbox 1470 3856 1594 3902; x_wconf 93' lang='lat' dir='ltr'><strong>sunt</strong></span> <span class='ocrx_word' id='word_1_263' title='bbox 1617 3849 1769 3911; x_wconf 88' lang='lat' dir='ltr'><strong>orbe,</strong></span> 
     </span>
    </p>
   </div>
   <div class='ocr_carea' id='block_1_41' title="bbox 195 3937 1771 4009">
    <p class='ocr_par' dir='ltr' id='par_1_41' title="bbox 195 3937 1771 4009">
     <span class='ocr_line' id='line_1_41' title="bbox 195 3937 1771 4009; baseline 0.003 -19"><span class='ocrx_word' id='word_1_264' title='bbox 195 3940 599 4008; x_wconf 88' lang='lat' dir='ltr'><strong>principatum,</strong></span> <span class='ocrx_word' id='word_1_265' title='bbox 646 3939 834 3992; x_wconf 88' lang='lat' dir='ltr'><strong>multis</strong></span> <span class='ocrx_word' id='word_1_266' title='bbox 883 3937 1230 4004; x_wconf 89' lang='lat' dir='ltr'><strong>nominibus,</strong></span> <span class='ocrx_word' id='word_1_267' title='bbox 1283 3948 1445 4009; x_wconf 87' lang='lat' dir='ltr'><strong>atque</strong></span> <span class='ocrx_word' id='word_1_268' title='bbox 1503 3940 1606 3993; x_wconf 92' lang='lat' dir='ltr'><strong>hoc</strong></span> <span class='ocrx_word' id='word_1_269' title='bbox 1647 3951 1771 3994; x_wconf 89' lang='lat' dir='ltr'><strong>ante</strong></span> 
     </span>
    </p>
   </div>
   <div class='ocr_carea' id='block_1_42' title="bbox 195 4025 1772 4094">
    <p class='ocr_par' dir='ltr' id='par_1_42' title="bbox 195 4025 1772 4094">
     <span class='ocr_line' id='line_1_42' title="bbox 195 4025 1772 4094; baseline 0.004 -18"><span class='ocrx_word' id='word_1_270' title='bbox 195 4026 396 4086; x_wconf 86' lang='lat' dir='ltr'><strong>omnia,</strong></span> <span class='ocrx_word' id='word_1_271' title='bbox 429 4025 577 4094; x_wconf 90' lang='lat' dir='ltr'><strong>quod</strong></span> <span class='ocrx_word' id='word_1_272' title='bbox 607 4025 674 4079; x_wconf 88' lang='lat' dir='ltr'><strong>ab</strong></span> <span class='ocrx_word' id='word_1_273' title='bbox 702 4025 959 4080; x_wconf 58' lang='lat' dir='ltr'><strong>hatretica</strong></span> <span class='ocrx_word' id='word_1_274' title='bbox 987 4025 1111 4080; x_wconf 91' lang='lat' dir='ltr'><strong>tabe</strong></span> <span class='ocrx_word' id='word_1_275' title='bbox 1138 4027 1398 4083; x_wconf 92' lang='lat' dir='ltr'><strong>immunis</strong></span> <span class='ocrx_word' id='word_1_276' title='bbox 1423 4030 1641 4093; x_wconf 89' lang='lat' dir='ltr'><strong>mansit,</strong></span> <span class='ocrx_word' id='word_1_277' title='bbox 1669 4045 1772 4083; x_wconf 90' lang='lat' dir='ltr'><strong>nec</strong></span> 
     </span>
    </p>
   </div>
   <div class='ocr_carea' id='block_1_43' title="bbox 196 4115 1773 4188">
    <p class='ocr_par' dir='ltr' id='par_1_43' title="bbox 196 4115 1773 4188">
     <span class='ocr_line' id='line_1_43' title="bbox 196 4115 1773 4188; baseline 0.003 -21"><span class='ocrx_word' id='word_1_278' title='bbox 196 4116 333 4169; x_wconf 92' lang='lat' dir='ltr'><strong>ullus</strong></span> <span class='ocrx_word' id='word_1_279' title='bbox 359 4115 642 4169; x_wconf 88' lang='lat' dir='ltr'><strong>contraria</strong></span> <span class='ocrx_word' id='word_1_280' title='bbox 683 4116 940 4170; x_wconf 82' lang='lat' dir='ltr'><strong>sentiens</strong></span> <span class='ocrx_word' id='word_1_281' title='bbox 962 4116 1015 4169; x_wconf 93' lang='lat' dir='ltr'><strong>in</strong></span> <span class='ocrx_word' id='word_1_282' title='bbox 1057 4117 1152 4170; x_wconf 89' lang='lat' dir='ltr'><strong>illa</strong></span> <span class='ocrx_word' id='word_1_283' title='bbox 1187 4118 1349 4182; x_wconf 90' lang='lat' dir='ltr'><strong>sedit,</strong></span> <span class='ocrx_word' id='word_1_284' title='bbox 1387 4119 1482 4173; x_wconf 91' lang='lat' dir='ltr'><strong>sed</strong></span> <span class='ocrx_word' id='word_1_285' title='bbox 1515 4119 1773 4188; x_wconf 87' lang='lat' dir='ltr'><strong>apostoli-</strong></span> 
     </span>
    </p>
   </div>
   <div class='ocr_carea' id='block_1_44' title="bbox 194 4209 1377 4278">
    <p class='ocr_par' dir='ltr' id='par_1_44' title="bbox 194 4209 1377 4278">
     <span class='ocr_line' id='line_1_44' title="bbox 194 4209 1377 4278; baseline -0.002 -15"><span class='ocrx_word' id='word_1_286' title='bbox 194 4224 306 4263; x_wconf 89' lang='lat' dir='ltr'><strong>cam</strong></span> <span class='ocrx_word' id='word_1_287' title='bbox 356 4209 591 4278; x_wconf 82' lang='lat' dir='ltr'><strong>gratiam</strong></span> <span class='ocrx_word' id='word_1_288' title='bbox 637 4209 904 4278; x_wconf 80' lang='lat' dir='ltr'><strong>integram</strong></span> <span class='ocrx_word' id='word_1_289' title='bbox 954 4211 1321 4264; x_wconf 88' lang='lat' dir='ltr'><strong>conservavit.</strong></span> <span class='ocrx_word' id='word_1_290' title='bbox 1360 4230 1377 4261; x_wconf 72' lang='grc' dir='ltr'><strong><em>ι</em></strong></span> 
     </span>
    </p>
   </div>
   <div class='ocr_carea' id='block_1_45' title="bbox 258 4284 1773 4372">
    <p class='ocr_par' dir='ltr' id='par_1_45' title="bbox 258 4284 1773 4372">
     <span class='ocr_line' id='line_1_45' title="bbox 258 4284 1773 4372; baseline 0.003 -20"><span class='ocrx_word' id='word_1_291' title='bbox 258 4299 332 4353; x_wconf 87' lang='lat' dir='ltr'><strong>De</strong></span> <span class='ocrx_word' id='word_1_292' title='bbox 363 4284 595 4353; x_wconf 86' lang='lat' dir='ltr'><strong>recursu</strong></span> <span class='ocrx_word' id='word_1_293' title='bbox 623 4299 953 4353; x_wconf 90' lang='lat' dir='ltr'><strong>Theodoreti</strong></span> <span class='ocrx_word' id='word_1_294' title='bbox 991 4300 1059 4354; x_wconf 88' lang='lat' dir='ltr'><strong>ad</strong></span> <span class='ocrx_word' id='word_1_295' title='bbox 1091 4301 1275 4355; x_wconf 92' lang='lat' dir='ltr'><strong>sedem</strong></span> <span class='ocrx_word' id='word_1_296' title='bbox 1302 4303 1651 4372; x_wconf 79' lang='lat' dir='ltr'><strong>apostolicam</strong></span> <span class='ocrx_word' id='word_1_297' title='bbox 1678 4319 1773 4357; x_wconf 87' lang='lat' dir='ltr'><strong>no-</strong></span> 
     </span>
    </p>
   </div>
   <div class='ocr_carea' id='block_1_46' title="bbox 195 4389 1774 4462">
    <p class='ocr_par' dir='ltr' id='par_1_46' title="bbox 195 4389 1774 4462">
     <span class='ocr_line' id='line_1_46' title="bbox 195 4389 1774 4462; baseline 0.005 -22"><span class='ocrx_word' id='word_1_298' title='bbox 195 4389 415 4443; x_wconf 80' lang='lat' dir='ltr'><strong>vissime</strong></span> <span class='ocrx_word' id='word_1_299' title='bbox 455 4389 861 4444; x_wconf 90' lang='lat' dir='ltr'><strong>contenderunt</strong></span> <span class='ocrx_word' id='word_1_300' title='bbox 904 4391 1140 4462; x_wconf 79' lang='lat' dir='ltr'><strong>theologi</strong></span> <span class='ocrx_word' id='word_1_301' title='bbox 1186 4391 1315 4455; x_wconf 93' lang='lat' dir='ltr'><strong>duo,</strong></span> <span class='ocrx_word' id='word_1_302' title='bbox 1364 4393 1476 4448; x_wconf 92' lang='lat' dir='ltr'><strong>suis</strong></span> <span class='ocrx_word' id='word_1_303' title='bbox 1515 4395 1774 4462; x_wconf 84' lang='lat' dir='ltr'><strong>Operibus</strong></span> 
     </span>
    </p>
   </div>
   <div class='ocr_carea' id='block_1_47' title="bbox 193 4480 1769 4553">
    <p class='ocr_par' dir='ltr' id='par_1_47' title="bbox 193 4480 1769 4553">
     <span class='ocr_line' id='line_1_47' title="bbox 193 4480 1769 4553; baseline 0.004 -21"><span class='ocrx_word' id='word_1_304' title='bbox 193 4480 405 4534; x_wconf 88' lang='lat' dir='ltr'><strong>nobiles</strong></span> <span class='ocrx_word' id='word_1_305' title='bbox 437 4497 449 4532; x_wconf 92' lang='lat'><strong>:</strong></span> <span class='ocrx_word' id='word_1_306' title='bbox 483 4480 620 4534; x_wconf 88' lang='lat' dir='ltr'><strong>alter</strong></span> <span class='ocrx_word' id='word_1_307' title='bbox 656 4480 966 4551; x_wconf 77' lang='lat' dir='ltr'><strong>confugisse</strong></span> <span class='ocrx_word' id='word_1_308' title='bbox 1006 4491 1214 4536; x_wconf 91' lang='lat' dir='ltr'><strong>tantum</strong></span> <span class='ocrx_word' id='word_1_309' title='bbox 1265 4483 1383 4537; x_wconf 92' lang='lat' dir='ltr'><strong>vult</strong></span> <span class='ocrx_word' id='word_1_310' title='bbox 1416 4491 1672 4553; x_wconf 89' lang='lat' dir='ltr'><strong>tanquam</strong></span> <span class='ocrx_word' id='word_1_311' title='bbox 1704 4485 1769 4538; x_wconf 89' lang='lat' dir='ltr'><strong>ad</strong></span> 
     </span>
    </p>
   </div>
   <div class='ocr_carea' id='block_1_48' title="bbox 191 4571 1770 4644">
    <p class='ocr_par' dir='ltr' id='par_1_48' title="bbox 191 4571 1770 4644">
     <span class='ocr_line' id='line_1_48' title="bbox 191 4571 1770 4644; baseline 0.005 -20"><span class='ocrx_word' id='word_1_312' title='bbox 191 4571 544 4640; x_wconf 62' lang='lat' dir='ltr'><strong>praesidium;</strong></span> <span class='ocrx_word' id='word_1_313' title='bbox 590 4571 760 4636; x_wconf 88' lang='lat' dir='ltr'><strong>alter,</strong></span> <span class='ocrx_word' id='word_1_314' title='bbox 809 4573 1108 4642; x_wconf 84' lang='lat' dir='ltr'><strong>appellasse</strong></span> <span class='ocrx_word' id='word_1_315' title='bbox 1155 4575 1303 4627; x_wconf 88' lang='lat' dir='ltr'><strong>velut</strong></span> <span class='ocrx_word' id='word_1_316' title='bbox 1349 4576 1611 4644; x_wconf 92' lang='lat' dir='ltr'><strong>judicem.</strong></span> <span class='ocrx_word' id='word_1_317' title='bbox 1662 4577 1770 4632; x_wconf 89' lang='lat' dir='ltr'><strong>Sua</strong></span> 
     </span>
    </p>
   </div>
   <div class='ocr_carea' id='block_1_49' title="bbox 192 4663 1767 4735">
    <p class='ocr_par' dir='ltr' id='par_1_49' title="bbox 192 4663 1767 4735">
     <span class='ocr_line' id='line_1_49' title="bbox 192 4663 1767 4735; baseline 0.004 -21"><span class='ocrx_word' id='word_1_318' title='bbox 192 4673 316 4715; x_wconf 87' lang='lat' dir='ltr'><strong>sunt</strong></span> <span class='ocrx_word' id='word_1_319' title='bbox 368 4663 595 4731; x_wconf 90' lang='lat' dir='ltr'><strong>utrique</strong></span> <span class='ocrx_word' id='word_1_320' title='bbox 645 4672 994 4732; x_wconf 89' lang='lat' dir='ltr'><strong>argumenta,</strong></span> <span class='ocrx_word' id='word_1_321' title='bbox 1055 4665 1259 4733; x_wconf 86' lang='lat' dir='ltr'><strong>quibus</strong></span> <span class='ocrx_word' id='word_1_322' title='bbox 1307 4666 1397 4719; x_wconf 91' lang='lat' dir='ltr'><strong>ille</strong></span> <span class='ocrx_word' id='word_1_323' title='bbox 1444 4676 1767 4735; x_wconf 90' lang='lat' dir='ltr'><strong>potestatem</strong></span> 
     </span>
    </p>
   </div>
   <div class='ocr_carea' id='block_1_50' title="bbox 190 4755 1766 4825">
    <p class='ocr_par' dir='ltr' id='par_1_50' title="bbox 190 4755 1766 4825">
     <span class='ocr_line' id='line_1_50' title="bbox 190 4755 1766 4825; baseline 0.006 -21"><span class='ocrx_word' id='word_1_324' title='bbox 190 4755 545 4821; x_wconf 79' lang='lat' dir='ltr'><strong>apostolicam</strong></span> <span class='ocrx_word' id='word_1_325' title='bbox 580 4768 834 4809; x_wconf 85' lang='lat' dir='ltr'><strong>coercere</strong></span> <span class='ocrx_word' id='word_1_326' title='bbox 868 4755 1039 4809; x_wconf 88' lang='lat' dir='ltr'><strong>videri</strong></span> <span class='ocrx_word' id='word_1_327' title='bbox 1086 4766 1271 4825; x_wconf 78' lang='lat' dir='ltr'><strong>queat,</strong></span> <span class='ocrx_word' id='word_1_328' title='bbox 1316 4758 1418 4812; x_wconf 87' lang='lat' dir='ltr'><strong>iste</strong></span> <span class='ocrx_word' id='word_1_329' title='bbox 1450 4761 1766 4814; x_wconf 81' lang='lat' dir='ltr'><strong>extendere.</strong></span> 
     </span>
    </p>
   </div>
   <div class='ocr_carea' id='block_1_51' title="bbox 257 4845 1771 4914">
    <p class='ocr_par' dir='ltr' id='par_1_51' title="bbox 257 4845 1771 4914">
     <span class='ocr_line' id='line_1_51' title="bbox 257 4845 1771 4914; baseline 0.007 -17"><span class='ocrx_word' id='word_1_330' title='bbox 257 4845 470 4907; x_wconf 90' lang='lat' dir='ltr'><strong>Li-tem,</strong></span> <span class='ocrx_word' id='word_1_331' title='bbox 517 4854 577 4898; x_wconf 93' lang='lat' dir='ltr'><strong>ut</strong></span> <span class='ocrx_word' id='word_1_332' title='bbox 623 4862 711 4900; x_wconf 91' lang='lat' dir='ltr'><strong>res</strong></span> <span class='ocrx_word' id='word_1_333' title='bbox 758 4856 913 4910; x_wconf 91' lang='lat' dir='ltr'><strong>sunt,</strong></span> <span class='ocrx_word' id='word_1_334' title='bbox 963 4849 1288 4903; x_wconf 89' lang='lat' dir='ltr'><strong>invidiosam</strong></span> <span class='ocrx_word' id='word_1_335' title='bbox 1337 4850 1620 4914; x_wconf 90' lang='lat' dir='ltr'><strong>dirimere,</strong></span> <span class='ocrx_word' id='word_1_336' title='bbox 1669 4868 1771 4907; x_wconf 88' lang='lat' dir='ltr'><strong>nec</strong></span> 
     </span>
    </p>
   </div>
   <div class='ocr_carea' id='block_1_52' title="bbox 193 4936 1772 5007">
    <p class='ocr_par' dir='ltr' id='par_1_52' title="bbox 193 4936 1772 5007">
     <span class='ocr_line' id='line_1_52' title="bbox 193 4936 1772 5007; baseline 0.006 -20"><span class='ocrx_word' id='word_1_337' title='bbox 193 4945 377 4989; x_wconf 84' lang='lat' dir='ltr'><strong>nostra</strong></span> <span class='ocrx_word' id='word_1_338' title='bbox 413 4936 667 5001; x_wconf 90' lang='lat' dir='ltr'><strong>interest,</strong></span> <span class='ocrx_word' id='word_1_339' title='bbox 703 4954 880 5007; x_wconf 89' lang='lat' dir='ltr'><strong>neque</strong></span> <span class='ocrx_word' id='word_1_340' title='bbox 922 4949 1006 4993; x_wconf 90' lang='lat' dir='ltr'><strong>est</strong></span> <span class='ocrx_word' id='word_1_341' title='bbox 1043 4940 1279 4995; x_wconf 91' lang='lat' dir='ltr'><strong>animus.</strong></span> <span class='ocrx_word' id='word_1_342' title='bbox 1325 4941 1486 4996; x_wconf 84' lang='lat' dir='ltr'><strong>Certe</strong></span> <span class='ocrx_word' id='word_1_343' title='bbox 1511 4946 1529 4973; x_wconf 84' lang='grc'>¹</span> <span class='ocrx_word' id='word_1_344' title='bbox 1559 4953 1772 4998; x_wconf 83' lang='lat' dir='ltr'><strong>constat</strong></span> 
     </span>
    </p>
   </div>
   <div class='ocr_carea' id='block_1_53' title="bbox 191 5023 1769 5096">
    <p class='ocr_par' dir='ltr' id='par_1_53' title="bbox 191 5023 1769 5096">
     <span class='ocr_line' id='line_1_53' title="bbox 191 5023 1769 5096; baseline 0.007 -20"><span class='ocrx_word' id='word_1_345' title='bbox 191 5023 627 5091; x_wconf 85' lang='lat' dir='ltr'><strong>Theodoretum,</strong></span> <span class='ocrx_word' id='word_1_346' title='bbox 671 5028 716 5081; x_wconf 90' lang='lat' dir='ltr'><strong>si</strong></span> <span class='ocrx_word' id='word_1_347' title='bbox 763 5028 941 5096; x_wconf 89' lang='lat' dir='ltr'><strong>ipsum</strong></span> <span class='ocrx_word' id='word_1_348' title='bbox 987 5030 1263 5095; x_wconf 91' lang='lat' dir='ltr'><strong>audimus,</strong></span> <span class='ocrx_word' id='word_1_349' title='bbox 1301 5033 1324 5084; x_wconf 76' lang='lat' dir='ltr'><strong>i</strong></span> <span class='ocrx_word' id='word_1_350' title='bbox 1358 5048 1371 5084; x_wconf 90' lang='lat'><strong>:</strong></span> <span class='ocrx_word' id='word_1_351' title='bbox 1416 5051 1433 5082; x_wconf 84' lang='grc'><strong>‹</strong></span> <span class='ocrx_word' id='word_1_352' title='bbox 1469 5032 1547 5085; x_wconf 90' lang='lat' dir='ltr'><strong>Ad</strong></span> <span class='ocrx_word' id='word_1_353' title='bbox 1584 5033 1769 5086; x_wconf 91' lang='lat' dir='ltr'><strong>sedem</strong></span> 
     </span>
    </p>
   </div>
   <div class='ocr_carea' id='block_1_54' title="bbox 194 5116 1774 5183">
    <p class='ocr_par' dir='ltr' id='par_1_54' title="bbox 194 5116 1774 5183">
     <span class='ocr_line' id='line_1_54' title="bbox 194 5116 1774 5183; baseline 0.006 -16"><span class='ocrx_word' id='word_1_354' title='bbox 194 5116 552 5182; x_wconf 83' lang='lat' dir='ltr'><strong>apostolicam</strong></span> <span class='ocrx_word' id='word_1_355' title='bbox 607 5119 945 5183; x_wconf 90' lang='lat' dir='ltr'><strong>accurrisse,</strong></span> <span class='ocrx_word' id='word_1_356' title='bbox 983 5131 1042 5174; x_wconf 91' lang='lat' dir='ltr'><strong>ut</strong></span> <span class='ocrx_word' id='word_1_357' title='bbox 1085 5121 1454 5176; x_wconf 87' lang='lat' dir='ltr'><strong>Ecclesiarum</strong></span> <span class='ocrx_word' id='word_1_358' title='bbox 1497 5123 1774 5178; x_wconf 89' lang='lat' dir='ltr'><strong>ulceribus</strong></span> 
     </span>
    </p>
   </div>
   <div class='ocr_carea' id='block_1_55' title="bbox 259 5273 801 5337">
    <p class='ocr_par' dir='ltr' id='par_1_55' title="bbox 259 5273 801 5337">
     <span class='ocr_line' id='line_1_55' title="bbox 259 5273 801 5337; baseline 0.002 -12"><span class='ocrx_word' id='word_1_359' title='bbox 259 5283 300 5309; x_wconf 72' lang='grc'><strong>⁸³</strong></span> <span class='ocrx_word' id='word_1_360' title='bbox 329 5273 523 5326; x_wconf 77' lang='lat' dir='ltr'><strong>Matth.</strong></span> <span class='ocrx_word' id='word_1_361' title='bbox 551 5289 674 5337; x_wconf 78' lang='lat' dir='ltr'><strong>xxv,</strong></span> <span class='ocrx_word' id='word_1_362' title='bbox 714 5273 801 5328; x_wconf 78' lang='lat'><strong>&#39;56.</strong></span> 
     </span>
    </p>
   </div>
   <div class='ocr_carea' id='block_1_56' title="bbox 1806 4525 1854 4583">
    <p class='ocr_par' dir='ltr' id='par_1_56' title="bbox 1806 4525 1854 4583">
     <span class='ocr_line' id='line_1_56' title="bbox 1806 4525 1854 4583; baseline 0 0"><span class='ocrx_word' id='word_1_363' title='bbox 1806 4525 1854 4583; x_wconf 91' lang='lat' dir='ltr'><strong>D</strong></span> 
     </span>
    </p>
   </div>
   <div class='ocr_carea' id='block_1_57' title="bbox 1879 579 3449 654">
    <p class='ocr_par' dir='ltr' id='par_1_57' title="bbox 1879 579 3449 654">
     <span class='ocr_line' id='line_1_57' title="bbox 1879 579 3449 654; baseline 0.007 -27"><span class='ocrx_word' id='word_1_364' title='bbox 1879 585 2064 630; x_wconf 90' lang='lat' dir='ltr'><strong>tenere</strong></span> <span class='ocrx_word' id='word_1_365' title='bbox 2095 579 2372 632; x_wconf 85' lang='lat' dir='ltr'><strong>convenit.</strong></span> <span class='ocrx_word' id='word_1_366' title='bbox 2403 600 2418 629; x_wconf 73' lang='grc' dir='ltr'><strong><em>ι</em></strong></span> <span class='ocrx_word' id='word_1_367' title='bbox 2455 581 2507 632; x_wconf 76' lang='lat'><strong>2.</strong></span> <span class='ocrx_word' id='word_1_368' title='bbox 2539 580 2676 634; x_wconf 88' lang='lat' dir='ltr'><strong>Cum</strong></span> <span class='ocrx_word' id='word_1_369' title='bbox 2707 580 3024 634; x_wconf 90' lang='lat' dir='ltr'><strong>damnatum</strong></span> <span class='ocrx_word' id='word_1_370' title='bbox 3058 595 3120 636; x_wconf 80' lang='lat' dir='ltr'><strong>se</strong></span> <span class='ocrx_word' id='word_1_371' title='bbox 3149 592 3206 637; x_wconf 89' lang='lat' dir='ltr'><strong>et</strong></span> <span class='ocrx_word' id='word_1_372' title='bbox 3233 583 3449 654; x_wconf 87' lang='lat' dir='ltr'><strong>deposi-</strong></span> 
     </span>
    </p>
   </div>
   <div class='ocr_carea' id='block_1_58' title="bbox 1878 669 3450 741">
    <p class='ocr_par' dir='ltr' id='par_1_58' title="bbox 1878 669 3450 741">
     <span class='ocr_line' id='line_1_58' title="bbox 1878 669 3450 741; baseline 0.008 -22"><span class='ocrx_word' id='word_1_373' title='bbox 1878 677 1989 719; x_wconf 92' lang='lat' dir='ltr'><strong>tum</strong></span> <span class='ocrx_word' id='word_1_374' title='bbox 2047 669 2245 736; x_wconf 88' lang='lat' dir='ltr'><strong>injuria</strong></span> <span class='ocrx_word' id='word_1_375' title='bbox 2293 681 2639 737; x_wconf 89' lang='lat' dir='ltr'><strong>quereretur,</strong></span> <span class='ocrx_word' id='word_1_376' title='bbox 2678 671 2924 741; x_wconf 85' lang='lat' dir='ltr'><strong>petiisse,</strong></span> <span class='ocrx_word' id='word_1_377' title='bbox 2961 683 3022 726; x_wconf 89' lang='lat' dir='ltr'><strong>ut</strong></span> <span class='ocrx_word' id='word_1_378' title='bbox 3070 677 3450 731; x_wconf 85' lang='lat' dir='ltr'><strong>sanctissimus</strong></span> 
     </span>
    </p>
   </div>
   <div class='ocr_carea' id='block_1_59' title="bbox 1875 758 3449 835">
    <p class='ocr_par' dir='ltr' id='par_1_59' title="bbox 1875 758 3449 835">
     <span class='ocr_line' id='line_1_59' title="bbox 1875 758 3449 835; baseline 0.009 -26"><span class='ocrx_word' id='word_1_379' title='bbox 1875 767 1929 810; x_wconf 87' lang='lat' dir='ltr'><strong>et</strong></span> <span class='ocrx_word' id='word_1_380' title='bbox 1992 758 2344 813; x_wconf 80' lang='lat' dir='ltr'><strong>beatissimus</strong></span> <span class='ocrx_word' id='word_1_381' title='bbox 2400 760 2585 815; x_wconf 78' lang='lat' dir='ltr'><strong>Romae</strong></span> <span class='ocrx_word' id='word_1_382' title='bbox 2651 763 3100 833; x_wconf 79' lang='lat' dir='ltr'><strong>archiepiscOpus</strong></span> <span class='ocrx_word' id='word_1_383' title='bbox 3152 769 3449 835; x_wconf 89' lang='lat' dir='ltr'><strong>apostolica</strong></span> 
     </span>
    </p>
   </div>
   <div class='ocr_carea' id='block_1_60' title="bbox 1876 858 3448 927">
    <p class='ocr_par' dir='ltr' id='par_1_60' title="bbox 1876 858 3448 927">
     <span class='ocr_line' id='line_1_60' title="bbox 1876 858 3448 927; baseline 0.007 -25"><span class='ocrx_word' id='word_1_384' title='bbox 1876 858 2142 917; x_wconf 88' lang='lat' dir='ltr'><strong>potestate</strong></span> <span class='ocrx_word' id='word_1_385' title='bbox 2204 859 2472 914; x_wconf 89' lang='lat' dir='ltr'><strong>uteretur,</strong></span> <span class='ocrx_word' id='word_1_386' title='bbox 2527 862 2583 907; x_wconf 91' lang='lat' dir='ltr'><strong>et</strong></span> <span class='ocrx_word' id='word_1_387' title='bbox 2637 865 2954 923; x_wconf 89' lang='lat' dir='ltr'><strong>querentem</strong></span> <span class='ocrx_word' id='word_1_388' title='bbox 3010 859 3332 927; x_wconf 59' lang='lat' dir='ltr'><strong>praeciperet</strong></span> <span class='ocrx_word' id='word_1_389' title='bbox 3380 862 3448 914; x_wconf 91' lang='lat' dir='ltr'><strong>ad</strong></span> 
     </span>
    </p>
   </div>
   <div class='ocr_carea' id='block_1_61' title="bbox 1875 944 3451 1020">
    <p class='ocr_par' dir='ltr' id='par_1_61' title="bbox 1875 944 3451 1020">
     <span class='ocr_line' id='line_1_61' title="bbox 1875 944 3451 1020; baseline 0.007 -26"><span class='ocrx_word' id='word_1_390' title='bbox 1875 956 2033 994; x_wconf 78' lang='lat' dir='ltr'><strong>suum</strong></span> <span class='ocrx_word' id='word_1_391' title='bbox 2079 944 2374 997; x_wconf 84' lang='lat' dir='ltr'><strong>concilium</strong></span> <span class='ocrx_word' id='word_1_392' title='bbox 2421 945 2697 998; x_wconf 89' lang='lat' dir='ltr'><strong>advolare.</strong></span> <span class='ocrx_word' id='word_1_393' title='bbox 2743 947 2794 999; x_wconf 76' lang='grc' dir='ltr'><strong>ὅ.</strong></span> <span class='ocrx_word' id='word_1_394' title='bbox 2844 948 3177 1012; x_wconf 84' lang='lat' dir='ltr'><strong>Postulasse,</strong></span> <span class='ocrx_word' id='word_1_395' title='bbox 3215 958 3275 1003; x_wconf 90' lang='lat' dir='ltr'><strong>ut</strong></span> <span class='ocrx_word' id='word_1_396' title='bbox 3304 952 3451 1020; x_wconf 90' lang='lat' dir='ltr'><strong>judi-</strong></span> 
     </span>
    </p>
   </div>
   <div class='ocr_carea' id='block_1_62' title="bbox 1875 1036 3451 1105">
    <p class='ocr_par' dir='ltr' id='par_1_62' title="bbox 1875 1036 3451 1105">
     <span class='ocr_line' id='line_1_62' title="bbox 1875 1036 3451 1105; baseline 0.004 -17"><span class='ocrx_word' id='word_1_397' title='bbox 1875 1036 2019 1088; x_wconf 88' lang='lat' dir='ltr'><strong>cium</strong></span> <span class='ocrx_word' id='word_1_398' title='bbox 2051 1051 2118 1089; x_wconf 83' lang='lat' dir='ltr'><strong>ex</strong></span> <span class='ocrx_word' id='word_1_399' title='bbox 2147 1036 2368 1105; x_wconf 89' lang='lat' dir='ltr'><strong>scriptis</strong></span> <span class='ocrx_word' id='word_1_400' title='bbox 2403 1037 2854 1096; x_wconf 78' lang='lat' dir='ltr'><strong>constitueretur.</strong></span> <span class='ocrx_word' id='word_1_401' title='bbox 2887 1040 2938 1092; x_wconf 72' lang='grc'><strong>4.</strong></span> <span class='ocrx_word' id='word_1_402' title='bbox 2974 1039 3182 1093; x_wconf 79' lang='lat' dir='ltr'><strong>Misisse</strong></span> <span class='ocrx_word' id='word_1_403' title='bbox 3223 1049 3332 1095; x_wconf 84' lang='lat' dir='ltr'><strong>tres</strong></span> <span class='ocrx_word' id='word_1_404' title='bbox 3373 1042 3451 1095; x_wconf 90' lang='lat' dir='ltr'><strong>le-</strong></span> 
     </span>
    </p>
   </div>
   <div class='ocr_carea' id='block_1_63' title="bbox 1873 1126 3448 1196">
    <p class='ocr_par' dir='ltr' id='par_1_63' title="bbox 1873 1126 3448 1196">
     <span class='ocr_line' id='line_1_63' title="bbox 1873 1126 3448 1196; baseline 0.006 -19"><span class='ocrx_word' id='word_1_405' title='bbox 1873 1135 2055 1191; x_wconf 81' lang='lat' dir='ltr'><strong>gatos,</strong></span> <span class='ocrx_word' id='word_1_406' title='bbox 2103 1126 2197 1193; x_wconf 88' lang='lat' dir='ltr'><strong>qui</strong></span> <span class='ocrx_word' id='word_1_407' title='bbox 2241 1127 2485 1180; x_wconf 89' lang='lat' dir='ltr'><strong>absentis</strong></span> <span class='ocrx_word' id='word_1_408' title='bbox 2533 1135 2716 1196; x_wconf 91' lang='lat' dir='ltr'><strong>partes</strong></span> <span class='ocrx_word' id='word_1_409' title='bbox 2760 1138 3002 1195; x_wconf 83' lang='lat' dir='ltr'><strong>agerent.</strong></span> <span class='ocrx_word' id='word_1_410' title='bbox 3044 1129 3096 1182; x_wconf 85' lang='lat'><strong>5.</strong></span> <span class='ocrx_word' id='word_1_411' title='bbox 3133 1129 3448 1186; x_wconf 90' lang='lat' dir='ltr'><strong>lnstitutum</strong></span> 
     </span>
    </p>
   </div>
   <div class='ocr_carea' id='block_1_64' title="bbox 1875 1215 3452 1290">
    <p class='ocr_par' dir='ltr' id='par_1_64' title="bbox 1875 1215 3452 1290">
     <span class='ocr_line' id='line_1_64' title="bbox 1875 1215 3452 1290; baseline 0.006 -23"><span class='ocrx_word' id='word_1_412' title='bbox 1875 1215 2039 1269; x_wconf 87' lang='lat' dir='ltr'><strong>fuisse</strong></span> <span class='ocrx_word' id='word_1_413' title='bbox 2063 1216 2353 1285; x_wconf 88' lang='lat' dir='ltr'><strong>judicium,</strong></span> <span class='ocrx_word' id='word_1_414' title='bbox 2379 1218 2524 1285; x_wconf 87' lang='lat' dir='ltr'><strong>quod</strong></span> <span class='ocrx_word' id='word_1_415' title='bbox 2549 1218 3012 1274; x_wconf 86' lang='lat' dir='ltr'><strong>Chalcedonensis</strong></span> <span class='ocrx_word' id='word_1_416' title='bbox 3039 1221 3297 1290; x_wconf 78' lang='lat' dir='ltr'><strong>synodus,</strong></span> <span class='ocrx_word' id='word_1_417' title='bbox 3324 1223 3452 1278; x_wconf 89' lang='lat' dir='ltr'><strong>licet</strong></span> 
     </span>
    </p>
   </div>
   <div class='ocr_carea' id='block_1_65' title="bbox 1874 1304 3452 1368">
    <p class='ocr_par' dir='ltr' id='par_1_65' title="bbox 1874 1304 3452 1368">
     <span class='ocr_line' id='line_1_65' title="bbox 1874 1304 3452 1368; baseline 0.005 -12"><span class='ocrx_word' id='word_1_418' title='bbox 1874 1305 2153 1357; x_wconf 88' lang='lat' dir='ltr'><strong>nonnullis</strong></span> <span class='ocrx_word' id='word_1_419' title='bbox 2190 1304 2348 1358; x_wconf 90' lang='lat' dir='ltr'><strong>initio</strong></span> <span class='ocrx_word' id='word_1_420' title='bbox 2382 1305 2766 1368; x_wconf 79' lang='lat' dir='ltr'><strong>renitentibus,</strong></span> <span class='ocrx_word' id='word_1_421' title='bbox 2809 1316 2997 1360; x_wconf 91' lang='lat' dir='ltr'><strong>secuta</strong></span> <span class='ocrx_word' id='word_1_422' title='bbox 3028 1307 3118 1361; x_wconf 90' lang='lat' dir='ltr'><strong>sit.</strong></span> <span class='ocrx_word' id='word_1_423' title='bbox 3150 1308 3202 1362; x_wconf 91' lang='lat'><strong>6.</strong></span> <span class='ocrx_word' id='word_1_424' title='bbox 3246 1309 3452 1364; x_wconf 84' lang='lat' dir='ltr'><strong>Reddi-</strong></span> 
     </span>
    </p>
   </div>
   <div class='ocr_carea' id='block_1_66' title="bbox 1874 1393 3453 1468">
    <p class='ocr_par' dir='ltr' id='par_1_66' title="bbox 1874 1393 3453 1468">
     <span class='ocr_line' id='line_1_66' title="bbox 1874 1393 3453 1468; baseline 0.007 -23"><span class='ocrx_word' id='word_1_425' title='bbox 1874 1403 1982 1446; x_wconf 89' lang='lat' dir='ltr'><strong>tam</strong></span> <span class='ocrx_word' id='word_1_426' title='bbox 2017 1393 2204 1448; x_wconf 89' lang='lat' dir='ltr'><strong>sedem</strong></span> <span class='ocrx_word' id='word_1_427' title='bbox 2242 1395 2472 1459; x_wconf 90' lang='lat' dir='ltr'><strong>homini,</strong></span> <span class='ocrx_word' id='word_1_428' title='bbox 2504 1411 2666 1464; x_wconf 90' lang='lat' dir='ltr'><strong>quem</strong></span> <span class='ocrx_word' id='word_1_429' title='bbox 2713 1397 2955 1467; x_wconf 84' lang='lat' dir='ltr'><strong>synodus</strong></span> <span class='ocrx_word' id='word_1_430' title='bbox 2987 1397 3294 1468; x_wconf 85' lang='lat' dir='ltr'><strong>dejecisset.</strong></span> <span class='ocrx_word' id='word_1_431' title='bbox 3327 1400 3453 1456; x_wconf 70' lang='lat' dir='ltr'><strong>Ilmc</strong></span> 
     </span>
    </p>
   </div>
   <div class='ocr_carea' id='block_1_67' title="bbox 1873 1486 3490 1561">
    <p class='ocr_par' dir='ltr' id='par_1_67' title="bbox 1873 1486 3490 1561">
     <span class='ocr_line' id='line_1_67' title="bbox 1873 1486 3490 1561; baseline 0.007 -26"><span class='ocrx_word' id='word_1_432' title='bbox 1873 1495 2056 1537; x_wconf 91' lang='lat' dir='ltr'><strong>autem</strong></span> <span class='ocrx_word' id='word_1_433' title='bbox 2105 1486 2149 1538; x_wconf 89' lang='lat' dir='ltr'><strong>si</strong></span> <span class='ocrx_word' id='word_1_434' title='bbox 2191 1487 2463 1554; x_wconf 87' lang='lat' dir='ltr'><strong>appellare</strong></span> <span class='ocrx_word' id='word_1_435' title='bbox 2487 1487 2727 1556; x_wconf 90' lang='lat' dir='ltr'><strong>judicem</strong></span> <span class='ocrx_word' id='word_1_436' title='bbox 2773 1505 2880 1541; x_wconf 90' lang='lat' dir='ltr'><strong>non</strong></span> <span class='ocrx_word' id='word_1_437' title='bbox 2919 1498 3023 1554; x_wconf 91' lang='lat' dir='ltr'><strong>est,</strong></span> <span class='ocrx_word' id='word_1_438' title='bbox 3054 1489 3186 1560; x_wconf 90' lang='lat' dir='ltr'><strong>quid</strong></span> <span class='ocrx_word' id='word_1_439' title='bbox 3231 1492 3450 1547; x_wconf 87' lang='lat' dir='ltr'><strong>tandem</strong></span> <span class='ocrx_word' id='word_1_440' title='bbox 3483 1553 3490 1561; x_wconf 32' lang='lat'><em>.</em></span> 
     </span>
    </p>
   </div>
   <div class='ocr_carea' id='block_1_68' title="bbox 1872 1580 1986 1630">
    <p class='ocr_par' dir='ltr' id='par_1_68' title="bbox 1872 1580 1986 1630">
     <span class='ocr_line' id='line_1_68' title="bbox 1872 1580 1986 1630; baseline -0.009 0"><span class='ocrx_word' id='word_1_441' title='bbox 1872 1580 1986 1630; x_wconf 80' lang='lat' dir='ltr'><strong>est?</strong></span> 
     </span>
    </p>
   </div>
   <div class='ocr_carea' id='block_1_69' title="bbox 1944 1670 3451 1742">
    <p class='ocr_par' dir='ltr' id='par_1_69' title="bbox 1944 1670 3451 1742">
     <span class='ocr_line' id='line_1_69' title="bbox 1944 1670 3451 1742; baseline 0.005 -19"><span class='ocrx_word' id='word_1_442' title='bbox 1944 1670 2343 1740; x_wconf 76' lang='lat' dir='ltr'><strong>XlV.‘Seripsit</strong></span> <span class='ocrx_word' id='word_1_443' title='bbox 2366 1671 2558 1725; x_wconf 91' lang='lat' dir='ltr'><strong>eodem</strong></span> <span class='ocrx_word' id='word_1_444' title='bbox 2599 1672 2712 1727; x_wconf 84' lang='lat' dir='ltr'><strong>fere</strong></span> <span class='ocrx_word' id='word_1_445' title='bbox 2751 1683 2998 1742; x_wconf 86' lang='lat' dir='ltr'><strong>tempore</strong></span> <span class='ocrx_word' id='word_1_446' title='bbox 3025 1675 3040 1691; x_wconf 84' lang='grc'>⁶</span> <span class='ocrx_word' id='word_1_447' title='bbox 3073 1674 3451 1731; x_wconf 88' lang='lat' dir='ltr'><strong>Theodoretus</strong></span> 
     </span>
    </p>
   </div>
   <div class='ocr_carea' id='block_1_70' title="bbox 1873 1760 3450 1832">
    <p class='ocr_par' dir='ltr' id='par_1_70' title="bbox 1873 1760 3450 1832">
     <span class='ocr_line' id='line_1_70' title="bbox 1873 1760 3450 1832; baseline 0.004 -20"><span class='ocrx_word' id='word_1_448' title='bbox 1873 1760 1936 1813; x_wconf 91' lang='lat' dir='ltr'><strong>ad</strong></span> <span class='ocrx_word' id='word_1_449' title='bbox 1988 1761 2299 1814; x_wconf 84' lang='lat' dir='ltr'><strong>Anatolium</strong></span> <span class='ocrx_word' id='word_1_450' title='bbox 2356 1762 2645 1828; x_wconf 90' lang='lat' dir='ltr'><strong>patricium</strong></span> <span class='ocrx_word' id='word_1_451' title='bbox 2693 1763 2733 1824; x_wconf 87' lang='grc'>³,</span> <span class='ocrx_word' id='word_1_452' title='bbox 2782 1779 2891 1830; x_wconf 92' lang='lat' dir='ltr'><strong>quo</strong></span> <span class='ocrx_word' id='word_1_453' title='bbox 2935 1772 3170 1832; x_wconf 85' lang='lat' dir='ltr'><strong>patrono</strong></span> <span class='ocrx_word' id='word_1_454' title='bbox 3218 1765 3450 1820; x_wconf 86' lang='lat' dir='ltr'><strong>maxime</strong></span> 
     </span>
    </p>
   </div>
   <div class='ocr_carea' id='block_1_71' title="bbox 1807 1832 3454 1922">
    <p class='ocr_par' dir='ltr' id='par_1_71' title="bbox 1807 1832 3454 1922">
     <span class='ocr_line' id='line_1_71' title="bbox 1807 1832 3454 1922; baseline 0.006 -20"><span class='ocrx_word' id='word_1_455' title='bbox 1807 1832 1844 1884; x_wconf 72' lang='grc' dir='ltr'>Β</span> <span class='ocrx_word' id='word_1_456' title='bbox 1876 1851 2151 1910; x_wconf 89' lang='lat' dir='ltr'><strong>utebatur,</strong></span> <span class='ocrx_word' id='word_1_457' title='bbox 2187 1851 2344 1904; x_wconf 82' lang='lat' dir='ltr'><strong>enixe</strong></span> <span class='ocrx_word' id='word_1_458' title='bbox 2381 1860 2653 1920; x_wconf 89' lang='lat' dir='ltr'><strong>precatus,</strong></span> <span class='ocrx_word' id='word_1_459' title='bbox 2686 1862 2747 1906; x_wconf 91' lang='lat' dir='ltr'><strong>ut</strong></span> <span class='ocrx_word' id='word_1_460' title='bbox 2780 1855 2847 1906; x_wconf 90' lang='lat' dir='ltr'><strong>ab</strong></span> <span class='ocrx_word' id='word_1_461' title='bbox 2879 1855 3207 1922; x_wconf 90' lang='lat' dir='ltr'><strong>imperatore</strong></span> <span class='ocrx_word' id='word_1_462' title='bbox 3237 1857 3454 1913; x_wconf 86' lang='lat' dir='ltr'><strong>obtine-</strong></span> 
     </span>
    </p>
   </div>
   <div class='ocr_carea' id='block_1_72' title="bbox 1875 1940 3448 2000">
    <p class='ocr_par' dir='ltr' id='par_1_72' title="bbox 1875 1940 3448 2000">
     <span class='ocr_line' id='line_1_72' title="bbox 1875 1940 3448 2000; baseline 0.004 -6"><span class='ocrx_word' id='word_1_463' title='bbox 1875 1950 1958 1995; x_wconf 90' lang='lat' dir='ltr'><strong>ret</strong></span> <span class='ocrx_word' id='word_1_464' title='bbox 1981 1941 2082 1994; x_wconf 90' lang='lat' dir='ltr'><strong>sibi</strong></span> <span class='ocrx_word' id='word_1_465' title='bbox 2115 1940 2424 1995; x_wconf 82' lang='lat' dir='ltr'><strong>facultatem</strong></span> <span class='ocrx_word' id='word_1_466' title='bbox 2453 1941 2594 2000; x_wconf 82' lang='lat' dir='ltr'><strong>Iieri,</strong></span> <span class='ocrx_word' id='word_1_467' title='bbox 2614 1944 2698 1996; x_wconf 87' lang='lat' dir='ltr'><strong>vel</strong></span> <span class='ocrx_word' id='word_1_468' title='bbox 2719 1944 2883 1996; x_wconf 86' lang='lat' dir='ltr'><strong>eundi</strong></span> <span class='ocrx_word' id='word_1_469' title='bbox 2909 1944 3135 1998; x_wconf 82' lang='lat' dir='ltr'><strong>Romam</strong></span> <span class='ocrx_word' id='word_1_470' title='bbox 3157 1945 3222 1999; x_wconf 92' lang='lat' dir='ltr'><strong>ad</strong></span> <span class='ocrx_word' id='word_1_471' title='bbox 3251 1948 3448 2000; x_wconf 89' lang='lat' dir='ltr'><strong>summi</strong></span> 
     </span>
    </p>
   </div>
   <div class='ocr_carea' id='block_1_73' title="bbox 1873 2030 3454 2100">
    <p class='ocr_par' dir='ltr' id='par_1_73' title="bbox 1873 2030 3454 2100">
     <span class='ocr_line' id='line_1_73' title="bbox 1873 2030 3454 2100; baseline 0.005 -16"><span class='ocrx_word' id='word_1_472' title='bbox 1873 2030 2148 2099; x_wconf 84' lang='lat' dir='ltr'><strong>pontificis</strong></span> <span class='ocrx_word' id='word_1_473' title='bbox 2177 2031 2468 2100; x_wconf 86' lang='lat' dir='ltr'><strong>judicium,</strong></span> <span class='ocrx_word' id='word_1_474' title='bbox 2515 2033 2599 2086; x_wconf 88' lang='lat' dir='ltr'><strong>vel</strong></span> <span class='ocrx_word' id='word_1_475' title='bbox 2651 2048 2708 2087; x_wconf 92' lang='lat' dir='ltr'><strong>se</strong></span> <span class='ocrx_word' id='word_1_476' title='bbox 2759 2033 2825 2086; x_wconf 88' lang='lat' dir='ltr'><strong>ad</strong></span> <span class='ocrx_word' id='word_1_477' title='bbox 2876 2036 3269 2089; x_wconf 89' lang='lat' dir='ltr'><strong>monasterium</strong></span> <span class='ocrx_word' id='word_1_478' title='bbox 3313 2042 3454 2092; x_wconf 86' lang='lat' dir='ltr'><strong>reci-</strong></span> 
     </span>
    </p>
   </div>
   <div class='ocr_carea' id='block_1_74' title="bbox 1874 2119 3453 2196">
    <p class='ocr_par' dir='ltr' id='par_1_74' title="bbox 1874 2119 3453 2196">
     <span class='ocr_line' id='line_1_74' title="bbox 1874 2119 3453 2196; baseline 0.007 -25"><span class='ocrx_word' id='word_1_479' title='bbox 1874 2119 2078 2187; x_wconf 88' lang='lat' dir='ltr'><strong>piendi,</strong></span> <span class='ocrx_word' id='word_1_480' title='bbox 2100 2119 2244 2188; x_wconf 93' lang='lat' dir='ltr'><strong>quod</strong></span> <span class='ocrx_word' id='word_1_481' title='bbox 2269 2132 2486 2174; x_wconf 88' lang='lat' dir='ltr'><strong>centum</strong></span> <span class='ocrx_word' id='word_1_482' title='bbox 2510 2131 2564 2175; x_wconf 91' lang='lat' dir='ltr'><strong>et</strong></span> <span class='ocrx_word' id='word_1_483' title='bbox 2582 2122 2769 2192; x_wconf 87' lang='lat' dir='ltr'><strong>viginti</strong></span> <span class='ocrx_word' id='word_1_484' title='bbox 2797 2123 3038 2177; x_wconf 90' lang='lat' dir='ltr'><strong>millibus</strong></span> <span class='ocrx_word' id='word_1_485' title='bbox 3053 2123 3215 2195; x_wconf 89' lang='lat' dir='ltr'><strong>Cyro,</strong></span> <span class='ocrx_word' id='word_1_486' title='bbox 3236 2135 3453 2196; x_wconf 88' lang='lat' dir='ltr'><strong>septua-</strong></span> 
     </span>
    </p>
   </div>
   <div class='ocr_carea' id='block_1_75' title="bbox 1872 2213 3339 2284">
    <p class='ocr_par' dir='ltr' id='par_1_75' title="bbox 1872 2213 3339 2284">
     <span class='ocr_line' id='line_1_75' title="bbox 1872 2213 3339 2284; baseline 0.005 -20"><span class='ocrx_word' id='word_1_487' title='bbox 1872 2213 2017 2281; x_wconf 85' lang='lat' dir='ltr'><strong>ginta</strong></span> <span class='ocrx_word' id='word_1_488' title='bbox 2045 2213 2285 2282; x_wconf 88' lang='lat' dir='ltr'><strong>qninque</strong></span> <span class='ocrx_word' id='word_1_489' title='bbox 2315 2214 2626 2277; x_wconf 80' lang='lat' dir='ltr'><strong>Antiochia,</strong></span> <span class='ocrx_word' id='word_1_490' title='bbox 2657 2215 2894 2284; x_wconf 87' lang='lat' dir='ltr'><strong>Apamea</strong></span> <span class='ocrx_word' id='word_1_491' title='bbox 2927 2217 3102 2271; x_wconf 91' lang='lat' dir='ltr'><strong>tribus</strong></span> <span class='ocrx_word' id='word_1_492' title='bbox 3129 2219 3339 2273; x_wconf 89' lang='lat' dir='ltr'><strong>aberat.</strong></span> 
     </span>
    </p>
   </div>
   <div class='ocr_carea' id='block_1_76' title="bbox 1943 2304 3447 2376">
    <p class='ocr_par' dir='ltr' id='par_1_76' title="bbox 1943 2304 3447 2376">
     <span class='ocr_line' id='line_1_76' title="bbox 1943 2304 3447 2376; baseline 0.004 -20"><span class='ocrx_word' id='word_1_493' title='bbox 1943 2304 2082 2358; x_wconf 86' lang='lat' dir='ltr'><strong>Sunt</strong></span> <span class='ocrx_word' id='word_1_494' title='bbox 2135 2305 2228 2373; x_wconf 91' lang='lat' dir='ltr'><strong>qui</strong></span> <span class='ocrx_word' id='word_1_495' title='bbox 2285 2313 2511 2374; x_wconf 84' lang='lat' dir='ltr'><strong>putent,</strong></span> <span class='ocrx_word' id='word_1_496' title='bbox 2566 2315 2824 2359; x_wconf 91' lang='lat' dir='ltr'><strong>neutrum</strong></span> <span class='ocrx_word' id='word_1_497' title='bbox 2877 2307 3200 2376; x_wconf 90' lang='lat' dir='ltr'><strong>impetrasse</strong></span> <span class='ocrx_word' id='word_1_498' title='bbox 3261 2310 3447 2372; x_wconf 92' lang='lat' dir='ltr'><strong>illum,</strong></span> 
     </span>
    </p>
   </div>
   <div class='ocr_carea' id='block_1_77' title="bbox 1872 2394 3452 2470">
    <p class='ocr_par' dir='ltr' id='par_1_77' title="bbox 1872 2394 3452 2470">
     <span class='ocr_line' id='line_1_77' title="bbox 1872 2394 3452 2470; baseline 0.005 -25"><span class='ocrx_word' id='word_1_499' title='bbox 1872 2394 2194 2449; x_wconf 88' lang='lat' dir='ltr'><strong>oblirmante</strong></span> <span class='ocrx_word' id='word_1_500' title='bbox 2235 2395 2582 2464; x_wconf 89' lang='lat' dir='ltr'><strong>imperatoris</strong></span> <span class='ocrx_word' id='word_1_501' title='bbox 2620 2397 2861 2449; x_wconf 92' lang='lat' dir='ltr'><strong>animum</strong></span> <span class='ocrx_word' id='word_1_502' title='bbox 2903 2396 3249 2468; x_wconf 77' lang='lat' dir='ltr'><strong>Chrysaphio</strong></span> <span class='ocrx_word' id='word_1_503' title='bbox 3283 2418 3295 2453; x_wconf 90' lang='lat'>:</span> <span class='ocrx_word' id='word_1_504' title='bbox 3329 2417 3452 2470; x_wconf 85' lang='lat' dir='ltr'><strong>pro-</strong></span> 
     </span>
    </p>
   </div>
   <div class='ocr_carea' id='block_1_78' title="bbox 1874 2485 3452 2558">
    <p class='ocr_par' dir='ltr' id='par_1_78' title="bbox 1874 2485 3452 2558">
     <span class='ocr_line' id='line_1_78' title="bbox 1874 2485 3452 2558; baseline 0.004 -20"><span class='ocrx_word' id='word_1_505' title='bbox 1874 2485 2110 2540; x_wconf 85' lang='lat' dir='ltr'><strong>babilius</strong></span> <span class='ocrx_word' id='word_1_506' title='bbox 2144 2496 2322 2540; x_wconf 89' lang='lat' dir='ltr'><strong>tamen</strong></span> <span class='ocrx_word' id='word_1_507' title='bbox 2359 2495 2463 2548; x_wconf 90' lang='lat' dir='ltr'><strong>est,</strong></span> <span class='ocrx_word' id='word_1_508' title='bbox 2499 2501 2624 2539; x_wconf 91' lang='lat' dir='ltr'><strong>cum</strong></span> <span class='ocrx_word' id='word_1_509' title='bbox 2658 2502 2783 2540; x_wconf 92' lang='lat' dir='ltr'><strong>cum</strong></span> <span class='ocrx_word' id='word_1_510' title='bbox 2830 2487 3175 2558; x_wconf 89' lang='lat' dir='ltr'><strong>imperatoris</strong></span> <span class='ocrx_word' id='word_1_511' title='bbox 3205 2491 3363 2544; x_wconf 88' lang='lat' dir='ltr'><strong>venia</strong></span> <span class='ocrx_word' id='word_1_512' title='bbox 3395 2492 3452 2546; x_wconf 89' lang='lat' dir='ltr'><strong>in</strong></span> 
     </span>
    </p>
   </div>
   <div class='ocr_carea' id='block_1_79' title="bbox 1873 2578 3452 2649">
    <p class='ocr_par' dir='ltr' id='par_1_79' title="bbox 1873 2578 3452 2649">
     <span class='ocr_line' id='line_1_79' title="bbox 1873 2578 3452 2649; baseline 0.004 -19"><span class='ocrx_word' id='word_1_513' title='bbox 1873 2578 2266 2631; x_wconf 87' lang='lat' dir='ltr'><strong>monasterium</strong></span> <span class='ocrx_word' id='word_1_514' title='bbox 2317 2579 2643 2640; x_wconf 88' lang='lat' dir='ltr'><strong>secessisse,</strong></span> <span class='ocrx_word' id='word_1_515' title='bbox 2701 2578 2756 2632; x_wconf 92' lang='lat' dir='ltr'><strong>in</strong></span> <span class='ocrx_word' id='word_1_516' title='bbox 2807 2594 2984 2648; x_wconf 91' lang='lat' dir='ltr'><strong>eoque</strong></span> <span class='ocrx_word' id='word_1_517' title='bbox 3038 2580 3204 2633; x_wconf 86' lang='lat' dir='ltr'><strong>vitam</strong></span> <span class='ocrx_word' id='word_1_518' title='bbox 3258 2581 3452 2649; x_wconf 90' lang='lat' dir='ltr'><strong>procul</strong></span> 
     </span>
    </p>
   </div>
   <div class='ocr_carea' id='block_1_80' title="bbox 1873 2669 3452 2741">
    <p class='ocr_par' dir='ltr' id='par_1_80' title="bbox 1873 2669 3452 2741">
     <span class='ocr_line' id='line_1_80' title="bbox 1873 2669 3452 2741; baseline 0.003 -19"><span class='ocrx_word' id='word_1_519' title='bbox 1873 2670 2109 2723; x_wconf 91' lang='lat' dir='ltr'><strong>tumultu</strong></span> <span class='ocrx_word' id='word_1_520' title='bbox 2145 2670 2484 2739; x_wconf 88' lang='lat' dir='ltr'><strong>negotiisque</strong></span> <span class='ocrx_word' id='word_1_521' title='bbox 2516 2669 2772 2735; x_wconf 81' lang='lat' dir='ltr'><strong>duxisse;</strong></span> <span class='ocrx_word' id='word_1_522' title='bbox 2807 2669 2860 2724; x_wconf 89' lang='lat' dir='ltr'><strong>id</strong></span> <span class='ocrx_word' id='word_1_523' title='bbox 2891 2672 3039 2725; x_wconf 92' lang='lat' dir='ltr'><strong>enim</strong></span> <span class='ocrx_word' id='word_1_524' title='bbox 3086 2672 3223 2741; x_wconf 91' lang='lat' dir='ltr'><strong>ipse,</strong></span> <span class='ocrx_word' id='word_1_525' title='bbox 3261 2673 3305 2726; x_wconf 88' lang='lat' dir='ltr'><strong>si</strong></span> <span class='ocrx_word' id='word_1_526' title='bbox 3341 2689 3452 2727; x_wconf 92' lang='lat' dir='ltr'><strong>non</strong></span> 
     </span>
    </p>
   </div>
   <div class='ocr_carea' id='block_1_81' title="bbox 1872 2759 3455 2830">
    <p class='ocr_par' dir='ltr' id='par_1_81' title="bbox 1872 2759 3455 2830">
     <span class='ocr_line' id='line_1_81' title="bbox 1872 2759 3455 2830; baseline 0.001 -16"><span class='ocrx_word' id='word_1_527' title='bbox 1872 2768 2059 2830; x_wconf 85' lang='lat' dir='ltr'><strong>aperte</strong></span> <span class='ocrx_word' id='word_1_528' title='bbox 2093 2760 2354 2820; x_wconf 85' lang='lat' dir='ltr'><strong>declarat,</strong></span> <span class='ocrx_word' id='word_1_529' title='bbox 2401 2759 2581 2813; x_wconf 91' lang='lat' dir='ltr'><strong>innuit</strong></span> <span class='ocrx_word' id='word_1_530' title='bbox 2604 2760 2626 2790; x_wconf 73' lang='grc'><strong>⁸</strong></span> <span class='ocrx_word' id='word_1_531' title='bbox 2656 2769 2803 2814; x_wconf 91' lang='lat' dir='ltr'><strong>certe</strong></span> <span class='ocrx_word' id='word_1_532' title='bbox 2851 2761 2906 2813; x_wconf 94' lang='lat' dir='ltr'><strong>in</strong></span> <span class='ocrx_word' id='word_1_533' title='bbox 2945 2761 3143 2814; x_wconf 89' lang='lat' dir='ltr'><strong>litteris</strong></span> <span class='ocrx_word' id='word_1_534' title='bbox 3181 2760 3248 2813; x_wconf 91' lang='lat' dir='ltr'><strong>ad</strong></span> <span class='ocrx_word' id='word_1_535' title='bbox 3284 2761 3455 2815; x_wconf 89' lang='lat' dir='ltr'><strong>Andi-</strong></span> 
     </span>
    </p>
   </div>
   <div class='ocr_carea' id='block_1_82' title="bbox 1872 2850 3450 2920">
    <p class='ocr_par' dir='ltr' id='par_1_82' title="bbox 1872 2850 3450 2920">
     <span class='ocr_line' id='line_1_82' title="bbox 1872 2850 3450 2920; baseline 0.001 -15"><span class='ocrx_word' id='word_1_536' title='bbox 1872 2852 2048 2906; x_wconf 88' lang='lat' dir='ltr'><strong>berim</strong></span> <span class='ocrx_word' id='word_1_537' title='bbox 2081 2859 2137 2904; x_wconf 90' lang='lat' dir='ltr'><strong>et</strong></span> <span class='ocrx_word' id='word_1_538' title='bbox 2164 2851 2407 2919; x_wconf 87' lang='lat' dir='ltr'><strong>Apellam</strong></span> <span class='ocrx_word' id='word_1_539' title='bbox 2446 2858 2569 2920; x_wconf 91' lang='lat' dir='ltr'><strong>post</strong></span> <span class='ocrx_word' id='word_1_540' title='bbox 2603 2850 2921 2905; x_wconf 90' lang='lat' dir='ltr'><strong>latrocinale</strong></span> <span class='ocrx_word' id='word_1_541' title='bbox 2961 2850 3253 2904; x_wconf 91' lang='lat' dir='ltr'><strong>concilium</strong></span> <span class='ocrx_word' id='word_1_542' title='bbox 3287 2851 3450 2915; x_wconf 79' lang='lat' dir='ltr'><strong>datis,</strong></span> 
     </span>
    </p>
   </div>
   <div class='ocr_carea' id='block_1_83' title="bbox 1874 2941 3452 3012">
    <p class='ocr_par' dir='ltr' id='par_1_83' title="bbox 1874 2941 3452 3012">
     <span class='ocr_line' id='line_1_83' title="bbox 1874 2941 3452 3012; baseline 0.001 -16"><span class='ocrx_word' id='word_1_543' title='bbox 1874 2944 1927 2996; x_wconf 93' lang='lat' dir='ltr'><strong>in</strong></span> <span class='ocrx_word' id='word_1_544' title='bbox 1979 2943 2180 3012; x_wconf 91' lang='lat' dir='ltr'><strong>quibus</strong></span> <span class='ocrx_word' id='word_1_545' title='bbox 2221 2942 2287 2995; x_wconf 89' lang='lat' dir='ltr'><strong>de</strong></span> <span class='ocrx_word' id='word_1_546' title='bbox 2335 2957 2434 2996; x_wconf 89' lang='lat' dir='ltr'><strong>suo</strong></span> <span class='ocrx_word' id='word_1_547' title='bbox 2484 2943 2825 3010; x_wconf 87' lang='lat' dir='ltr'><strong>aliorumque</strong></span> <span class='ocrx_word' id='word_1_548' title='bbox 2870 2943 2954 2996; x_wconf 91' lang='lat' dir='ltr'><strong>sui</strong></span> <span class='ocrx_word' id='word_1_549' title='bbox 2995 2941 3390 2996; x_wconf 88' lang='lat' dir='ltr'><strong>studiosiorum</strong></span> <span class='ocrx_word' id='word_1_550' title='bbox 3421 2959 3452 2997; x_wconf 90' lang='lat' dir='ltr'><strong>e</strong></span> 
     </span>
    </p>
   </div>
   <div class='ocr_carea' id='block_1_84' title="bbox 1872 3031 3453 3103">
    <p class='ocr_par' dir='ltr' id='par_1_84' title="bbox 1872 3031 3453 3103">
     <span class='ocr_line' id='line_1_84' title="bbox 1872 3031 3453 3103; baseline -0.002 -15"><span class='ocrx_word' id='word_1_551' title='bbox 1872 3035 2092 3088; x_wconf 83' lang='lat' dir='ltr'><strong>civitate</strong></span> <span class='ocrx_word' id='word_1_552' title='bbox 2122 3035 2367 3088; x_wconf 90' lang='lat' dir='ltr'><strong>discessu</strong></span> <span class='ocrx_word' id='word_1_553' title='bbox 2404 3034 2672 3102; x_wconf 90' lang='lat' dir='ltr'><strong>loquitur.</strong></span> <span class='ocrx_word' id='word_1_554' title='bbox 2705 3034 2864 3103; x_wconf 80' lang='lat'><strong>186</strong></span> <span class='ocrx_word' id='word_1_555' title='bbox 2902 3031 3081 3088; x_wconf 87' lang='lat' dir='ltr'><strong>Innuit</strong></span> <span class='ocrx_word' id='word_1_556' title='bbox 3109 3034 3130 3064; x_wconf 88' lang='grc'><strong><em>⁸</em></strong></span> <span class='ocrx_word' id='word_1_557' title='bbox 3152 3044 3208 3087; x_wconf 88' lang='lat' dir='ltr'><strong>et</strong></span> <span class='ocrx_word' id='word_1_558' title='bbox 3245 3033 3300 3086; x_wconf 93' lang='lat' dir='ltr'><strong>in</strong></span> <span class='ocrx_word' id='word_1_559' title='bbox 3338 3033 3453 3102; x_wconf 84' lang='lat' dir='ltr'><strong>epi-</strong></span> 
     </span>
    </p>
   </div>
   <div class='ocr_carea' id='block_1_85' title="bbox 1879 3125 3453 3195">
    <p class='ocr_par' dir='ltr' id='par_1_85' title="bbox 1879 3125 3453 3195">
     <span class='ocr_line' id='line_1_85' title="bbox 1879 3125 3453 3195; baseline -0.002 -14"><span class='ocrx_word' id='word_1_560' title='bbox 1879 3128 2014 3181; x_wconf 92' lang='lat' dir='ltr'><strong>stola</strong></span> <span class='ocrx_word' id='word_1_561' title='bbox 2048 3127 2114 3180; x_wconf 93' lang='lat' dir='ltr'><strong>ad</strong></span> <span class='ocrx_word' id='word_1_562' title='bbox 2155 3142 2469 3181; x_wconf 70' lang='lat' dir='ltr'><strong>meonomos</strong></span> <span class='ocrx_word' id='word_1_563' title='bbox 2504 3126 2759 3179; x_wconf 63' lang='lat' dir='ltr'><strong>Ecclesiae</strong></span> <span class='ocrx_word' id='word_1_564' title='bbox 2788 3141 2920 3189; x_wconf 66' lang='lat' dir='ltr'><strong>suae,</strong></span> <span class='ocrx_word' id='word_1_565' title='bbox 2964 3125 3453 3195; x_wconf 84' lang='lat' dir='ltr'><strong>presbyterumquc</strong></span> 
     </span>
    </p>
   </div>
   <div class='ocr_carea' id='block_1_86' title="bbox 1881 3214 3455 3284">
    <p class='ocr_par' dir='ltr' id='par_1_86' title="bbox 1881 3214 3455 3284">
     <span class='ocr_line' id='line_1_86' title="bbox 1881 3214 3455 3284; baseline -0.003 -14"><span class='ocrx_word' id='word_1_566' title='bbox 1881 3217 2247 3280; x_wconf 88' lang='lat' dir='ltr'><strong>Theodotum,</strong></span> <span class='ocrx_word' id='word_1_567' title='bbox 2281 3216 2483 3284; x_wconf 86' lang='lat' dir='ltr'><strong>quibus</strong></span> <span class='ocrx_word' id='word_1_568' title='bbox 2506 3215 2705 3270; x_wconf 86' lang='lat' dir='ltr'><strong>absens</strong></span> <span class='ocrx_word' id='word_1_569' title='bbox 2728 3214 2841 3268; x_wconf 74' lang='lat' dir='ltr'><strong>hzec</strong></span> <span class='ocrx_word' id='word_1_570' title='bbox 2867 3215 3058 3267; x_wconf 90' lang='lat' dir='ltr'><strong>scribit</strong></span> <span class='ocrx_word' id='word_1_571' title='bbox 3090 3231 3101 3266; x_wconf 94' lang='lat'>:</span> <span class='ocrx_word' id='word_1_572' title='bbox 3136 3233 3153 3264; x_wconf 73' lang='grc' dir='ltr'><strong><em>ι</em></strong></span> <span class='ocrx_word' id='word_1_573' title='bbox 3183 3215 3295 3283; x_wconf 88' lang='lat' dir='ltr'><strong>Ego</strong></span> <span class='ocrx_word' id='word_1_574' title='bbox 3320 3230 3455 3282; x_wconf 89' lang='lat' dir='ltr'><strong>quo-</strong></span> 
     </span>
    </p>
   </div>
   <div class='ocr_carea' id='block_1_87' title="bbox 1871 3307 3455 3380">
    <p class='ocr_par' dir='ltr' id='par_1_87' title="bbox 1871 3307 3455 3380">
     <span class='ocr_line' id='line_1_87' title="bbox 1871 3307 3455 3380; baseline -0.003 -17"><span class='ocrx_word' id='word_1_575' title='bbox 1871 3325 1985 3380; x_wconf 74' lang='lat' dir='ltr'><strong>‘que</strong></span> <span class='ocrx_word' id='word_1_576' title='bbox 2021 3311 2040 3339; x_wconf 82' lang='grc'><strong>⁶</strong></span> <span class='ocrx_word' id='word_1_577' title='bbox 2077 3310 2485 3363; x_wconf 90' lang='lat' dir='ltr'><strong>incumbentem</strong></span> <span class='ocrx_word' id='word_1_578' title='bbox 2535 3307 2709 3362; x_wconf 84' lang='lat' dir='ltr'><strong>deﬂeo</strong></span> <span class='ocrx_word' id='word_1_579' title='bbox 2754 3307 3152 3369; x_wconf 91' lang='lat' dir='ltr'><strong>calamitatem,</strong></span> <span class='ocrx_word' id='word_1_580' title='bbox 3210 3316 3267 3360; x_wconf 88' lang='lat' dir='ltr'><strong>et</strong></span> <span class='ocrx_word' id='word_1_581' title='bbox 3319 3307 3455 3360; x_wconf 89' lang='lat' dir='ltr'><strong>mihi</strong></span> 
     </span>
    </p>
   </div>
   <div class='ocr_carea' id='block_1_88' title="bbox 1880 3397 3456 3470">
    <p class='ocr_par' dir='ltr' id='par_1_88' title="bbox 1880 3397 3456 3470">
     <span class='ocr_line' id='line_1_88' title="bbox 1880 3397 3456 3470; baseline -0.003 -16"><span class='ocrx_word' id='word_1_582' title='bbox 1880 3417 2010 3454; x_wconf 91' lang='lat' dir='ltr'><strong>sane</strong></span> <span class='ocrx_word' id='word_1_583' title='bbox 2046 3401 2312 3470; x_wconf 88' lang='lat' dir='ltr'><strong>gratulor,</strong></span> <span class='ocrx_word' id='word_1_584' title='bbox 2358 3399 2453 3468; x_wconf 92' lang='lat' dir='ltr'><strong>qui</strong></span> <span class='ocrx_word' id='word_1_585' title='bbox 2495 3415 2562 3452; x_wconf 82' lang='lat' dir='ltr'><strong>ex</strong></span> <span class='ocrx_word' id='word_1_586' title='bbox 2605 3398 2932 3452; x_wconf 89' lang='lat' dir='ltr'><strong>tumultibus</strong></span> <span class='ocrx_word' id='word_1_587' title='bbox 2961 3397 3254 3462; x_wconf 87' lang='lat' dir='ltr'><strong>evaserim,</strong></span> <span class='ocrx_word' id='word_1_588' title='bbox 3292 3397 3456 3452; x_wconf 89' lang='lat' dir='ltr'><strong>mihi-</strong></span> 
     </span>
    </p>
   </div>
   <div class='ocr_carea' id='block_1_89' title="bbox 1879 3489 3453 3562">
    <p class='ocr_par' dir='ltr' id='par_1_89' title="bbox 1879 3489 3453 3562">
     <span class='ocr_line' id='line_1_89' title="bbox 1879 3489 3453 3562; baseline 0 -18"><span class='ocrx_word' id='word_1_589' title='bbox 1879 3509 1984 3562; x_wconf 91' lang='lat' dir='ltr'><strong>que</strong></span> <span class='ocrx_word' id='word_1_590' title='bbox 2018 3502 2165 3561; x_wconf 86' lang='lat' dir='ltr'><strong>grata</strong></span> <span class='ocrx_word' id='word_1_591' title='bbox 2196 3491 2346 3544; x_wconf 88' lang='lat' dir='ltr'><strong>fruar</strong></span> <span class='ocrx_word' id='word_1_592' title='bbox 2378 3491 2794 3559; x_wconf 90' lang='lat' dir='ltr'><strong>tranquillitate,</strong></span> <span class='ocrx_word' id='word_1_593' title='bbox 2829 3509 2845 3540; x_wconf 74' lang='grc' dir='ltr'><strong><em>ι</em></strong></span> <span class='ocrx_word' id='word_1_594' title='bbox 2879 3499 2985 3544; x_wconf 88' lang='lat' dir='ltr'><strong>etc.</strong></span> <span class='ocrx_word' id='word_1_595' title='bbox 3023 3490 3142 3543; x_wconf 84' lang='lat' dir='ltr'><strong>Non</strong></span> <span class='ocrx_word' id='word_1_596' title='bbox 3183 3489 3453 3544; x_wconf 90' lang='lat' dir='ltr'><strong>absimilia</strong></span> 
     </span>
    </p>
   </div>
   <div class='ocr_carea' id='block_1_90' title="bbox 1880 3577 3456 3649">
    <p class='ocr_par' dir='ltr' id='par_1_90' title="bbox 1880 3577 3456 3649">
     <span class='ocr_line' id='line_1_90' title="bbox 1880 3577 3456 3649; baseline -0.003 -14"><span class='ocrx_word' id='word_1_597' title='bbox 1880 3590 2008 3635; x_wconf 92' lang='lat' dir='ltr'><strong>sunt</strong></span> <span class='ocrx_word' id='word_1_598' title='bbox 2060 3597 2180 3648; x_wconf 72' lang='lat' dir='ltr'><strong>quze</strong></span> <span class='ocrx_word' id='word_1_599' title='bbox 2219 3581 2286 3633; x_wconf 88' lang='lat' dir='ltr'><strong>ad</strong></span> <span class='ocrx_word' id='word_1_600' title='bbox 2329 3579 2635 3649; x_wconf 92' lang='lat' dir='ltr'><strong>Longinum</strong></span> <span class='ocrx_word' id='word_1_601' title='bbox 2669 3578 3156 3633; x_wconf 86' lang='lat' dir='ltr'><strong>arehimandritam</strong></span> <span class='ocrx_word' id='word_1_602' title='bbox 3201 3577 3456 3632; x_wconf 89' lang='lat' dir='ltr'><strong>Doliches</strong></span> 
     </span>
    </p>
   </div>
   <div class='ocr_carea' id='block_1_91' title="bbox 1879 3668 3452 3738">
    <p class='ocr_par' dir='ltr' id='par_1_91' title="bbox 1879 3668 3452 3738">
     <span class='ocr_line' id='line_1_91' title="bbox 1879 3668 3452 3738; baseline -0.001 -16"><span class='ocrx_word' id='word_1_603' title='bbox 1879 3670 2096 3738; x_wconf 87' lang='lat' dir='ltr'><strong>scripsit</strong></span> <span class='ocrx_word' id='word_1_604' title='bbox 2143 3671 2202 3721; x_wconf 70' lang='lat'><strong>7:</strong></span> <span class='ocrx_word' id='word_1_605' title='bbox 2241 3687 2260 3718; x_wconf 70' lang='grc' dir='ltr'><strong><em>ι</em></strong></span> <span class='ocrx_word' id='word_1_606' title='bbox 2305 3668 2764 3723; x_wconf 89' lang='lat' dir='ltr'><strong>Communicastis</strong></span> <span class='ocrx_word' id='word_1_607' title='bbox 2822 3669 3170 3738; x_wconf 89' lang='lat' dir='ltr'><strong>passionibus</strong></span> <span class='ocrx_word' id='word_1_608' title='bbox 3214 3669 3452 3732; x_wconf 90' lang='lat' dir='ltr'><strong>nostris,</strong></span> 
     </span>
    </p>
   </div>
   <div class='ocr_carea' id='block_1_92' title="bbox 1881 3760 3456 3829">
    <p class='ocr_par' dir='ltr' id='par_1_92' title="bbox 1881 3760 3456 3829">
     <span class='ocr_line' id='line_1_92' title="bbox 1881 3760 3456 3829; baseline 0.001 -16"><span class='ocrx_word' id='word_1_609' title='bbox 1881 3771 1993 3814; x_wconf 91' lang='lat' dir='ltr'><strong>tum</strong></span> <span class='ocrx_word' id='word_1_610' title='bbox 2041 3776 2139 3829; x_wconf 90' lang='lat' dir='ltr'><strong>per</strong></span> <span class='ocrx_word' id='word_1_611' title='bbox 2185 3760 2397 3814; x_wconf 87' lang='lat' dir='ltr'><strong>litteras</strong></span> <span class='ocrx_word' id='word_1_612' title='bbox 2429 3760 2794 3823; x_wconf 90' lang='lat' dir='ltr'><strong>consolantes,</strong></span> <span class='ocrx_word' id='word_1_613' title='bbox 2829 3771 2943 3814; x_wconf 92' lang='lat' dir='ltr'><strong>tum</strong></span> <span class='ocrx_word' id='word_1_614' title='bbox 2984 3761 3263 3814; x_wconf 87' lang='lat' dir='ltr'><strong>mittentes</strong></span> <span class='ocrx_word' id='word_1_615' title='bbox 3300 3776 3456 3814; x_wconf 86' lang='lat' dir='ltr'><strong>reve-</strong></span> 
     </span>
    </p>
   </div>
   <div class='ocr_carea' id='block_1_93' title="bbox 1881 3849 3453 3919">
    <p class='ocr_par' dir='ltr' id='par_1_93' title="bbox 1881 3849 3453 3919">
     <span class='ocr_line' id='line_1_93' title="bbox 1881 3849 3453 3919; baseline -0.001 -17"><span class='ocrx_word' id='word_1_616' title='bbox 1881 3851 2233 3904; x_wconf 90' lang='lat' dir='ltr'><strong>rendissimos</strong></span> <span class='ocrx_word' id='word_1_617' title='bbox 2259 3865 2322 3902; x_wconf 88' lang='lat' dir='ltr'><strong>ac</strong></span> <span class='ocrx_word' id='word_1_618' title='bbox 2347 3849 2789 3919; x_wconf 89' lang='lat' dir='ltr'><strong>religiosissimos</strong></span> <span class='ocrx_word' id='word_1_619' title='bbox 2819 3849 3127 3902; x_wconf 69' lang='lat' dir='ltr'><strong>Matthaeum</strong></span> <span class='ocrx_word' id='word_1_620' title='bbox 3146 3857 3201 3903; x_wconf 86' lang='lat' dir='ltr'><strong>et</strong></span> <span class='ocrx_word' id='word_1_621' title='bbox 3223 3849 3453 3904; x_wconf 89' lang='lat' dir='ltr'><strong>Isacium</strong></span> 
     </span>
    </p>
   </div>
   <div class='ocr_carea' id='block_1_94' title="bbox 1879 3940 3450 4011">
    <p class='ocr_par' dir='ltr' id='par_1_94' title="bbox 1879 3940 3450 4011">
     <span class='ocr_line' id='line_1_94' title="bbox 1879 3940 3450 4011; baseline 0.001 -17"><span class='ocrx_word' id='word_1_622' title='bbox 1879 3941 2167 4002; x_wconf 86' lang='lat' dir='ltr'><strong>diaconos;</strong></span> <span class='ocrx_word' id='word_1_623' title='bbox 2217 3940 2582 4008; x_wconf 89' lang='lat' dir='ltr'><strong>audietisque,</strong></span> <span class='ocrx_word' id='word_1_624' title='bbox 2633 3948 2715 3993; x_wconf 89' lang='lat' dir='ltr'><strong>sat</strong></span> <span class='ocrx_word' id='word_1_625' title='bbox 2759 3940 2902 4003; x_wconf 90' lang='lat' dir='ltr'><strong>scio,</strong></span> <span class='ocrx_word' id='word_1_626' title='bbox 2946 3956 2975 3994; x_wconf 91' lang='lat' dir='ltr'><strong>a</strong></span> <span class='ocrx_word' id='word_1_627' title='bbox 3019 3942 3167 4011; x_wconf 90' lang='lat' dir='ltr'><strong>justo</strong></span> <span class='ocrx_word' id='word_1_628' title='bbox 3209 3941 3401 3995; x_wconf 86' lang='lat' dir='ltr'><strong>Judice</strong></span> <span class='ocrx_word' id='word_1_629' title='bbox 3439 3961 3450 3994; x_wconf 93' lang='lat'>:</span> 
     </span>
    </p>
   </div>
   <div class='ocr_carea' id='block_1_95' title="bbox 1879 4031 3205 4097">
    <p class='ocr_par' dir='ltr' id='par_1_95' title="bbox 1879 4031 3205 4097">
     <span class='ocr_line' id='line_1_95' title="bbox 1879 4031 3205 4097; baseline 0 -12"><span class='ocrx_word' id='word_1_630' title='bbox 1879 4031 1943 4086; x_wconf 85' lang='lat' dir='ltr'><strong>In</strong></span> <span class='ocrx_word' id='word_1_631' title='bbox 1974 4049 2182 4085; x_wconf 82' lang='lat' dir='ltr'><strong>carcere</strong></span> <span class='ocrx_word' id='word_1_632' title='bbox 2214 4049 2382 4094; x_wconf 84' lang='lat' dir='ltr'><strong>eram,</strong></span> <span class='ocrx_word' id='word_1_633' title='bbox 2425 4041 2473 4083; x_wconf 76' lang='lat' dir='ltr'><strong>et</strong></span> <span class='ocrx_word' id='word_1_634' title='bbox 2501 4033 2710 4084; x_wconf 77' lang='lat' dir='ltr'><strong>venistis</strong></span> <span class='ocrx_word' id='word_1_635' title='bbox 2734 4033 2802 4084; x_wconf 88' lang='lat' dir='ltr'><strong>ad</strong></span> <span class='ocrx_word' id='word_1_636' title='bbox 2833 4048 2914 4084; x_wconf 87' lang='lat' dir='ltr'><strong>me</strong></span> <span class='ocrx_word' id='word_1_637' title='bbox 2937 4043 2996 4097; x_wconf 82' lang='grc' dir='ltr'><strong>ω,</strong></span> <span class='ocrx_word' id='word_1_638' title='bbox 3037 4051 3054 4082; x_wconf 74' lang='grc' dir='ltr'><strong><em>ι</em></strong></span> <span class='ocrx_word' id='word_1_639' title='bbox 3101 4041 3205 4086; x_wconf 92' lang='lat' dir='ltr'><strong>etc.</strong></span> 
     </span>
    </p>
   </div>
   <div class='ocr_carea' id='block_1_96' title="bbox 1950 4122 3450 4185">
    <p class='ocr_par' dir='ltr' id='par_1_96' title="bbox 1950 4122 3450 4185">
     <span class='ocr_line' id='line_1_96' title="bbox 1950 4122 3450 4185; baseline 0 -9"><span class='ocrx_word' id='word_1_640' title='bbox 1950 4123 2064 4176; x_wconf 75' lang='lat' dir='ltr'><strong>XV.</strong></span> <span class='ocrx_word' id='word_1_641' title='bbox 2106 4124 2236 4178; x_wconf 83' lang='lat' dir='ltr'><strong>Utut</strong></span> <span class='ocrx_word' id='word_1_642' title='bbox 2284 4139 2342 4176; x_wconf 92' lang='lat' dir='ltr'><strong>se</strong></span> <span class='ocrx_word' id='word_1_643' title='bbox 2386 4139 2474 4176; x_wconf 87' lang='lat' dir='ltr'><strong>res</strong></span> <span class='ocrx_word' id='word_1_644' title='bbox 2503 4123 2690 4185; x_wconf 91' lang='lat' dir='ltr'><strong>habet,</strong></span> <span class='ocrx_word' id='word_1_645' title='bbox 2731 4122 2839 4176; x_wconf 91' lang='lat' dir='ltr'><strong>Leo</strong></span> <span class='ocrx_word' id='word_1_646' title='bbox 2875 4133 3022 4177; x_wconf 90' lang='lat' dir='ltr'><strong>certe</strong></span> <span class='ocrx_word' id='word_1_647' title='bbox 3062 4139 3092 4176; x_wconf 89' lang='lat' dir='ltr'><strong>a</strong></span> <span class='ocrx_word' id='word_1_648' title='bbox 3123 4123 3450 4185; x_wconf 87' lang='lat' dir='ltr'><strong>Theodosio,</strong></span> 
     </span>
    </p>
   </div>
   <div class='ocr_carea' id='block_1_97' title="bbox 1880 4214 3452 4284">
    <p class='ocr_par' dir='ltr' id='par_1_97' title="bbox 1880 4214 3452 4284">
     <span class='ocr_line' id='line_1_97' title="bbox 1880 4214 3452 4284; baseline 0 -16"><span class='ocrx_word' id='word_1_649' title='bbox 1880 4215 2057 4283; x_wconf 91' lang='lat' dir='ltr'><strong>quoad</strong></span> <span class='ocrx_word' id='word_1_650' title='bbox 2092 4215 2369 4284; x_wconf 87' lang='lat' dir='ltr'><strong>negotium</strong></span> <span class='ocrx_word' id='word_1_651' title='bbox 2405 4214 2768 4283; x_wconf 85' lang='lat' dir='ltr'><strong>congregandi</strong></span> <span class='ocrx_word' id='word_1_652' title='bbox 2807 4214 2860 4267; x_wconf 92' lang='lat' dir='ltr'><strong>in</strong></span> <span class='ocrx_word' id='word_1_653' title='bbox 2898 4214 3049 4267; x_wconf 89' lang='lat' dir='ltr'><strong>Italia</strong></span> <span class='ocrx_word' id='word_1_654' title='bbox 3081 4215 3320 4278; x_wconf 91' lang='lat' dir='ltr'><strong>concilii,</strong></span> <span class='ocrx_word' id='word_1_655' title='bbox 3349 4232 3452 4269; x_wconf 85' lang='lat' dir='ltr'><strong>una</strong></span> 
     </span>
    </p>
   </div>
   <div class='ocr_carea' id='block_1_98' title="bbox 1880 4305 3455 4374">
    <p class='ocr_par' dir='ltr' id='par_1_98' title="bbox 1880 4305 3455 4374">
     <span class='ocr_line' id='line_1_98' title="bbox 1880 4305 3455 4374; baseline 0.001 -15"><span class='ocrx_word' id='word_1_656' title='bbox 1880 4321 2002 4359; x_wconf 91' lang='lat' dir='ltr'><strong>cum</strong></span> <span class='ocrx_word' id='word_1_657' title='bbox 2037 4307 2420 4360; x_wconf 74' lang='lat' dir='ltr'><strong>Valentiniano</strong></span> <span class='ocrx_word' id='word_1_658' title='bbox 2468 4307 2796 4373; x_wconf 90' lang='lat' dir='ltr'><strong>imperatore</strong></span> <span class='ocrx_word' id='word_1_659' title='bbox 2846 4314 2899 4358; x_wconf 92' lang='lat' dir='ltr'><strong>et</strong></span> <span class='ocrx_word' id='word_1_660' title='bbox 2946 4305 3204 4374; x_wconf 84' lang='lat' dir='ltr'><strong>Augustis</strong></span> <span class='ocrx_word' id='word_1_661' title='bbox 3240 4306 3455 4360; x_wconf 89' lang='lat' dir='ltr'><strong>duabus</strong></span> 
     </span>
    </p>
   </div>
   <div class='ocr_carea' id='block_1_99' title="bbox 1882 4395 3452 4466">
    <p class='ocr_par' dir='ltr' id='par_1_99' title="bbox 1882 4395 3452 4466">
     <span class='ocr_line' id='line_1_99' title="bbox 1882 4395 3452 4466; baseline -0.001 -16"><span class='ocrx_word' id='word_1_662' title='bbox 1882 4412 2071 4466; x_wconf 89' lang='lat' dir='ltr'><strong>passus</strong></span> <span class='ocrx_word' id='word_1_663' title='bbox 2106 4407 2189 4449; x_wconf 90' lang='lat' dir='ltr'><strong>est</strong></span> <span class='ocrx_word' id='word_1_664' title='bbox 2230 4397 2503 4464; x_wconf 88' lang='lat' dir='ltr'><strong>repulsam</strong></span> <span class='ocrx_word' id='word_1_665' title='bbox 2538 4413 2550 4447; x_wconf 92' lang='lat'>:</span> <span class='ocrx_word' id='word_1_666' title='bbox 2579 4395 2797 4464; x_wconf 80' lang='lat' dir='ltr'><strong>negavit</strong></span> <span class='ocrx_word' id='word_1_667' title='bbox 2835 4396 2982 4448; x_wconf 91' lang='lat' dir='ltr'><strong>enim</strong></span> <span class='ocrx_word' id='word_1_668' title='bbox 3013 4411 3152 4464; x_wconf 92' lang='lat' dir='ltr'><strong>opus</strong></span> <span class='ocrx_word' id='word_1_669' title='bbox 3186 4411 3305 4449; x_wconf 89' lang='lat' dir='ltr'><strong>esse</strong></span> <span class='ocrx_word' id='word_1_670' title='bbox 3347 4396 3452 4449; x_wconf 87' lang='lat' dir='ltr'><strong>ulla</strong></span> 
     </span>
    </p>
   </div>
   <div class='ocr_carea' id='block_1_100' title="bbox 1882 4487 3450 4560">
    <p class='ocr_par' dir='ltr' id='par_1_100' title="bbox 1882 4487 3450 4560">
     <span class='ocr_line' id='line_1_100' title="bbox 1882 4487 3450 4560; baseline -0.002 -18"><span class='ocrx_word' id='word_1_671' title='bbox 1882 4489 2108 4560; x_wconf 81' lang='lat' dir='ltr'><strong>synodo,</strong></span> <span class='ocrx_word' id='word_1_672' title='bbox 2146 4504 2246 4541; x_wconf 86' lang='lat' dir='ltr'><strong>nec</strong></span> <span class='ocrx_word' id='word_1_673' title='bbox 2291 4488 2490 4555; x_wconf 85' lang='lat' dir='ltr'><strong>Ephesi</strong></span> <span class='ocrx_word' id='word_1_674' title='bbox 2534 4488 2831 4556; x_wconf 90' lang='lat' dir='ltr'><strong>quidquam</strong></span> <span class='ocrx_word' id='word_1_675' title='bbox 2880 4496 3058 4540; x_wconf 90' lang='lat' dir='ltr'><strong>actum</strong></span> <span class='ocrx_word' id='word_1_676' title='bbox 3108 4487 3324 4556; x_wconf 90' lang='lat' dir='ltr'><strong>injuria,</strong></span> <span class='ocrx_word' id='word_1_677' title='bbox 3357 4487 3450 4540; x_wconf 84' lang='lat' dir='ltr'><strong>sed</strong></span> 
     </span>
    </p>
   </div>
   <div class='ocr_carea' id='block_1_101' title="bbox 1879 4577 3449 4648">
    <p class='ocr_par' dir='ltr' id='par_1_101' title="bbox 1879 4577 3449 4648">
     <span class='ocr_line' id='line_1_101' title="bbox 1879 4577 3449 4648; baseline -0.003 -15"><span class='ocrx_word' id='word_1_678' title='bbox 1879 4579 2192 4634; x_wconf 89' lang='lat' dir='ltr'><strong>substitutis</strong></span> <span class='ocrx_word' id='word_1_679' title='bbox 2229 4578 2282 4631; x_wconf 92' lang='lat' dir='ltr'><strong>in</strong></span> <span class='ocrx_word' id='word_1_680' title='bbox 2327 4579 2505 4631; x_wconf 90' lang='lat' dir='ltr'><strong>locum</strong></span> <span class='ocrx_word' id='word_1_681' title='bbox 2555 4578 2903 4648; x_wconf 89' lang='lat' dir='ltr'><strong>indignorum</strong></span> <span class='ocrx_word' id='word_1_682' title='bbox 2949 4578 3292 4646; x_wconf 89' lang='lat' dir='ltr'><strong>dignioribus</strong></span> <span class='ocrx_word' id='word_1_683' title='bbox 3330 4577 3449 4645; x_wconf 89' lang='lat' dir='ltr'><strong>epi-</strong></span> 
     </span>
    </p>
   </div>
   <div class='ocr_carea' id='block_1_102' title="bbox 1879 4668 3448 4739">
    <p class='ocr_par' dir='ltr' id='par_1_102' title="bbox 1879 4668 3448 4739">
     <span class='ocr_line' id='line_1_102' title="bbox 1879 4668 3448 4739; baseline -0.002 -15"><span class='ocrx_word' id='word_1_684' title='bbox 1879 4672 2060 4739; x_wconf 91' lang='lat' dir='ltr'><strong>scopis</strong></span> <span class='ocrx_word' id='word_1_685' title='bbox 2109 4685 2330 4738; x_wconf 85' lang='lat' dir='ltr'><strong>regnare</strong></span> <span class='ocrx_word' id='word_1_686' title='bbox 2372 4669 2424 4722; x_wconf 93' lang='lat' dir='ltr'><strong>in</strong></span> <span class='ocrx_word' id='word_1_687' title='bbox 2464 4669 2706 4723; x_wconf 86' lang='lat' dir='ltr'><strong>Ecclesia</strong></span> <span class='ocrx_word' id='word_1_688' title='bbox 2749 4670 3095 4723; x_wconf 90' lang='lat' dir='ltr'><strong>concordiam</strong></span> <span class='ocrx_word' id='word_1_689' title='bbox 3146 4677 3201 4721; x_wconf 92' lang='lat' dir='ltr'><strong>et</strong></span> <span class='ocrx_word' id='word_1_690' title='bbox 3249 4668 3448 4722; x_wconf 82' lang='lat' dir='ltr'><strong>verita-</strong></span> 
     </span>
    </p>
   </div>
   <div class='ocr_carea' id='block_1_103' title="bbox 1880 4760 3451 4830">
    <p class='ocr_par' dir='ltr' id='par_1_103' title="bbox 1880 4760 3451 4830">
     <span class='ocr_line' id='line_1_103' title="bbox 1880 4760 3451 4830; baseline -0.001 -17"><span class='ocrx_word' id='word_1_691' title='bbox 1880 4770 2010 4815; x_wconf 90' lang='lat' dir='ltr'><strong>tem.</strong></span> <span class='ocrx_word' id='word_1_692' title='bbox 2066 4761 2258 4830; x_wconf 65' lang='lat' dir='ltr'><strong>Opera:</strong></span> <span class='ocrx_word' id='word_1_693' title='bbox 2307 4762 2542 4830; x_wconf 90' lang='lat' dir='ltr'><strong>pretium</strong></span> <span class='ocrx_word' id='word_1_694' title='bbox 2588 4771 2672 4816; x_wconf 87' lang='lat' dir='ltr'><strong>est</strong></span> <span class='ocrx_word' id='word_1_695' title='bbox 2704 4763 2966 4816; x_wconf 89' lang='lat' dir='ltr'><strong>exhibere</strong></span> <span class='ocrx_word' id='word_1_696' title='bbox 3003 4760 3309 4829; x_wconf 88' lang='lat' dir='ltr'><strong>epistolam,</strong></span> <span class='ocrx_word' id='word_1_697' title='bbox 3345 4775 3451 4827; x_wconf 90' lang='lat' dir='ltr'><strong>qua</strong></span> 
     </span>
    </p>
   </div>
   <div class='ocr_carea' id='block_1_104' title="bbox 1879 4853 3453 4922">
    <p class='ocr_par' dir='ltr' id='par_1_104' title="bbox 1879 4853 3453 4922">
     <span class='ocr_line' id='line_1_104' title="bbox 1879 4853 3453 4922; baseline -0.004 -16"><span class='ocrx_word' id='word_1_698' title='bbox 1879 4853 2175 4922; x_wconf 89' lang='lat' dir='ltr'><strong>respondet</strong></span> <span class='ocrx_word' id='word_1_699' title='bbox 2210 4854 2620 4917; x_wconf 79' lang='lat' dir='ltr'><strong>Valentiniano;</strong></span> <span class='ocrx_word' id='word_1_700' title='bbox 2655 4853 2840 4922; x_wconf 90' lang='lat' dir='ltr'><strong>prodit</strong></span> <span class='ocrx_word' id='word_1_701' title='bbox 2870 4853 3015 4906; x_wconf 90' lang='lat' dir='ltr'><strong>enim</strong></span> <span class='ocrx_word' id='word_1_702' title='bbox 3049 4865 3333 4920; x_wconf 89' lang='lat' dir='ltr'><strong>quousque</strong></span> <span class='ocrx_word' id='word_1_703' title='bbox 3357 4864 3453 4901; x_wconf 88' lang='lat' dir='ltr'><strong>en-</strong></span> 
     </span>
    </p>
   </div>
   <div class='ocr_carea' id='block_1_105' title="bbox 1879 4937 3452 5006">
    <p class='ocr_par' dir='ltr' id='par_1_105' title="bbox 1879 4937 3452 5006">
     <span class='ocr_line' id='line_1_105' title="bbox 1879 4937 3452 5006; baseline -0.006 -9"><span class='ocrx_word' id='word_1_704' title='bbox 1879 4945 2044 4997; x_wconf 77' lang='lat' dir='ltr'><strong>nuelii</strong></span> <span class='ocrx_word' id='word_1_705' title='bbox 2080 4945 2292 4997; x_wconf 90' lang='lat' dir='ltr'><strong>artibus</strong></span> <span class='ocrx_word' id='word_1_706' title='bbox 2317 4943 2585 4997; x_wconf 90' lang='lat' dir='ltr'><strong>abductus</strong></span> <span class='ocrx_word' id='word_1_707' title='bbox 2616 4943 2667 4996; x_wconf 93' lang='lat' dir='ltr'><strong>in</strong></span> <span class='ocrx_word' id='word_1_708' title='bbox 2695 4958 2938 4996; x_wconf 91' lang='lat' dir='ltr'><strong>errorem</strong></span> <span class='ocrx_word' id='word_1_709' title='bbox 2975 4949 3124 4995; x_wconf 70' lang='lat' dir='ltr'><strong>esset</strong></span> <span class='ocrx_word' id='word_1_710' title='bbox 3151 4957 3162 4990; x_wconf 87' lang='lat'><strong>:</strong></span> <span class='ocrx_word' id='word_1_711' title='bbox 3198 4937 3452 5006; x_wconf 76' lang='lat' dir='ltr'><strong>przefatus</strong></span> 
     </span>
    </p>
   </div>
   <div class='ocr_carea' id='block_1_106' title="bbox 1877 5027 3447 5104">
    <p class='ocr_par' dir='ltr' id='par_1_106' title="bbox 1877 5027 3447 5104">
     <span class='ocr_line' id='line_1_106' title="bbox 1877 5027 3447 5104; baseline -0.005 -18"><span class='ocrx_word' id='word_1_712' title='bbox 1877 5035 2042 5104; x_wconf 82' lang='lat' dir='ltr'><strong>igitur</strong></span> <span class='ocrx_word' id='word_1_713' title='bbox 2074 5050 2194 5103; x_wconf 68' lang='lat' dir='ltr'><strong>quae.</strong></span> <span class='ocrx_word' id='word_1_714' title='bbox 2226 5035 2536 5088; x_wconf 85' lang='lat' dir='ltr'><strong>humanitas</strong></span> <span class='ocrx_word' id='word_1_715' title='bbox 2564 5035 2738 5086; x_wconf 91' lang='lat' dir='ltr'><strong>solet:</strong></span> <span class='ocrx_word' id='word_1_716' title='bbox 2774 5052 2791 5083; x_wconf 84' lang='grc'>‹</span> <span class='ocrx_word' id='word_1_717' title='bbox 2826 5032 2972 5086; x_wconf 85' lang='lat' dir='ltr'><strong>Nihil</strong></span> <span class='ocrx_word' id='word_1_718' title='bbox 3003 5030 3171 5091; x_wconf 89' lang='lat' dir='ltr'><strong>aliud,</strong></span> <span class='ocrx_word' id='word_1_719' title='bbox 3206 5027 3381 5097; x_wconf 87' lang='lat' dir='ltr'><strong>inquit</strong></span> <span class='ocrx_word' id='word_1_720' title='bbox 3405 5028 3447 5087; x_wconf 81' lang='grc'><strong>⁸,</strong></span> 
     </span>
    </p>
   </div>
   <div class='ocr_carea' id='block_1_107' title="bbox 1877 5126 3448 5194">
    <p class='ocr_par' dir='ltr' id='par_1_107' title="bbox 1877 5126 3448 5194">
     <span class='ocr_line' id='line_1_107' title="bbox 1877 5126 3448 5194; baseline -0.004 -17"><span class='ocrx_word' id='word_1_721' title='bbox 1877 5126 2161 5189; x_wconf 71' lang='grc' dir='ltr'><strong>γοιυῐηιιε,</strong></span> <span class='ocrx_word' id='word_1_722' title='bbox 2210 5141 2369 5194; x_wconf 90' lang='lat' dir='ltr'><strong>quam</strong></span> <span class='ocrx_word' id='word_1_723' title='bbox 2433 5133 2772 5178; x_wconf 88' lang='lat' dir='ltr'><strong>sacramenta</strong></span> <span class='ocrx_word' id='word_1_724' title='bbox 2828 5134 3053 5193; x_wconf 89' lang='lat' dir='ltr'><strong>paterna</strong></span> <span class='ocrx_word' id='word_1_725' title='bbox 3096 5139 3192 5190; x_wconf 87' lang='lat' dir='ltr'><strong>per</strong></span> <span class='ocrx_word' id='word_1_726' title='bbox 3227 5135 3448 5173; x_wconf 65' lang='lat' dir='ltr'><strong>SUCCES-</strong></span> 
     </span>
    </p>
   </div>
   <div class='ocr_carea' id='block_1_108' title="bbox 1529 5391 3366 5449">
    <p class='ocr_par' dir='ltr' id='par_1_108' title="bbox 1529 5391 3366 5449">
     <span class='ocr_line' id='line_1_108' title="bbox 1529 5391 3366 5449; baseline 0.002 -4"><span class='ocrx_word' id='word_1_727' title='bbox 1529 5391 1851 5447; x_wconf 84' lang='lat' dir='ltr'><strong>SCHULZII</strong></span> <span class='ocrx_word' id='word_1_728' title='bbox 1894 5392 2121 5447; x_wconf 71' lang='lat' dir='ltr'><strong>NOTAE.</strong></span> <span class='ocrx_word' id='word_1_729' title='bbox 3359 5431 3366 5449; x_wconf 77' lang='grc' dir='ltr'><strong><em>ι</em></strong></span> 
     </span>
    </p>
   </div>
   <div class='ocr_carea' id='block_1_109' title="bbox 264 5474 3448 5552">
    <p class='ocr_par' dir='ltr' id='par_1_109' title="bbox 264 5474 3448 5552">
     <span class='ocr_line' id='line_1_109' title="bbox 264 5474 3448 5552; baseline -0.001 -20"><span class='ocrx_word' id='word_1_730' title='bbox 264 5480 279 5508; x_wconf 90' lang='grc'>¹</span> <span class='ocrx_word' id='word_1_731' title='bbox 314 5478 516 5552; x_wconf 65' lang='lat' dir='ltr'><strong>Inquit.</strong></span> <span class='ocrx_word' id='word_1_732' title='bbox 550 5479 758 5552; x_wconf 17' lang='lat' dir='ltr'><strong>Vidnt.</strong></span> <span class='ocrx_word' id='word_1_733' title='bbox 803 5480 893 5544; x_wconf 85' lang='lat' dir='ltr'><strong>IV,</strong></span> <span class='ocrx_word' id='word_1_734' title='bbox 925 5481 1086 5549; x_wconf 90' lang='lat' dir='ltr'><strong>epist.</strong></span> <span class='ocrx_word' id='word_1_735' title='bbox 1124 5478 1221 5552; x_wconf 76' lang='grc'><strong>115</strong></span> <span class='ocrx_word' id='word_1_736' title='bbox 1247 5490 1302 5534; x_wconf 92' lang='lat' dir='ltr'><strong>et</strong></span> <span class='ocrx_word' id='word_1_737' title='bbox 1329 5482 1452 5535; x_wconf 78' lang='grc'><strong>116.</strong></span> <span class='ocrx_word' id='word_1_738' title='bbox 1529 5484 1549 5512; x_wconf 86' lang='grc'>¹</span> <span class='ocrx_word' id='word_1_739' title='bbox 1583 5481 1751 5545; x_wconf 78' lang='lat' dir='ltr'><strong>Certe,</strong></span> <span class='ocrx_word' id='word_1_740' title='bbox 1778 5495 1883 5537; x_wconf 88' lang='lat' dir='ltr'><strong>etc.</strong></span> <span class='ocrx_word' id='word_1_741' title='bbox 1915 5485 2038 5537; x_wconf 76' lang='lat' dir='ltr'><strong>Vid.</strong></span> <span class='ocrx_word' id='word_1_742' title='bbox 2076 5484 2235 5552; x_wconf 82' lang='lat' dir='ltr'><strong>epist.</strong></span> <span class='ocrx_word' id='word_1_743' title='bbox 2281 5484 2486 5545; x_wconf 78' lang='lat' dir='ltr'><strong>citatas</strong></span> <span class='ocrx_word' id='word_1_744' title='bbox 2532 5491 2585 5536; x_wconf 90' lang='lat' dir='ltr'><strong>et</strong></span> <span class='ocrx_word' id='word_1_745' title='bbox 2622 5483 2750 5536; x_wconf 90' lang='lat' dir='ltr'><strong>Acta</strong></span> <span class='ocrx_word' id='word_1_746' title='bbox 2779 5496 2934 5552; x_wconf 88' lang='lat' dir='ltr'><strong>conc.</strong></span> <span class='ocrx_word' id='word_1_747' title='bbox 2985 5475 3242 5552; x_wconf 74' lang='lat' dir='ltr'><strong>Chalced.</strong></span> <span class='ocrx_word' id='word_1_748' title='bbox 3274 5543 3286 5552; x_wconf 82' lang='lat'>_</span> <span class='ocrx_word' id='word_1_749' title='bbox 3318 5474 3448 5552; x_wconf 45' lang='grc' dir='ltr'><em>’.Μ</em></span> 
     </span>
    </p>
   </div>
   <div class='ocr_carea' id='block_1_110' title="bbox 192 5550 1111 5619">
    <p class='ocr_par' dir='ltr' id='par_1_110' title="bbox 192 5550 1111 5619">
     <span class='ocr_line' id='line_1_110' title="bbox 192 5550 1111 5619; baseline 0.002 -16"><span class='ocrx_word' id='word_1_750' title='bbox 192 5551 352 5603; x_wconf 81' lang='grc' dir='ltr'><em>Απατ.</em></span> <span class='ocrx_word' id='word_1_751' title='bbox 388 5550 511 5603; x_wconf 82' lang='lat' dir='ltr'><strong>Vid.</strong></span> <span class='ocrx_word' id='word_1_752' title='bbox 579 5559 619 5602; x_wconf 86' lang='lat' dir='ltr'><strong>t.</strong></span> <span class='ocrx_word' id='word_1_753' title='bbox 662 5551 746 5612; x_wconf 87' lang='lat' dir='ltr'><strong>Iv,</strong></span> <span class='ocrx_word' id='word_1_754' title='bbox 784 5552 944 5619; x_wconf 80' lang='lat' dir='ltr'><strong>epist.</strong></span> <span class='ocrx_word' id='word_1_755' title='bbox 987 5552 1111 5605; x_wconf 67' lang='grc' dir='ltr'><strong>Ην.</strong></span> 
     </span>
    </p>
   </div>
   <div class='ocr_carea' id='block_1_111' title="bbox 194 5631 401 5672">
    <p class='ocr_par' dir='ltr' id='par_1_111' title="bbox 194 5631 401 5672">
     <span class='ocr_line' id='line_1_111' title="bbox 194 5631 401 5672; baseline 0 -1"><span class='ocrx_word' id='word_1_756' title='bbox 194 5631 401 5672; x_wconf 85' lang='lat' dir='ltr'><strong>natum.</strong></span> 
     </span>
    </p>
   </div>
   <div class='ocr_carea' id='block_1_112' title="bbox 197 5690 1355 5759">
    <p class='ocr_par' dir='ltr' id='par_1_112' title="bbox 197 5690 1355 5759">
     <span class='ocr_line' id='line_1_112' title="bbox 197 5690 1355 5759; baseline 0.002 -18"><span class='ocrx_word' id='word_1_757' title='bbox 197 5705 380 5742; x_wconf 84' lang='lat' dir='ltr'><strong>ranam</strong></span> <span class='ocrx_word' id='word_1_758' title='bbox 430 5691 815 5744; x_wconf 87' lang='lat' dir='ltr'><strong>seholasticum</strong></span> <span class='ocrx_word' id='word_1_759' title='bbox 869 5690 1152 5759; x_wconf 87' lang='lat' dir='ltr'><strong>desumpta</strong></span> <span class='ocrx_word' id='word_1_760' title='bbox 1207 5701 1355 5745; x_wconf 91' lang='lat' dir='ltr'><strong>sunt.</strong></span> 
     </span>
    </p>
   </div>
   <div class='ocr_carea' id='block_1_113' title="bbox 193 5759 748 5828">
    <p class='ocr_par' dir='ltr' id='par_1_113' title="bbox 193 5759 748 5828">
     <span class='ocr_line' id='line_1_113' title="bbox 193 5759 748 5828; baseline 0 -17"><span class='ocrx_word' id='word_1_761' title='bbox 193 5759 474 5821; x_wconf 65' lang='lat' dir='ltr'><strong>Chalced.,</strong></span> <span class='ocrx_word' id='word_1_762' title='bbox 526 5771 664 5828; x_wconf 86' lang='lat' dir='ltr'><strong>part.</strong></span> <span class='ocrx_word' id='word_1_763' title='bbox 713 5776 748 5812; x_wconf 84' lang='grc' dir='ltr'><strong>ι.</strong></span> 
     </span>
    </p>
   </div>
   <div class='ocr_carea' id='block_1_114' title="bbox 512 5855 1300 5916">
    <p class='ocr_par' dir='ltr' id='par_1_114' title="bbox 512 5855 1300 5916">
     <span class='ocr_line' id='line_1_114' title="bbox 512 5855 1300 5916; baseline 0.003 -2"><span class='ocrx_word' id='word_1_764' title='bbox 512 5855 779 5914; x_wconf 67' lang='grc' dir='ltr'><strong>ΡΑτιιοι..</strong></span> <span class='ocrx_word' id='word_1_765' title='bbox 828 5857 940 5915; x_wconf 77' lang='lat' dir='ltr'><strong>Gn.</strong></span> <span class='ocrx_word' id='word_1_766' title='bbox 993 5855 1300 5916; x_wconf 74' lang='lat' dir='ltr'><strong>LXXXIV.</strong></span> 
     </span>
    </p>
   </div>
   <div class='ocr_carea' id='block_1_115' title="bbox 1459 5691 2503 5761">
    <p class='ocr_par' dir='ltr' id='par_1_115' title="bbox 1459 5691 2503 5761">
     <span class='ocr_line' id='line_1_115' title="bbox 1459 5691 2503 5761; baseline 0 -18"><span class='ocrx_word' id='word_1_767' title='bbox 1459 5692 1477 5720; x_wconf 84' lang='lat'>&quot;</span> <span class='ocrx_word' id='word_1_768' title='bbox 1508 5691 1746 5761; x_wconf 75' lang='lat' dir='ltr'><strong>Scripsit.</strong></span> <span class='ocrx_word' id='word_1_769' title='bbox 1787 5695 1902 5747; x_wconf 80' lang='lat' dir='ltr'><strong>Vid.</strong></span> <span class='ocrx_word' id='word_1_770' title='bbox 1973 5708 2009 5746; x_wconf 75' lang='grc' dir='ltr'><strong>ι.</strong></span> <span class='ocrx_word' id='word_1_771' title='bbox 2062 5691 2342 5761; x_wconf 55' lang='grc' dir='ltr'><strong>Ινζρρίςῐ.</strong></span> <span class='ocrx_word' id='word_1_772' title='bbox 2386 5695 2503 5746; x_wconf 73' lang='grc'><strong>151.</strong></span> 
     </span>
    </p>
   </div>
   <div class='ocr_carea' id='block_1_116' title="bbox 1213 5543 3442 5623">
    <p class='ocr_par' dir='ltr' id='par_1_116' title="bbox 1213 5543 3442 5623">
     <span class='ocr_line' id='line_1_116' title="bbox 1213 5543 3442 5623; baseline -0.002 -20"><span class='ocrx_word' id='word_1_773' title='bbox 1213 5551 1235 5623; x_wconf 62' lang='grc' dir='ltr'>ιτ</span> <span class='ocrx_word' id='word_1_774' title='bbox 1260 5552 1464 5613; x_wconf 82' lang='lat' dir='ltr'><strong>lnnuit,</strong></span> <span class='ocrx_word' id='word_1_775' title='bbox 1515 5562 1622 5623; x_wconf 85' lang='lat' dir='ltr'><strong>etc.</strong></span> <span class='ocrx_word' id='word_1_776' title='bbox 1664 5543 1784 5607; x_wconf 83' lang='lat' dir='ltr'><strong>Vid.</strong></span> <span class='ocrx_word' id='word_1_777' title='bbox 1821 5555 1982 5623; x_wconf 85' lang='lat' dir='ltr'><strong>epist.</strong></span> <span class='ocrx_word' id='word_1_778' title='bbox 2027 5543 2126 5607; x_wconf 78' lang='lat' dir='ltr'><strong>m‘</strong></span> <span class='ocrx_word' id='word_1_779' title='bbox 2170 5564 2223 5607; x_wconf 90' lang='lat' dir='ltr'><strong>et</strong></span> <span class='ocrx_word' id='word_1_780' title='bbox 2265 5556 2388 5617; x_wconf 70' lang='lat' dir='ltr'><strong>ns,</strong></span> <span class='ocrx_word' id='word_1_781' title='bbox 2426 5543 2468 5607; x_wconf 68' lang='lat' dir='ltr'><strong>i.</strong></span> <span class='ocrx_word' id='word_1_782' title='bbox 2513 5554 2597 5607; x_wconf 88' lang='lat' dir='ltr'><strong>IV.</strong></span> <span class='ocrx_word' id='word_1_783' title='bbox 2651 5553 2790 5623; x_wconf 73' lang='lat' dir='ltr'><strong>Add.</strong></span> <span class='ocrx_word' id='word_1_784' title='bbox 2837 5551 2996 5623; x_wconf 70' lang='lat' dir='ltr'><strong>epist.</strong></span> <span class='ocrx_word' id='word_1_785' title='bbox 3047 5547 3183 5623; x_wconf 71' lang='lat' dir='ltr'><strong>ii_c._</strong></span> <span class='ocrx_word' id='word_1_786' title='bbox 3222 5543 3307 5623; x_wconf 84' lang='lat' dir='ltr'><strong>ad_</strong></span> <span class='ocrx_word' id='word_1_787' title='bbox 3337 5545 3442 5623; x_wconf 62' lang='lat' dir='ltr'><strong>ne-</strong></span> 
     </span>
    </p>
   </div>
   <div class='ocr_carea' id='block_1_117' title="bbox 484 5619 1973 5690">
    <p class='ocr_par' dir='ltr' id='par_1_117' title="bbox 484 5619 1973 5690">
     <span class='ocr_line' id='line_1_117' title="bbox 484 5619 1973 5690; baseline 0.001 -17"><span class='ocrx_word' id='word_1_788' title='bbox 484 5622 504 5650; x_wconf 83' lang='grc'><strong>⁸</strong></span> <span class='ocrx_word' id='word_1_789' title='bbox 536 5619 737 5682; x_wconf 81' lang='lat' dir='ltr'><strong>Innuit,</strong></span> <span class='ocrx_word' id='word_1_790' title='bbox 775 5630 879 5673; x_wconf 93' lang='lat' dir='ltr'><strong>ctc.</strong></span> <span class='ocrx_word' id='word_1_791' title='bbox 921 5620 1043 5673; x_wconf 75' lang='lat' dir='ltr'><strong>Vid.</strong></span> <span class='ocrx_word' id='word_1_792' title='bbox 1103 5631 1140 5674; x_wconf 87' lang='grc' dir='ltr'><strong>ι.</strong></span> <span class='ocrx_word' id='word_1_793' title='bbox 1172 5621 1259 5684; x_wconf 86' lang='lat' dir='ltr'><strong>IV,</strong></span> <span class='ocrx_word' id='word_1_794' title='bbox 1283 5623 1442 5690; x_wconf 82' lang='lat' dir='ltr'><strong>epist.</strong></span> <span class='ocrx_word' id='word_1_795' title='bbox 1499 5622 1616 5685; x_wconf 83' lang='grc'><strong>106,</strong></span> <span class='ocrx_word' id='word_1_796' title='bbox 1650 5625 1748 5677; x_wconf 78' lang='grc'><strong>107</strong></span> <span class='ocrx_word' id='word_1_797' title='bbox 1773 5635 1828 5677; x_wconf 89' lang='lat' dir='ltr'><strong>et</strong></span> <span class='ocrx_word' id='word_1_798' title='bbox 1854 5619 1973 5676; x_wconf 62' lang='lat' dir='ltr'><strong>I46.</strong></span> 
     </span>
    </p>
   </div>
   <div class='ocr_carea' id='block_1_118' title="bbox 2058 5613 3438 5692">
    <p class='ocr_par' dir='ltr' id='par_1_118' title="bbox 2058 5613 3438 5692">
     <span class='ocr_line' id='line_1_118' title="bbox 2058 5613 3438 5692; baseline -0.01 -14"><span class='ocrx_word' id='word_1_799' title='bbox 2058 5627 2076 5654; x_wconf 75' lang='grc' dir='ltr'>δ</span> <span class='ocrx_word' id='word_1_800' title='bbox 2106 5625 2216 5692; x_wconf 82' lang='lat' dir='ltr'><strong>Ego</strong></span> <span class='ocrx_word' id='word_1_801' title='bbox 2251 5613 2475 5690; x_wconf 72' lang='lat' dir='ltr'><strong>quoque,</strong></span> <span class='ocrx_word' id='word_1_802' title='bbox 2511 5633 2616 5676; x_wconf 83' lang='lat' dir='ltr'><strong>etc.</strong></span> <span class='ocrx_word' id='word_1_803' title='bbox 2651 5621 2771 5674; x_wconf 70' lang='lat' dir='ltr'><strong>Hzec</strong></span> <span class='ocrx_word' id='word_1_804' title='bbox 2805 5613 2884 5673; x_wconf 49' lang='lat' dir='ltr'><strong>ex&#39;</strong></span> <span class='ocrx_word' id='word_1_805' title='bbox 2901 5620 3060 5692; x_wconf 79' lang='lat' dir='ltr'><strong>epist.</strong></span> <span class='ocrx_word' id='word_1_806' title='bbox 3092 5616 3212 5692; x_wconf 59' lang='grc'><strong>124,</strong></span> <span class='ocrx_word' id='word_1_807' title='bbox 3244 5613 3308 5666; x_wconf 88' lang='lat' dir='ltr'><strong>ad</strong></span> <span class='ocrx_word' id='word_1_808' title='bbox 3337 5613 3438 5665; x_wconf 82' lang='lat' dir='ltr'><strong>Ma-</strong></span> 
     </span>
    </p>
   </div>
   <div class='ocr_carea' id='block_1_119' title="bbox 2603 5686 3438 5760">
    <p class='ocr_par' dir='ltr' id='par_1_119' title="bbox 2603 5686 3438 5760">
     <span class='ocr_line' id='line_1_119' title="bbox 2603 5686 3438 5760; baseline -0.012 -16"><span class='ocrx_word' id='word_1_809' title='bbox 2603 5692 2844 5760; x_wconf 72' lang='lat' dir='ltr'><strong>°lnquit.</strong></span> <span class='ocrx_word' id='word_1_810' title='bbox 2916 5687 3034 5741; x_wconf 80' lang='lat' dir='ltr'><strong>Vid.</strong></span> <span class='ocrx_word' id='word_1_811' title='bbox 3099 5686 3230 5739; x_wconf 86' lang='lat' dir='ltr'><strong>Acta</strong></span> <span class='ocrx_word' id='word_1_812' title='bbox 3282 5695 3438 5736; x_wconf 84' lang='lat' dir='ltr'><strong>conc.</strong></span> 
     </span>
    </p>
   </div>
   <div class='ocr_carea' id='block_1_120' title="bbox 3082 5849 3113 5908">
    <p class='ocr_par' dir='ltr' id='par_1_120' title="bbox 3082 5849 3113 5908">
     <span class='ocr_line' id='line_1_120' title="bbox 3082 5849 3113 5908; baseline 0 0"><span class='ocrx_word' id='word_1_813' title='bbox 3082 5849 3113 5908; x_wconf 88' lang='lat'><strong>5</strong></span> 
     </span>
    </p>
   </div>
  </div>
