4208 6440
756 413 856 477 139

1879 397 2254 459 GARNERl-l
2296 395 2790 456 DISSERTATIO
2828 397 2876 454 ῐ.

3900 393 4001 460 ΗΟ

746 524 960 577 sionem
1014 521 1170 573 nobis
1203 514 1404 570 tradita
1440 512 1827 568 inviolabiliter
1856 511 2120 566 custodiri
2154 527 2165 561 :
2197 526 2326 577 pro-
2362 516 2397 568 Α
2432 523 2537 576 quc
2574 516 2946 576 paupertatem
2965 507 3140 575 plenis
3167 521 3425 561 curarum
3452 504 3660 559 divitiis
3697 516 3993 576 antepona-

753 623 876 674 ptcr
916 612 1056 664 hanc
1089 622 1331 669 causam,
1372 606 1629 676 quoniam
1669 603 1933 672 quosdam
1971 602 2326 670 cognovimus

751 679 1131 758 sanctissimas
1185 697 1460 767 Ecclesips
1521 694 1744 749 nocibili
1804 692 2045 746 novitate
2081 691 2323 750 turbare,

752 794 1018 865 synodum
1069 790 1412 846 decrevimus
1470 786 1671 855 Ephesi
1732 783 1876 847 fieri;
1927 785 1988 836 in
2037 780 2325 849 praesentia

750 883 952 952 quippe
981 879 1565 936 reverendissimorum
1588 876 1987 946 episcoporum,
2006 887 2128 925 cum
2155 872 2326 924 multa

749 973 1004 1029 libertate
1041 988 1105 1027 ac
1144 972 1354 1040 integra
1390 969 1643 1029 veritate,
1674 973 1729 1018 et
1767 962 1975 1032 indigni
2019 961 2326 1016 sacerdotio

749 1066 944 1119 remoti
973 1072 1120 1125 sunt,
1149 1069 1204 1114 et
1226 1061 1321 1130 qui
1343 1059 1573 1130 judicati
1597 1063 1726 1110 sunt
1749 1069 1868 1108 esse
1888 1054 2059 1123 digni,
2087 1053 2324 1120 suscepti

748 1163 908 1218 sunt;
943 1153 1080 1206 nihil
1128 1151 1297 1221 igitur
1339 1149 1408 1203 ab
1447 1148 1532 1200 his
1573 1135 1910 1199 contrarium
1959 1143 2159 1212 regulae
2199 1142 2325 1196 ﬁdei

747 1253 843 1298 aut
877 1243 1105 1314 justitiae
1142 1241 1345 1296 factum
1378 1252 1498 1293 esse
1535 1237 1920 1307 cognovimus;
1959 1235 2139 1287 omnis
2192 1249 2326 1287 con-

750 1333 921 1389 tentio
969 1347 1126 1386 sacro
1167 1331 1376 1402 judicio
1423 1327 1731 1382 examinata
1760 1334 1863 1379 est.
1909 1324 2196 1378 Flavianus
2225 1337 2325 1375 au-

751 1433 892 1485 tem,
943 1421 1039 1491 qui
1083 1435 1210 1474 reus
1263 1419 1520 1472 inventus
1590 1423 1675 1470 est
1733 1413 1977 1468 laesibilis
2039 1411 2320 1474 novitatis,

749 1514 990 1568 debitam
1009 1526 1224 1582 poenam
1257 1509 1496 1578 recepit;
1532 1517 1586 1561 et
1622 1506 1726 1560 hoc
1758 1515 1988 1567 remoto,
2023 1503 2201 1556 omnis
2224 1518 2325 1571 pax

748 1615 797 1658 et
823 1605 999 1659 omnis
1019 1602 1312 1658 concordia
1343 1610 1534 1671 regnat
1555 1600 1608 1654 in
1635 1597 1912 1656 Ecclesiis.
1937 1606 1989 1650 ct
2015 1595 2150 1648 nihil
2176 1594 2324 1649 aliud

748 1711 910 1764 quam
945 1695 1148 1750 veritas
1178 1693 1344 1760 viget.
1382 1709 1400 1740 ι

822 1805 955 1861 XVI.
997 1803 1137 1871 Quid
1191 1801 1410 1856 interim
1459 1798 1781 1852 Pulcbcria?
1828 1798 2325 1864 Quantumcunque

2428 615 2571 651 INUS.
2604 618 2621 649 ι

2501 712 2596 766 llis
2631 722 2685 768 et
2708 712 2828 765 aliis
2867 710 3209 765 sustentabat
3240 711 3483 766 animum
3503 715 3613 784 jam
3666 713 3829 766 malis
3863 711 3999 766 edo-

2427 798 2654 862 mitum,
2685 808 2740 853 et
2777 815 2805 852 a
2835 799 3067 868 pristino
3119 814 3310 854 errore
3358 817 3552 872 magna
3587 817 3653 855 ex
3686 811 3842 871 parte
3872 817 4002 855 cor-

2427 899 2657 944 rectum.
2694 891 2945 947 Errorem
2977 907 3106 946 vero
3135 893 3235 947 etsi
3261 891 3480 947 erudita
3528 893 3868 962 professione
3908 893 3997 947 lit-

2429 981 2566 1034 teris
2602 982 2669 1036 ad
2715 981 3062 1037 Timotheum
3091 985 3129 1016 ¹¹
3187 985 3505 1054 episcopum
3561 985 3780 1054 scriptis
3819 984 3999 1054 reipsa

2429 1079 2688 1134 revocat,
2732 1087 3020 1127 revocasse
3059 1081 3241 1128 tamen
3285 1074 3458 1128 videri
3506 1091 3614 1129 non
3649 1075 3802 1140 vult;
3861 1075 3999 1130 adeo

2428 1157 2649 1213 dillicile
2678 1169 2762 1213 est
2788 1161 3148 1230 magnanimis
3179 1163 3194 1180 ‘
3218 1159 3596 1230 paenitentiam
3621 1159 3800 1213 fateri.

2500 1251 2579 1305 Ad
2618 1253 2992 1306 discutiendas
3037 1252 3242 1307 errOris
3297 1252 3529 1307 nebulas
3578 1253 3810 1306 multum
3861 1251 4001 1306 lucis

2427 1343 2661 1396 contulit
2715 1345 2942 1413 epistola
2996 1345 3171 1400 sancti
3217 1344 3417 1399 Leonis
3460 1345 3527 1399 ad
3584 1346 3902 1400 Flavianum
3931 1351 4000 1399 de

2429 1435 2803 1489 incarnatione
2836 1451 2853 1486 τ
2881 1451 3002 1489 eam
3046 1436 3194 1490 enim
3223 1437 3264 1467 η
3311 1437 3710 1496 Theodoretus,
3747 1439 3879 1490 dum
3913 1449 3997 1490 at-

2428 1526 2633 1579 tentius
2656 1526 3512 1598 perlegeret,distinctionemque
3538 1535 3858 1584 naturarum
3886 1543 4002 1582 am-

2428 1617 2647 1681 barum,
2675 1619 2878 1688 quibus
2924 1617 3178 1673 Christus
3208 1629 3444 1686 constat,
3483 1628 3672 1690 aperte
3712 1619 3998 1690 praedicari

2427 1705 2927 1771 animadverteret,
2981 1723 3134 1762 suam
3174 1709 3278 1763 sibi
3323 1725 3450 1763 cum
3493 1709 3795 1765 Christiani
3845 1708 4001 1763 orbis

2429 1795 2687 1866 magistro
2708 1796 3132 1851 consensionem
3165 1799 3488 1866 gratulatus,
3537 1799 3591 1853 id
3623 1798 3826 1864 eﬂ'ecit,
3877 1799 3998 1869 opi-

748 1866 1107 1951 inciinarctur
1159 1893 1214 1947 in
1263 1901 1450 1962 partes
1493 1891 1691 1944 summi
1736 1889 2040 1959 pontificis,
2088 1887 2323 1942 volentis
2357 1866 2398 1919 Β
2427 1903 2547 1951 nor,
2592 1888 2739 1957 quod
2786 1888 3080 1958 aliquando
3109 1889 3427 1958 praestitisse
3459 1899 3671 1944 certum
3701 1900 3832 1946 est:
3884 1866 4002 1960 epi-

744 1988 1087 2043 meumenico
1116 1985 1350 2041 concilio
1383 1982 1730 2037 latrocinium
1765 1981 2101 2050 Ephesinum
2136 1995 2323 2034 emen-

748 2077 894 2140 dari;
927 2092 1100 2147 eoque
1135 2075 1374 2130 ferretur
1408 2073 1603 2142 partim
1641 2071 1840 2126 Leonis
1871 2070 2088 2131 litteris,
2123 2071 2320 2139 partim

745 2165 1070 2239 Chrysaphii
1111 2163 1258 2225 odio,
1293 2165 1488 2231 partim
1529 2167 1722 2229 sponte
1768 2174 1886 2220 sua,
1918 2168 1974 2210 et
2006 2155 2131 2210 fidei
2171 2156 2317 2219 zelo;

751 2259 968 2312 nolebat
997 2267 1176 2311 tamen
1209 2271 1296 2309 res
1324 2251 1630 2308 Orientales
1661 2251 1713 2304 in
1744 2247 2038 2305 Occidente
2069 2247 2175 2317 agi,
2207 2253 2318 2299 tum

749 2359 804 2401 ut
855 2354 1173 2418 parceretur
1227 2334 1661 2398 Patrum'maris
1708 2336 2109 2408 impatientiqu
2161 2351 2321 2389 vexa-

749 2442 914 2503 tioni;
957 2448 1069 2492 tum
1122 2447 1190 2491 ne
1231 2433 1526 2490 Orientalis
1565 2429 1800 2500 imperii,
1835 2427 2179 2495 seniorisque
2211 2429 2321 2479 Au-

747 2532 889 2600 gusti
936 2531 1189 2599 majestas
1225 2527 1586 2588 minueretur,
1634 2532 1748 2575 tum
1795 2519 2032 2588 denique
2069 2532 2139 2571 ne
2187 2532 2322 2586 pra:-

746 2634 891 2680 cssct
923 2621 1181 2684 Placidia,
1207 2620 1293 2674 cui
1337 2616 1588 2671 muliebri
1624 2611 1969 2669 aemulatione
2005 2624 2144 2679 pene
2175 2607 2318 2661 invi-

748 2715 911 2769 debat
950 2734 962 2767 :
995 2729 1165 2782 quare
1223 2710 1415 2765 maluit
1467 2715 1706 2762 mentem
1757 2713 1970 2775 tegere,
2020 2716 2090 2756 ne
2134 2698 2321 2754 fratris

747 2805 988 2859 animum
1028 2802 1414 2872 suspiciosum,
1448 2813 1554 2852 nec
1595 2795 1729 2851 satis
1747 2808 1966 2865 equum
2009 2788 2186 2846 sorori
2226 2804 2322 2842 an-

747 2905 918 2962 geret,
951 2909 1017 2946 eo
1062 2891 1360 2962 praesertim
1402 2897 1670 2956 tempore,
1701 2899 1811 2953 quo
1833 2897 1974 2952 aegra
2009 2878 2321 2935 valetudine

749 2990 1026 3048 utebatur,
1055 2998 1155 3038 nec
1193 2981 1287 3036 diu
1323 2982 1571 3034 victurus
1599 2978 1771 3032 videri
1801 2983 2035 3048 poterat.

824 3100 977 3170 187
1008 3097 1170 3150 XVII.
1196 3094 1418 3148 Interim
1452 3090 1833 3145 Theodoretus
1881 3086 2237 3140 Sabinianum
2265 3092 2320 3136 et

2425 1980 2578 2034 stolae
2601 1980 2799 2034 summi
2827 1979 3104 2050 pontiﬁcis
3129 1981 3413 2052 subjnnxit
3451 1997 3561 2038 non
3585 1997 3740 2038 suam
3785 1991 3998 2037 tantum

2424 2069 2912 2141 subscriptionem,
2938 2070 3084 2141 quod
3115 2072 3299 2125 minus
3316 2071 3640 2145 videbatur;
3692 2073 3785 2128 sed
3811 2088 3876 2127 ea
3915 2073 4000 2127 in-

2411 2175 2590 2229 super
2643 2161 2952 2215 testimonia
2995 2177 3116 2230 qua:
3164 2177 3232 2216 ex
3279 2162 3593 2218 Occidentis
3646 2163 3999 2234 Orientisque

2423 2250 2678 2305 Patribus
2727 2260 2853 2305 ante
2898 2261 3135 2322 quatuor
3185 2269 3359 2309 annos
3414 2254 3729 2326 collegerat,
3785 2272 3998 2327 suoque

2422 2341 2658 2411 dialogo,
2690 2341 2782 2410 qui
2812 2342 3137 2396 Inconfusus
3175 2343 3514 2410 inscribitur,
3547 2346 3813 2402 adversus
3861 2363 3998 2402 con-

2423 2432 2692 2487 fusionem
2751 2433 3133 2503 imperitorum
3192 2436 3592 2491 monachorum
3651 2437 3995 2503 inseruerat,

2421 2539 2532 2593 quo
2553 2525 2958 2594 subscriptores
2983 2541 3168 2580 secum
3205 2527 3523 2590 adduceret,
3568 2529 3824 2585 Ecclesiae
3862 2546 4000 2600 prae-

2423 2613 2790 2666 stantissimos
2817 2616 3123 2684 magistros.

2494 2723 2644 2778 Hauc
2672 2725 2919 2780 eamdem
2961 2727 3247 2797 epistolam
3279 2729 3588 2784 certissimo
3615 2745 3716 2785 suo
3762 2739 3999 2802 patrono

2424 2814 2674 2868 Anatolio
2701 2816 2933 2884 patricio
2959 2818 3490 2886 Constantimpolim
3521 2820 3824 2876 transmisit
3849 2838 3862 2872 :
3885 2836 3996 2876 non

2424 2901 2614 2970 utique
2683 2903 2909 2967 nudam,
2953 2904 3096 2958 sicut
3135 2919 3397 2971 venerat;
3431 2908 3564 2977 quid
3602 2909 3747 2962 enim
3803 2908 3998 2964 fuisset

2423 3008 2580 3062 opus,
2612 3010 2735 3048 cum
2803 2996 2856 3048 in
2895 2996 3028 3049 urbe
3071 2998 3215 3068 regia
3242 3007 3517 3053 tereretur
3545 3000 3792 3054 omnium
3821 3001 4000 3054 mani-

2423 3087 2567 3140 bus?
2592 3089 2753 3157 188
2781 3088 2875 3142 sed
2910 3089 3257 3154 testimoniis,
3289 3107 3408 3160 quze
3437 3091 3570 3156 dixi,
3621 3093 3842 3147 Patrum
3877 3109 3999 3146 mu-

748 3193 918 3251 lbam,
943 3190 1292 3258 seipsnmque
1316 3182 1520 3238 litteris
1544 3181 1844 3242 SOIabalﬂT.
1871 3186 1927 3232 εὶ
1975 3176 2130 3246 (ιυὶιδί
2164 3174 2316 3228 [we-
2348 3195 2389 3250 (ζ
2421 3179 2613 3242 uitam,
2641 3190 2701 3234 ut.
2725 3181 2883 3234 fidem
2908 3197 3060 3234 suam
3087 3182 3330 3251 apertius
3355 3184 3695 3238 ostenderet.
3735 3204 3752 3233 ι
3787 3185 3994 3239 Rerum

748 3287 911 3338 batur
927 3280 1365 3335 adversariorum
1384 3276 1482 3336 ira,
1504 3274 1557 3327 in
1582 3273 1650 3328 iis
1671 3285 1925 3341 magnum
1951 3269 2173 3338 quidem
2193 3265 2318 3320 ﬁdei

749 3374 1012 3431 studium.
1068 3383 1425 3440 magnamque
1458 3364 1680 3419 honoris
1717 3369 1772 3416 et
1822 3360 1966 3416 sedis
2010 3357 2313 3427 despicien-

751 3467 880 3518 tiam
903 3461 1265 3534 prinfcrebat;
1290 3459 1384 3513 sed
1415 3457 1682 3527 prodebat
1731 3462 1912 3507 tamen
1950 3450 2209 3512 indolem,
2239 3449 2324 3502 in-

749 3557 1027 3625 situmque
1051 3553 1237 3606 animo
1257 3550 1499 3604 dolorem
1530 3566 1543 3600 :
1574 3545 1930 3616 quamobrem
1960 3542 2317 3598 Sabinianum

749 3648 924 3702 amice
947 3644 1148 3715 arguit,
1201 3641 1344 3711 quod
1381 3640 1528 3694 sedis
1568 3653 1754 3693 amore
1781 3651 1848 3690 eo
1898 3651 1956 3689 se
2005 3634 2316 3703 abjccissct,

748 3755 858 3810 quo
885 3734 1290 3806 magnanimum
1310 3747 1418 3785 nou
1444 3732 1682 3786 timeret.
1721 3747 1736 3779 ι
1768 3727 2123 3782 Sanctitatem
2149 3734 2316 3784 tuam,

748 3828 924 3897 inquit
952 3830 995 3889 ⁸,
1019 3824 1274 3880 laudibus
1288 3821 1479 3884 extuli,
1503 3837 1625 3874 cum
1655 3818 1978 3872 invidiosam
2001 3815 2318 3870 cathedram

748 3919 1010 3990 reliquit;
1037 3932 1158 3986 quae
1189 3915 1337 3970 enim
1366 3911 1680 3968 veneranda
1713 3911 1844 3964 olim
1880 3918 2022 3969 erat.
2066 3923 2213 3963 nunc
2238 3907 2317 3961 la-

747 4024 832 4069 cta
854 4021 939 4067 est
963 4009 1215 4071 ridicula,
1243 4007 1490 4062 venalem
1516 4007 1718 4076 quippe
1751 4003 1899 4057 illam
1937 4016 2039 4055 nos
2065 3999 2316 4054 fecimus.

745 4106 974 4160 Miratus
1001 4115 1122 4157 sum
1149 4108 1354 4162 autem,
1380 4106 1668 4168 postquam
1700 4091 1953 4164 cognovi,
2012 4100 2062 4145 te
2106 4090 2172 4144 ad
2200 4105 2316 4151 eos,

746 4198 840 4266 qui
870 4193 1154 4266 eiecerint,
1173 4193 1503 4245 accurrisse.
1533 4188 1665 4241 Nam
1697 4185 2033 4240 contrarium
2060 4193 2109 4236 te
2141 4182 2318 4236 facere

746 4288 1057 4358 oportebat,
1083 4291 1141 4338 ut
1177 4290 1395 4352 rogatus
1424 4278 1794 4351 gubernacula
1826 4276 2089 4335 retinere,
2122 4274 2320 4343 guber-

686 4424 688 4427 .
747 4381 1023 4436 nationem
1047 4376 1346 4445 refugeres,
1366 4383 1624 4440 tanquam
1662 4369 1900 4423 inimicis
1926 4368 2084 4425 factis
2116 4367 2202 4428 iis,
2223 4366 2315 4434 qui

747 4472 801 4526 in
833 4469 1025 4526 eadem
1076 4467 1198 4520 navi
1239 4471 1385 4519 sunt.
1428 4484 1444 4512 ι
1490 4463 1556 4516 Ει
1581 4470 1769 4531 postea
1801 4460 1867 4514 de
1904 4475 1996 4514 se:
2037 4478 2054 4508 ‹
2094 4459 2206 4528 Ego
2243 4458 2319 4511 fa-

2423 3286 2691 3334 omn.um,
2725 3271 2902 3340 inquit
2934 3272 2997 3335 ¹⁸,
3050 3283 3235 3326 rector
3280 3283 3336 3327 et
3371 3274 3686 3328 moderator
3729 3274 3998 3329 Dominus

2423 3362 2700 3432 patefecit,
2737 3371 2792 3417 et
2830 3363 3257 3432 apostolieorum
3304 3373 3620 3420 nostrorum
3677 3365 3996 3436 dogmatum

2421 3458 2730 3522 veritatem,
2766 3459 3056 3528 ctjactatae
3117 3458 3170 3512 in
3206 3474 3308 3513 nos
3345 3458 3635 3512 calumnia:
3674 3458 3992 3512 falsitatem.

2423 3550 2660 3612 Etenim,
2685 3565 2806 3617 quae
2836 3565 2863 3601 a
2887 3549 2998 3602 Deo
3027 3549 3355 3603 charissimo
3383 3558 3439 3603 et
3472 3549 3820 3604 sanctissimo
3873 3564 3993 3602 ma-

2421 3655 2539 3707 gna:
2569 3640 2753 3692 Roma:
2783 3639 3196 3708 archiepiscopo
3230 3639 3458 3694 domino
3490 3639 3671 3694 Leone
3705 3639 3774 3693 ad
3797 3649 4000 3694 sancta:

2423 3730 2701 3783 memoria)
2735 3729 3050 3782 Flavianum
3082 3731 3327 3798 aliosque
3353 3729 3498 3798 apud
3527 3727 3802 3799 Ephesum
3861 3747 3998 3784 con-

2422 3827 2671 3887 gregatos
2695 3819 2899 3887 scripta
2927 3827 3077 3878 sunt.
3104 3834 3227 3872 cum
3260 3818 3328 3873 iis
3352 3817 3571 3888 penitus
3618 3818 3996 3885 consentiunt,

2422 3924 2543 3978 quae
2577 3923 2677 3962 nos
2705 3909 2789 3963 vel
2817 3910 3270 3978 conscripsimus,
3292 3910 3378 3962 vel
3423 3910 3477 3963 in
3507 3910 3770 3966 Ecclesiis
3801 3927 3999 3982 perpe-

2422 4009 2516 4054 tuo
2548 4001 2858 4056 docuimus.
2886 4001 3156 4068 Quocirca
3189 4003 3353 4057 simul
3377 4018 3442 4057 ac
3484 4019 3578 4058 eas
3607 4004 3821 4059 litteras
3865 4005 3998 4076 legi,

2422 4093 2718 4164 benignum
2772 4095 3061 4148 Dominum
3108 4093 3349 4159 laudavi,
3394 4095 3540 4164 quod
3565 4094 3841 4151 Ecclesias
3885 4111 3998 4151 non

2420 4199 2648 4253 prorsus
2675 4185 3002 4243 deseruerit.
3035 4185 3128 4240 sed
3161 4195 3326 4240 rectte
3397 4185 3663 4242 doctrinae
3705 4188 3998 4244 scintillam

2421 4277 2677 4336 servat-it,
2707 4278 2789 4331 vel
2819 4277 3003 4346 potius
3035 4293 3146 4330 non
3169 4277 3488 4341 scintillam,
3524 4278 3619 4333 sed
3674 4279 3848 4334 facem
3875 4295 3995 4334 ma-

2420 4366 2645 4429 ximam,
2674 4383 2795 4435 qua:
2827 4368 3016 4422 urbem
3041 4376 3312 4422 terrarum
3341 4370 3641 4425 accendere
3685 4380 3741 4425 et
3786 4372 3996 4426 illumi-

2422 4475 2551 4512 nare
2583 4460 2770 4527 pOs-sit.
2813 4479 2829 4508 ι
2869 4461 3004 4513 'l'um
3041 4469 3164 4529 post
3191 4461 3468 4516 laudatam
3528 4464 3842 4532 apostolica:
3879 4465 4000 4533 epi-

745 4574 890 4616 ctam
915 4560 970 4614 in
995 4574 1080 4613 me
1111 4557 1368 4627 injuriam
1400 4554 1549 4609 velut
1581 4553 1829 4607 divinum
1857 4550 2183 4605 beneficium
2222 4566 2316 4603 cx-
2353 4543 2393 4597 Β
2423 4552 2575 4604 stolm
2624 4544 2928 4605 doctrinam
2964 4567 3088 4605 cum
3121 4552 3378 4606 Patribus
3411 4568 3706 4607 consonam
3741 4572 3752 4607 :
3787 4575 3804 4603 ς
3855 4554 3994 4610 Cum

744 4654 887 4725 cepi,
934 4669 1043 4707 non
1071 4666 1200 4706 sane
1233 4649 1460 4719 gratiam
1487 4647 1696 4700 habens
1738 4645 1950 4714 injuria:
1979 4645 2317 4705 auctoribus,

744 4747 876 4816 (quo
912 4744 1058 4799 enim
1089 4745 1266 4812 pacto,
1301 4738 1598 4794 fratricidis
1645 4746 1702 4791 et
1748 4735 1901 4790 Caini
1957 4744 2166 4804 partem
2201 4751 2314 4788 am-

742 4835 972 4906 plexis?)
1001 4833 1094 4889 sed
1142 4833 1431 4888 Dominum
1457 4846 1636 4884 meum
1668 4828 1924 4882 laudibus
1943 4828 2202 4888 efferens,
2224 4827 2318 4894 qui

745 4945 830 4983 me
860 4927 1116 4999 injuriam
1148 4925 1472 4995 patientium
1523 4933 1665 4977 sorte
1700 4922 1953 4991 dignatus
1981 4929 2080 4974 est.
2121 4940 2136 4970 ι
2170 4920 2315 4973 Ibam

743 5033 873 5074 vero
913 5018 1197 5087 alloquens
1245 5016 1542 5070 Sabiniano
1596 5012 2042 5083 generosiorem:
2082 5029 2099 5058 ‹
2137 5008 2312 5064 Ceda-

744 5126 886 5172 mus,
903 5109 979 5164 ait
1014 5110 1078 5172 ’°,
1111 5107 1554 5179 peremptoribus
1584 5106 1847 5158 honorem
1899 5111 1955 5154 et
1979 5101 2222 5160 delicias,
2259 5109 2315 5152 ct

741 5203 889 5259 sedis
929 5201 1344 5270 prterogativam
1396 5207 1451 5253 et
1499 5197 1725 5266 gloriam
1778 5195 2073 5254 infelicem,
2108 5201 2318 5246 tantum

743 5293 1108 5350 inhareamus
1133 5290 1462 5360 evangelicis
1485 5288 1851 5358 dogmatibus,
1885 5293 1938 5338 ct
1967 5301 2092 5337 cum
2116 5283 2246 5345 illis,
2275 5283 2318 5335 si

742 5401 879 5454 opus
909 5390 1013 5448 est,
1042 5383 1260 5452 quidvis
1276 5397 1535 5451 asperum
1567 5379 1929 5448 perferamus,
1958 5374 2320 5429 laudabilem-

2423 4643 2509 4696 his
2545 4644 2743 4697 litteris
2767 4643 2904 4697 meis
2933 4643 3206 4712 eopulavi,
3241 4651 3320 4707 ut,
3347 4660 3470 4698 eum
3499 4645 3694 4715 legerit
3749 4647 3999 4715 magnifi-

2421 4735 2600 4788 centia
2627 4743 2738 4797 tua,
2771 4749 2959 4789 eorum
2997 4734 3337 4799 recordetur,
3374 4751 3496 4803 qua:
3522 4751 3551 4788 a
3591 4737 3752 4789 nobis
3781 4738 3835 4789 in
3889 4738 3996 4791 Et:-

2420 4827 2586 4878 clesia
2614 4826 2812 4894 srepius
2839 4834 2966 4879 sunt
3013 4825 3178 4889 dicta,
3209 4835 3265 4879 ct
3307 4827 3724 4881 consensionem
3773 4828 3999 4897 dogma-

2425 4925 2538 4969 tum
2572 4927 2848 4984 agnoscat.
2897 4935 2914 4966 ι
2968 4916 3228 4978 Eamdcm
3281 4933 3500 4986 quoque
3551 4933 3650 4987 per
3689 4919 3899 4987 legatus
3927 4919 3997 4972 ad

2421 5015 2673 5062 sanctum
2730 5007 2991 5070 Leonem,
3034 5009 3086 5062 id
3119 5017 3223 5070 est,
3249 5009 3314 5061 ad
3361 5025 3677 5079 supremum
3727 5010 3997 5078 judicent,

2421 5100 2580 5169 cujus
2612 5099 2854 5153 tribunal
2918 5100 3251 5169 appellabat,
3287 5102 3480 5155 iisdem
3535 5101 3866 5156 testimoniis
3893 5117 3997 5156 au-

2422 5201 2566 5246 ctam
2601 5191 2831 5254 remisit.
2862 5193 3013 5245 velut
3039 5193 3392 5247 ineluctabile
3441 5210 3620 5247 causa:
3648 5209 3759 5246 suae
3792 5194 4000 5247 instru-

2421 5291 2670 5335 mentum
2728 5289 3176 5350 momentumque
3221 5281 3624 5350 gravissimum.
3664 5280 3805 5345 Quid
3845 5282 3996 5334 enim

2420 5373 2700 5442 potentius
2723 5373 3050 5443 graviusque
3079 5372 3267 5426 afferat
3301 5373 3570 5443 quispiam
3596 5372 3661 5426 ad
3705 5388 3818 5425 suae
3869 5371 3997 5426 Iidci

2072 5575 2384 5633 SCHULZII
2427 5573 2652 5629 NOTAE.

810 5744 1048 5813 ’quuit.
1097 5743 1214 5796 Vid.
1257 5753 1294 5793 t.
1355 5741 1442 5802 IV,
1473 5740 1629 5808 epist.
1672 5739 1802 5813 liii.

739 5820 895 5880 enim,
933 5810 1032 5870 ἐις
1091 5813 1204 5868 Viri.
1239 5813 1396 5882 epist.
1444 5813 1534 5866 liti
1583 5819 1633 5863 n't
1668 5810 1778 5885 lit.

1885 5737 2056 5791 "Ait.
2098 5735 2220 5788 Vid.
2265 5736 2300 5787 l.
2337 5751 2384 5784 ο.
2413 5733 2572 5800 epist.
2618 5732 2734 5784 133.

1860 5810 1901 5837 ”
1928 5807 2124 5877 quuit.
2157 5805 2270 5858 Vid.
2314 5805 2472 5873 epist.
2521 5805 2633 5856 l‘ll.

2820 5731 2854 5761 "
2894 5730 2974 5784 Ad
3004 5728 3222 5783 Timet/t.
3271 5728 3390 5781 νεά.
3423 5725 3584 5794 epist.
3623 5725 3740 5780 151.
3785 5727 3824 5757 ⁸⁸
3855 5724 4000 5780 Eam
