4208 6440
193 364 286 433 ιιι

1354 371 1716 432 HISTORIA
1752 369 2259 430 THEODORETI.

3334 366 3437 434 142

188 485 485 554 puritatem
548 481 905 553 probandam,
960 497 1122 551 quam
1179 484 1597 537 consensionem
1640 497 1765 537 cum
1798 491 1837 542 Α
1868 498 1928 536 es
1958 500 1989 536 e
2042 484 2297 552 iusserat.
2345 481 2508 535 Suam
2560 490 2616 536 et
2652 481 2817 535 totius
2874 480 3131 536 Ecclesiae
3160 480 3438 539 catholicae

186 575 557 630 sanctissimis
580 574 1022 641 doctissimisque
1075 570 1315 627 Orientis
1346 572 1767 641 Occidentisque

186 668 467 729 Patribus,
499 666 701 735 quibus
730 667 883 718 velut
914 665 967 717 in
990 664 1259 734 synodum
1304 665 1510 731 coactis
1560 664 1765 719 Christi

185 757 434 809 vicarius
455 755 787 825 praesideat?
814 755 949 820 Quis
978 770 1006 807 a
1044 755 1315 809 catholica
1342 756 1573 809 veritate
1611 754 1769 808 aber-

187 857 294 911 ret,
328 857 557 901 secutus
577 847 767 909 duces,
801 847 1091 911 llilarium,
1119 845 1500 909 Athanasium,
1535 845 1765 898 Ambro-

184 940 355 1002 sium,
415 939 806 1009 Augustinum,
854 939 1328 1008 Chrysostomum,
1380 936 1766 1005 Theophilum,

186 1028 621 1091 Nazianzenum,
657 1029 942 1087 Basilium,
974 1026 1261 1096 Cyrillum,
1311 1036 1367 1079 et
1396 1025 1634 1078 Leonem
1663 1025 1771 1077 Ma-

184 1120 399 1188 gnum?
430 1119 551 1173 Huc
584 1118 782 1173 adduci
816 1126 1038 1187 possent
1092 1116 1380 1186 Augustini
1424 1117 1591 1169 verba
1643 1130 1767 1168 cum

182 1212 410 1267 Iuliano
451 1212 785 1280 disputantis
822 1210 862 1240 “
897 1227 909 1263 :
946 1229 963 1259 ι
1009 1210 1063 1262 Si
1089 1226 1155 1264 ex
1185 1209 1320 1262 orbe
1346 1218 1460 1262 toto
1488 1208 1772 1276 episcopa-

184 1301 256 1352 lis
282 1300 533 1371 synodus
558 1307 1005 1369 congregaretur,
1040 1300 1264 1360 mirum,
1314 1298 1358 1350 si
1406 1305 1632 1366 possvnt
1661 1296 1772 1349 illic

185 1392 348 1445 facile
376 1392 570 1444 sedere
595 1400 675 1443 tot
710 1391 880 1454 docti,
918 1405 1127 1460 graves.
1168 1390 1361 1452 sancti,
1416 1388 1770 1456 veritatisque

188 1484 453 1536 acerrimi
490 1482 833 1536 defensores.
865 1502 883 1531 ι

259 1573 454 1627 XVIII.
479 1574 584 1628 Per
614 1573 667 1627 id
700 1582 917 1642 tempus
951 1574 1207 1628 Historia:
1231 1573 1620 1627 ecclesiastica:
1677 1580 1771 1625 aut

186 1666 608 1735 componendae,
635 1666 780 1735 quod
841 1666 1013 1733 magis
1062 1681 1205 1724 reor,
1250 1674 1346 1718 aut
1372 1666 1561 1719 saltem
1594 1664 1772 1717 absol-

188 1759 383 1811 venda:
412 1773 472 1811 se
500 1756 673 1811 dedit.
731 1757 848 1821 Illa,
898 1765 957 1809 ut
990 1758 1217 1825 ipsemet
1249 1756 1470 1819 fatetur,
1528 1755 1770 1823 quinque

188 1860 244 1905 et
265 1858 497 1903 centum
533 1863 805 1902 annorum
835 1858 1051 1917 tempus
1094 1847 1505 1916 complectitur,
1534 1846 1604 1899 ab
1652 1845 1767 1898 Arii

190 1941 415 1995 vesania
452 1940 747 2009 incipiens,
782 1939 1150 2007 desinensque
1199 1936 1254 1989 in
1306 1936 1458 1990 ohitu
1495 1933 1769 1989 Theodori

190 2045 243 2086 et
275 2031 577 2094 Theodoti,
618 2030 723 2084 hoc
769 2038 875 2093 est,
903 2030 972 2083 ab
1028 2045 1173 2083 anno
1218 2028 1563 2082 Constantini
1596 2027 1769 2096 Magni

190 2125 411 2177 decimo
438 2124 698 2192 septimo,
726 2123 820 2191 qui
852 2121 1052 2176 Christi
1086 2121 1210 2183 δὴ,
1248 2120 1313 2199 ad
1353 2120 1644 2174 Theodosii
1672 2120 1773 2174 .Iu-

193 2215 368 2268 nioris
394 2228 604 2267 annum
636 2213 981 2275 vicesimum,
1020 2212 1115 2280 qui
1143 2210 1350 2265 Christi
1380 2211 1503 2265 427.
1531 2210 1591 2263 In
1626 2210 1772 2263 hunc

196 2306 444 2359 laborem
480 2303 740 2358 incubuit
766 2302 1093 2371 Apameensi
1138 2301 1472 2354 monasterio
1505 2299 1768 2361 inclusus,

192 2399 303 2451 sive
328 2406 393 2450 ut
423 2411 709 2450 aerumnas
742 2395 956 2448 falleret
981 2393 1336 2447 contentione
1384 2393 1623 2456 mentis;
1655 2392 1769 2445 sive

195 2500 250 2543 ut
278 2489 604 2558 patientiam
630 2487 900 2542 solaretur
923 2498 1239 2539 sanctorum
1261 2484 1329 2538 ab
1361 2484 1581 2539 Arianis
1607 2497 1772 2535 vexa-

196 2592 371 2634 torum
407 2579 701 2649 exemplo;
734 2580 849 2633 sive
870 2587 929 2632 ut
961 2592 1063 2632 suo
1078 2578 1300 2639 satculo,
1328 2575 1608 2645 ingeniosa
1634 2589 1771 2643 qua-

195 2666 313 2718 dam
343 2668 631 2735 allegoria,
692 2666 961 2734 obiiceret
992 2664 1353 2733 praecedentis
1390 2663 1772 2724 imitationem,

196 2774 299 2826 quo
332 2760 528 2813 Ariani
557 2758 788 2828 grassati
814 2766 941 2811 sunt
967 2756 1233 2812 adversus
1268 2756 1394 2810 ﬁdei
1437 2756 1771 2816 defensores,

198 2860 249 2904 et
274 2851 530 2905 subolem
566 2858 919 2919 pepererunt,
962 2858 1022 2903 ut
1049 2850 1152 2918 ipsi
1207 2848 1427 2918 quidem
1458 2847 1772 2910 videbatur,

198 2956 312 3010 qum
336 2941 491 2995 sanis
513 2940 863 3010 dogmatibus
887 2949 1019 2995 tunc
1050 2939 1342 2995 obsisteret
1372 2958 1385 2991 :
1408 2954 1599 2992 verum
1626 2954 1689 2991 ea
1708 2938 1775 2991 de

199 3051 251 3089 re
283 3033 572 3103 copiosius
626 3033 682 3085 in
719 3032 1040 3086 recensione
1070 3030 1333 3101 Operum,
1384 3031 1475 3084 ubi
1507 3030 1776 3100 allegoriae

200 3126 529 3196 mysterium
558 3124 859 3193 explicatut

737 3236 897 3306 139
929 3235 1153 3291 CAPUT
1178 3236 1244 3290 x.

201 3327 239 3383 I.
271 3329 493 3395 Legatio
551 3326 855 3380 Theodoreti
886 3325 1108 3378 Romam
1145 3329 1303 3381 venit.
1362 3327 1424 3383 Il.
1460 3326 1690 3381 Auditur
1748 3348 1779 3383 a

266 3409 456 3453 sancto
494 3398 662 3450 Leone
712 3399 766 3449 in
794 3398 1008 3465 synodo.
1040 3396 1127 3450 [ΙΙ.
1175 3398 1436 3452 iudicium
1483 3414 1545 3449 ea:
1574 3400 1782 3465 scriptis

265 3480 565 3523 exora-tier.
628 3467 714 3519 IV.
752 3464 1051 3536 Apostolica
1106 3471 1370 3521 sententia
1434 3464 1782 3524 Tlteodorcttts

270 3539 585 3593 absolvitur.
615 3537 677 3591 Υ.
812 3536 1008 3607 synodo
1058 3554 1291 3608 summus
1327 3538 1558 3608 pontifex
1585 3537 1781 3607 legatos

261 3606 783 3677 Constantinopolim
820 3606 980 3677 mittit
1014 3606 1085 3658 ad
1114 3606 1442 3677 probandam
1475 3606 1709 3677 AnatOIii
1733 3621 1781 3662 et

270 3682 506 3735 aliorum
536 3675 829 3747 ﬁdemj'l.
866 3676 1118 3741 Deferunt
1154 3676 1314 3747 legati
1351 3675 1627 3747 epistolam
1654 3695 1781 3731 sun-

270 3753 337 3803 rti
372 3744 559 3802 Leonis
602 3748 669 3799 ad
699 3744 1031 3809 Flavianum,
1057 3744 1311 3814 tanquam
1355 3744 1635 3816 formulam
1657 3748 1779 3816 ﬁdei

270 3822 335 3875 ab
361 3820 605 3872 omnibus
634 3816 1077 3868 subscribendum.
1105 3816 1215 3869 Vll.
1237 3816 1582 3870 Tlteodoretus
1598 3818 1780 3872 Abun-

271 3893 355 3944 aio
394 3888 672 3957 legationis
709 3887 930 3954 principi
960 3884 1151 3937 scribit.

864 3979 1003 4024 Anno
1027 3976 1130 4025 4330.

271 4083 310 4134 l.
344 4081 450 4145 Qui
480 4080 806 4149 legationem
838 4078 1169 4132 Theodoreti
1191 4078 1439 4144 obibant,
1468 4080 1777 4142 Abramius,

204 4169 472 4237 llvpatius
496 4177 553 4222 et
584 4168 832 4237 Alypius,
862 4167 1191 4222 immensum
1222 4168 1327 4223 iter
1352 4168 1580 4223 Romam
1606 4184 1779 4239 usque

200 4259 339 4326 Cyro
369 4258 605 4326 ingressi
634 4266 761 4311 sunt
782 4256 1027 4311 terrestri
1055 4258 1141 4311 via
1178 4275 1191 4310 :
1221 4274 1329 4327 qua
1373 4260 1521 4312 enim
1553 4258 1657 4313 alia
1680 4275 1777 4329 po-

203 4350 439 4402 tuissent
497 4364 561 4403 ea
610 4357 952 4416 tempestate,
979 4349 1114 4403 mari
1158 4365 1355 4417 nempe
1401 4351 1587 4404 clauso
1616 4359 1778 4420 atque

203 4440 526 4495 hiemante?
566 4439 830 4505 Quocirca
878 4455 987 4493 non
1044 4439 1303 4495 videntur
1337 4450 1462 4495 ante
1534 4442 1776 4496 Februa-

1870 576 2312 628 connuunionem
2341 575 2597 629 omnibus
2623 591 2652 628 a
2672 575 2933 628 Dioscoro
2953 576 3299 629 anathemate
3316 590 3440 644 per-

1870 665 2046 719 cussis
2076 665 2386 733 impertitus
2425 674 2539 717 erat
2571 682 2583 717 :
2613 674 2782 734 utque
2811 680 2875 718 ea
2926 664 3135 719 ﬁrmius
3161 664 3441 719 constabi-

1869 754 2125 817 lirentur,
2150 764 2205 808 et
2228 755 2296 808 de
2334 755 2452 823 ipso
2484 755 2743 809 Dioscoro
2768 755 3069 809 solemuius
3097 756 3323 823 quasstio
3338 756 3439 823 ha.-

1875 849 2116 909 berctur,
2152 847 2382 916 petierat
2427 846 2495 899 ab
2521 846 2846 915 imperatore
2897 845 3227 911 Theodosio,
3273 847 3441 900 totius

1871 939 2020 992 orbis
2049 938 2340 991 concilium
2400 938 2453 990 in
2484 937 2637 990 Italia
2692 936 2834 1006 cogi,
2869 937 2958 991 cui
2987 944 3154 1005 caput
3186 936 3442 991 Ecclesiae

1872 1045 1968 1098 per
1996 1046 2053 1082 se
2080 1029 2417 1098 praesideret.
2472 1029 2786 1082 Frustratus
2832 1043 2947 1097 spe,
2998 1044 3108 1083 non
3172 1028 3444 1083 contraxit

1870 1121 2150 1183 animum;
2184 1120 2276 1173 sed
2310 1120 2574 1173 infractus
2605 1120 2781 1180 malis,
2810 1121 3063 1181 tentavit,
3089 1120 3134 1174 si
3165 1136 3272 1189 qua
3321 1134 3444 1189 pos-

1871 1220 1955 1265 set
1985 1210 2088 1272 via,
2134 1210 2199 1262 ad
2237 1208 2469 1263 oﬁicium
2512 1210 2773 1264 reducere
2808 1210 3115 1278 episcOpos,
3146 1211 3292 1278 quia
3315 1209 3443 1265 Dio-

1871 1317 2027 1355 scoro
2052 1318 2149 1370 per
2170 1302 2277 1354 vim
2314 1302 2762 1371 tyrannidemque
2782 1301 2993 1355 seducti
3019 1309 3197 1353 erant.

1947 1394 2006 1444 ll.
2035 1392 2173 1445 Dum
2192 1393 2245 1445 in
2264 1408 2330 1445 eo
2352 1401 2438 1445 est
2468 1392 2532 1453 ¹⁵,
2557 1392 2857 1444 adveniunt
2885 1400 3194 1460 opportune
3215 1405 3246 1443 a
3267 1389 3448 1443 Theo-

1872 1482 2066 1536 doreto
2095 1483 2276 1551 legati,
2314 1482 2407 1551 qui
2442 1490 2732 1544 testentur,
2766 1482 2821 1535 in
2844 1480 3065 1536 Oriente
3105 1496 3277 1551 usque.
3307 1481 3447 1535 adeo

1874 1572 2105 1635 turbari,
2159 1581 2220 1625 ut
2254 1572 2381 1625 ﬁdei
2444 1586 2533 1625 res
2563 1586 2671 1625 non
2697 1581 2881 1641 posset
2917 1571 3140 1625 aliunde
3173 1588 3336 1641 quam
3376 1572 3445 1626 ab

1873 1661 2165 1716 Occidente
2195 1662 2409 1716 restitui
2442 1679 2456 1716 ι
2486 1664 2575 1715 vix
2606 1678 2895 1732 superesse
2927 1664 3172 1717 veritatis
3209 1678 3445 1733 evange-

1880 1754 1999 1808 lica:
2036 1754 2349 1815 scintillam,
2373 1769 2475 1809 nec
2500 1769 2658 1823 posse
2679 1757 3008 1809 exstinctum
3032 1755 3215 1825 iubar,
3251 1756 3352 1809 nisi
3378 1755 3447 1809 de

1809 1818 1847 1869 Β
1881 1842 2138 1896 Romana:
2177 1842 2430 1896 Ecclesim
2454 1843 2681 1907 lumine,
2712 1845 2936 1897 accendi
2965 1863 2977 1897 :
3027 1846 3306 1915 implorari
3357 1860 3447 1900 se-

1881 1934 1965 1986 dis
2008 1933 2316 2001 apostolicze
2362 1934 2620 1997 tribunal,
2662 1942 2918 2005 tanquam
2971 1937 3193 1991 unicum
3244 1946 3449 1990 vexatas

1881 2025 2098 2094 pietatis
2123 2025 2427 2094 perfugium
2472 2045 2484 2079 :
2527 2041 2664 2096 opus
2705 2042 2825 2082 esse
2862 2028 3113 2091 concilio,
3142 2028 3449 2099 cuiusmodi

1880 2116 1988 2171 Leo
2021 2118 2247 2173 haberet
2284 2120 2337 2171 iu
2370 2119 2512 2173 votis
2546 2137 2559 2172 :
2600 2119 2875 2175 voeandos
2930 2121 3121 2175 saltem
3153 2121 3451 2190 apostolica

1880 2213 2203 2266 auctoritate
2228 2212 2294 2265 ad
2336 2212 2605 2281 judicium
2656 2213 2923 2277 homines,
2972 2230 3111 2283 quos
3141 2229 3266 2268 reos
3319 2229 3447 2284 syn-

1880 2305 2019 2357 odus
2050 2312 2269 2357 centum
2294 2316 2349 2358 et
2382 2304 2601 2373 triginta
2643 2304 3023 2373 episcoporum
3046 2321 3144 2373 per
3194 2305 3450 2375 iniuriam

1880 2396 2107 2449 dixisset
2142 2413 2154 2447 :
2185 2403 2347 2463 atque
2371 2395 2585 2449 interim
2616 2395 2980 2448 exercendum
3009 2395 3075 2448 de
3104 2394 3452 2450 Theodoreto

1877 2468 2166 2559 iudicium,
2206 2488 2298 2555 qui
2347 2500 2470 2540 cum
2498 2485 2841 2554 imperatoris
2869 2486 3114 2555 iussione
3161 2493 3443 2540 vetaretur

1881 2577 2065 2646 egredi
2095 2576 2269 2630 exsilii
2317 2576 2457 2638 loco,
2499 2575 2724 2629 sistebat
2776 2590 2833 2628 se
2870 2585 3047 2629 tamen
3077 2591 3174 2644 per
3218 2576 3445 2646 legatos,

1881 2676 2102 2737 p.:ratus
2128 2668 2363 2735 experiri
2390 2666 2538 2734 gravi
2563 2666 2791 2735 judicio,
2825 2666 3055 2735 ipsoque
3078 2667 3275 2735 capitis
3301 2667 3452 2737 peri-

1882 2759 2005 2809 cqu
2032 2758 2396 2810 innocentiam
2436 2756 2688 2825 probare.

1949 2869 2092 2921 Nihil
2130 2868 2232 2922 fuit
2280 2856 2380 2921 hac
2447 2870 2732 2923 occasione
2764 2870 3083 2939 optabilius,
3134 2868 3292 2942 190
3313 2871 3449 2925 nihil

1883 2958 2284 3027 opportunius:
2327 2974 2495 3026 quare
2536 2974 2641 3011 non
2688 2959 2901 3027 excepti
2953 2967 3161 3012 tantum
3218 2960 3451 3030 benigne

1884 3049 2065 3118 legati,
2094 3050 2237 3118 quod
2253 3050 2607 3104 humanitatis
2634 3048 2753 3113 fuit,
2786 3049 2878 3103 sed
2922 3050 3085 3103 etiam
3108 3050 3277 3104 auditi
3302 3061 3449 3115 sunt,

1806 3169 1848 3227 ς
1884 3141 2027 3209 quod
2051 3141 2298 3213 iustitiae,
2329 3152 2384 3196 et
2416 3141 2635 3211 quidem
2689 3141 2744 3194 in
2781 3143 3035 3205 concilio,
3085 3142 3229 3211 quod
3263 3143 3449 3197 moris.

1882 3232 2162 3300 Agebatur
2181 3232 2328 3284 enim
2365 3247 2470 3284 una
2497 3232 2562 3285 de
2594 3229 2893 3297 maioribus
2910 3230 3110 3292 causis,
3144 3228 3451 3300 cuiusmodi

1883 3323 2029 3376 milia
2062 3322 2471 3391 disceptabatur
2492 3336 2556 3375 ea
2586 3329 2764 3384 aatate.
2818 3321 2903 3374 vel
2936 3320 3004 3374 ab
3058 3320 3191 3389 ipsis
3224 3320 3455 3373 summis

1883 3413 2251 3482 pontificibus,
2291 3413 2396 3467 nisi
2420 3414 2473 3467 in
2519 3413 2901 3482 episcoporum
2936 3420 3227 3465 conventu.
3264 3410 3454 3465 Fuisse

1883 3520 2015 3559 vero
2037 3520 2257 3559 causam
2306 3504 2447 3558 hanc
2477 3505 2618 3557 inter
2641 3504 2894 3573 maiores,
2923 3504 3007 3556 vel
3039 3517 3105 3555 ex
3129 3518 3195 3556 eo
3218 3503 3452 3559 maxime

1881 3605 2131 3665 apertum
2157 3606 2260 3659 est,
2294 3596 2440 3666 quod
2483 3596 2552 3649 de
2599 3594 2704 3649 [ide
2736 3595 2975 3664 episcopi
3009 3594 3452 3658 nominatissimi,

1881 3689 2114 3758 depositi
2144 3706 2172 3742 a
2195 3688 2421 3759 synodo,
2483 3688 2538 3740 in
2565 3703 2671 3755 qua
2699 3686 2917 3741 fuerant
2946 3702 3135 3740 omnes
3167 3687 3334 3741 totius
3356 3702 3451 3740 or-

1882 3780 1967 3833 bis
2003 3780 2345 3849 patriarclim,
2371 3778 2598 3848 quaestio
2623 3778 2934 3831 haberetur.

1954 3895 2040 3947 Ill.
2069 3893 2253 3962 Legati
2299 3900 2496 3961 praeter
2526 3893 2835 3947 communia
2896 3892 3140 3961 quadam
3192 3892 3453 3946 adversus

1884 3984 2126 4038 Dioscori
2166 3982 2513 4037 latrocinium
2573 3991 2913 4052 argumenta,
2938 3984 3157 4052 propria
3191 3983 3307 4037 haec
3348 3983 3456 4038 tria

1882 4076 1948 4129 ad
1986 4075 2147 4129 ﬁdem
2175 4074 2505 4129 Theodoreti
2531 4073 2952 4139 defendendam,
2983 4090 3106 4143 qua:
3138 4074 3292 4143 prius
3335 4073 3452 4143 ipse

1882 4167 2099 4228 litteris,
2125 4173 2494 4234 exposuerunt
2519 4180 2672 4219 voce.
2699 4165 2963 4229 Primum,
2997 4165 3142 4233 quod
3165 4164 3452 4236 epistolam

1882 4257 2051 4311 sancti
2076 4256 2273 4310 Leonis
2311 4271 2419 4309 non
2450 4254 2851 4323 subscriptione
2884 4264 3091 4308 tantum
3122 4254 3451 4326 recepisset,

1881 4351 1973 4404 sed
2005 4354 2191 4411 etiam,
2217 4349 2417 4403 additis
2450 4350 2670 4403 Patrum
2701 4364 2767 4403 ex
2804 4348 2937 4402 orbe
2962 4358 3077 4403 toto
3108 4348 3452 4405 laudatorum

1886 4441 2236 4503 testimoniis,
2268 4439 2635 4508 recipiendam
2662 4440 2730 4493 ab
2768 4439 3024 4493 omnibus
3047 4439 3326 4494 suasisset.
3360 4439 3452 4495 Sic

204 4532 345 4586 rium
372 4533 632 4585 allectum
664 4529 979 4598 pervenisse
1006 4530 1251 4582 Romam.
1284 4529 1497 4595 Quanta
1522 4529 1776 4600 benigni-
1814 4527 1856 4580 D
1882 4534 2027 4587 enim
2058 4541 2112 4586 et
2139 4548 2195 4585 se
2231 4531 2498 4585 catholice
2523 4531 2729 4585 sentire
2762 4530 3192 4594 demonstrabat,
3242 4539 3299 4585 et
3329 4532 3452 4587 aliis

202 4635 310 4677 tate
328 4620 547 4691 excepti
574 4620 703 4682 sint,
725 4623 738 4637 '
765 4628 1075 4688 quantaque
1117 4619 1304 4672 lmtitia
1335 4635 1365 4673 a
1397 4634 1610 4673 summo
1642 4636 1778 4689 pon-

199 4716 368 4778 tiﬁce,
408 4723 615 4783 quanta
646 4712 1031 4781 episcoporum
1080 4712 1134 4765 in
1163 4719 1309 4766 ctetu
1334 4712 1529 4776 auditi,
1575 4713 1777 4780 quibus

198 4808 609 4867 instrumentis,
634 4804 902 4873 quibusve
956 4804 1296 4873 patrociniis,
1328 4814 1384 4860 et
1423 4821 1533 4874 quo
1575 4814 1773 4859 eventu

194 4914 442 4959 causam,
466 4906 691 4966 propter
708 4912 869 4966 quam
892 4904 1172 4958 venerant,
1196 4895 1413 4950 tandem
1438 4899 1775 4967 peregeriut:

195 5010 220 5038 ι’
234 4992 299 5043 tsi
330 5005 497 5044 nemo
522 4998 767 5043 veterum
810 4986 1089 5041 mandavit
1118 4988 1416 5046 memorias.
1472 4988 1780 5059 intelligere

197 5092 381 5134 tamen
406 5080 557 5141 licet,
586 5078 787 5148 partim
816 5094 885 5133 ex
911 5077 1185 5147 adiunctis
1213 5078 1416 5147 negotii
1464 5088 1521 5133 et
1550 5095 1783 5133 consuc-

196 5172 389 5226 tudine
415 5181 747 5240 temporum,
796 5169 995 5239 partim
1026 5184 1091 5223 ex
1124 5170 1261 5223 actis
1301 5170 1519 5224 concilii
1552 5170 1781 5225 Chalce-

195 5264 484 5325 donensis,
508 5262 599 5315 ubi
632 5270 759 5315 sunt
788 5275 957 5329 pauca
990 5260 1211 5329 quidem
1253 5261 1319 5313 de
1358 5276 1416 5314 re
1464 5262 1650 5323 verba,
1684 5262 1777 5316 sed

193 5354 534 5421 amplissima
561 5363 742 5406 tamen
776 5361 1054 5422 gestorum
1096 5352 1317 5405 indicia.

268 5446 680 5514 Recognoverat
705 5443 1025 5514 iamdudum
1056 5453 1279 5498 sanctus
1308 5443 1417 5499 Leo
1446 5454 1565 5498 acta
1596 5446 1775 5514 Ephe-

195 5535 303 5586 sini
333 5535 638 5595 latrocinii,
670 5550 845 5602 eaque
881 5549 1135 5603 suprema
1174 5551 1269 5589 sua
1305 5544 1573 5604 potestate
1626 5536 1778 5590 irrita

1886 4633 2046 4679 rectae
2065 4633 2118 4677 et
2158 4623 2478 4677 indubitatae
2510 4622 2633 4676 ﬁdei
2661 4631 2864 4677 certam
2897 4624 3134 4693 regulam
3176 4623 3450 4693 propone-

1885 4718 1994 4769 bat.
2027 4715 2164 4781 Quid
2191 4716 2336 4769 enim
2368 4716 2695 4770 catholicum
2723 4716 2914 4786 magis,
2949 4726 3045 4770 aut
3073 4716 3202 4786 quid
3247 4716 3301 4770 in
3345 4716 3451 4771 ﬁde

1883 4810 2109 4871 certius,
2146 4826 2306 4878 quam
2333 4810 2619 4880 utriusque
2650 4810 2907 4865 Ecclesiae
2924 4811 3450 4882 magistris,ipsique

1882 4900 2032 4952 orbis
2093 4900 2255 4955 totius
2300 4899 2512 4954 doctori
2551 4916 2765 4955 summo
2827 4902 3071 4971 pontifici
3102 4905 3450 4958 consentire?

1880 4991 2216 5054 Secundum,
2263 5001 2322 5046 ut
2353 4991 2760 5046 Theodoretum
2820 5002 3136 5048 constanter
3191 5011 3307 5049 aevo
3334 5003 3449 5049 toto

1880 5082 2098 5136 veritati
2124 5082 2438 5152 dogmatum
2467 5084 2783 5145 adhaesisse,
2818 5092 2873 5138 et
2931 5100 3038 5139 non
3069 5093 3277 5139 tantum
3326 5098 3451 5156 post

1880 5173 2391 5226 condemnationem
2450 5173 2746 5243 resipuisse
2793 5175 3167 5237 ostenderent,
3202 5176 3446 5246 protule-

1880 5271 2011 5316 runt
2050 5279 2112 5317 ex
2141 5263 2296 5316 libris
2316 5275 2442 5316 ante
2467 5262 2759 5319 duodecim
2786 5264 3072 5318 minimum
3098 5280 3270 5319 annos
3285 5267 3449 5321 editis

1878 5355 2028 5408 locos
2059 5355 2271 5423 plures,
2300 5352 2504 5423 quibus
2534 5354 2836 5409 orthodoxa
2865 5354 2996 5409 fides
3040 5356 3107 5409 de
3134 5356 3359 5410 duabus:
3393 5358 3450 5412 in

1876 5444 2097 5498 Christo
2125 5443 2336 5498 naturis
2364 5442 2637 5500 indivulse
2657 5445 2864 5515 junctis
2910 5446 3181 5500 contineri
3238 5445 3453 5500 videre-

1879 5546 1988 5590 tur.
2033 5535 2303 5598 Tertium,
2352 5536 2404 5589 id
2459 5534 2929 5606 ampliﬁcaverunt
2976 5535 3231 5599 dicendo,
3302 5535 3448 5605 quod

1497 5685 1812 5742 SCIIULZII
1853 5686 2079 5742 ΝΟΤθΕ.

274 5806 317 5835 υ
342 5803 552 5875 Disput.
593 5803 714 5858 Lib.
764 5818 800 5855 ιι
854 5800 1235 5865 Adrers.1ul.,
1276 5819 1394 5872 rap.
1432 5805 1509 5859 l0.

1594 5808 1635 5835 ”'
1666 5807 1783 5862 Vid.
1823 5807 1983 5878 epist.
2028 5807 2301 5879 Ηῦηιίϐ,
2346 5803 2441 5858 117
2470 5812 2523 5858 et
2550 5804 2669 5860 “8.
