4208 6440
770 401 868 464 143

1885 393 2259 454 GARNERI-I
2297 392 2792 454 DISSERTATIO
2837 393 2886 455 l.

3906 397 4001 459 1M

767 518 1144 572 'l‘hcodoretus
1177 516 1467 583 scripserat
1505 513 1557 566 in
1586 512 1785 565 litteris
1814 512 1879 565 ad
1914 521 2163 567 sanctqu
2205 509 2338 563 Leo-
2371 514 2408 569 Λ
2442 514 2638 563 morati
2684 511 3011 566 sanctissimi
3069 512 3465 580 archiepiscopi
3519 512 3717 566 Leonis
3760 513 4006 566 subseri-

766 624 912 669 nem,
955 615 1220 675 quantum
1289 605 1343 658 in
1372 620 1501 672 agro
1546 604 1831 658 Dotuinico
1866 603 1971 657 sibi
2033 602 2328 656 commisso

767 699 1082 759 laborasset,
1107 710 1343 765 cumque
1367 710 1474 747 nou
1502 695 1702 747 sudore
1726 702 1957 755 tantum,
1997 693 2093 747 sed
2161 692 2327 746 etiam

764 788 1027 856 sanguine
1053 784 1596 855 irrigasset;quoties
1617 785 1686 837 ab
1713 784 1986 839 haereticis
2038 783 2328 853 lapidatio-

766 892 889 929 nem
916 891 1106 945 passus
1134 885 1315 939 esset;
1348 874 1565 943 quoties
1590 874 1657 929 ad
1686 890 1876 929 necem
1912 876 2195 944 qumsitus,
2227 889 2329 928 nec

767 968 869 1021 nisi
900 968 1164 1021 miraculo
1191 964 1528 1030 subductus;
1549 966 1765 1034 quoties
1785 965 1853 1019 de
1874 965 2173 1035 conjuratis
2202 979 2327 1019 cum

769 1058 1057 1124 impiorum
1083 1063 1300 1109 caterva
1330 1053 1689 1117 daemonibus,
1724 1055 1909 1109 divina
1937 1070 2060 1124 ope,
2110 1064 2327 1108 sancto-

769 1162 997 1214 rumque
1027 1146 1282 1214 precibus
1300 1146 1476 1199 victor
1498 1145 1834 1211 exstitisset;
1878 1154 2012 1215 quot
2060 1143 2331 1214 myriadas

767 1238 1048 1290 hominum
1097 1237 1168 1291 ab
1221 1253 1409 1291 errore
1464 1237 1532 1291 ad
1596 1237 1886 1292 veritatem
1947 1238 2253 1292 reduxisset
2313 1254 2325 1289 :

765 1336 967 1395 quanta
993 1327 1253 1396 denique,
1284 1342 1557 1395 quamque
1583 1327 1703 1381 dira
1732 1326 1803 1382 ab
1850 1326 2329 1396 impugnaturibus

764 1420 995 1473 duarum
1024 1430 1340 1473 naturarum
1363 1420 1679 1484 tolerasset;
1717 1427 1774 1473 et
1812 1420 2114 1489 praesertim
2149 1434 2177 1472 a
2203 1418 2317 1471 Dio

764 1528 943 1575 scoro,
968 1528 1129 1581 quem
1164 1526 1511 1566 communem
1541 1525 1665 1564 etim
1700 1520 1889 1565 sancto
1912 1510 2092 1564 Leone
2116 1509 2328 1563 hostem

764 1603 1129 1670 experiretur,
1160 1610 1221 1655 ut
1252 1600 1347 1669 qui
1373 1597 1657 1667 depositus
1680 1598 1873 1654 fuisset
1915 1598 1983 1653 ab
2025 1614 2112 1660 eo,
2141 1614 2170 1650 a
2220 1612 2331 1665 quo

766 1696 957 1763 prima:
1006 1693 1153 1749 sedis
1206 1693 1454 1755 antistes,
1506 1707 1755 1747 summus
1805 1690 2079 1761 pontifex,
2122 1689 2328 1743 Christi

764 1786 1018 1849 vicarius,
1062 1792 1225 1854 caput
1251 1784 1528 1849 Ecclesiae,
1567 1784 1899 1839 anathemati
1940 1782 2219 1852 subjectus
2238 1796 2329 1836 es-

764 1885 865 1930 set.
896 1864 899 1865 ⁷

834 1965 959 2022 Haec
993 1977 1049 2021 et
1090 1968 1192 2020 alia
1244 1982 1368 2021 cum
1418 1965 1734 2020 dicerentur
1805 1980 1834 2017 a
1867 1964 1999 2017 viris
2036 1962 2326 2017 sanctitate

764 2060 1095 2127 conspicuis,
1121 2058 1187 2112 de
1233 2073 1383 2119 sene,
1418 2056 1511 2125 qui
1550 2054 1621 2109 ab
1652 2054 1878 2109 infantia
1915 2053 2205 2108 asceticam
2250 2054 2331 2105 vi-

765 2161 873 2204 tam
900 2150 1210 2203 admirabili
1261 2148 1519 2218 religione
1543 2154 1769 2217 egerat;
1802 2145 1871 2200 de
1915 2144 2193 2214 episcopo,
2233 2141 2327 2211 qui

766 2245 901 2296 bene
931 2242 1150 2311 triginta
1173 2254 1345 2295 annos
1374 2239 1717 2308 octingentas
1742 2234 2327 2306 parceciasindefessus

765 2338 1008 2395 rexerat;
1067 2330 1135 2383 de
1176 2328 1292 2382 viro
1346 2327 1517 2381 totius
1570 2325 1811 2381 Orientis
1835 2324 2173 2387 doctissimo,
2230 2323 2325 2394 qui

761 2424 970 2489 ejectus
985 2420 1052 2474 de
1078 2419 1229 2481 sede,
1260 2418 1328 2472 de
1355 2416 1577 2472 civitate
1592 2416 1805 2486 pulsus,
1836 2416 2163 2470 interdictus
2185 2430 2325 2484 aqua

761 2523 817 2565 et
850 2512 994 2580 igne.
1030 2518 1251 2562 coactus
1275 2507 1451 2561 fuerat
1478 2514 1632 2561 extra
1661 2506 1995 2575 provinciam
2023 2505 2092 2559 ad
2139 2520 2327 2559 mona-

762 2598 988 2650 steriuut
1019 2594 1227 2664 fugere,
1257 2595 1312 2648 in
1358 2608 1537 2662 eoque
1575 2593 1841 2662 spoliatus
1864 2593 2025 2647 bonis
2056 2594 2328 2662 patienter

764 2687 933 2738 latere
976 2699 990 2736 :
1048 2683 1181 2741 lucc.
1240 2683 1483 2751 inquam,
1534 2697 1658 2736 cum
1690 2682 2008 2736 dicerentur
2057 2698 2088 2738 a
2124 2683 2329 2740 sanctis

763 2774 1006 2826 omnium
1051 2774 1308 2834 consciis,
1359 2773 1724 2827 audiebantur
1773 2774 2064 2843 propensis
2106 2776 2324 2840 animis,

763 2880 900 2935 quos
930 2865 1278 2935 impellebant
1311 2867 1478 2922 etiam
1504 2866 1846 2921 auctoritatis
1907 2880 2017 2920 suae
2050 2877 2328 2922 momento

763 2956 962 3010 oculati
995 2957 1104 3009 duo
1141 2966 1327 3020 testes,
1367 2957 1609 3011 Renatus
1640 2957 1925 3027 presbyter
1960 2957 2113 3026 191
2140 2968 2194 3012 et
2231 2958 2326 3013 Hi-

765 3045 912 3098 larus
973 3044 1427 3109 archidiaconus,
1492 3054 1722 3113 uterque
1787 3044 1935 3098 sedis
2015 3047 2327 3115 apostolica

766 3136 989 3203 legatus,
1032 3143 1263 3205 uterque
1301 3151 1331 3190 a
1358 3135 1703 3191 Theodoreto
1724 3144 1738 3156 '
1762 3135 2101 3206 supplicibus
2131 3138 2329 3194 litteris

763 3230 1133 3297 compellatus.

834 3342 918 3395 IV.
959 3342 1035 3395 Re
1067 3341 1367 3411 disceptata
1402 3341 1645 3411 pontifex
1677 3342 1993 3413 iudicialem
2029 3345 2071 3376 ¹⁶
2110 3354 2329 3400 senten-

765 3432 893 3485 tiam
919 3432 1062 3493 tulit,
1096 3448 1203 3500 qua
1236 3432 1532 3487 declaravit
1560 3432 1966 3489 Theodoretum
2009 3436 2188 3504 primo
2240 3436 2327 3490 in-

758 3523 904 3587 juste
941 3522 1279 3591 iudicatum;
1344 3522 1544 3577 deinde
1603 3540 1883 3594 nunquam
1930 3526 2330 3581 communionis

765 3613 1075 3680 apostolicae
1127 3612 1295 3668 fuisse
1350 3623 1656 3678 exsortem;
1735 3614 1975 3683 denique
2034 3617 2329 3671 restituen-

765 3708 893 3757 dum
931 3704 985 3758 in
1026 3704 1236 3769 sedem,
1274 3721 1341 3761 ex
1364 3722 1472 3776 qua
1506 3722 1603 3777 per
1659 3706 1918 3777 injuriam
1946 3708 2207 3778 expulsus
2238 3724 2327 3763 es-

765 3803 865 3849 80!.

835 3905 1129 3962 Sententia
1152 3907 1314 3977 hujus
1340 3906 1586 3978 locuples
1610 3909 2005 3975 testimonium,
2055 3910 2329 3967 indubita-

767 4011 988 4067 tumque
1020 4006 1433 4054 monumentum
1472 3999 1529 4053 in
1567 3999 1718 4054 Actis
1748 4002 1967 4056 concilii
2024 4001 2328 4057 Chalcedo-

763 4090 952 4144 nensis
982 4091 1297 4147 continetur
1318 4090 1380 4147 π.
1406 4090 1540 4147 Nam
1567 4106 1691 4148 cum
1721 4091 1926 4147 actioni
1951 4092 2140 4161 primae
2171 4094 2330 4149 dare-

766 4186 854 4229 tur
882 4177 1118 4243 iuitium,
1144 4180 1358 4250 judices
1372 4182 1441 4236 ab
1467 4182 1796 4252 imperatore
1834 4183 2327 4243 constitutifl‘beo-

764 4264 1015 4318 dorctum
1052 4267 1324 4322 introduci
1373 4270 1675 4338 jusserunt.
1730 4289 1748 4322 ι
1792 4271 1929 4337 Quia
1981 4273 2223 4327 restituit
2250 4274 2325 4339 ei,

765 4355 1038 4419 dicebant,
1076 4356 1447 4427 episcopatum
1470 4360 1847 4414 sanctissimus
1887 4361 2329 4431 archiepiscopus

763 4444 894 4499 Leo.
932 4467 947 4496 ι
982 4447 1048 4500 Et
1076 4456 1263 4515 postea
1292 4464 1306 4501 :
1337 4467 1355 4499 ‹
1387 4448 1787 4515 Theodoretus,
1819 4451 1909 4520 qui
1937 4454 2218 4521 pr0prium
2242 4453 2325 4506 lo—

2430 601 2782 677 psit._Restat
2808 612 2868 655 ut
2892 602 3162 656 sententia
3197 602 3507 670 proferatur
3529 619 3559 656 a
3586 604 3890 657 reverentia
3915 620 4007 656 ve-

2429 701 2564 754 stra,
2596 698 2657 743 ut
2679 691 2978 745 Ecclesiam
3008 706 3161 744 suam
3198 690 3445 759 recipiat,
3473 692 3613 744 sicut
3634 702 3691 746 et
3722 693 4003 745 sanctissi-
4050 753 4056 768 δ

2432 797 2554 836 mus
2573 782 2683 835 Lco
2707 782 3434 852 archiepiscopusjudicavit
3463 784 3527 834 ι’.
3543 803 3559 833 ι

2498 872 2978 927 luterlocutionem
3030 872 3245 942 excepit
3304 872 3665 927 conclamatio
3721 873 4008 942 episcopo-

2431 980 2594 1017 rum:
2632 982 2650 1015 ι
2686 962 3066 1017 Theodoretus
3112 964 3311 1032 dignus
3331 973 3414 1017 est
3443 964 3593 1029 sede,
3643 964 3829 1018 divine
3893 966 4004 1018 Leo

2428 1052 2693 1122 judicavit
2716 1052 2813 1105 ³⁸.»
2861 1053 2998 1106 Tum
3054 1054 3727 1123 sedis—apostolicaelegati
3755 1073 3765 1107 :
3797 1056 4008 1107 «Theo-

2429 1144 2681 1198 doretum
2731 1143 3105 1198 sanctissimus
3158 1144 3427 1198 universa:
3480 1144 3738 1199 Ecclesia:
3785 1147 4005 1214 cpisco—

2429 1250 2534 1304 pus
2587 1234 2698 1289 Leo
2743 1234 2950 1289 dudum
2996 1235 3049 1287 in
3091 1235 3533 1289 communionem
3583 1238 3827 1304 recepit,
3861 1237 4006 1291 sicut

2428 1326 2626 1380 littera:
2659 1325 2729 1379 ab
2749 1340 2817 1379 eo
2843 1326 2909 1379 ad
2943 1325 3309 1379 humilitatem
3379 1335 3622 1380 nostram
3662 1326 3885 1382 directa:
3921 1339 4005 1384 te-

2428 1426 2665 1471 stantur.
2692 1416 2747 1470 Si
2780 1417 2946 1485 igitur
2974 1416 3134 1470 fidem
3165 1417 3511 1475 catholicam.
3543 1417 3687 1471 sicut
3707 1419 3997 1487 pmmittit,

2427 1519 2483 1563 et
2516 1508 2814 1562 secundum
2874 1507 3094 1561 beatum
3143 1509 3465 1577 episcopum
3535 1508 4003 1579 subscriptionem

2430 1596 2483 1649 iu
2516 1596 2739 1663 proprio
2768 1594 2954 1649 libello
2983 1594 3204 1659 direxit,
3238 1605 3295 1649 et
3323 1604 3523 1650 nostra:
3564 1598 3789 1667 insuper
3817 1599 4003 1654 humi-

2434 1686 2574 1740 litati
2605 1686 2714 1740 alio
2741 1685 2871 1740 dato
2895 1686 3083 1740 libello
3112 1688 3500 1741 monstravit“
3538 1707 3549 1741 :
3586 1709 3602 1739 ι
3625 1698 3731 1745 etc.
3762 1690 3836 1743 lla
3872 1706 4003 1745 sane.

2429 1787 2587 1831 vetus
2614 1777 2886 1845 interpres
2919 1776 3172 1832 Julianus
3199 1776 3428 1832 Coensis
3459 1780 3642 1835 verbis
3697 1783 4005 1851 simplicius

2361 1860 2403 1917 Β
2433 1865 2737 1931 inhaerens;
2784 1867 2945 1935 paulo
3000 1868 3200 1922 melius
3248 1868 3364 1935 alii,
3398 1878 3459 1922 ut
3517 1870 3756 1925 Venetus
3796 1873 3999 1928 editor.

2428 1954 2699 2019 Crabbus,
2732 1967 2876 2011 etc.:
2916 1976 2933 2009 (
2964 1960 3100 2012 Cum
3136 1959 3302 2030 igitur
3334 1960 3658 2014 catholicam
3687 1961 3846 2017 fidem
3874 1978 4002 2033 pro-

2430 2048 2632 2111 mittat,
2666 2049 2811 2102 sieut
2850 2058 2908 2104 et
2932 2051 3237 2106 secundum
3274 2053 3594 2123 praedictum
3630 2054 3848 2109 beatum
3890 2058 4007 2125 cpi-

2428 2153 2653 2207 scopum
2681 2138 2735 2192 in
2758 2141 2982 2210 pr0prio
3006 2142 3192 2197 libello
3217 2143 3675 2213 subscriptionem
3694 2145 3915 2209 direxit,
3948 2157 4007 2201 et

2430 2232 2654 2300 insuper
2678 2230 2808 2285 dato
2837 2231 3133 2287 humilitati
3177 2243 3381 2289 nostra:
3418 2235 3527 2289 alio
3577 2234 3767 2290 libello
3826 2239 4003 2291 maui-

2428 2322 2626 2377 festum
2674 2323 2827 2388 fecit,
2890 2340 3127 2394 cumque
3160 2327 3413 2381 Nestorio
3470 2337 3523 2382 et
3581 2329 3836 2401 Eutyehi,
3892 2347 4003 2385 non

2428 2420 2641 2469 tantum
2673 2416 2902 2485 scripto,
2931 2417 3027 2471 sed
3053 2417 3217 2472 etiam
3244 2433 3339 2474 ore.
3378 2421 3621 2490 proprio,
3666 2436 3847 2476 coram
3890 2429 4006 2475 toto

2428 2517 2713 2567 consessu,
2746 2505 3039 2559 anathema
3070 2506 3292 2572 dixerit,
3341 2534 3357 2557 ο
3387 2518 3494 2563 etc.
3527 2509 3801 2563 Judiciutu
3839 2510 4006 2579 igitur

2426 2590 2496 2647 de
2519 2591 2870 2649 Theodoreto
2902 2609 2933 2649 a
2966 2607 3155 2652 sancto
3179 2597 3361 2651 Leone
3389 2598 3693 2652 exercitum
3729 2607 3834 2656 est,
3894 2602 4003 2652 no'n

2422 2681 2548 2753 jure
2577 2690 2812 2748 tantum,
2846 2694 3072 2754 propter
3105 2686 3463 2755 apostolicam
3496 2696 3819 2756 potestatem
3841 2726 3854 2750 ,
3906 2685 4003 2741 sed

2426 2773 2592 2829 etiam
2627 2773 2684 2827 in
2713 2775 2940 2845 synodo,
2976 2775 3279 2831 secundum
3315 2792 3542 2832 morem.

2502 2884 2659 2954 192
2709 2884 3012 2941 Obscurum
3082 2898 3262 2943 tamen
3312 2899 3416 2952 est,
3460 2892 3769 2961 cujusmodi
3833 2889 4005 2946 fuerit

2432 2974 2621 3030 islhmc
2653 2977 2914 3046 synodus,
2969 2990 3151 3033 utrum
3190 2980 3467 3072 ordin‘aria
3493 2996 3614 3050 quae
3647 2981 3732 3035 bis
3778 2982 3832 3036 in
3861 2998 4006 3036 anno

2432 3066 2759 3132 habebatur,
2814 3083 2883 3121 an
2910 3066 3369 3134 extraordinaria,
3411 3072 3602 3139 quales
3643 3087 3744 3141 pro
3779 3088 3835 3127 re
3876 3084 4004 3125 nata

2354 3199 2396 3254 ο
2430 3158 2617 3227 plures
2675 3173 2743 3211 ex
2780 3158 3074 3228 epiSCOpis,
3122 3160 3213 3229 qui
3259 3168 3390 3215 tunc
3426 3162 3677 3223 aderant,
3740 3162 4005 3231 urbisque

2428 3248 2575 3302 clero
2604 3248 2958 3317 cogebantur.
3014 3248 3523 3304 Extraordinariam
3572 3251 3771 3315 credo;
3826 3269 4005 3322 neque

2426 3337 2574 3392 enim
2605 3337 2792 3392 habita
2844 3346 2929 3392 est
2979 3340 3259 3395 consuetis
3302 3342 3643 3411 temporibus
3679 3362 3692 3397 :
3731 3346 3823 3413 qui
3854 3344 4006 3398 enim

2426 3428 2698 3496 potuisset
2730 3438 2855 3484 ante
2892 3428 3396 3499 Quadragesimam,
3430 3434 3623 3503 legatis
3670 3434 4005 3489 Theodoreti

2428 3525 2561 3571 tunc
2581 3517 2823 3572 nondum
2850 3520 3115 3588 appulsis?
3143 3523 3236 3589 qui
3274 3523 3480 3591 pariter
3510 3524 3656 3577 circa
3687 3523 4004 3589 Octobrem,

2427 3622 2550 3661 cum
2584 3621 2769 3661 mense
2796 3606 2940 3661 Julio
2967 3609 3191 3662 collecta
3214 3611 3285 3663 sit
3306 3610 3409 3664 alia
3432 3610 3589 3665 valle
3616 3622 3767 3674 nota,
3803 3628 3868 3665 ex
3894 3628 4007 3682 qua

2426 3698 2669 3769 episcopi
2720 3700 2850 3763 duo,
2900 3715 3025 3754 cum
3082 3700 3301 3755 duobus
3368 3702 3572 3770 pariter
3617 3703 3957 3773 presbyteris
3986 3746 4001 3769 .

2426 3790 2581 3845 missi
2615 3801 2743 3844 sunt
2774 3805 2804 3843 a
2830 3799 3020 3844 sancto
3044 3791 3227 3848 Leone
3257 3792 3828 3863 Constantinopolim?

2497 3903 2563 3957 V.
2605 3903 2729 3957 Fuit
2755 3920 2887 3959 vero
2913 3906 3029 3959 haec
3051 3906 3209 3968 ratio,
3237 3920 3337 3960 cur
3365 3905 3430 3959 ad
3462 3905 3829 3961 Theodosium
3857 3907 4006 3977 lcga-

2428 4002 2512 4049 tos
2538 3995 2783 4065 pontifex
2811 3997 3135 4051 decerneret
3175 4014 3187 4049 :
3235 3998 3525 4051 Anatolius
3564 4000 3641 4060 ",
3674 3998 3768 4067 qui
3822 4000 4003 4055 sancti

2427 4085 2672 4139 Flaviani
2700 4086 2755 4138 in
2788 4086 2974 4140 sedem
2998 4086 3262 4141 suffectus
3309 4088 3509 4153 fuerat,
3552 4100 3614 4144 ut
3639 4106 3707 4145 ex
3753 4092 4002 4148 Dioscori

2426 4176 2804 4246 apocrisiario,
2829 4176 3005 4231 factus
3020 4186 3104 4231 est
3129 4177 3765 4248 Constantinopolitanus
3785 4185 4001 4252 episco-

2426 4284 2557 4339 pus,
2580 4270 2652 4321 ita
2674 4268 2958 4323 laborabat
2988 4284 3099 4323 non
3120 4270 3227 4323 levi
3256 4270 3569 4339 suspicione
3623 4272 4007 4329 consensionis

2427 4374 2550 4413 cum
2586 4360 2848 4414 Dioscoro
2869 4367 2925 4413 et
2953 4359 3218 4430 Eutyche,
3247 4377 3481 4429 quarunt
3534 4363 3803 4419 beneﬁcio
3849 4364 4007 4419 frue-

2427 4450 2609 4503 batur.
2638 4449 2817 4515 Quare
2841 4450 3088 4520 pontifex
3111 4451 3347 4506 Anatolii
3376 4452 3538 4506 fidem
3567 4454 3926 4523 probaturus,
3945 4464 4006 4511 et

764 4551 887 4591 cum
913 4536 1117 4605 recepit
1151 4553 1181 4591 a
1233 4538 1575 4594 sanctissimo
1611 4541 1869 4611 episcopo
1914 4542 2127 4612 inclyta:
2175 4544 2328 4599 urbis
2360 4526 2402 4581 D
2433 4541 2595 4595 simul
2629 4541 2816 4605 etiam,
2842 4558 2949 4611 qua
2970 4542 3111 4597 forte
3134 4543 3235 4606 fas,
3264 4544 3598 4613 Ephesinum
3631 4544 4002 4609 latrocinium,

765 4625 970 4692 lioma‘,
1017 4645 1035 4677 ι
1054 4634 1161 4681 etc.
1191 4626 1327 4682 Cum
1359 4638 1582 4683 ventum
1611 4640 1756 4685 esset
1785 4631 1852 4685 ad
1882 4633 2149 4686 actionem
2176 4644 2320 4687 octa-

764 4732 905 4770 vam.
936 4719 989 4771 in
1017 4717 1470 4787 qua-Theodoreti
1502 4736 1662 4776 causa
1694 4722 1971 4776 tractanda
2004 4732 2143 4787 erat,
2176 4738 2329 4777 cum-

762 4822 867 4876 que
899 4809 1012 4876 ipse
1072 4810 1323 4863 Nestorio
1370 4812 1661 4866 anathema
1706 4812 1953 4875 dixisset,
2014 4813 2326 4867 interlocuti

762 4908 889 4952 sunt
910 4900 953 4929 “'
975 4898 1189 4969 judices
1213 4902 1268 4955 in
1297 4902 1411 4957 haec
1439 4903 1605 4957 verba
1648 4920 1660 4956 :
1704 4922 1721 4954 ι
1753 4904 1945 4957 Omnis
1985 4904 2088 4970 iam
2116 4904 2333 4957 dubita-

766 4987 840 5039 tio
865 4986 932 5040 de
969 4988 1311 5044 'fheodoreto
1335 4992 1515 5046 soluta
1548 5002 1633 5046 est
1659 5011 1671 5045 :
1696 4994 1897 5063 quippe
1918 4999 1975 5047 et
2015 4994 2329 5048 Nestorium

763 5092 948 5129 coram
1000 5078 1158 5134 vobis
1181 5081 1682 5145 anathematizavit,
1714 5092 1769 5137 et
1792 5099 1821 5137 a
1869 5084 2215 5139 sanctissimo
2243 5101 2332 5138 ar-

762 5164 1111 5237 chiepiscopo
1139 5169 1373 5224 senioris
1396 5170 1549 5225 urbis
1576 5172 1761 5227 Romae
1819 5172 2003 5227 Leone
2042 5184 2331 5244 susceptus

762 5265 867 5319 est,
886 5264 941 5309 et
969 5255 1343 5315 definitionem
1374 5260 1500 5315 fidei
1529 5278 1561 5317 ι
1599 5262 1951 5332 religiositate
1996 5275 2176 5319 vestra
2200 5280 2329 5336 pro-

763 5346 926 5403 latam
966 5348 1199 5406 libenter
1232 5354 1492 5423 suscepit,
1542 5362 1601 5409 et
1630 5354 1855 5423 insuper
1908 5355 2152 5423 epistolae
2208 5372 2327 5411 me-

2434 4633 2703 4687 revocatis
2734 4633 2803 4686 ad
2843 4642 3045 4687 rectam
3104 4634 3263 4688 fidem
3323 4636 3595 4704 episc0pis
3648 4652 3787 4705 quos
3825 4648 4009 4692 metus

2431 4724 2727 4793 aliquando
2754 4724 3090 4792 abduxisset,
3116 4727 3503 4782 destructurus
3521 4769 3535 4791 ,
3565 4728 3771 4797 legatos
3802 4729 4007 4785 direxit

2431 4826 2557 4867 cum
2596 4813 2865 4869 mandatis
2889 4816 3277 4871 reconciliandi
3328 4832 3424 4870 eos
3475 4817 3750 4880 Ecclesiae,
3802 4818 4009 4887 quibus

2434 4905 2757 4973 pcenitentia
2796 4906 3094 4975 perpetrati
3140 4906 3285 4976 apud
3323 4906 3600 4976 Ephesum
3640 4908 3864 4962 sceleris
3926 4908 4007 4961 fo—

2434 5003 2541 5048 ret.

2502 5086 2812 5154 Antequam
2872 5101 3005 5141 vero
3060 5086 3352 5156 dirigeret,
3407 5087 3682 5141 celebrem
3732 5088 4007 5143 contraxit

2431 5190 2620 5230 mense
2635 5177 2781 5231 Julio
2808 5176 2977 5231 totius
3022 5177 3190 5232 Italiae
3218 5178 3508 5248 synodum.
3543 5176 3601 5232 In
3651 5178 3756 5232 bac
3776 5177 4002 5233 decreta

2426 5265 2630 5335 legatio
2682 5267 2738 5320 in
2800 5267 3122 5322 Orientem:
3163 5268 3339 5322 factus
3389 5268 3678 5340 legationis
3721 5268 4003 5339 princeps,

2428 5359 2804 5411 constitutione
2827 5359 2986 5411 totius
3009 5356 3208 5422 Italica,
3244 5367 3293 5411 et
3316 5358 3565 5413 electione
3601 5359 4007 5430 dispensationis

2091 5547 2405 5603 SCHULZII
2444 5549 2675 5604 ΝΟΤᾹΞ.

830 5708 875 5738 ¹⁶
906 5707 1137 5761 ἐδίκασε.
1177 5708 1479 5762 ἐδικαίωσε.

758 5775 850 5829 τοῦ
891 5778 1026 5829 Θεοῦ
1062 5782 1096 5829 Λ
1110 5779 1209 5830 (nr:
1244 5779 1477 5831 ἐδίκασε.

1574 5709 1762 5763 "Aet.
1820 5712 1843 5763 l
1902 5725 2059 5764 conc.
2109 5710 2366 5765 Chalced.

1556 5780 1597 5809 ¹¹
1634 5779 1963 5833 Monstravit.
1999 5781 2225 5850 Reliqua
2261 5782 2385 5835 vide
2438 5796 2558 5850 cap.
2590 5780 2727 5849 “,5
2762 5782 2826 5836 l0
2854 5783 2906 5836 in
2942 5784 3065 5838 ﬁne.
3145 5786 3190 5817 "
3222 5784 3339 5840 Vid.
3370 5786 3540 5842 Leon.
3593 5788 3754 5856 epist.
3800 5788 3834 5841 5

2462 5712 2504 5743 ¹⁸
2531 5713 2651 5765 Act.
2687 5712 2720 5765 8
2752 5727 2908 5767 conc.
2963 5713 3223 5770 Chalced.
3332 5717 3375 5747 "
3398 5716 3704 5771 ἐδικαίωσε.
3778 5720 3825 5750 ’⁸
3938 5723 4006 5774 τὰ

2462 5797 2558 5841 :ap.
2590 5780 2727 5841 il,§
2762 5782 2826 5836 l0
2854 5783 2906 5836 in
2942 5784 3065 5838 line.
3145 5786 3190 5817 ”
3222 5784 3339 5840 Vid.
3370 5786 3540 5841 Leon.
3593 5788 3754 5841 epist.
3800 5737 3928 5841 ὅθ
