4208 6440
219 348 320 411 HS

1381 345 1739 407 HISTORIA
1776 344 2280 406 THEODORETI.

3370 349 3472 418 146

212 458 524 520 Leon-latus,
549 457 836 512 Abundius
867 458 912 490 "
942 459 1023 512 vir
1041 459 1276 513 eximius
1299 458 1590 527 sapientia,
1615 471 1679 511 ac
1708 470 1799 509 va-
1829 459 1871 515 Α
1900 454 2150 519 Iicitudo,
2198 472 2263 510 ex
2309 457 2488 511 causis
2534 457 2767 510 maxime
2801 467 3033 526 quatuor
3076 452 3321 527 profecta
3351 472 3468 518 est:

218 550 317 601 riis
347 549 552 620 linguis
606 559 872 605 strenuus
902 568 914 603 :
941 550 1112 605 additi
1133 551 1364 606 comites
1397 551 1645 605 Asterius
1679 548 1798 618 epi-

214 657 422 708 scopus
450 649 505 694 et
541 641 846 711 presbyteri
874 642 984 696 duo
1009 642 1244 697 Basilius
1274 653 1330 697 et
1363 642 1592 697 Senator
1623 662 1636 694 ;
1685 650 1797 694 tra-

212 731 329 784 dita
360 730 407 761 ’δ
435 730 561 785 ﬁdei
614 732 868 798 formula,
924 736 1155 805 epistola
1215 735 1429 790 scilicet
1472 733 1673 787 Leonis
1729 733 1797 787 ad

216 820 563 885 Flavianum,
588 837 714 877 cum
757 824 1088 879 testimoniis
1130 826 1351 882 Patrum
1378 840 1406 878 a
1448 823 1799 879 Theodoreto

212 913 573 982 snhjunctis:
607 915 795 969 datum
837 916 999 971 simul
1030 918 1370 981 mandatum,
1418 916 1800 986 permittenda:

208 1004 475 1058 Anatolio
499 1005 763 1074 optionis,
786 1007 945 1076 cujus
958 1009 1203 1077 epistolae
1214 1008 1615 1077 subscriptione
1636 1007 1801 1060 vellet

212 1092 381 1147 [idem
415 1110 571 1148 suam
598 1096 1016 1153 demonstrare:
1042 1114 1111 1152 an
1137 1115 1260 1167 qua:
1289 1113 1319 1152 a
1353 1098 1534 1152 Leone
1570 1096 1638 1151 ad
1670 1096 1795 1151 Fla-

210 1187 471 1250 viantum,
512 1204 581 1241 an
609 1204 733 1256 quae
761 1204 791 1243 a
829 1189 1034 1260 Cyrillo
1067 1190 1312 1245 secunda
1374 1190 1441 1243 ad
1487 1189 1797 1243 Nestorium

210 1278 429 1346 scripta
472 1288 559 1334 est
626 1276 941 1336 Mandatum
988 1283 1232 1351 insuper,
1286 1294 1345 1336 ut
1398 1281 1652 1343 Maximo,
1704 1280 1799 1347 qui

210 1370 432 1423 Domno
462 1383 804 1427 successerat
831 1389 885 1426 in
913 1373 1098 1428 sedem
1128 1374 1549 1435 Antiochenam,
1600 1372 1800 1427 Leonis

206 1460 446 1528 cpistola
494 1461 549 1514 in
600 1462 975 1517 testimonium
1019 1462 1144 1519 fidei
1188 1460 1797 1517 subscribendamitte-

209 1561 388 1604 retur.
416 1553 549 1607 Erat
572 1554 719 1606 enim
750 1566 805 1608 et
824 1557 937 1624 ipse
965 1566 1250 1625 suspectus
1276 1558 1655 1613 consensionis
1672 1570 1796 1610 cum

209 1643 501 1708 Dioscoro,
532 1662 695 1715 aquo
718 1646 896 1701 fuerat
936 1648 1269 1705 substitutus
1314 1649 1523 1704 Domno
1560 1648 1798 1703 letaliter

206 1737 529 1804 :vgrotanti.
585 1753 711 1791 cum
763 1738 1152 1808 deponeretur.
1203 1740 1595 1810 Praescriptum
1634 1738 1794 1792 deni-

1902 562 1966 600 ex
2007 547 2369 601 conversione
2414 562 2617 611 rerum,
2655 561 2777 616 quae
2823 562 2947 600 mox
2995 548 3355 605 narrabitur:
3404 566 3469 605 ex

1898 635 2169 689 contraria
2223 634 2437 703 imperii
2495 636 2687 701 forma,
2741 644 3003 707 regnante
3042 654 3189 694 nunc
3221 639 3289 694 ad
3328 641 3473 696 arbi-

1900 726 2064 780 trium
2093 726 2380 782 Pulcheria
2409 743 2421 779 :
2459 742 2526 781 ex
2558 728 2850 783 formidine
2878 729 3161 799 utriusque
3191 730 3470 795 antistitis,

1898 818 2195 872 metuentis
2240 833 2309 873 ne
2354 818 2724 887 depelleretur
2778 820 2908 876 sede
2988 823 3042 874 in
3120 837 3283 890 quam
3337 823 3471 877 vitio

1896 918 2123 965 evectus
2151 920 2269 965 erat
2307 929 2320 964 :
2363 926 2429 966 ex
2454 911 2723 966 industria
2746 913 2983 982 denique
3006 915 3309 984 legatorum
3337 924 3472 968 tem-

1899 1014 2030 1068 pore
2070 1000 2340 1054 utentium
2375 1001 2444 1055 ad
2481 1003 2596 1055 rem
2630 1001 2756 1057 ﬁdei
2794 1004 3240 1071 promovendam.

1969 1090 2125 1144 Tunc
2153 1091 2416 1158 temporis
2476 1091 2859 1147 'l‘heodoretus
2899 1093 2956 1146 in
3019 1093 3297 1163 Apameno
3348 1109 3469 1148 mo—

1900 1180 2142 1235 nasterio
2183 1182 2526 1245 versabatur,
2566 1198 2691 1238 cum
2727 1183 2820 1238 Iba
2856 1183 3092 1248 Edessa,
3124 1194 3180 1239 et
3213 1187 3471 1256 Aquilino

1897 1270 2051 1341 Bybli
2111 1271 2238 1325 olim
2285 1272 2575 1342 episcopis.
2614 1275 2692 1328 Eo
2738 1290 2796 1329 se
2827 1275 2926 1337 illi,
2963 1276 3047 1330 vel
3073 1277 3235 1331 amici
3259 1278 3470 1333 visendi

1898 1363 2067 1432 gratia
2105 1364 2474 1429 contulerant,
2522 1366 2606 1419 vel
2647 1366 2837 1420 eadem
2878 1376 3199 1438 tempestate
3232 1370 3469 1439 iactante

1901 1467 2239 1526 receperant,
2290 1459 2439 1514 velut
2484 1459 2553 1514 ad
2608 1475 2953 1515 communem
2991 1471 3232 1530 portum.

1972 1551 2080 1605 Vll.
2124 1551 2203 1605 Eo
2250 1552 2353 1606 loci
2410 1553 2619 1622 perlata
2657 1564 2741 1607 est
2782 1554 2954 1607 sancti
2990 1552 3186 1607 Leonis
3216 1552 3464 1621 epistola,

1899 1644 2015 1697 sive
2056 1643 2271 1698 Maximi
2330 1660 2487 1711 cura,
2543 1646 2689 1717 quod
2733 1647 2822 1700 vix
2856 1656 3040 1716 putem
3065 1686 3079 1709 ,
3116 1647 3230 1700 sive
3264 1645 3470 1698 amico-

1902 1748 2021 1785 rum
2063 1746 2167 1800 ope
2204 1732 2420 1789 afﬂictis
2460 1737 2743 1792 exsulibus
2784 1735 3307 1791 commiserantium.
3339 1734 3470 1789 Eam

209 1842 341 1896 que,
376 1838 438 1883 ut
462 1830 533 1883 de
560 1805 893 1887 celebrando
919 1835 974 1886 in
1014 1831 1329 1888 Occidentis
1352 1805 1602 1903 partibus
1661 1849 1793 1887 con-
1827 1805 1868 1861 Β
1899 1826 2280 1881 Theodoretus
2304 1828 2415 1897 jam
2453 1828 2663 1895 pridem
2716 1828 2822 1883 sibi
2866 1838 3048 1881 notam
3095 1828 3259 1882 sociis
3300 1843 3468 1897 expo-

209 1919 344 1972 cilio
382 1920 684 1975 instantius
704 1937 830 1974 cum
856 1921 1188 1991 imperatore
1220 1932 1491 1993 ageretur.

284 2011 372 2066 Vl.
436 2011 734 2083 Legatione
764 2014 1054 2070 Abundius
1077 2031 1201 2071 cum
1246 2016 1413 2071 sociis
1460 2016 1531 2069 ita
1578 2015 1798 2069 functus

210 2110 317 2163 est,
360 2113 423 2156 ut
458 2111 697 2159 eventus
755 2104 955 2159 summi
997 2088 1273 2175 pontiﬁcis
1302 2121 1453 2175 spem
1500 2114 1663 2173 atque
1698 2120 1797 2157 ex-

212 2191 614 2259 spectationem
647 2192 916 2248 vinceret.
953 2193 1086 2247 Nam
1114 2193 1399 2248 Anatolius
1443 2202 1499 2248 et
1536 2193 1798 2247 Maximus

210 2282 510 2349 epistolam
540 2282 778 2339 ‘Leonis
821 2284 1008 2354 (simul
1049 2284 1235 2339 oblata
1267 2283 1372 2355 est)
1418 2300 1527 2339 non
1572 2300 1795 2354 recepe-

213 2387 344 2428 runt
370 2375 562 2438 modo,
604 2375 756 2430 velut
805 2374 929 2428 fidei
962 2374 1231 2446 regulam,
1275 2375 1371 2431 sed
1426 2375 1795 2445 recipiendam

213 2481 440 2535 quoque
471 2483 501 2520 a
538 2481 651 2521 suae
680 2466 915 2537 quisque
938 2465 1194 2522 ditecesis
1238 2467 1515 2537 episcopis
1565 2466 1634 2522 ad
1668 2482 1801 2522 con-

213 2558 408 2612 cilium
439 2558 673 2623 vocatis,
715 2568 1003 2614 curarunt.

286 2650 361 2704 De
410 2649 668 2704 Anatolio
722 2650 880 2705 testis
927 2650 1195 2720 locuples,
1242 2650 1335 2720 qui
1391 2650 1569 2706 Vitam
1624 2650 1796 2706 sancti

217 2738 459 2792 Abundii
491 2740 856 2808 conscripsit:
891 2758 907 2791 ι
950 2741 1259 2804 Anatolius,
1280 2740 1478 2809 inquit,
1505 2741 1799 2814 episcopus

216 2829 371 2882 urbis
402 2827 560 2898 193
593 2828 1214 2899 Constantinopolitanae
1239 2844 1392 2883 nova:
1431 2829 1634 2893 Romae,
1666 2843 1799 2883 con-

215 2920 470 2989 gregavit
512 2920 808 2974 concilium
861 2920 1107 2974 omnium
1141 2920 1551 2989 episcoporum,
1613 2918 1797 2973 archi-

216 3010 642 3075 mandritarum,
683 3012 1153 3083 presbyterorum,
1208 3022 1265 3066 et
1294 3012 1698 3075 diaconorum;
1743 3022 1798 3066 et

1898 1915 2039 1979 suit,
2087 1926 2144 1971 et
2190 1918 2470 1971 communi
2532 1917 2698 1970 trium
2743 1916 3146 1986 subscriptione
3204 1916 3469 1971 munitam

1896 2006 2424 2077 Constantinopolim
2482 2008 2549 2062 ad
2607 2008 2920 2063 Abundium
2970 2023 3094 2062 cum
3136 2008 3335 2063 litteris
3380 2022 3468 2062 rc-

1900 2096 2065 2152 misit.
2120 2097 2177 2151 In
2222 2097 2308 2152 his
2337 2106 2623 2167 postquam
2653 2097 2892 2151 Abundii
2934 2098 2986 2151 in
3014 2098 3252 2153 Ecclesia
3280 2097 3472 2153 Orien-

1902 2188 1993 2242 taIi
2054 2188 2292 2259 juvanda
2348 2189 2612 2252 studium,
2653 2188 2984 2256 illaasamque
3037 2187 3469 2243 Occidentalium

1898 2281 2060 2336 fidem
2110 2281 2385 2347 laudavit;
2418 2291 2532 2337 tum
2559 2281 2720 2336 Iidem
2756 2297 2909 2335 suam
2933 2279 3246 2349 apostolicis
3273 2279 3470 2333 litteris

1897 2386 2193 2426 consonam
2242 2372 2553 2442 proﬁtetur,
2608 2388 2842 2441 moxque
2892 2370 3045 2425 addit
3082 2372 3127 2402 ’°
3174 2388 3238 2424 ε(
3273 2370 3369 2424 His
3414 2378 3471 2424 et

1897 2477 1998 2532 ego
2040 2462 2239 2517 litteris
2282 2462 2554 2527 consensi,
2603 2469 2659 2517 et
2682 2461 2811 2515 huic
2843 2460 3088 2531 epistola:
3135 2474 3267 2515 mea:
3290 2473 3472 2513 exem-

1899 2552 2048 2622 plum
2092 2567 2281 2606 earum
2333 2550 2609 2622 copulavi,
2642 2552 2731 2607 cui
2756 2552 2924 2605 etiam
2952 2549 3276 2618 subscripsi,
3305 2557 3470 2617 atque

1898 2658 1963 2697 ex
1995 2644 2099 2697 hoc
2138 2639 2387 2712 probavi,
2445 2642 2603 2713 194
2656 2641 2803 2712 quod
2863 2640 3079 2711 regulas
3125 2638 3469 2709 apostolicas,

1900 2735 2005 2788 hoc
2052 2742 2157 2797 est,
2208 2750 2335 2788 vera
2379 2734 2634 2803 dogmata
2686 2748 2907 2803 Sequor,
2966 2730 3238 2800 hodieque
3280 2729 3335 2782 in
3389 2727 3473 2781 his

1900 2840 2216 2896 permaneo,
2251 2833 2307 2880 et
2355 2825 2477 2880 ideo
2528 2824 2729 2879 bellum
2783 2825 2978 2894 patior.
3011 2821 3299 2877 Consensit
3341 2819 3471 2873 item

1899 2916 2155 2971 dominus
2203 2931 2359 2970 meus
2384 2916 2525 2979 lbas,
2568 2925 2623 2968 et
2663 2915 2927 2969 dominus
2967 2930 3122 2968 meus
3160 2913 3469 2983 Aquilinus,

1899 3019 2087 3066 contra
2143 3025 2284 3079 quos
2316 3011 2727 3079 imperatorum
2779 3016 3105 3079 potestatem
3160 3006 3475 3060 inventores

226 3112 355 3157 ante
417 3111 772 3172 conspectum
826 3103 1073 3157 omnium
1144 3102 1370 3157 recitata
1425 3111 1511 3156 est
1568 3102 1795 3171 epistola
1822 3136 1869 3195 α
1899 3118 2054 3158 novae
2111 3103 2335 3158 haeresis
2376 3111 2749 3157 armaverunt.
2793 3121 2810 3153 ι

215 3193 394 3249 sancti
431 3193 657 3249 Leonis.
680 3209 844 3263 quam
885 3194 1081 3248 beatus
1117 3190 1409 3248 Abundius
1439 3206 1624 3246 coram
1677 3206 1797 3245 om-

218 3286 385 3340 nibus
417 3285 791 3354 praasentavit,
824 3283 1288 3339 concordantibus
1330 3283 1660 3338 testimoniis
1687 3282 1797 3336 Ro-

217 3392 509 3430 manorum
532 3376 754 3430 Patrum
769 3381 933 3444 atque
956 3372 1358 3444 Argolicorum.
1378 3372 1664 3427 Anatolius
1683 3372 1799 3442 epi-

217 3482 419 3536 scopus
454 3465 962 3536 Constantinopolis
985 3466 1115 3519 huic
1134 3464 1379 3536 epistolae
1404 3465 1575 3518 sancti
1602 3463 1803 3518 Leonis

220 3560 398 3627 Papae,
422 3558 732 3613 continenti
767 3558 1053 3611 catholicaa
1078 3557 1204 3610 tidei
1238 3556 1542 3620 veritatem,
1570 3572 1801 3611 concor-

220 3651 483 3704 dantibus
512 3650 677 3705 etiam
715 3650 1044 3704 testimoniis
1073 3650 1294 3703 Patrum
1323 3648 1392 3702 ab
1433 3647 1622 3701 eadem
1665 3664 1798 3717 apo—

220 3740 411 3795 stolica
442 3739 576 3793 sede
623 3739 851 3793 directis
877 3739 1051 3807 plena:
1090 3738 1399 3793 devotionis
1427 3738 1723 3799 consensit,
1748 3747 1803 3791 et

218 3831 573 3900 subscripsit,
622 3831 918 3884 anathema
947 3829 1139 3883 dicens
1167 3828 1400 3899 Eutychi
1439 3835 1495 3882 et
1527 3828 1799 3891 Nestorio,

219 3935 271 3976 et
291 3921 560 3992 dogmati,
609 3922 691 3975 vel
732 3919 1100 3975 sectatoribus
1150 3935 1341 3974 eorum
1383 3936 1395 3970 :
1448 3928 1579 3973 tunc
1618 3919 1801 3973 caeteri

222 4015 413 4069 Patres
437 4028 551 4067 non
586 4012 739 4082 parvi
765 4011 981 4066 numeri
1022 4010 1217 4066 eodem
1260 4010 1423 4065 modo
1453 4011 1799 4080 subscripse-

221 4113 368 4158 runt.
412 4123 432 4155 ι

289 4196 365 4249 De
383 4204 621 4263 utroque
640 4193 800 4248 simul
822 4200 1044 4247 sanctus
1060 4192 1171 4246 Leo
1192 4192 1234 4223 "
1258 4211 1267 4244 :
1293 4211 1310 4242 ι
1331 4191 1522 4246 Totam
1540 4191 1803 4247 Constan-

2514 3216 2737 3272 CAPUT
2787 3215 2872 3268 XI.

1900 3322 1942 3376 1.
1982 3321 2205 3375 Moritur
2243 3322 2570 3375 Theodosius.
2610 3320 2673 3373 II.’
2713 3318 2991 3372 Pulcheria
3031 3317 3357 3369 dominatum
3390 3331 3474 3368 re-

1971 3394 2150 3446 sumit.
2172 3392 2259 3446 Ill.
2278 3392 2320 3445 Τ
2319 3392 2621 3445 heodoretus
2642 3390 2704 3443 ab
2726 3389 2908 3443 exsilio
2927 3396 3217 3441 revocatur.
3238 3386 3323 3439 ιν.
3346 3384 3475 3439 Gra-

1973 3464 2075 3515 tias
2120 3465 2229 3531 agit
2254 3463 2513 3531 patronis.
2550 3458 2989 3531 V._Libellum_de
3015 3456 3250 3531 regenda
3276 3454 3474 3531 synodo

1973 3525 2219 3600 Augustis
2254 3525 2422 3653 2:1an
2473 3529 2560 3585 Vl.
2610 3529 2849 3599 Synodus
2892 3525 3215 3583 Chalcedone
3250 3525 3471 3594 cogitur.

1974 3601 2083 3653 Vll.
2129 3602 2261 3653 Theo
2300 3610 2472 3653 oretus
2503 3610 2625 3653 ante
2658 3607 2830 3652 actam
2859 3614 3073 3650 causam
3104 3595 3397 3649 admittitur
3422 3594 3471 3645 in

1974 3594 2083 3655 VII".
2129 3594 2472 3655 Theodoretus
2503 3610 2625 3653 ante
2651 3594 2830 3652 actam
2859 3614 3073 3650 causam
3104 3595 3397 3649 admittitur
3422 3594 3473 3645 in

1973 3688 2288 3724 consessum.
2340 3671 2473 3724 VIII.
2530 3668 2838 3723 Reclamant
2875 3666 3128 3737 zEgyptii.
3155 3663 3269 3737 ix.
3300 3662 3475 3737 Causa

1973 3743 2243 3811 peragitur
2275 3743 2477 3794 actione
2508 3748 2690 3811 octaua
2750 3737 2815 3811 δῖ
2841 3733 3203 3811 ᾼειὰίεοησὶιὶἱ
3236 3734 3299 3786 de
3328 3733 3478 3811 resti-

1973 3805 2170 3864 tutione
2228 3811 2549 3864 Theodoreti.
2607 3808 2695 3861 XI.
2751 3808 2885 3860 Dicit
2932 3808 3134 3861 sincere
3191 3805 3474 3858 anathema

1978 3880 2234 3943 Nestorio,
2271 3890 2317 3933 et
2348 3879 2508 3947 ﬁdem
2553 3878 2849 3949 proﬁtetur.

2448 3995 2593 4043 Anno
2627 3991 2716 4041 450
2744 3997 2793 4040 et
2818 3988 2925 4039 151.

1974 4100 2014 4153 I.
2057 4098 2378 4167 Priusquam
2446 4097 2733 4151 Abundius
2785 4110 2909 4149 cum
2954 4094 3117 4148 sociis
3161 4092 3215 4145 in
3272 4090 3474 4160 regiam

1905 4191 2096 4246 urbem
2148 4189 2481 4258 perveniret,
2530 4186 2766 4242 decessit
2809 4202 2839 4238 e
2874 4185 2984 4238 vita
3018 4181 3358 4237 Theodosius
3386 4180 3476 4235 die

221 4287 635 4357 tinopolitanam
670 4285 967 4340 Ecclesiam
1009 4298 1132 4337 cum
1172 4283 1515 4337 monasteriis
1550 4283 1805 4337 onmibus
1903 4285 1972 4338 29
1995 4283 2123 4338 Julii
2158 4297 2304 4335 anno
2327 4281 2450 4342 450,
2488 4295 2612 4333 cum
2657 4278 2879 4331 vixisset
2912 4289 3083 4329 annos
3117 4271 3475 4342 quadraginta

219 4389 271 4431 et
313 4377 507 4431 multis
538 4376 812 4445 episcopis
866 4374 1084 4429 noveris
1118 4374 1417 4443 praebuisse
1454 4388 1802 4437 consensum,

1908 4390 2123 4437 novem,
2179 4374 2499 4442 imperasset
2547 4367 2911 4438 quadraginta
2957 4366 3096 4419 duos
3142 4372 3198 4418 et
3260 4378 3475 4418 menses

218 4478 272 4523 et
323 4467 824 4536 subscriptionibus
855 4465 969 4519 suis
990 4465 1297 4519 Nestorium
1330 4475 1492 4533 atque.
1518 4465 1800 4536 Eutychen
1834 4461 1876 4516 Ξ)
1905 4468 2017 4521 fere
2068 4476 2199 4519 tres.

219 4574 341 4612 eum
405 4557 524 4611 suis
592 4554 1079 4611 anathematizasse
1145 4554 1508 4623 dogmatibus.
1566 4555 1804 4609 Noveris

218 4652 382 4703 etiam
448 4647 695 4718 proxime
746 4662 832 4701 me
880 4646 1164 4716 epistolam
1218 4645 1803 4713 ConstantinOpolitani

218 4741 463 4811 episcopi
516 4739 813 4809 accepisse,
849 4753 971 4807 qtae
1012 4738 1197 4801 refert,
1247 4737 1647 4792 Antiochenam
1685 4736 1803 4804 cpi-

220 4850 471 4903 scopum,
504 4832 683 4887 missis
720 4848 818 4901 per
852 4831 1158 4901 provincias
1193 4846 1320 4883 suas
1349 4829 1641 4891 tractoriis,
1679 4829 1802 4882 uni-

219 4940 407 4978 versos
453 4923 744 4992 episcopos
776 4922 1041 4992 coegisse,
1095 4930 1152 4976 et
1201 4921 1443 4990 epistolae
1497 4936 1629 4974 mea:
1662 4934 1801 4988 pne-

220 5017 405 5071 buisse
441 5030 795 5075 consensum,
836 5024 893 5067 et
923 5013 1233 5067 Nestorium
1268 5027 1332 5067 ac
1372 5012 1653 5081 Eutychen
1687 5012 1801 5081 pari

220 5107 627 5176 subscriptione
678 5107 990 5159 damnasse.
1015 5124 1034 5155 ι

292 5198 522 5253 Devotio
574 5206 742 5258 tanta,
790 5204 1009 5265 quantae
1051 5210 1175 5249 mox
1226 5194 1363 5249 facta
1412 5194 1514 5248 fuit
1572 5198 1795 5259 mentio,

221 5291 266 5344 si
306 5300 490 5345 tamen
538 5289 759 5343 devotio
799 5288 922 5345 fuit.
972 5297 1159 5342 etnon
1198 5295 1444 5356 prompta
1486 5288 1669 5357 potius
1692 5289 1799 5343 sol-

1976 4558 2037 4612 Il.
2078 4556 2215 4612 Cum
2250 4555 2358 4608 vita
2398 4552 2703 4607 Theodosii
2757 4549 2970 4604 sublata
3020 4557 3105 4601 est
3149 4544 3471 4615 Chrysaphii

1904 4648 2186 4717 potentia:
2227 4645 2468 4698 habenas
2493 4642 2639 4694 enim
2681 4637 2894 4708 imperii
2941 4635 3225 4690 Pulcheria
3268 4650 3474 4687 resum-

1904 4740 2030 4808 psit,
2058 4747 2341 4808 postquam
2378 4730 2841 4802 quinquagenaria
2864 4728 3014 4798 virgo
3049 4727 3321 4781 Marciano
3349 4726 3474 4780 fecit

1902 4829 2150 4898 conjugis
2193 4841 2425 4887 nomen;
2473 4831 2641 4890 utque
2673 4817 2825 4887 regni
2863 4816 3127 4886 primitias
3160 4816 3273 4869 Deo
3315 4814 3473 4880 justi-

1910 4921 2106 4989 titequc
2140 4924 2507 4977 consecraret,
2555 4912 2796 4967 rescissis
2838 4924 2959 4979 qua:
3015 4923 3110 4976 per
3149 4907 3255 4959 vim
3292 4906 3475 4958 hacte-

1909 5026 2012 5065 nus
2042 5020 2099 5065 et
2141 5018 2331 5065 contra
2381 5009 2459 5061 fas
2496 5014 2612 5058 acta
2650 5012 2857 5063 essent,
2907 5001 2974 5054 de
3016 4999 3191 5053 danda
3220 4996 3475 5051 Ecclesiis

1906 5119 2037 5175 pace
2083 5101 2432 5172 cogendaqtte
2480 5095 2689 5167 synodo
2728 5093 3003 5163 cogitavit.

1979 5194 2065 5247 III.
2112 5192 2261 5245 Fecit
2317 5207 2379 5242 ea
2431 5203 2615 5242 rerum
2652 5184 2960 5241 conversio,
3010 5191 3069 5234 ut
3099 5179 3476 5233 annitentibus

1906 5285 2223 5341 Vincomalo
2244 5282 2545 5335 olliciorunt
2572 5278 2847 5348 magistro,
2869 5285 2923 5330 ct
2944 5275 3150 5329 Avieno
3169 5273 3389 5329 consule
3408 5273 3472 5329 “.

1572 5481 1835 5535 SIZEIL'L'L
1867 5481 1880 5532 1
1921 5479 2155 5534 Νο’1“.-Ε.

295 5629 337 5656 ’³
364 5626 481 5680 Vid.
506 5627 683 5679 Vitam
803 5621 1061 5683 Ahundii,
1089 5636 1207 5688 cap.
1239 5622 1291 5678 τὶ,
1334 5636 1460 5673 Illllll
1546 5621 1593 5671 8.

224 5694 269 5725 "
300 5698 413 5750 κὶα.
470 5707 509 5750 ι.
550 5696 638 5757 IV,
681 5696 843 5762 cpisl.
882 5692 994 5745 181.

1689 5622 1729 5650 ²’⁶
1769 5620 1884 5673 Viti.
1917 5620 2085 5675 Leon.
2124 5620 2284 5687 epist.
2322 5619 2503 5671 55-56.
2585 5619 2628 5649 ’5
2658 5619 2712 5671 In
2764 5618 2923 5688 epist.
2958 5617 3022 5671 ad
3065 5615 3471 5688 l’aseluasinum.

1112 5685 1376 5744 "Avieno
1409 5691 1639 5743 consule.
1673 5692 1763 5745 Vel
1794 5691 1994 5758 potius,
2029 5685 2229 5759 Aspare
2260 5690 2377 5741 viro
2410 5689 2702 5743 consulari.
2732 5685 2906 5743 Minus
2937 5697 3080 5742 recte
3105 5686 3251 5741 enim
3284 5685 3474 5741 Avieni

224 5782 419 5822 nomen
447 5768 502 5821 in
550 5760 799 5836 epistolae
827 5763 920 5818 159
956 5761 1307 5831 inscriptione
1346 5762 1620 5815 Stlltslilltil
1652 5760 1967 5815 Garnerius.
