4208 6440
763 371 860 439 14Ἱ

1888 372 2269 432 GARNERII
2312 370 2808 431 DISSERTATIO
2848 373 2895 431 1.

3923 368 4027 434 H8

763 489 1117 556 Anatoli-ique
1178 486 1409 555 patricio
1460 485 1594 539 viris
1653 486 1851 541 merito
1903 488 2300 556 potentissimis
2324 526 2338 548 ,
2371 491 2419 546 Α
2518 484 2574 537 In
2601 485 2851 538 eamdem
2868 485 3094 537 omnino
3115 482 3441 538 sententiam
3464 482 3678 536 consuli
3699 481 3777 534 “z
3808 479 4024 551 «Opor-

762 580 1162 639 Theodoretus,
1182 576 1359 645 'cujus
1382 576 1434 629 in
1463 575 1649 629 sedem
1677 575 1899 631 infanda
1935 577 2178 647 synodus
2217 576 2336 629 nul-

755 674 865 726 lum
890 669 1203 732 suﬁ‘ccerat,
1240 668 1310 722 ab
1333 668 1526 721 exsilio
1548 676 1924 729 revocaretur;
1961 683 2182 736 suaeque
2211 667 2336 719 urbi

753 747 1163 816 restitueretur.
1206 762 1281 815 De
1319 768 1545 829 accepto
1598 759 1688 813 ille
1723 758 1993 813 beneﬁcio
2041 760 2337 828 unicuique

754 854 917 908 trium
960 853 1269 923 singulares
1322 851 1528 922 gratias
1570 850 1773 905 litteris
1828 850 1941 919 egit
1976 848 2041 914 ³⁸,
2070 850 2339 919 petiitque

752 945 835 1014 agi
876 960 977 999 suo
1029 943 1250 997 nomine
1296 942 1666 1012 principibus,
1701 940 1797 995 sed
1831 941 1993 995 simul
2030 941 2098 994 de
2132 954 2339 993 convo-

752 1039 967 1091 catione
988 1034 1181 1107 synodi
1207 1033 1335 1088 ferri
1368 1050 1581 1105 preces.
1610 1033 1878 1104 Sperabat
1910 1031 2183 1100 siquidem
2226 1030 2336 1084 fre-

754 1138 844 1182 tus
890 1136 1249 1197 patronorum
1302 1143 1430 1196 ope,
1478 1141 1633 1181 suam
1682 1141 1740 1181 se
1794 1125 1891 1179 toti
1948 1123 2068 1178 orbi
2116 1126 2135 1142 ‘
2178 1123 2339 1175 inno-

752 1220 990 1274 centiam
1044 1220 1426 1289 probaturum,
1468 1227 1525 1273 et
1567 1218 1835 1271 Dioscoro
1864 1216 2038 1269 vicem
2072 1228 2337 1284 repensu-

754 1324 901 1364 rum.

824 1400 913 1456 IV.
954 1400 1150 1455 Mirum
1198 1414 1352 1463 vero,
1386 1399 1535 1468 quali
1588 1409 1704 1453 arte
1738 1398 1982 1452 illustres
2025 1397 2172 1451 viros
2203 1398 2338 1465 alia;

752 1494 964 1562 quitur.
998 1494 1163 1549 Juvat
1186 1508 1255 1547 ex
1286 1492 1521 1561 singulis
1550 1491 1801 1561 epistolis
1832 1490 2040 1560 aliquid
2072 1489 2339 1551 delibare,

752 1599 818 1637 ex
854 1586 1075 1654 quolux
1097 1585 1343 1639 historia:
1365 1583 1643 1653 aﬁ‘ulgeat,
1668 1591 1721 1637 et
1751 1582 1910 1635 simul
1936 1590 2140 1649 pateat,
2174 1596 2339 1648 quam

752 1670 1075 1739 eloquenter
1101 1672 1319 1725 animus
1352 1672 1553 1741 gaudio
1586 1670 1868 1726 exsultans
1900 1669 2219 1737 triumphet.
2252 1668 2342 1722 Sic

753 1762 919 1831 igitur
943 1764 1010 1816 ad
1056 1763 1432 1817 Anatolium”
1492 1781 1503 1815 :
1560 1780 1578 1813 ‹
1610 1762 1721 1816 Nos
1760 1761 1982 1830 quidem
2009 1766 2148 1815 'cum
2194 1761 2339 1815 nacti

751 1868 943 1908 sumus
982 1856 1247 1924 quietem,
1288 1855 1521 1909 libenter
1552 1868 1745 1907 sumus
1771 1852 2026 1921 amplexi,
2063 1852 2336 1920 utilesque

752 1962 820 2002 ac
871 1948 1233 2003 suavissimus
1276 1949 1398 2015 ejus
1454 1946 1671 2000 fructus
1726 1944 2083 2015 percipimus.
2134 1942 2333 1998 Christi

751 2050 937 2093 autem
982 2054 1171 2093 amans
1215 2040 1515 2107 imperator
1562 2045 1769 2099 noster,
1822 2036 2045 2104 pietatis
2097 2034 2332 2089 ﬂuctum

752 2130 986 2198 adeptus
1037 2129 1352 2198 imperium,
1399 2128 1617 2197 imperii
1662 2126 1936 2197 primitias
1977 2126 2190 2195 imperii
2228 2126 2337 2178 lar-

751 2224 910 2293 gitori
956 2224 1159 2276 obtulit
1198 2223 1733 2290 Ecclesiarum,qua:
1766 2219 2140 2290 jactabantur,
2181 2227 2333 2272 tran-

753 2317 1106 2384 quillitatem,
1139 2325 1468 2384 oppugnata:
1507 2312 1634 2367 ﬁdei
1674 2311 2034 2379 triumphum,
2065 2308 2338 2379 evangeli-

751 2422 943 2461 corum
965 2405 1120 2479 195
1139 2406 1451 2476 dogmatum
1476 2403 1785 2458 victoriam.
1816 2402 1911 2455 His
1936 2416 2066 2455 vero
2078 2399 2337 2471 praemisit

753 2497 917 2552 illata:
963 2496 1125 2551 nobis
1169 2496 1386 2567 injuria:
1421 2496 1783 2550 curationem.
1823 2494 1958 2561 Quis
1982 2492 2127 2549 enim
2173 2492 2335 2545 Lalem

751 2605 817 2644 ac
842 2597 1049 2643 tantam
1070 2588 1414 2658 iniquitatem
1442 2586 1655 2641 audivit
1677 2585 1962 2655 unquam?
1992 2585 2117 2654 quis
2139 2583 2338 2637 absens

755 2680 1032 2735 homicida
1056 2680 1390 2735 damnatus?
1412 2679 1537 2749 quis
1561 2679 1879 2748 nuptiarum
1910 2677 2201 2738 insidiator
2225 2691 2336 2729 non

752 2787 995 2844 praesens
1016 2772 1457 2828 condemnatus?
1480 2771 1605 2839 quis
1627 2770 1905 2832 eﬁ'ractor,
1934 2776 2028 2822 aut
2058 2766 2339 2837 sepulcro-

753 2878 877 2916 rum
903 2862 1156 2921 eﬁ‘essor,
1181 2872 1277 2915 aut
1296 2860 1598 2923 veneﬁcus,
1617 2869 1711 2914 aut
1736 2875 2019 2914 sacrorum
2045 2859 2334 2928 expilator,

751 2962 852 3009 aut
887 2954 981 3025 qui
1018 2952 1166 3007 aliud
1205 2952 1490 3021 quidpiam
1525 2952 1742 3022 legibus
1773 2952 2006 3006 vetitum
2050 2950 2339 3004 commise-

751 3056 857 3107 rat,
878 3054 935 3100 et
955 3046 1023 3100 ad
1036 3044 1303 3116 judicium
1326 3044 1537 3110 venire,
1555 3059 1681 3098 cum
1698 3044 1881 3104 vellet,
1905 3052 1989 3097 est
2004 3041 2334 3110 prohibitus,

2442 575 2630 638 tebat,
2702 575 2915 644 inquit,
2990 575 3128 629 hanc
3200 575 3367 629 etiam
3420 573 3489 627 ad
3548 573 3685 627 alias
3747 571 4029 626 fortitudi-

2442 666 2526 719 nis
2549 675 2653 720 tua:
2672 667 2958 735 praeclaras
2974 667 3219 720 actiones
3238 665 3482 735 adjungi,
3504 673 3565 717 ut
3582 664 4028 734 religiosissimus

2438 757 2753 827 Christique
2799 759 3009 813 amicus
3053 759 3352 828 imperator
3403 767 3613 821 noster,
3650 772 3813 827 quem
3835 757 4031 811 subdi-

2440 860 2623 905 torum
2660 852 2804 906 bono
2829 852 3021 907 divina
3048 854 3222 923 gratia
3247 851 3508 915 instituit,
3534 867 3634 921 per
3672 852 4030 920 magniﬁcen-

2443 943 2571 997 tiam
2622 956 2858 998 vestram
2897 945 2965 998 de
3010 945 3166 1000 facta;
3208 945 3265 998 in
3298 959 3399 999 nos
3441 944 3657 1014 injuria:
3698 943 4029 1013 indignitate

2440 1033 2642 1088 certior
2704 1035 2900 1097 ﬁeret,
2950 1044 3007 1089 et
3049 1036 3197 1104 justa
3250 1035 3370 1105 lege
3423 1034 3600 1104 legem
3653 1049 3763 1088 non
3818 1034 4027 1103 justam

2441 1125 2800 1179 rescinderet.
2828 1144 2844 1175 ι
2873 1126 3176 1194 Etpostea:
3203 1144 3221 1176 ι
3253 1125 3378 1180 Hac
3399 1125 3582 1179 omnia
3605 1124 4029 1195 magniﬁcentiae

2443 1224 2549 1269 tuae
2586 1216 2772 1271 studio
2815 1217 3039 1271 sustulit
3092 1218 3483 1272 serenissimus
3542 1217 3871 1287 imperator;
3923 1231 4029 1287 ego

2440 1323 2574 1362 vero
2614 1323 2843 1377 peccare
2894 1324 2981 1362 me
3025 1317 3197 1373 ratus,
3257 1311 3302 1364 Si
3356 1318 3616 1370 tacerem.
3654 1325 3759 1364 nec
3804 1324 4026 1379 agerem

2440 1400 2662 1471 gratias,
2699 1400 2766 1454 ad
2815 1400 2913 1454 has
2957 1399 3278 1456 scribendas
3322 1417 3446 1457 sum
3488 1402 3783 1465 adductus,
3821 1402 4029 1471 quibus

2444 1493 2876 1563 magnitudinem
2906 1501 3143 1548 vestram
3166 1494 3435 1558 obtestor,
3478 1502 3540 1548 nt
3563 1510 3664 1564 pro
3707 1493 3869 1548 nobis
3901 1493 4027 1546 fau-

2444 1595 2556 1639 stas
2590 1601 2754 1640 voces
2796 1586 3029 1649 deferat,
3078 1594 3195 1640 tum
3228 1586 3423 1641 victori
3468 1586 3785 1655 Christique
3818 1585 4025 1638 amanti

2445 1677 2783 1744 imperatori,
2814 1690 2928 1731 tum
2949 1678 3062 1731 Deo
3089 1678 3461 1732 dilectissimze
3488 1676 4027 1747 religiosissimzeque

2444 1766 2719 1838 Augustae,
2756 1784 2857 1837 pro
2895 1769 3097 1838 quibus
3139 1770 3344 1823 bonum
3382 1770 3672 1823 Dominum
3710 1769 3927 1830 invoco,
3966 1776 4028 1820 ut

2442 1855 2658 1909 ﬁrmum
2692 1857 2827 1926 ipsis
2869 1858 3159 1927 imperium
3191 1858 3485 1922 custodiat,
3521 1858 3667 1928 quod
3700 1867 3756 1912 et
3788 1858 4029 1912 subditis

2440 1949 2738 2003 clementer
2780 1950 3053 2019 proficiat,
3102 1961 3159 2006 et
3198 1952 3451 2005 hostibus
3491 1960 3758 2005 terrorem
3790 1950 4025 2019 injiciat,

2438 2041 2912 2110 praestabilemque
2959 2044 3217 2097 omnibus
3267 2059 3457 2113 pacem
3483 2044 3758 2099 conciliet.
3804 2043 3883 2097 Ad
3920 2042 4026 2097 hoc

2438 2132 2603 2185 etiam
2655 2133 2722 2187 ab
2750 2133 2831 2187 eis
2876 2135 3264 2202 postulandum
3302 2135 3623 2206 magnitudo
3661 2143 3844 2189 vestra
3877 2134 4023 2188 flecti

2438 2238 2497 2277 se
2542 2224 2705 2288 sinat,
2754 2225 3097 2280 utEcclesia:
3130 2229 3442 2296 tempestati
3493 2226 3802 2296 perfectum
3856 2226 4024 2280 ﬁnem

2440 2315 2742 2385 imponant,
2786 2325 2842 2369 et
2889 2317 3155 2386 synodum
3214 2317 3374 2388 196
3404 2318 3723 2388 congregari
3768 2318 4023 2389 jubeant,

2439 2423 2549 2462 non
2581 2423 2775 2462 eorum
2817 2408 3038 2472 iterum,
3086 2409 3181 2479 qui
3232 2409 3556 2463 tumultuari
3611 2410 3758 2464 soliti
3801 2409 4027 2464 turbent

2439 2500 2767 2563 concilium,
2821 2499 2916 2554 sed
2974 2500 3067 2569 qui
3126 2515 3249 2553 cum
3301 2501 3486 2570 quiete
3534 2501 3775 2563 illorum,
3811 2502 3904 2570 qui
3941 2501 4027 2554 di-

2438 2593 2564 2646 vina
2596 2594 2943 2655 suntedocti,
2970 2602 3025 2647 et
3063 2594 3358 2662 apostolica
3398 2594 3646 2661 dogmata
3672 2592 4022 2655 conﬁrment,

2438 2693 2495 2738 et
2527 2686 2713 2754 spuria
2756 2696 2921 2754 atque
2960 2702 2989 2739 a
3044 2686 3278 2743 veritate
3338 2686 3516 2739 aliena
3563 2685 3835 2755 rejiciant.
3867 2706 3884 2736 ι

2506 2775 2572 2829 ν.
2618 2775 2701 2827 An
2733 2775 3115 2831 Theodoretns
3147 2776 3261 2845 ipse
3294 2776 3551 2845 Augustis
3581 2776 3784 2845 gratias
3827 2776 4023 2844 egerit,

2442 2866 2709 2917 incertum
2751 2873 2867 2929 est;
2909 2875 3119 2919 certum
3158 2864 3538 2926 nihilominus,
3572 2865 3836 2918 obtulisse
3869 2865 4027 2917 Iibel~

2439 2955 2552 3011 lum
2586 2970 2828 3023 precum.
2884 2955 3021 3010 Nam
3058 2955 3112 3009 in
3138 2956 3372 3009 concilio
3404 2954 3861 3025 Chalcedonensi,
3896 2970 4024 3008 cum

2440 3063 2622 3116 prose
2672 3047 3169 3117 interloqueretur:
3219 3049 3475 3111 «Preces,
3517 3048 3695 3116 inquit
3743 3047 3806 3109 ",
3847 3046 4025 3100 obtuli

698 3157 707 3163 ”
752 3147 809 3191 et
833 3138 1081 3209 judicusn
1111 3138 1384 3192 sententia
1408 3136 1598 3206 procul
1624 3136 1823 3189 absens
1852 3144 1936 3189 est
1961 3133 2284 3188 confossus?
2312 3151 2329 3183 ι
2365 3167 2405 3220 C
2441 3138 2845 3202 sacratissimis,
2867 3147 2923 3193 et
2946 3139 3228 3207 piissimis,
3248 3147 3302 3193 et
3322 3138 3813 3193 Christianissimis
3830 3139 4025 3191 mundi

754 3231 823 3285 Et
852 3230 954 3284 sub
994 3230 1156 3285 ﬁnem
1203 3249 1214 3283 :

751 3322 970 3379 educati
1035 3322 1189 3385 estis,
1245 3331 1302 3375 et
1352 3320 1575 3375 virtutis
1626 3334 1760 3389 opes
1814 3318 2132 3389 possidetis,
2193 3317 2339 3371 hunc

754 3415 931 3470 zelum
968 3430 1286 3478 resumere;
1315 3421 1370 3467 et
1390 3413 1602 3467 alacres
1630 3412 1742 3482 jam
1770 3425 1867 3480 per
1886 3425 2005 3464 sese
2031 3409 2337 3477 piissimum

752 3506 1162 3574 imperatorem,
1200 3504 1519 3573 Christique
1550 3510 1825 3557 amantem
1859 3501 2179 3571 Augustam,
2234 3501 2339 3554 ala-

752 3598 964 3651 criores
1022 3596 1498 3651 cohortationibus
1550 3594 1803 3658 reddere,
1840 3602 1899 3647 ut
1932 3593 2195 3655 laudabili
2222 3593 2339 3647 zelo

753 3689 1211 3759 gloriosissimum
1264 3690 1558 3758 imperium
1604 3703 1764 3742 suum
1816 3688 2199 3742 corroborent.
2241 3707 2259 3737 ›

821 3779 900 3832 Ad
931 3778 1309 3833 Vincomalnm
1355 3787 1537 3832 autem
1559 3780 1605 3810 ³⁸
1639 3797 1651 3830 :
1687 3798 1704 3831 ι
1734 3779 1900 3833 Valde
1932 3795 2054 3834 sum
2084 3780 2335 3842 miratus,

755 3871 849 3924 uhi
902 3872 1132 3940 cognovi
1204 3870 1664 3940 magniﬁcentiam
1718 3879 2002 3935 vestram,
2062 3887 2188 3925 cum
2251 3888 2339 3925 res

754 3970 975 4013 nostras
1034 3961 1253 4028 penitus
1306 3961 1607 4029 ignoraret,
1653 3976 1717 4015 ac
1760 3962 1954 4021 solam,
1994 3977 2116 4029 quae
2152 3964 2205 4014 in
2238 3977 2339 4015 nos

755 4050 895 4104 facta
928 4057 1031 4110 est,
1066 4050 1321 4119 injuriam
1354 4049 1656 4115 didicisset,
1692 4050 2060 4119 patrocinium
2092 4060 2339 4104 nostrum

755 4138 1085 4207 suscepisse,
1116 4138 1411 4207 omniaque
1441 4137 1701 4200 movisse,
1740 4146 1797 4192 ut
1824 4146 2171 4208 comparatas
2209 4153 2341 4193 con-

756 4234 839 4279 tra
862 4241 963 4280 nos
985 4226 1266 4281 machinas
1286 4236 1592 4291 everteret;
1617 4227 1711 4282 sed
1733 4228 2098 4297 magnitudini
2115 4228 2335 4298 quidem

755 4326 952 4370 vestrae
990 4317 1287 4374 muniﬁcus
1327 4319 1369 4351 ³³
1400 4319 1666 4373 Dominus
1703 4320 1865 4390 digna
1918 4337 2148 4392 prorsus
2189 4340 2338 4377 com-

758 4410 1076 4475 pensatione
1120 4408 1404 4461 retribuet.
1444 4427 1462 4459 ι
1512 4409 1581 4462 Ει
1612 4417 1738 4478 post
1778 4411 2047 4479 exposita,
2093 4428 2214 4481 qua:
2250 4414 2336 4465 in-

1260 3250 1277 3280 c
1306 3231 1473 3283 Decet
1524 3235 1707 3281 autem
1730 3243 1847 3289 vos,
1895 3226 1988 3295 qui
2040 3226 2094 3278 in
2136 3224 2361 3294 pietate.

2440 3231 2697 3294 dominis,
2722 3239 2777 3283 et
2803 3232 3056 3284 enarravi
3085 3248 3207 3300 quae
3248 3231 3302 3284 in
3333 3247 3419 3285 me
3453 3240 3573 3285 acta
3615 3239 3741 3303 sunt
3771 3231 4024 3294 vulnera,

2437 3334 2494 3378 et
2538 3339 2733 3393 precor
2770 3324 2869 3377 has
2910 3324 3135 3393 perlegi.
3170 3343 3187 3373 ι

2510 3416 2597 3471 V'l.
2632 3414 2789 3482 Quod
2813 3424 3097 3484 tantopere
3121 3414 3365 3484 optabat,
3398 3414 3451 3468 id
3474 3414 3785 3484 postulante
3808 3428 4029 3467 summo

2439 3506 2697 3577 pontiﬁce
2748 3507 3051 3575 perfectum
3076 3515 3160 3560 est
3195 3525 3207 3559 :
3260 3505 3527 3574 imperiali
3572 3495 3849 3575 siquidem
3892 3520 4026 3558 san-

2439 3598 2621 3652 ctione
2670 3598 2875 3651 indicta
2917 3597 3189 3666 generalis
3242 3597 3484 3668 synodus
3523 3597 3714 3651 Nic-sem
3755 3592 4031 3667 Bithynia:

2438 3690 2506 3745 ad
2531 3689 2801 3743 Kalendas
2831 3688 3173 3758 Septembris
3193 3689 3321 3743 anni
3358 3689 3479 3743 451.
3516 3690 3714 3743 Verum
3742 3688 3875 3742 urbs
3912 3703 4027 3741 non

2440 3779 2643 3849 placuit
2677 3779 2869 3847 legatis
2919 3779 3231 3848 apostolicae
3260 3779 3455 3835 sedis:
3502 3795 3673 3849 quare
3728 3778 3796 3832 ab
3847 3779 4023 3847 impe-

2441 3881 2620 3925 ratore
2648 3871 3013 3940 impetrarunt
3040 3871 3367 3924 commutari
3404 3871 3607 3933 locum,
3634 3870 3832 3940 partim
3859 3879 3916 3923 ut
3957 3885 4026 3923 ex

2439 3961 2706 4015 viciniore
2734 3970 2957 4030 possent
2988 3961 3122 4014 certi
3154 3962 3333 4015 nuntii
3360 3962 3512 4015 ocius
3536 3962 3591 4016 in
3625 3962 3815 4015 urbem
3853 3961 4025 4022 mitti,

2439 4052 2637 4121 partim
2673 4060 2733 4105 ut
2783 4050 3047 4121 principis
3105 4051 3488 4119 propinquitas
3544 4051 3807 4105 comitum
3840 4050 4023 4118 impo-

2441 4146 2668 4201 tentiam
2712 4145 3043 4219 contineret,
3100 4151 3156 4196 et
3211 4143 3660 4198 tumultuantium
3718 4142 4027 4197 seditiones

2440 4238 2849 4306 comprimeret.

2510 4329 2621 4384 νη.
2662 4329 3055 4385 Convenerunt
3094 4331 3261 4401 igitur
3312 4326 3713 4383 Chalcedonem
3776 4326 4024 4379 sexcenti

2438 4429 2496 4473 et
2543 4420 2766 4489 triginta
2816 4422 3043 4475 Patres:
3100 4421 3359 4475 convenit
3404 4428 3458 4472 et
3486 4418 3599 4486 ipse
3643 4415 4027 4470 Theodoretus

756 4499 916 4568 digna
943 4514 1134 4568 passus
1157 4508 1342 4554 esset:
1383 4517 1399 4549 ι
1424 4499 1848 4569 Magnitudinem
1896 4518 2062 4572 porro
2094 4513 2329 4558 vestram
2368 4513 2407 4567 [)
2440 4514 2761 4567 nominatim
2828 4514 3129 4568 accersilus
3161 4555 3175 4577 ν
3226 4511 3430 4585 quippe
3484 4510 3576 4580 qui
3638 4508 3918 4578 pomgﬁcia
3966 4517 4027 4561 ει

756 4606 875 4653 ero,
923 4599 984 4644 ut
1040 4591 1243 4659 gratias
1285 4590 1423 4645 meis
1459 4590 1647 4645 verbis
1683 4594 1856 4661 agatis
1888 4593 2090 4649 Christi
2128 4598 2333 4651 amanti

755 4679 1062 4749 victorique
1121 4680 1462 4749 imperatori,
1512 4691 1569 4735 et
1631 4683 2059 4757 religiosissima:
2112 4686 2335 4755 Deoqné

756 4771 1128 4825 dilectissian
1164 4772 1440 4842 Augustae,
1492 4774 1639 4842 quod
1676 4775 1766 4843 pio
1815 4773 2047 4845 imperio
2104 4777 2333 4832 validam

760 4862 1001 4916 radicem
1037 4862 1290 4917 dederint
1328 4864 1611 4933 pietatem,
1658 4866 1985 4937 illorumque
2028 4868 2332 4936 potentiam

758 4954 1017 5013 exoretis,
1074 4961 1134 5005 ut
1181 4953 1389 5010 ﬁrmam
1444 4952 1706 5009 Ecclesiis
1755 4971 1945 5025 pacem
1995 4956 2225 5022 efﬁciat,
2281 4969 2337 5013 et

759 5045 1025 5112 synodum
1080 5047 1396 5117 congregari
1451 5047 1665 5117 jubcat,
1730 5064 1840 5101 non
1886 5050 2338 5105 tumultuantium

762 5153 955 5190 rursus
992 5138 1275 5192 hominum
1324 5140 1417 5209 qui
1465 5151 1795 5195 conventum
1844 5144 2190 5213 perturbent,
2242 5146 2334 5198 sed

760 5229 1009 5282 veritatis
1036 5232 1337 5284 amantium
1367 5230 1460 5299 qui
1497 5231 1799 5286 doctrinam
1839 5234 2191 5302 apostolicam
2226 5245 2336 5289 sta-

761 5317 975 5380 biliant.
1033 5335 1337 5389 novamque
1381 5322 1538 5374 istam
1586 5329 1641 5374 et
1686 5322 2051 5377 adulterinam
2106 5324 2335 5378 haeresin

764 5414 1153 5465 ιιλῑρτιιιὶημιτι.
1186 5434 1201 5461 ι

2442 4605 2589 4675 regia
2641 4607 2970 4660 auctoritate
3016 4621 3172 4660 suam
3211 4606 3262 4658 in
3308 4604 3495 4658 sedem
3528 4611 3818 4656 restitutus
3853 4610 4027 4655 esset.

2508 4696 2755 4765 Cumque
2785 4697 2872 4750 die
2899 4696 2931 4749 8
2958 4698 3214 4751 Octobris
3259 4696 3450 4750 Patres
3483 4694 3717 4763 primum
3745 4692 4026 4747 consedis—

2441 4794 2581 4847 sent,
2621 4785 2892 4839 adnaissus
2924 4785 3040 4856 ipse
3066 4796 3286 4854 quoque
3321 4793 3404 4838 est
3432 4784 3486 4837 in
3511 4798 3851 4837 consessmn.
3886 4782 4025 4835 Rem

2439 4874 2714 4943 quomodo
2751 4884 2899 4943 gesta
2945 4875 3035 4937 sit,
3069 4883 3253 4928 narrat
3279 4890 3345 4926 ex
3370 4874 3507 4927 actis
3543 4871 3762 4926 concilii
3793 4870 4025 4925 Chalce~

2440 4966 2701 5019 donensis
2732 4965 3041 5029 Facundus,
3064 4981 3159 5019 eos
3184 4964 3458 5025 refellens,
3492 4965 3587 5032 qui.
3611 4962 4023 5017 Theodoretum

2437 5073 2547 5110 non
2576 5057 2679 5110 nisi
2714 5066 2905 5111 octava
2950 5056 3196 5111 sessione
3236 5054 3533 5109 admissum
3572 5062 3843 5123 putarent.
3884 5072 3903 5101 ε
3956 5054 4026 5106 Et

2440 5147 2717 5217 quomodo
2769 5147 3025 5211 refertur,
3089 5148 3269 5216 inquit
3313 5147 3379 5211 ³⁵,
3432 5147 3485 5199 ἱη
3533 5146 3777 5215 ejusdem
3826 5144 4022 5215 synodi

2440 5237 2631 5308 gestis,
2682 5237 2827 5305 quod
2883 5237 2939 5291 in
2987 5237 3101 5306 ipsa
3161 5238 3337 5307 prima
3380 5247 3593 5291 actione
3640 5236 4026 5289 Theodoretus

2440 5330 2584 5382 inter
2631 5328 2769 5381 alios
2813 5330 2825 5347 ‘
2874 5328 3163 5399 episcopos
3212 5330 3376 5392 sedit,
3432 5329 3715 5383 consulatu
3760 5327 4023 5383 Marciani

2444 5419 2698 5488 Augusti,
2750 5435 2843 5472 vtn
2894 5418 3022 5473 ldus
3063 5418 3336 5473 Octobris.
3369 5420 3564 5473 Annon
3619 5420 3691 5473 ibi
3728 5421 4021 5474 continen-

2101 5571 2413 5629 SCHULZII
2453 5571 2680 5629 NOTAE.

836 5662 881 5738 ξς
916 5659 1049 5738 vui.
1092 5661 1255 5738 t._1v_,
1296 5663 1455 5738 epist.
1495 5662 1614 5725 l38,
1663 5663 1812 5738 ito,
1857 5665 1908 5738 "_
1928 5665 2048 5719 vid.
2097 5674 2138 5738 ig.
2172 5666 2262 5727 tv,
2301 5683 2337 5721 ει

2450 5711 2459 5721 .
2510 5668 2631 5723 138.
2710 5670 2755 5701 ³⁸
2781 5669 2956 5738 Epist.
2994 5667 3113 5723 HO.
3193 5667 3232 5698 "
3266 5665 3410 5719 Edit.
3439 5664 3622 5738 prior,
3682 5668 4018 5738 nmquiﬁrus.

763 5729 808 5762 ⁸⁹
834 5727 1070 5813 Coum“.
1119 5727 1480 5797 Poliusfrira
1542 5734 1833 5800 consulari,
1890 5736 2157 5802 ὑπατικῷ.

759 5814 879 5871 cap.
917 5817 971 5855 ο.

2264 5739 2309 5769 ³³
2334 5737 2499 5808 Epist.
2572 5740 2692 5795 139.

2792 5735 2842 5768 "‘
2870 5739 2990 5793 \‘id.
3039 5739 3171 5793 Acta
3229 5752 3382 5790 conc.
3426 5735 3612 5789 Chalc.
3730 5737 3770 5767 "
3806 5737 3930 5792 Lib.
3963 5753 4019 5800 ν.
