4208 6440
214 395 318 459 149
1397 400 1762 464 HISTORIA
1798 398 1876 458 TI

1813 398 2304 460 [‘HEODORETI.
3371 391 3475 462 150

212 517 306 562 tur
339 510 458 563 haec
505 507 672 563 verba
697 505 722 562 ἳ
744 507 1141 564 Gloriosissimi
1167 506 1384 579 iudices
1424 522 1483 561 et
1519 503 1797 575 atnplissi-
1826 506 1872 562 Α
1899 513 2120 574 gnatur,
2163 505 2272 559 huc
2297 503 2509 559 utiliter
2537 499 2721 556 επεντί
2748 516 2906 570 posse
2935 503 3047 556 visa
3072 508 3176 557 est.
3210 501 3301 559 Sic
3329 508 3474 560 enim

211 616 340 655 mus
362 611 593 656 senatus
615 601 874 656 dixerunt
900 619 914 655 :
940 601 1288 672 lngrediatur
1308 598 1800 654 reverendissimus
1903 597 2136 666 singula,
2177 596 2291 650 sive
2330 594 2606 665 adjuncta,
2659 593 2776 648 sive
2799 593 2966 648 verba
3011 594 3474 659 observabuntur,

209 694 516 761 episcopus
558 691 965 758 Theodoretus,
1018 705 1080 746 ut
1129 693 1203 747 sit
1251 691 1530 761 particeps
1580 688 1796 760 synodi,
1901 687 2136 752 facilius,
2186 700 2290 740 nec
2334 685 2452 740 sine
2497 699 2678 754 operas
2717 683 2920 754 pretio,
2967 699 3090 738 cum
3127 684 3253 740 inde
3296 675 3478 740 multa:

208 786 344 850 quia
368 790 428 836 et
449 784 696 840 restituit
718 784 768 838 ei
798 786 1180 854 episcopatum
1208 783 1590 839 sanctissimus
1623 781 1803 835 archi-
1905 779 2025 832 ﬁeri
2075 779 2144 832 ab
2175 776 2409 831 eruditis
2443 776 2616 830 solitae
2649 777 2982 845 quaestiones
3020 791 3127 830 non
3159 792 3354 847 magno
3383 794 3477 833 ne—

214 874 540 944 episcopus,
585 884 643 929 et
695 877 1103 931 sacratissimus
1137 891 1198 930 ac
1233 876 1515 946 piissimus
1563 875 1800 942 impera—
1904 869 2052 940 gotio
2097 869 2399 924 solvantur.
2447 867 2540 922 Sic
2595 882 2726 936 ergo
2774 868 2903 921 Acta
2958 882 3016 921 se
3061 868 3312 922 habent:

213 974 305 1017 tor
333 965 520 1019 sanxit
541 979 668 1019 eum
700 965 895 1021 adesse
931 976 1134 1021 sanctae
1159 967 1390 1038 synodo.
1421 965 1804 1020 Theodoretus
1981 978 1999 1009 ι
2027 959 2418 1013 Residentibus
2462 957 2720 1013 omnibus
2761 967 2887 1012 ante
2925 959 3203 1014 cancellos
3243 961 3475 1015 sanctis-

215 1055 723 1111 revcrendissimus
780 1059 1074 1128 episcopus
1129 1058 1400 1112 transiens
1447 1059 1501 1112 in
1559 1057 1802 1111 medium
1903 1049 2028 1104 simi
2061 1050 2249 1104 altaris
2286 1049 2725 1103 reverendissimi
2770 1049 3009 1118 episcopi
3056 1051 3474 1104 elamaverunt:

212 1145 358 1200 dixit
393 1163 408 1199 :
455 1147 657 1201 Preces
702 1148 880 1202 obtuli
920 1149 1311 1204 sacratissimis
1360 1157 1417 1203 et
1449 1147 1805 1203 Christianis-
1906 1141 2254 1194 Theodoretus
2282 1141 2432 1193 modo
2463 1141 2873 1193 anathematizet
2913 1140 3232 1194 Nestorium.

213 1237 378 1291 simis
420 1237 573 1292 orbis
617 1238 881 1304 dominis,
922 1248 978 1294 ει
1026 1240 1245 1294 nan-avi
1297 1256 1419 1309 qua;
1457 1240 1512 1294 in
1557 1255 1642 1293 me
1685 1247 1803 1292 acta
1981 1249 1999 1281 ι
2030 1231 2414 1286 Theodoretus
2452 1232 2947 1285 reverendissimus
2980 1233 3268 1300 cpiscopus
3295 1242 3476 1286 trans-

212 1338 346 1382 sunt
387 1329 638 1392 vulnera.
697 1338 754 1383 et
790 1346 985 1399 precor
1021 1330 1122 1385 has
1163 1331 1393 1401 perlegi.
1429 1331 1494 1385 Et
1516 1341 1638 1400 post
1665 1330 1806 1383 hanc
1905 1321 2023 1378 iens
2073 1324 2126 1377 in
2167 1323 2406 1377 medium
2435 1321 2571 1376 dixit
2607 1340 2620 1375 :
2665 1322 2729 1376 Et
2769 1339 2942 1392 preces
2969 1322 3132 1376 obtuli
3163 1324 3478 1377 divinissimo

213 1417 472 1489 ejusdem
502 1423 954 1477 reverendissimi
981 1422 1317 1478 Theodoreti
1338 1422 1801 1493 prosecutionem,
1906 1434 1967 1470 ac
1992 1417 2220 1484 piissimo
2252 1415 2582 1484 imperatori,
2616 1421 2669 1474 et
2705 1415 2903 1468 libellos
2959 1416 3123 1468 obtuli
3163 1417 3479 1468 reverendis-

214 1509 730 1580 interloquentibus
766 1512 964 1567 iterum
998 1512 1410 1583 gloriosissitnis
1447 1511 1728 1583 iudicibus
1750 1521 1806 1565 et
1902 1510 2049 1562 simis
2081 1510 2326 1577 episcopis
2360 1509 2629 1578 agentibus
2663 1508 2830 1560 locum
2867 1509 3280 1565 rerercndissimi
3311 1510 3480 1561 archi-

213 1609 442 1662 senatu,
499 1601 648 1670 quod
700 1610 754 1656 et
799 1618 828 1656 a
871 1603 1216 1658 sanctissimo
1275 1605 1535 1672 episc0po
1592 1601 1807 1672 inclyta:
1905 1601 2128 1670 episcOpi
2157 1599 2360 1663 Leonis;
2401 1607 2468 1661 et,
2503 1601 2548 1652 si
2590 1599 2727 1653 vobis
2759 1600 2980 1664 videtur,
3015 1600 3259 1669 legantur
3301 1617 3480 1652 coram

215 1691 380 1746 urbis
433 1692 622 1747 Rouue
656 1695 939 1763 proprium
986 1695 1168 1749 locum
1220 1694 1519 1764 recepisset
1550 1695 1803 1748 Tltcodo-
1905 1693 2063 1754 vobis,
2099 1700 2154 1743 ut
2199 1692 2332 1743 sicut
2378 1691 2528 1759 sapio
2580 1691 2924 1760 cognoscatis.

213 1789 396 1845 retas,
452 1792 510 1836 et
552 1785 929 1839 testimonium
964 1785 1194 1841 haberet
1227 1785 1445 1840 Maximi
1477 1786 1802 1840 Antiocheni
1838 1844 1869 1850 _
1985 1803 2002 1831 ‹
2041 1780 2502 1837 Reverendissimi
2551 1781 2794 1850 episcopi
2848 1782 3222 1836 clamaverunt
3274 1800 3285 1834 :
3339 1781 3484 1836 Nihil

212 1871 500 1941 episcopi.
557 1873 703 1943 quod
763 1875 1048 1930 catholica:
1099 1874 1224 1929 lidei
1290 1884 1468 1936 esset,
1524 1874 1666 1927 sicut
1727 1873 1800 1926 ibi
1838 1844 1877 1898 Β
1914 1873 2071 1943 relegi
2113 1873 2390 1933 volumus;
2438 1872 2588 1924 modo
2620 1873 3010 1926 anathematiza
3057 1873 3374 1927 Nestorium.

212 1962 486 2031 scriptum
527 1973 631 2026 est,
684 1965 828 2019 sedit
873 1966 930 2019 in
974 1965 1192 2028 medio;
1241 1965 1468 2034 ipsoque
1515 1971 1800 2034 praesente,
1988 1985 2005 2017 ‹
2045 1963 2422 2019 Theodorctus
2454 1963 2948 2018 reverendissimus
2979 1964 3270 2034 episcopus
3295 1964 3434 2020 dixit
3467 1983 3478 2016 :

210 2061 268 2107 et
322 2054 475 2108 inter
535 2056 670 2109 alios
699 2057 988 2126 episcopos
1037 2056 1381 2120 considente,
1419 2057 1640 2111 recitata
1679 2065 1804 2110 sunt
1915 2059 2024 2128 Ego
2059 2074 2152 2128 per
2201 2056 2294 2109 Dei
2346 2055 2573 2126 gratiam
2617 2055 2680 2108 ab
2723 2054 3022 2109 orthodoa'is
3063 2072 3180 2110 sum
3233 2057 3482 2118 nutritus,

213 2159 336 2214 qua:
371 2145 480 2198 sub
529 2145 792 2201 Dioscoro
820 2145 1018 2216 Ephesi
1055 2147 1276 2201 fuerant
1331 2156 1501 2216 gesta,
1545 2156 1648 2202 etc.
1693 2166 1709 2196 ι
1913 2159 1960 2202 et
2002 2149 2283 2202 orthodoxe
2322 2165 2440 2202 sum
2484 2149 2713 2211 edoctus,
2753 2157 2803 2200 et
2840 2147 3000 2218 193
3031 2147 3313 2201 orthodoxe
3346 2164 3482 2218 pras-

287 2235 428 2289 Vlll.
471 2234 820 2291 Obstiterunt
861 2237 958 2291 diu
1009 2238 1344 2292 tumultuose
1378 2237 1610 2308 (Egyptii
1640 2238 1800 2292 simul
1910 2243 2116 2306 dicavi;
2179 2249 2229 2294 et
2285 2257 2388 2294 non
2437 2240 2607 2294 solum
2643 2239 2938 2293 Nestorium
2995 2249 3042 2292 et
3074 2236 3362 2309 Eutychen,
3396 2240 3489 2292 scd

210 2336 266 2380 et
291 2326 593 2396 Illyriciani
619 2344 683 2382 ac
714 2329 1009 2390 Palaestini,
1039 2327 1403 2384 vociferantes
1457 2329 1610 2399 rejici
1646 2328 1802 2398 197
1910 2342 1958 2385 et
1994 2348 2202 2385 omnem
2249 2333 2528 2396 hominem,
2564 2334 2652 2402 qui
2713 2340 2848 2384 recte
2901 2347 3002 2384 non
3051 2342 3208 2400 sapit,
3251 2348 3483 2396 eversor,

210 2416 507 2487 Cyrillum,
550 2432 674 2471 cum
725 2419 970 2488 magistri
1007 2418 1264 2489 Nestorii,
1296 2435 1419 2472 cum
1451 2419 1672 2475 Judasus
1699 2419 1802 2472 itu-
1911 2433 1961 2478 et
2003 2424 2236 2478 alienum
2271 2426 2530 2480 existimo.

213 2516 494 2579 pugnator
536 2507 654 2572 Dei,
700 2525 825 2563 cum
870 2519 1159 2565 accusator
1186 2509 1393 2580 Cyrilli,
1433 2525 1557 2566 cum
1591 2513 1802 2582 recipe-
1990 2531 2007 2560 σ
2035 2511 2102 2566 Ει
2143 2513 2271 2566 dum
2317 2513 2528 2568 diceret
2577 2513 2713 2576 haec,
2750 2513 3190 2568 reverendissimi
3243 2514 3484 2585 episcopi

215 2613 373 2657 retur
412 2603 600 2667 homo,
653 2604 747 2674 qui
799 2604 1051 2676 iniuriam
1103 2605 1324 2660 fecisset
1373 2605 1610 2671 Christo,
1639 2621 1801 2676 quem
1911 2605 2329 2660 clamaverunt:
2367 2604 2526 2661 Clare
2557 2607 2638 2660 dic
2685 2607 2968 2660 anathema
3003 2606 3241 2660 Nestorio
3270 2614 3319 2658 et
3353 2606 3485 2676 dog-

213 2697 364 2751 Deus
402 2706 689 2751 aversatus
716 2697 807 2762 sit,
847 2698 936 2752 cui
961 2699 1218 2754 universa
1253 2699 1492 2770 synodus
1516 2700 1804 2754 anathema
1912 2697 2142 2750 matibus
2195 2697 2340 2766 ejus,-
2376 2697 2660 2751 anathema
2687 2696 2926 2750 Nestorio
2951 2706 2999 2750 et
3022 2697 3321 2750 natantibus
3349 2712 3487 2750 eum.

217 2787 474 2841 dixisset.
519 2787 710 2841 Posuit
756 2789 1026 2844 tumultus
1069 2789 1570 2860 interloquentibus
1600 2791 1804 2860 princi-
1991 2806 2010 2837 ‹
2051 2786 2434 2841 Theodoretus
2465 2785 2959 2841 reverendissimus
2980 2786 3272 2855 episcopus
3301 2784 3483 2840 dixit;

217 2877 407 2947 pibus,
441 2892 716 2947 suumque
739 2877 942 2943 locum,
976 2878 1071 2933 sed
1098 2880 1220 2950 jure
1252 2881 1473 2949 quidem
1501 2879 1803 2942 liduciario,
1917 2877 2044 2931 Vere
2095 2894 2198 2931 non
2237 2877 2370 2940 dico,
2429 2877 2533 2930 nisi
2592 2885 2848 2947 quomodo
2911 2878 3030 2930 novi
3082 2876 3188 2930 Deo
3249 2875 3488 2946 placere.

219 2965 611 3024 Theodoretus
644 2971 842 3035 tenuit,
883 2970 1058 3026 donec
1092 2972 1306 3027 actione
1340 2982 1529 3028 octava
1563 2973 1628 3027 lis
1666 2973 1805 3043 diju—
1913 2968 2069 3022 Prius
2099 2967 2368 3038 satisfacio
2396 2968 2555 3030 nobis,
2599 2969 2724 3036 quia
2770 2982 2932 3036 neque
2967 2967 3028 3019 de
3058 2968 3265 3020 civitate
3297 2969 3484 3038 cogito,

219 3057 403 3112 dicata
439 3067 548 3112 est.
1914 3077 2079 3131 neque
2117 3063 2310 3116 honore
2347 3077 2474 3131 Opus
2504 3062 2687 3123 habeo,
2715 3075 2880 3130 neque
2914 3058 2973 3113 ob
3009 3060 3101 3113 hoc
3153 3060 3373 3125 adveni;
3399 3063 3490 3113 sed

290 3148 389 3204 IX.
424 3151 727 3220 Benignius
759 3160 942 3206 actum
977 3163 1061 3208 est
1091 3169 1214 3208 cum
1245 3153 1614 3217 Theodoreto,
1644 3172 1803 3224 quam
1834 3198 1876 3254 ο
1913 3155 2035 3224 quire
2069 3153 2392 3206 calumniam
2441 3169 2624 3222 passus
2675 3169 2812 3211 sum,
2869 3151 2986 3204 veni
3034 3151 3359 3220 satisfacere,
3410 3169 3489 3205 me

222 3254 346 3292 cum
397 3239 639 3293 Eusebio
674 3239 1026 3311 Dorylmensi,
1055 3243 1157 3296 etsi
1194 3242 1358 3297 fuerit
1389 3259 1489 3314 par
1521 3245 1805 3313 utriusque
1837 3239 1876 3254 “’
1909 3262 2018 3298 esse
2051 3246 2414 3308 orthodoxam,
2448 3252 2497 3297 et
2529 3261 2734 3298 omnem
2781 3246 3097 3308 hwreticum,
3141 3245 3230 3314 qui
3261 3247 3488 3299 conuerti

223 3328 519 3383 conditio:
568 3329 760 3384 ambos
805 3331 951 3385 enim
983 3343 1107 3402 post
1141 3333 1494 3402 dijudicatatn
1521 3350 1588 3388 ex
1616 3335 1805 3404 appcl-
1912 3335 2156 3399 noluerit,
2197 3335 2606 3400 anathematizo,
2657 3344 2704 3389 et
2754 3334 3053 3390 Nestorium
3091 3343 3139 3389 et
3197 3335 3486 3406 Eutychen,

224 3421 432 3477 latione
494 3436 740 3484 causam,
803 3423 1096 3477 concilium
1146 3425 1450 3478 Romanum
1493 3425 1808 3479 restituerat
1912 3434 1960 3478 et
2007 3441 2211 3477 omnem
2262 3425 2523 3477 hominem
2572 3424 2827 3478 dicentem
2872 3424 2954 3478 uel
2984 3426 3286 3494 opinantem
3357 3423 3488 3478 duos

226 3512 281 3569 in
320 3513 536 3569 sedem.
584 3513 890 3583 Singularis
933 3515 1121 3584 gratiae
1167 3532 1331 3570 causa
1377 3516 1500 3581 fuit,
1549 3516 1696 3586 quod
1744 3532 1807 3572 ex
1911 3515 2070 3582 ﬁlios,
2107 3514 2514 3568 anathematizc.

228 3604 614 3661 uovemdecim
669 3606 801 3660 viris
848 3606 1173 3671 illustribus,
1221 3609 1314 3678 qui
1346 3624 1444 3677 pro
1483 3609 1810 3678 imperatore
1991 3625 2009 3654 ο
2047 3607 2113 3660 Et
2146 3622 2270 3661 cum
2297 3605 2526 3670 diceret,
2551 3605 2994 3661 reverendissimi
3019 3605 3268 3675 episcopi
3285 3605 3486 3660 cla‘ma-

226 3698 459 3754 aderant
502 3698 734 3770 synodo,
765 3698 956 3753 decem
985 3699 1334 3755 Theodoreto
1375 3700 1663 3755 faverent:
1701 3707 1812 3754 tres
1913 3708 2150 3753 verunt:
2179 3697 2274 3751 Dic
2321 3705 2502 3768 aperte
2554 3697 2837 3750 anathema
2880 3695 3140 3760 Nestorio,
3186 3705 3234 3748 et
3268 3697 3350 3758 iis,
3399 3698 3489 3766 qui

227 3807 290 3844 es
309 3791 681 3860 principibus,
708 3790 1014 3854 Anatolius,
1038 3791 1388 3846 Vincomalus
1407 3801 1462 3847 et
1487 3791 1808 3860 Sporacius;
1912 3808 1996 3852 ea,
2043 3806 2159 3860 qua!
2201 3792 2312 3860 ejus
2360 3798 2502 3852 sunt,
2542 3790 2775 3858 sapiunt.

228 3891 438 3951 septem
505 3898 571 3934 ex
633 3892 850 3944 senatu,
906 3881 1238 3945 Florentius,
1287 3881 1538 3945 Senator,
1581 3883 1807 3948 Nomus,
1991 3903 2007 3930 ο
2042 3881 2422 3936 Theodorctus
2460 3879 2948 3934 reverendissimus
2986 3879 3275 3948 episcopus
3307 3879 3484 3934 dixit:

228 3974 590 4043 Protogenes,
624 3973 968 4036 Theodorus,
992 3973 1332 4043 Apollonius,
1361 3985 1415 4029 et
1434 3975 1806 4030 Constantius.
1916 3976 2026 4045 Ego
2058 3975 2157 4027 nisi
2194 3988 2503 4043 exposuero,
2531 3971 2788 4042 quomodo
2819 3977 2993 4034 credo,
3026 3987 3126 4022 non
3167 3970 3300 4023 dico.
3336 3971 3490 4024 credo

227 4064 572 4133 Quamquam
618 4063 852 4118 iaciebat
903 4064 1071 4119 etiam
1119 4080 1216 4134 pro
1251 4065 1596 4120 Theodoreto
1643 4083 1810 4136 pecu-
1914 4076 2108 4120 autem.
3341 4123 3344 4127 ,

227 4157 383 4210 liaris
429 4155 593 4218 ratio,
628 4156 772 4224 quod
820 4172 943 4210 cum
975 4171 1137 4208 nemo
1177 4156 1299 4226 ipsi,
1343 4158 1568 4226 perinde
1598 4174 1660 4212 ac
1689 4158 1812 4213 aliis
1993 4176 2009 4207 ‹
2040 4161 2056 4176 ‘
2089 4157 2154 4211 Et
2191 4172 2314 4210 cum
2359 4155 2587 4216 diceret,
2627 4155 3066 4209 reverendissimi
3105 4156 3348 4226 episcopi
3379 4157 3478 4211 cla-

227 4247 435 4318 Ephesi
482 4247 768 4317 depositis,
827 4247 1161 4302 substitutus
1205 4257 1371 4312 esset,
1428 4258 1644 4320 poterat
1684 4250 1812 4304 faci-
1914 4261 2200 4304 mavcrunt
2231 4266 2243 4300 :
2277 4248 2380 4301 Iste
2429 4247 2700 4300 ha'reticus
2754 4253 2847 4307 est,
2882 4246 2977 4298 iste
3014 4243 3358 4300 Nestorianus
3389 4254 3486 4309 est,

224 4338 333 4392 lius
386 4337 440 4390 in
487 4353 808 4392 consessum
858 4337 1075 4392 admitti
1111 4338 1228 4393 sine
1273 4340 1499 4395 alterius
1529 4350 1624 4395 aut
1668 4357 1809 4413 pras-
1913 4340 2212 4394 Itwreticum
2260 4339 2404 4407 foras
2459 4338 2622 4390 mitte.

221 4430 437 4500 judicio
475 4439 572 4484 aut
613 4429 979 4499 Oppositione.
1995 4413 2012 4483 ά
2041 4431 2426 4485 Theodorctus
2459 4428 2953 4484 reverendissimus
2986 4430 3278 4500 episcopus
3315 4429 3482 4484 dixit:

292 4521 435 4582 Cum
486 4522 701 4576 actione
721 4522 959 4575 secunda
981 4524 1121 4577 lecta
1145 4533 1290 4578 esset
1327 4524 1585 4593 synodica
1611 4523 1810 4578 Leonis
1843 4527 1886 4584 Ι)
1913 4525 2207 4580 Anathema
2233 4523 2469 4576 Nestorio
2498 4531 2546 4575 et
2573 4523 2639 4585 ei,
2667 4524 2755 4593 qui
2784 4540 2885 4575 non
2910 4523 3031 4575 dicit
3062 4521 3159 4576 Dei
3185 4524 3485 4593 genitricem

223 4611 406 4683 Magni
450 4612 521 4665 ad
566 4612 884 4666 Flavianum
928 4612 993 4677 ³⁸,
1044 4613 1302 4684 illiusque
1360 4623 1470 4668 tres
1525 4615 1809 4670 sententia:
1920 4613 2447 4684 Virgincm.’llariam,
2480 4619 2528 4663 et
2565 4612 2653 4680 qui
2677 4612 2730 4664 in
2751 4611 2879 4663 duos
2909 4610 3046 4679 ﬁlios
3069 4612 3299 4682 partitur
3326 4627 3486 4665 unum

223 4704 560 4776 lilyricianis
604 4719 668 4758 ac
721 4704 1024 4758 Palaestinis
1053 4704 1181 4760 visa:
1222 4715 1407 4761 essent
1449 4706 1805 4770 dubitabiles,
1913 4704 2105 4758 Filium
2147 4703 2496 4773 unigenitum.
2557 4699 2666 4772 Ego
2728 4710 2980 4754 autemet
3041 4701 3164 4769 ﬁdei
3197 4700 3484 4770 deﬁnitioni

221 4793 443 4862 priores
483 4791 623 4845 duas
652 4792 840 4846 Aetius
869 4792 1152 4855 diaconus,
1185 4794 1400 4848 tertiam
1431 4795 1811 4853 Tlteodoretus
1909 4793 2209 4863 subscripsi,
2252 4802 2299 4844 et
2325 4791 2557 4861 epistola:
2591 4789 2908 4844 sam-tissimi
2933 4800 2982 4841 et
3016 4791 3108 4844 Dei
3137 4791 3486 4844 amantissimi

218 4886 432 4956 Cyrillo
480 4885 775 4940 concinere
816 4885 1076 4939 ostendit.
1912 4885 2285 4954 archiepiscopi
2322 4884 2520 4936 domini
2569 4882 2772 4946 Leonis,
2812 4893 2859 4935 et
2914 4885 2987 4936 sic
3019 4885 3191 4952 sapio.
3241 4884 3306 4938 Et
3366 4892 3487 4952 post

295 4980 355 5036 ld
388 4994 520 5034 vero
560 4994 724 5048 quam
749 4985 962 5046 gratum
997 4978 1262 5032 acciderit
1288 4978 1480 5042 Leoni,
1509 4978 1811 5034 ostendunt
1911 4977 2093 5031 omnia
2124 4978 2240 5030 haec
2296 4977 2432 5030 dixit
2463 4996 2472 5030 :
2510 4974 2736 5030 Salvete.

218 5072 661 5146 expressissimis
710 5071 891 5126 verbis
920 5071 1118 5126 littera:
1144 5071 1212 5126 ad
1235 5071 1641 5126 Thcodoretum
1670 5072 1808 5128 daue
1989 5087 2007 5119 ι
2041 5067 2430 5122 Gloriosissimi
2450 5067 2662 5135 judires
2695 5068 2954 5121 dixerunt
2985 5089 2996 5120 :
3027 5068 3205 5122 Omnis
3229 5069 3344 5139 jam
3383 5072 3483 5123 du-

219 5175 350 5238 post
391 5166 700 5235 legatorum
745 5163 981 5217 reditum
1016 5164 1081 5227 ³⁷,
1131 5163 1334 5232 quibus
1387 5179 1546 5217 suum
1591 5163 1693 5232 ipsi
1750 5165 1804 5217 in
1911 5162 2096 5214 bitatio
2127 5161 2188 5213 dc
2233 5160 2548 5214 Theodoreto
2582 5161 3012 5213 reverendissimo
3036 5160 3270 5230 episeopo
3298 5169 3371 5213 est
3405 5177 3486 5214 so-

220 5258 428 5314 litteris
476 5255 792 5324 apostolicae
828 5255 974 5309 sedis
1010 5254 1369 5309 defendendis
1398 5255 1640 5311 studium
1685 5271 1805 5324 gra-
1914 5252 2025 5306 luta
2059 5271 2074 5306 :
2120 5254 2310 5323 quippe
2363 5260 2412 5304 ct
2449 5250 2748 5305 Nestorium
2789 5269 2966 5306 coram
2998 5252 3136 5306 vobis
3172 5255 3484 5307 anathema-

221 5350 453 5404 tulatur.
1914 5347 2114 5404 tisaeit,
2160 5354 2207 5396 et
2238 5361 2268 5397 a
2307 5345 2639 5399 sanctissimo
2665 5354 2712 5396 et
2744 5342 2839 5396 Dei
2867 5343 3233 5397 amantissimo
3264 5345 3485 5406 senioris

297 5440 364 5495 Χ.
429 5439 719 5494 Actionem
765 5446 1011 5492 octavam
1071 5454 1178 5491 una
1229 5439 1341 5492 fere
1403 5447 1568 5490 totum
1632 5438 1807 5492 tenuit
1916 5437 2056 5491 urbis
2095 5434 2274 5488 Roma:
2293 5433 2463 5486 Leone
2481 5443 2747 5502 susceptus
2777 5441 2873 5496 est,
2901 5441 2949 5484 et
2983 5431 3337 5499 deﬁnitionem
3364 5432 3488 5499 ﬁdei

220 5532 562 5588 Theodoreti
616 5547 802 5594 causa,
843 5548 963 5599 qutt-
1006 5532 1284 5600 quomodo
1333 5530 1384 5584 itt
1439 5531 1586 5583 Artis
1627 5531 1805 5582 (.‘tIttsi-
1914 5547 1946 5582 a
1978 5526 2325 5597 religiositate
2369 5535 2540 5578 vestra
2571 5523 2841 5594 prolatam
2894 5524 3113 5576 libenter
3142 5523 3388 5591 suscepit,
3431 5508 3485 5572 ’σε

1551 5684 1725 5741 Silii}
1739 5685 1869 5740 [ΖΗ
1914 5682 2140 5739 ΝΟΤιΕ.

303 5827 491 5884 “Vid.
526 5823 768 5880 Fat'und.
813 5822 909 5878 lib.
946 5838 999 5887 γ,
1040 5836 1158 5890 cap.
1215 5818 1265 5873 5.
1344 5819 1384 5850 ³⁷
1421 5817 1541 5873 Vid.
1587 5825 1623 5871 t.
1677 5817 1763 5881 IV,
1806 5836 1858 5889 p.
1910 5816 2038 5872 1195
2073 5832 2185 5883 seq.
