4208 6440
787 369 875 431 151

778 572 966 627 Leonis
1003 576 1324 646 subscripsit.
1358 579 1513 633 Deest
1540 584 1704 651 igitur
1734 593 1789 636 ut
1822 592 2078 641 sententia
2107 594 2349 659 profera-

777 670 865 714 tur
893 681 924 715 a
964 668 1253 720 reverentia
1285 677 1478 733 vestra,
1518 682 1574 724 ut
1604 671 1897 729 Ecclesiam
1927 694 2079 731 suam
2108 682 2348 751 recipiat,

776 757 907 809 sicut
948 766 997 808 et
1032 761 1396 814 sanctissimus
1432 762 1536 815 Leo
1593 766 1863 835 episcopus
1905 770 2182 838 judicavit.

852 864 869 894 ι
910 847 1108 903 Omnes
1164 851 1604 908 reverendissimi
1647 856 1888 925 episcopi
1932 861 2346 918 clamaverunt:

693 1001 696 1004 .
776 930 1122 990 Thcodoretns
1171 937 1359 1009 «riguus
1398 951 1473 995 est
1517 947 1655 1008 sede,
1688 945 1925 1001 Ecclesia
1964 959 2229 1019 pastorem
2266 973 2349 1007 re-

772 1026 930 1092 cipiat
964 1044 982 1080 :
1002 1030 1347 1084 orthodoxum
1374 1034 1633 1088 doctorem
1664 1036 1898 1091 Ecclesia
1921 1043 2158 1111 recipiat,
2186 1044 2346 1098 Theo-

773 1118 986 1171 tloretus
1025 1120 1211 1189 dignus
1239 1132 1315 1176 est
1342 1124 1462 1176 sede
1491 1142 1508 1178 .'
1544 1127 1934 1198 archiepiscopo
1964 1131 2124 1185 Leoni
2158 1135 2347 1189 multos

774 1222 957 1259 annos.
1007 1207 1130 1262 Post
1164 1210 1327 1264 Deum
1379 1212 1481 1265 Leo
1502 1214 1763 1281 judicavit
1792 1236 1802 1270 :
1847 1221 2073 1289 populus
2099 1226 2346 1277 orthodo-

769 1315 896 1352 xam
931 1303 1149 1371 recipiat
1185 1304 1399 1374 dignum
1438 1321 1536 1358 sua
1578 1311 1719 1360 sede.
1762 1309 2073 1365 Theodoreto
2096 1316 2348 1370 catholico

771 1390 970 1443 doctori
1006 1392 1269 1466 reddatur
1308 1392 1565 1448 Ecclesia.

852 1502 865 1528 ι
902 1481 1261 1537 Paschasinus
1308 1495 1365 1537 et
1408 1485 1705 1540 Lucentius
1744 1492 2189 1548 reverendissimi
2227 1498 2344 1566 epi-

774 1572 948 1639 scopi,
985 1572 1375 1630 etBonifacius
1398 1578 1893 1635 reverendissimus
1924 1585 2229 1656 presbyter,
2264 1589 2347 1642 in-

772 1674 933 1726 super
948 1667 1002 1712 et
1020 1660 1269 1716 Julianus
1287 1666 1777 1722 reverendissimus
1790 1672 2081 1740 episcopus
2096 1673 2342 1741 Coensis,

775 1748 1037 1803 habentes
1062 1751 1243 1805 locum
1262 1754 1575 1821 apostolica:
1592 1757 1739 1811 sedis
1754 1758 2012 1815 dixerunt
2029 1783 2040 1816 :
2059 1762 2343 1819 Sanctissi-

772 1854 913 1891 mum
930 1849 980 1892 et
1013 1843 1357 1897 venerabilem
1378 1848 1675 1917 episcopum
1690 1850 2063 1908 Theodoretum
2080 1861 2345 1914 sanctissi-

773 1946 883 1982 mus
907 1939 956 1982 et
987 1931 1311 1988 beatissimus
1342 1939 1598 1993 universae
1622 1940 1871 1997 Ecclesia:
1907 1947 2177 2018 episc0pus
2203 1950 2343 2005 urbis

770 2020 949 2076 Romw
980 2022 1081 2077 Leo
1136 2026 1335 2080 dudum
1369 2029 1423 2081 in
1453 2034 1870 2088 communionem
1898 2040 2161 2107 suscepit;
2210 2044 2341 2096 sicut

772 2113 961 2167 littera:
998 2115 1061 2167 ab
1092 2132 1150 2169 eo
1170 2118 1239 2170 ad
1260 2128 1495 2173 nostram
1526 2123 1878 2179 humilitatem
1906 2128 2117 2183 directa:
2144 2139 2342 2186 testan-

772 2211 877 2254 tur.
910 2200 966 2255 Si
995 2204 1155 2273 igitur
1178 2206 1337 2272 ﬁdem
1366 2209 1526 2279 199
1546 2213 1877 2279 catholicam,
1904 2218 2037 2270 sicut
2062 2222 2338 2289 promittit,

771 2303 817 2343 et
844 2295 1129 2349 secundum
1159 2298 1464 2367 praedictum
1509 2301 1719 2356 beatum
1775 2307 2070 2377 episcopum
2112 2310 2338 2364 subscri-

769 2384 997 2451 ptionem
1024 2386 1078 2439 in
1128 2390 1340 2458 proprio
1372 2390 1546 2444 libello
1575 2394 1785 2459 direxit,
1819 2405 1867 2449 et
1901 2408 2093 2454 nostra:
2125 2402 2341 2472 insuper

768 2475 1056 2531 humilitati
1090 2479 1195 2532 alio
1228 2480 1351 2533 dato
1397 2482 1572 2537 libello
1608 2490 1938 2553 monstravit,
1984 2492 2234 2560 quoniam
2291 2502 2340 2546 et

767 2565 1065 2621 Nestorium
1102 2580 1150 2622 et
1178 2569 1447 2642 Eutychen
1478 2590 1579 2628 non
1604 2576 1777 2631 solum
1808 2580 2023 2650 scripto,
2058 2583 2148 2636 sed
2175 2591 2225 2636 et
2244 2586 2338 2638 sub

769 2660 1045 2726 praesentia
1076 2662 1233 2714 totius
1266 2678 1533 2718 consessus
1560 2683 1648 2721 ore
1674 2671 1886 2739 proprio
1917 2674 2337 2728 anathematiza-

768 2749 859 2810 vit,
893 2750 985 2802 hoc
1010 2751 1212 2819 judicio
1275 2757 1608 2811 sanctissima
1645 2767 1694 2811 et
1737 2764 2181 2818 venerandissima
2212 2782 2339 2835 syn-

769 2839 917 2902 odus,
952 2841 1166 2910 insuper
1195 2860 1317 2897 vero
1361 2855 1408 2898 et
1449 2857 1626 2903 nostra
1651 2850 1920 2905 humilitas
1950 2854 2101 2907 reddi
2126 2857 2173 2909 ei
2206 2873 2333 2925 pro-

768 2930 940 2997 priam
975 2930 1262 2986 Ecclesiam
1308 2934 1559 3002 tle/inicit.
1597 2957 1616 2989 ι

836 3019 928 3082 XI.
958 3021 1267 3077 Extremam
1297 3025 1438 3081 hanc
1461 3028 1795 3085 Theodoreti
1842 3033 2032 3088 Patres
2078 3039 2321 3105 compel-

768 3110 931 3165 lantis
968 3129 1176 3179 vocem,
1216 3116 1413 3170 salvete
1437 3158 1450 3181 ,
1501 3120 1841 3190 interpretati
1886 3133 2015 3179 sunt
2050 3124 2327 3180 Severiani

1939 382 2315 444 GARNERII
2351 386 2847 448 DISSERTATIO
2888 393 2936 451 Ι.

778 484 997 552 insuper
1042 486 1275 553 epistola:
1316 492 1597 542 memorati
1639 494 1961 549 sanctissimi
1990 500 2366 567 archiepiscopi
2398 511 2437 559 Α

3926 394 4026 455 152

2540 506 2896 584 episcopatum
2908 504 3042 584 ._
3057 505 3293 584 _§'cc‘t'pt't-
3310 522 3360 584 an
3390 516 3590 584 sancti;
3621 504 3788 584 Leone
3806 506 4023 584 _lit_teras

2534 572 2860 626 utilissimas.
2912 572 3021 627 VII.
3048 573 3123 626 De
3157 572 3293 626 Aetii
3325 573 3446 629 ﬁde.
3479 574 3613 629 VIII.
3650 573 3838 628 Scribit
3861 576 4021 629 Theo~

2530 642 2742 713 (tergus
2800 643 3048 695 adversus
3090 643 3148 695 id
3196 642 3335 713 quod
3378 644 3441 697 de
3499 644 3647 696 Aetio
3688 644 4016 713 jactubatur.

2528 710 2614 763 IX.
2637 710 2703 763 Et
2733 713 3136 765 commentarios
3167 710 3223 765 in
3260 710 3652 766 Octateuchum.

2849 801 2925 851 Ab
2950 815 3078 851 anno
3110 801 3290 852 Christi
3317 802 3401 850 451
3427 802 3487 851 ad
3514 802 3622 851 458.

2523 912 2562 964 1.
2593 910 2721 976 Quze
2744 918 2868 978 post
2919 911 3157 964 solutum
3195 909 3486 963 concilium
3537 910 3722 980 gessit,
3766 928 3873 966 non
3912 924 4018 967 tam

2452 1004 2682 1055 fortasse
2708 1001 2760 1054 in
2787 1001 3026 1054 obscuro
3051 1000 3243 1061 latent,
3267 1014 3428 1068 quam
3458 1000 3726 1055 Baronius
3768 1000 4019 1055 Sirmon-

2452 1093 2663 1159 dusque
2707 1092 2807 1145 rati
2849 1100 3016 1143 sunt:
3050 1104 3175 1142 nam
3213 1100 3269 1143 et
3316 1105 3481 1158 opera
3514 1090 3624 1143 duo
3671 1092 4015 1161 conscripsit,

2450 1179 2917 1249 praestantissimis
2963 1178 3273 1247 quibusque
3304 1177 3584 1246 prioribus
3620 1179 3802 1247 paria;
3836 1190 3893 1233 et
3925 1181 4015 1234 lit-

2452 1281 2594 1325 teras
2627 1270 2778 1324 dedit
2826 1269 3145 1339 accepitque
3197 1268 3321 1322 ﬁdei
3379 1285 3490 1325 suze
3543 1278 3745 1335 testes;
3798 1279 3853 1324 et
3892 1286 4016 1325 eam

2451 1362 2606 1415 inivit
2638 1360 2905 1414 rationem
2931 1361 3076 1423 vitae,
3128 1376 3232 1428 qua
3264 1359 3565 1429 superioris
3601 1360 3860 1429 temporis
3898 1376 4014 1416 ma-

2449 1453 2598 1506 culas
2622 1451 2933 1519 abstergere
2963 1448 3164 1518 potuit,
3197 1449 3505 1519 dignusque
3531 1450 3783 1516 evadere,
3821 1452 3913 1521 qui
3950 1452 4016 1505 ﬁ-

2448 1557 2571 1595 nem
2607 1542 2723 1595 suis
2758 1539 2931 1593 initiis
2974 1540 3136 1609 plane
3190 1539 3527 1593 admirandis
3574 1556 3875 1611 congruum
3920 1542 4016 1613 ha-

2446 1634 2630 1687 buisse
2660 1633 2857 1687 merito
2882 1632 3127 1687 creditus
3158 1632 3247 1686 sit.

2515 1728 2707 1784 Statim
2731 1728 2897 1798 igitur
2919 1736 3139 1797 peracta
3166 1726 3394 1799 synodo,
3418 1726 3692 1798 proripuit
3716 1744 3835 1783 sese
3851 1727 4016 1784 Chal-

2375 1842 2416 1895 B
2446 1820 2675 1881 cedone.
2719 1820 2835 1874 sive
2867 1819 3029 1888 200
3045 1818 3328 1872 turbarum
3355 1827 3641 1888 pertaesus,
3667 1835 3803 1888 quas
3824 1819 4013 1890 fugere

2438 1914 2547 1981 jam
2574 1927 2671 1980 per
2700 1910 2897 1964 famam
2927 1909 3160 1963 licebat:
3187 1908 3301 1963 sive
3330 1909 3383 1962 id
3404 1924 3616 1978 passus,
3642 1909 3789 1978 quod
3820 1910 4013 1965 huma-

2443 2002 2593 2056 nitus
2619 2000 2889 2070 contingit
2909 2000 3112 2055 excelsi
3145 1999 3314 2054 animi
3334 2000 3493 2066 viris,
3520 1999 3724 2070 quibus
3746 2000 3882 2055 nihil
3927 2005 4012 2056 in-

2443 2093 2788 2147 tolerabilius
2822 2099 3120 2164 conspectu
3174 2091 3457 2147 hominum
3517 2108 3629 2147 suae
3674 2093 4011 2162 pmnitentiae

2447 2184 2690 2238 testium.

2484 2274 2573 2327 II.
2611 2273 2847 2327 Abeunti
2887 2272 3182 2343 Sporacius
3198 2271 3243 2304 "
3274 2313 3288 2337 ,
3323 2286 3467 2328 unus
3506 2272 3571 2326 de
3624 2271 4008 2327 illustrissimis

2434 2364 2735 2434 judicibus,
2759 2372 2815 2419 et
2842 2363 3115 2434 singulare
3139 2362 3471 2417 Theodoreti
3494 2362 3829 2433 praesidium,
3857 2379 4010 2416 man-

2440 2456 2625 2510 datum
2644 2453 2796 2509 dedit
2819 2454 2887 2510 de
2906 2454 3227 2525 explicanda
3255 2453 3640 2509 haereticarum
3667 2454 4003 2515 fabularum.

2438 2556 2707 2617 quotquot
2735 2547 2804 2600 ab
2842 2556 2968 2601 ortu
3006 2545 3262 2599 Ecclesia:
3309 2547 3661 2608 exstiterunt,
3698 2544 4007 2600 differentia

2438 2636 2775 2706 singulisque
2807 2636 3202 2691 catholicorum
3233 2636 3547 2707 dogmatum
3580 2637 3811 2690 veritate
3840 2653 4012 2707 oppo-

2436 2728 2637 2783 nenda.
2691 2728 2749 2782 ld
2781 2727 3096 2800 eﬁlagitavit
3146 2729 3358 2784 scilicet
3397 2729 3479 2782 vir
3522 2730 3786 2798 optimus,
3831 2731 3922 2784 et‘
3952 2730 4008 2784 in

2438 2823 2629 2890 paucis
2657 2821 2984 2884 catholicus,
3017 2838 3129 2875 non
3158 2830 3265 2875 tam
3294 2822 3432 2891 quod
3456 2832 3687 2892 cuperet,
3714 2828 3775 2875 ut
3814 2821 4009 2875 scribit

2437 2911 2838 2974 Theodoretus,
2857 2913 3008 2975 scire,
3036 2927 3154 2981 quae
3182 2914 3430 2982 utrinque
3469 2921 3618 2965 extra
3652 2913 3786 2966 viam
3813 2919 4007 2963 rectam

2438 3011 2643 3056 novata!
2677 3002 2781 3056 sint
2804 3005 3021 3064 semitm,
3054 3020 3281 3071 quarum
3310 3002 3431 3071 ﬁnis
3456 3012 3528 3057 est
3553 3004 3863 3058 barathrum
3883 3019 4006 3071 per-

2436 3093 2647 3144 ditionis
2668 3132 2682 3153 ,
2728 3104 2891 3160 quam
2919 3100 2980 3146 ut
3001 3092 3350 3147 Theodoreto
3380 3093 3532 3148 daret
3555 3094 3896 3148 occasionem
3920 3100 4008 3146 at-

770 3201 825 3255 in
858 3166 1309 3261 collatione’cum
1357 3166 1678 3275 (1³1110110ὶεῖ
1701 3214 1930 3282 perinde
1978 3166 2135 3270 ac";
2189 3166 2399 3271 essetC
2434 3183 2734 3282 quieti?!"
2766 3183 3151 3282 necessitatem
3204 3182 3329 3237 ﬁdei
3367 3199 3479 3282 sua?
3537 3192 3618 3282 if”
3666 3184 4012 3254 argumentis

770 3290 1005 3347 hominis
1062 3295 1374 3364 impositam
1436 3298 1539 3353 sibi
1586 3303 1985 3357 commutanda;
2052 3305 2337 3359 sententia:

768 3379 1147 3439 neceSsitatem
1188 3386 1541 3457 indignantis,
1571 3400 1736 3461 atque
1766 3392 1839 3447 ita
1857 3393 1998 3448 facto
2031 3404 2334 3450 retractan-

769 3474 859 3536 tis,
906 3475 1050 3543 quod
1087 3478 1255 3533 verbo
1301 3479 1511 3535 diceret
1550 3499 1562 3533 :
1601 3483 1824 3539 aiebant
1873 3485 2018 3539 enim
2054 3501 2178 3539 eum
2212 3502 2335 3540 cum

768 3567 916 3622 dicto
942 3568 1257 3624 discessisse
1310 3586 1338 3623 a
1368 3585 1650 3626 consessu.
1691 3573 1747 3626 Id
1784 3590 1949 3642 porro
2010 3575 2332 3640 aflerebant,

772 3667 1101 3713 utsanctam
1134 3661 1401 3730 synodum
1448 3661 1796 3727 damnarent,
1854 3666 1938 3720 vel
1996 3667 2200 3737 recepti
2256 3679 2336 3722 te—

770 3763 918 3802 mere
948 3748 1207 3815 hominis,
1236 3753 1393 3821 cujus
1438 3752 1604 3807 dubia
1636 3761 1798 3823 atque
1825 3756 1990 3810 etiam
2046 3756 2171 3811 ﬁcta
2198 3756 2334 3813 ﬁdes

768 3846 933 3901 esset,
974 3839 1059 3893 vel
1082 3842 1464 3896 consensionis
1496 3859 1619 3897 cum
1664 3845 1907 3899 Nestorii
1946 3846 2251 3901 fautoribus
2280 3856 2335 3900 et

766 3928 950 4000 Cyrilli
978 3929 1234 3996 inimicis,
1270 3949 1409 4003 quos
1442 3937 1796 4005 suscepisset.

837 4021 993 4089 Quod
1016 4023 1190 4087 aiunt,
1221 4025 1630 4079 Theodoretum
1664 4026 1987 4082 discessisse
2011 4043 2135 4082 cum
2166 4029 2332 4094 dicto,

768 4112 1029 4167 abhorret
1066 4130 1095 4168 a
1148 4131 1315 4171 vero:
1375 4116 1634 4172 abhorret
1679 4117 1868 4185 etiam,
1904 4119 2048 4188 quod
2078 4119 2335 4174 dissimu-

771 4206 948 4258 lanter
971 4204 1279 4274 professum
1316 4207 1720 4262 criminantur:
1766 4224 1891 4262 nam
1940 4210 2217 4265 desertum
2269 4212 2336 4266 ab

768 4310 835 4348 eo
862 4311 968 4349 non
1007 4311 1125 4351 esse
1153 4297 1337 4351 statim
1390 4313 1727 4363 consessum,
1789 4300 1915 4353 inde
1966 4301 2335 4368 concluditur,

769 4386 915 4455 quod
963 4388 1167 4441 actioni
1194 4404 1280 4441 xw
1308 4389 1699 4459 subscripserit
1732 4408 1743 4443 :
1778 4392 1995 4446 sincere
2022 4392 2333 4461 professum

766 4495 833 4532 ex
856 4494 922 4533 eo
965 4489 1199 4543 constat,
1232 4480 1377 4549 quod
1409 4496 1471 4534 ea
1506 4481 1725 4551 scripsit
1754 4482 1799 4514 ³⁸
1820 4483 2187 4551 postmodum,
2214 4501 2334 4554 quae
2366 4491 2409 4545 D

767 4568 1118 4639 purissimam
1207 4570 1601 4626 incarnationis
1678 4571 1839 4627 ﬁdem
1930 4573 2328 4630 demonstrent.

772 4656 1003 4729 Scripsit
1031 4675 1165 4714 vero
1195 4676 1304 4717 non
1327 4675 1498 4729 pauca
1524 4661 1577 4713 in
1601 4676 1822 4715 secessu
1861 4664 2053 4732 procul
2075 4664 2328 4734 negotiis:

770 4765 950 4817 neque
977 4749 1121 4803 enim
1154 4750 1373 4804 videtur
1402 4750 1469 4803 ad
1503 4752 1878 4819 episcopatum
1910 4751 2163 4817 rediisse,
2195 4768 2332 4807 con-

776 4850 958 4894 tentus
984 4856 1333 4911 recuperasse
1359 4842 1702 4912 dignitatem,
1725 4856 1888 4909 quam
1930 4851 2123 4911 sponte
2151 4852 2335 4911 posset

773 4932 1051 4986 dimittere

1364 5044 1586 5099 CAPUT
1621 5044 1735 5097 XII.

776 5140 809 5183 ι.
860 5136 1192 5187 theodorctus
1224 5136 1633 5204 postconcilinm
1666 5138 1874 5188 recedit.
1965 5136 2027 5189 II.
2059 5136 2330 5192 Recedcnti

844 5204 1119 5261 Sporacius
1148 5206 1365 5257 mandat
1404 5208 1625 5257 scribere
1656 5207 1718 5255 de
1743 5206 2040 5259 hwresibus.
2074 5207 2160 5259 III.
2191 5205 2332 5260 Scri-

844 5280 911 5325 ἐστι
948 5275 1175 5341 quinque
1203 5274 1359 5326 libros
1390 5274 1579 5326 callide
1602 5285 1646 5326 et
1676 5275 1979 5342 artiﬁciose.
2008 5276 2096 5329 IV.
2132 5274 2332 5329 Secedit

843 5346 893 5395 in
932 5344 1289 5405 solitudinem,
1319 5360 1411 5396 nec
1440 5345 1659 5397 otiatur.
1689 5345 1749 5397 V.
1788 5344 2001 5397 Videtur
2040 5346 2336 5415 deposuisse

2435 3273 2749 3343 probanda,
2774 3281 2908 3342 quot
2931 3273 3168 3328 haereses
3195 3274 3520 3342 exponendo
3544 3275 3845 3329 damnaret.

2506 3363 2593 3416 III.
2617 3362 2765 3431 Opus
2787 3363 2910 3426 hoc,
2935 3379 3043 3416 non
3069 3363 3398 3419 laboriosius
3431 3380 3593 3433 quam
3625 3365 4005 3430 artiﬁciosius,

2437 3453 2595 3507 libris
2621 3454 2861 3522 quinque
2886 3453 3405 3522 comprehenditur;
3444 3454 3623 3524 ipsum
3665 3470 3795 3508 vero
3821 3454 4006 3509 Theo-

2437 3547 2664 3600 doretus
2706 3546 3050 3600 elucubravit
3078 3562 3222 3601 anno
3243 3546 3367 3612 452,
3425 3546 3521 3600 sed
3578 3546 3752 3601 edidit
3790 3556 4006 3601 tantum

2436 3648 2704 3705 sequente
2739 3654 2751 3688 :
2784 3636 3127 3690 elucubratio
3150 3636 3296 3689 enim
3320 3645 3443 3706 post
3481 3637 3798 3702 concilium,
3835 3638 4008 3692 editio

2436 3737 2558 3797 post
2593 3728 2939 3781 consulatum
2972 3726 3242 3795 Sporacii,
3286 3726 3509 3781 accidit.
3555 3727 3860 3782 Concilium
3902 3745 4007 3782 au-

2436 3826 2544 3871 tem
2589 3818 2676 3871 die
2717 3818 2892 3887 prima
2918 3816 3248 3872 Novembris
3284 3832 3429 3871 anno
3463 3817 3559 3871 451
3623 3817 3833 3872 ﬁnitum
3884 3830 4005 3883 est;

2436 3908 2752 3962 consulatus
2781 3906 3025 3977 Sporacii
3054 3905 3310 3962 Kalendis
3336 3906 3579 3961 Januarii
3614 3923 3755 3961 anno
3787 3907 3890 3963 452
3918 3908 4005 3961 in-

2437 3998 2667 4052 choatus
2697 4006 2800 4051 est.

2506 4087 2862 4143 Laboriosum
2886 4088 2995 4142 dixi
3018 4100 3179 4157 atque
3197 4088 3551 4145 artiﬁciosum
3580 4106 3746 4159 opus:
3768 4098 4007 4161 quantus

2435 4177 2581 4232 enim
2612 4177 2766 4231 labor
2796 4177 3082 4246 ponendus
3100 4176 3201 4230 fuit
3222 4178 3276 4230 in
3299 4179 3617 4233 evolvendis
3645 4178 4010 4248 scriptoribus

2439 4267 2532 4335 qui
2563 4266 2617 4320 in
2660 4266 2812 4319 illum
2858 4282 3032 4335 usque
3084 4266 3229 4321 diem
3284 4268 3566 4324 catholicae
3614 4268 3739 4323 ﬁdei
3784 4284 4008 4323 causam

2438 4368 2627 4412 contra
2681 4358 2917 4412 hcereses
2969 4356 3389 4413 defenderant?
3439 4359 3545 4415 Sed
3593 4370 3810 4428 quanta:
3867 4361 4009 4413 artis

2438 4460 2561 4503 erat
2583 4450 2648 4513 ⁸ο,
2702 4464 2974 4518 quamque
3005 4449 3234 4514 callidae,
3267 4451 3339 4503 ita
3372 4452 3438 4504 de
3490 4451 3718 4520 singulis
3739 4450 4007 4513 scribere,

2438 4548 2499 4592 ut
2519 4538 2853 4608 quilegeret,
2884 4540 3085 4592 sensim
3115 4540 3232 4593 sine
3265 4555 3429 4593 sensu
3451 4556 3550 4609 per
3573 4556 3631 4595 se
3655 4541 3770 4609 ipse
3802 4540 4010 4594 invidia

2436 4628 2817 4683 consensionis
2844 4644 2968 4682 cum
3006 4630 3278 4684 haereticis
3310 4641 3565 4684 oneraret
3595 4632 3758 4684 unius
3795 4640 4010 4685 natura:

2438 4719 2602 4773 Verbi
2632 4720 2924 4773 incarnataa
2956 4720 3294 4781 defensores,
3336 4720 3598 4775 liberaret
3620 4721 3850 4774 duarum
3876 4738 4008 4790 pro-

2440 4819 2798 4879 pugnatores:
2832 4810 2884 4863 id
2942 4820 3046 4873 est,
3096 4820 3157 4864 ut
3200 4820 3359 4864 erant
3384 4821 3650 4880 tempora,
3710 4820 3805 4864 aut
3854 4819 4008 4864 certe

2435 4900 2625 4967 opinio
2666 4901 2834 4969 vulgi,
2883 4910 3169 4956 accusaret
3193 4901 3477 4973 Cyrillum,
3533 4902 3841 4956 absolveret
3893 4901 4007 4956 Ne-

2436 4989 2666 5041 storium
2686 4990 2697 5040 ἵ

2505 5078 2700 5131 Mirum
2726 5094 2857 5132 vero
2884 5090 2985 5134 cst.
3019 5082 3337 5142 discrimen,
3373 5100 3483 5151 quo
3516 5083 3779 5136 catholica
3801 5084 4010 5137 veritas

2438 5169 2506 5219 ab
2553 5170 2815 5222 extremis
2857 5171 3071 5225 duobus
3129 5174 3414 5226 erroribus
3466 5175 3837 5243 ίΙιςιίιιςυίῑιιτ,
3883 5192 4010 5227 cum

2441 5273 2620 5325 neque
2653 5271 2797 5312 esset
2831 5261 3127 5314 admodum
3165 5277 3347 5315 tenue.
3402 5280 3585 5330 neque
3622 5266 3776 5317 valde
3810 5265 4011 5317 obscu-

2443 5348 2588 5409 rum,
2614 5350 2837 5405 latuisse
2872 5360 3051 5407 tamen
3092 5353 3424 5407 Theodoreti
3460 5356 3687 5419 oculos;
3720 5356 3815 5407 sed
3866 5372 4011 5409 non-

2072 5463 2245 5520 SCHU
2258 5466 2377 5519 LZII
2419 5465 2645 5523 ΝΟΤᾹΕ.

847 5572 888 5600 ³⁸
916 5571 1026 5652 litt
1044 5572 1269 5652 scripsit,
1332 5583 1460 5652 ctcn.“
1493 5572 1695 5652 ﬂorum
1753 5574 2052 5652 immemor
2092 5576 2260 5652 fuisse
2300 5576 2527 5652 ‘videtur
2570 5579 2888 5644 Carnarius,
2930 5599 3050 5635 cum
3088 5600 3149 5635 ea
3202 5584 3486 5644 scriberet,
3519 5599 3638 5651 qua:
3680 5583 3855 5650 capite
3885 5599 4015 5652 pro.

779 5641 1050 5713 ximo§§,
1089 5641 1339 5710 legimus.
1419 5643 1461 5673 39
1500 5644 1618 5713 Vid.
1654 5644 1811 5695 Praef.
1855 5645 1947 5696 lib.
2004 5645 2197 5698 Ila'rct.
2236 5648 2340 5713 fab.

2420 5647 2461 5677 "°
2490 5650 2744 5722 Quantw,
2771 5660 2877 5722 ulc.
2922 5652 3111 5704 Mirum
3144 5662 3245 5711 est,
3282 5654 3420 5705 hunc
3448 5647 3684 5706 fabulam
3718 5647 3854 5722 adeo
3885 5647 4001 5722 pla-

778 5710 955 5790 cuisse
984 5710 1270 5790 (ἐξέψει-10ἶ
1296 5719 1356 5790 ut
1395 5726 1513 5765 eam
1559 5712 1611 5790 in
1650 5713 1780 5765 diss.
1809 5714 1863 5770 εὶ.
1894 5731 2010 5782 cap.
2043 5716 2093 5769 6.
2138 5710 2243 5783 §9,
2280 5710 2520 5784 repetere
2567 5736 2669 5772 non
2717 5720 3066 5775 dubitaverit.
3103 5710 3270 5786 Quam
3301 5723 3472 5777 aliena
3509 5723 3572 5775 sit
3604 5738 3634 5776 a
3663 5721 3776 5775 veri
3800 5710 4008 5790 specie,

778 5779 983 5850 Ittigius
1014 5781 1209 5848 aliique
1241 5780 1445 5834 dudum
1477 5782 1796 5851 probarunt.
