4208 6440
199 367 301 431 153

1374 361 1733 420 HISTORIA
1770 361 2274 421 THEODORETI.

3337 358 3439 424 154

197 473 331 526 dum
352 478 627 524 exuerant
673 476 845 522 totum
894 465 1025 520 illud
1057 479 1328 518 venenum
1378 463 1776 518 incredibiliter
1808 467 1846 519 Α
1879 472 2060 525 cutus,
2084 466 2229 532 quod
2267 466 2395 519 olim
2425 465 2719 519 Sabiniano
2749 469 3050 534 gratulatus
3090 468 3290 529 erat",
3314 483 3437 522 cum

197 563 438 624 subtile;
468 559 618 629 quod
660 573 814 612 amor
856 557 1042 627 gloria:
1098 565 1154 610 et
1209 556 1444 624 superba
1488 554 1772 607 hominum

197 653 508 710 reverentia
539 667 648 704 non
676 665 802 703 raro
826 647 1092 703 suffundit
1118 666 1130 701 :
1159 647 1210 700 ld
1229 647 1374 716 quod
1398 647 1578 700 adhuc
1606 646 1776 700 haere—

198 745 315 808 bat,
369 757 622 797 secessus
679 741 734 794 in
783 739 1193 801 monasterium,
1247 738 1438 806 procul
1489 737 1773 790 hominum

195 836 513 903 colloquiis,
547 831 833 895 discussit;
864 845 974 884 non
999 838 1177 884 tamen
1208 837 1385 883 totum
1410 839 1652 897 repente,
1679 827 1774 882 scd

197 927 470 996 paulatim
523 940 624 994 per
662 931 847 992 partes
880 939 893 974 :
947 921 1084 974 adeo
1120 921 1228 975 alte
1279 919 1555 974 insederat
1593 919 1777 972 animo

198 1018 543 1072 Theodoreti
601 1015 874 1083 cupiditas
900 1013 1107 1082 gloriae,
1157 1027 1264 1081 qua
1293 1013 1456 1066 vellet
1495 1009 1645 1065 credi
1676 1024 1773 1078 po-

197 1109 376 1162 tuisse
413 1104 676 1177 Cyrillum
704 1103 1002 1160 Orientalis
1031 1103 1290 1157 Ecclesiae
1318 1102 1582 1156 eximium
1629 1101 1768 1155 anti-

197 1198 388 1252 stitem
426 1197 498 1250 ab
524 1195 716 1250 haeresi
759 1193 1082 1263 Apollinarii
1133 1192 1201 1246 ad
1248 1192 1410 1246 fidem
1453 1190 1775 1246 catholicam

195 1289 556 1357 compellere.

270 1379 454 1445 Atque
507 1376 623 1432 hac
670 1389 836 1428 causa
869 1374 993 1437 fuit,
1038 1389 1138 1428 cur
1179 1387 1497 1442 nunquam,
1546 1388 1610 1426 ex
1666 1387 1777 1441 quo

195 1465 440 1532 primum
473 1471 736 1531 coeperat,
765 1462 1044 1517 destiterit
1098 1462 1353 1517 insectari
1399 1462 1634 1530 capitula
1665 1480 1676 1513 :
1709 1478 1774 1514 ea

197 1557 358 1624 201
394 1556 542 1609 enim
578 1555 989 1624 impugnatione
1041 1563 1303 1623 perpetua
1351 1553 1674 1607 effecturum
1717 1566 1774 1603 se

195 1647 480 1714 Sperabat.
522 1655 581 1700 ut
606 1662 761 1700 suam
794 1661 985 1717 omnes
1014 1645 1066 1697 in
1099 1645 1346 1699 doctrina
1388 1644 1772 1706 constantiam,

192 1736 386 1805 Cyrilli
418 1737 866 1800 inconstantiam,
889 1737 1225 1803 alteramque
1245 1735 1474 1788 alterius
1491 1734 1772 1787 victricem

1880 555 2543 611 invidiosamcathedram
2588 557 2917 626 reliquisset.
2954 559 3198 627 Denique
3237 559 3290 612 id
3331 573 3440 613 non

1879 648 2112 701 obscure
2139 648 2252 716 ipse
2283 649 2481 712 innuit,
2534 664 2658 703 cum
2691 650 3008 718 prmfaretnr
3032 649 3086 703 in
3111 649 3443 719 posteriores

1877 738 2198 792 Octateuchi
2243 741 2702 806 commentarios;
2737 741 3030 811 Hypatium
3082 742 3228 794 enim
3256 722 3442 810 operis

1879 829 2211 898 suscipiendi
2240 831 2576 884 inccntorent
2615 833 2687 884 ita
2728 832 3021 901 compellat
3060 832 3156 885 lilii
3196 834 3439 895 nomine,

1879 929 2102 987 propter
2123 930 2360 983 aetatem,
2388 931 2445 974 ut
2477 923 2860 976 auctoritatem
2894 921 3137 978 revereri
3173 922 3439 986 videatur,

1877 1018 2099 1076 propter
2123 993 2457 1078 dignitatem.

1950 1099 2034 1151 Vl.
2061 1099 2120 1152 In
2149 1099 2252 1152 hoc
2273 1115 2488 1154 secessu
2519 1100 2800 1169 accepit“
2834 1116 2864 1154 a
2909 1110 3096 1155 sancto
3137 1101 3319 1157 Leone
3354 1101 3444 1155 Iit-

1880 1199 2040 1251 teras,
2073 1189 2276 1258 quibus
2326 1189 2568 1257 pontifex
2600 1205 2844 1244 amorem
2895 1191 2948 1243 in
2975 1192 3318 1260 gratulando,
3350 1208 3446 1261 pa-

1880 1288 2093 1331 ternum
2126 1279 2385 1333 affectum
2405 1279 2457 1331 in
2485 1280 2848 1342 exhortando,
2877 1281 3259 1333 auctoritatem
3283 1282 3443 1350 202

1881 1371 1934 1422 in
1974 1368 2167 1423 dandis
2213 1369 2484 1424 mandatis
2516 1371 2773 1424 ostendit.
2811 1371 3127 1425 Gratulatur
3153 1371 3292 1424 tria:
3332 1374 3447 1438 pri-

1879 1475 2049 1522 mum,
2077 1461 2359 1513 victoriam
2385 1460 2451 1514 de
2480 1459 2803 1514 Nestoriana
2829 1461 3130 1528 impietate,
3155 1460 3447 1532 Eutychia-

1885 1565 1954 1601 na
2019 1551 2260 1613 vesania,
2316 1551 2471 1604 hoste
2523 1549 2818 1613 Dioscoro;
2855 1549 3107 1613 alterum,
3166 1549 3447 1620 dignitatis

1881 1641 2284 1695 restitutionem
2338 1641 2558 1695 concilii
2610 1641 2923 1694 sententia'
2979 1643 3288 1706 firmatam;
3334 1637 3448 1695 ter-

1881 1727 2040 1786 tium.
2068 1743 2179 1782 sum
2206 1729 2447 1798 epistolae
2499 1728 2762 1783 adversus
2788 1729 3228 1784 contradicentes
3259 1729 3445 1784 defen-

197 1803 588 1891 agnoscerent.
641 1824 754 1879 Nec
789 1838 914 1878 cum
953 1839 1052 1876 sua
1079 1838 1205 1893 spes
1237 1823 1432 1876 fefellit
1459 1840 1471 1874 :
1509 1823 1778 1890 siquidem
1812 1803 1852 1856 Β
1881 1820 2089 1873 sionem
2118 1820 2231 1872 sive
2255 1820 2671 1887 expositionem.

196 1914 442 1982 capitula
500 1899 708 1974 etsuis
762 1922 820 1968 et
873 1913 1268 1966 catholicorum
1310 1913 1579 1982 pluribus,
1615 1915 1779 1966 etiam

202 2006 598 2068 sanctissimis,
650 2015 903 2074 suspecta
935 2020 1054 2059 esse
1095 2003 1399 2074 persuasit;
1441 2011 1608 2070 atque.
1653 2004 1781 2058 inde

198 2099 430 2161 factum,
467 2108 529 2152 ut
552 2099 622 2152 de
657 2099 791 2168 ipsis
814 2098 997 2151 nullus
1026 2097 1194 2152 fuerit
1219 2113 1396 2166 neque
1421 2098 1562 2152 inter
1583 2098 1776 2152 ineun-

199 2187 323 2242 dam
346 2187 724 2242 Ecclesiarum
748 2203 958 2256 pacem,
989 2203 1166 2255 neque
1201 2188 1256 2241 in
1285 2189 1520 2242 concilio
1547 2188 1780 2244 Chalce-

199 2279 462 2340 donensi,
493 2294 668 2346 neque
693 2279 747 2332 in
773 2278 967 2347 quinta
997 2277 1227 2349 synodo,
1247 2278 1351 2332 nisi
1382 2295 1446 2333 ex
1470 2280 1778 2342 occasione,

198 2384 410 2426 sermo.

268 2458 360 2513 iV.
393 2459 717 2529 Cuiusmodi
764 2457 932 2513 fuerit
968 2459 1277 2514 secedentis
1311 2460 1568 2522 solitudo,
1597 2468 1782 2512 narrat

202 2551 315 2620 ipse
338 2551 542 2605 Joanni
585 2565 909 2605 (economo:
946 2571 964 2602 ι
1005 2551 1156 2614 Mihi,
1200 2552 1466 2621 inquit“,
1491 2561 1648 2621 grata
1693 2561 1782 2604 est

201 2643 385 2712 quies,
412 2652 471 2697 et
503 2643 614 2696 vita
641 2643 794 2696 curis
841 2642 1011 2696 libera
1036 2660 1050 2706 ;
1081 2653 1375 2712 propterea
1417 2658 1546 2696 sane
1576 2652 1631 2696 et
1659 2660 1780 2697 ino-

201 2731 437 2787 nasterii
476 2731 772 2786 atriensem
800 2733 1023 2801 januam
1081 2731 1350 2795 obstruxi,
1394 2741 1449 2788 et
1477 2733 1778 2786 amicorum

203 2821 628 2892 congressiones
682 2821 885 2876 devito.
917 2841 935 2871 ι
987 2821 1129 2888 Quin
1182 2824 1349 2876 etiam
1394 2838 1423 2876 a
1474 2823 1782 2878 scribendis

203 2912 427 2974 litteris,
466 2911 809 2981 edendisque
851 2914 906 2966 in
930 2913 1210 2982 publicum
1243 2914 1569 2967 tractatibus
1617 2914 1784 2968 absti-

203 3019 335 3059 nere
385 3012 680 3067 statuerat,
717 3020 786 3058 ne
824 3003 956 3074 quid
1001 3013 1258 3058 avocaret
1288 3004 1531 3058 animum
1576 3021 1634 3059 se
1669 3005 1778 3058 frui

204 3098 506 3159 volentem,
529 3105 586 3150 et
602 3110 785 3150 rerum
810 3094 1118 3149 divinarum
1133 3094 1282 3150 sitim
1303 3094 1521 3166 eXplere
1538 3095 1776 3152 avidum:
1807 3123 1850 3180 ο

206 3205 312 3243 non
347 3188 476 3242 ideo
502 3197 686 3242 tamen
711 3187 965 3255 deposuit
989 3201 1207 3242 omnem
1229 3188 1410 3258 gregis
1433 3203 1647 3253 curam;
1685 3189 1779 3243 sed

207 3291 264 3335 ut
294 3291 418 3336 erat
440 3279 838 3334 monasterium
866 3293 1034 3347 prope
1051 3277 1278 3348 Cyrum,
1314 3279 1386 3332 ita
1420 3278 1648 3333 vacabat
1671 3279 1783 3332 sin-

206 3372 345 3440 gulis
369 3371 541 3426 rebus
562 3368 940 3439 providendis,
971 3368 1161 3423 saltem
1183 3369 1505 3438 majoribus,
1530 3385 1695 3439 quam
1722 3381 1784 3424 ut

207 3478 236 3516 a
266 3461 690 3532 chorepiscopis
740 3460 978 3525 duobus,
1025 3459 1256 3530 Hypatio
1296 3469 1354 3515 et
1387 3461 1665 3524 Abramio,
1697 3464 1782 3532 agi

210 3559 455 3619 possent.
603 3552 610 3558 “

274 3645 339 3698 V.
365 3644 492 3698 Non
533 3649 736 3698 temere
765 3651 945 3698 tamen
975 3643 1245 3713 quispiam
1276 3643 1570 3711 putaverit,
1594 3644 1772 3698 Theo—

211 3735 464 3788 doretum
491 3733 745 3786 abdicato
763 3734 1080 3803 episcopatu
1106 3735 1337 3789 alterum
1359 3734 1464 3788 sibi
1491 3752 1520 3788 e
1544 3732 1792 3798 duobus,‘

213 3828 506 3898 Hypatium
536 3826 768 3890 scilicet,
817 3827 1188 3891 substituisse,
1223 3842 1393 3896 seque
1435 3835 1608 3880 totum
1643 3827 1782 3880 scri-

212 3920 404 3973 bendis
437 3917 622 3983 libris,
673 3927 769 3971 aut
798 3918 1114 3987 repetendis
1163 3917 1344 3988 potius
1379 3919 1623 3988 pristinae
1659 3919 1786 3974 vitze

213 4010 482 4079 religiosae
502 4008 993 4064 exercitationibus
1015 4009 1255 4064 dedisse.

278 4101 432 4155 lianc
453 4101 772 4169 opinionem
806 4101 1000 4155 suadet
1027 4102 1288 4171 primum,
1312 4102 1460 4171 quod
1489 4102 1779 4170 episcopa-

213 4200 297 4243 tus
330 4189 496 4244 taedio
524 4204 584 4242 se
619 4188 817 4252 teneri,
867 4189 1059 4242 saltem
1105 4189 1290 4243 studio
1321 4206 1432 4242 non
1478 4189 1774 4243 admodum

212 4281 370 4343 adici,
400 4295 546 4349 saepe
567 4289 798 4334 testatus
832 4281 904 4334 sit
937 4281 1016 4345 “;
1055 4296 1227 4350 eaque
1255 4280 1421 4333 animi
1445 4279 1662 4334 affectio
1689 4280 1784 4333 de-

215 4374 394 4427 buerit
417 4388 540 4427 esse
567 4381 726 4432 tunc.
769 4388 894 4426 cum
921 4381 1109 4427 essent
1159 4372 1473 4426 turbulenta
1513 4381 1782 4441 tempora,

1953 1911 2271 1964 Vehementi
2299 1911 2550 1965 oratione
2579 1909 2829 1965 hortatur
2869 1910 2937 1964 ad
2987 1909 3147 1963 fidem
3195 1908 3444 1979 apertius

1882 2003 1937 2058 in
1967 2011 2246 2073 posterum
2292 2001 2661 2070 libentiusque
2689 2000 3068 2071 profitendam,
3095 2013 3255 2068 quam
3288 1997 3448 2051 fecis-

1881 2107 1966 2152 set
2000 2097 2265 2151 hactenus
2298 2112 2407 2165 prae
2437 2096 2673 2150 Nestorii
2702 2110 2888 2149 amore
2914 2092 3156 2147 nondum
3187 2090 3448 2144 radicitus

1880 2189 2089 2242 evulso.
2126 2187 2314 2255 Neque
2342 2186 2486 2239 enim
2517 2171 2759 2254 pontifex
2805 2195 2920 2238 erat
2963 2182 3203 2245 nescius,
3239 2187 3444 2248 quanta

1881 2275 2025 2330 foret
2051 2277 2151 2330 hac
2186 2276 2239 2328 in
2267 2283 2420 2345 parte
2461 2275 2792 2330 Theodoreti
2842 2275 3147 2336 infirmitas,
3173 2287 3445 2342 quamque

1881 2377 2067 2437 egeret
2104 2366 2388 2421 roborari:
2422 2382 2591 2434 quare
2635 2366 2702 2420 ad
2730 2365 2783 2419 id
2834 2363 3272 2436 persuadendum
3300 2363 3446 2433 quod

1882 2458 2214 2522 consuleret,
2237 2457 2461 2511 adducit
2489 2457 2732 2511 Dioscori
2777 2458 3110 2526 exemplum,
3145 2472 3306 2525 quem
3363 2457 3447 2510 sui

1881 2550 2144 2620 Eutychis
2166 2565 2318 2604 amor
2341 2557 2531 2620 egerat
2560 2549 2614 2605 in
2646 2565 2907 2619 praeceps.
2946 2570 2963 2602 ι
2995 2551 3168 2616 Licet,
3198 2549 3447 2618 inquit",

1882 2652 1977 2696 tua
2010 2641 2350 2703 fraternitas,
2391 2640 2568 2695 solido
2625 2640 2751 2695 cibo
2784 2639 3018 2704 firmata,
3072 2639 3158 2694 his
3204 2638 3452 2709 indigere

1884 2733 2110 2787 minime
2138 2731 2387 2786 videatur
2415 2748 2429 2797 ;
2476 2740 2683 2795 tamen,
2715 2738 2795 2795 ut,
2822 2731 2966 2800 quod
2997 2729 3171 2784 nostri
3206 2729 3312 2784 loci
3344 2736 3449 2790 est,

1885 2825 2211 2892 impleamus
2249 2823 2394 2877 circa
2422 2837 2609 2877 vocem
2646 2822 2880 2875 dicentis
2895 2820 3137 2890 Apostoli
3158 2829 3184 2856 υ
3211 2837 3223 2872 :
3253 2818 3457 2872 Prwter

1884 2931 1969 2979 ea,
1982 2929 2097 2983 qua:
2112 2915 2428 2967 extrinsecus
2442 2922 2584 2976 sunt,
2600 2914 2858 2966 instantia
2870 2927 2984 2965 mea
2997 2910 3327 2972 quotidiana,
3347 2909 3454 2962 sol-

1885 3007 2096 3061 licitudo
2124 3006 2357 3059 omnium
2383 3003 2738 3058 Ecclesiarum
2756 3019 2774 3067 ;
2791 3003 2906 3072 quis
2935 3002 3262 3068 inﬁrmatur,
3285 3007 3335 3052 et
3360 3014 3453 3067 ego

1885 3113 1990 3151 non
2012 3094 2295 3162 inﬁrmor?
2339 3095 2454 3164 quis
2483 3091 2902 3154 scandalizatur,
2938 3099 2984 3143 et
3027 3106 3118 3159 ego
3141 3106 3245 3142 non
3273 3105 3396 3141 uror
3429 3087 3455 3140 2

1883 3186 1987 3240 hoc
2012 3185 2283 3253 praecipue
2318 3180 2569 3252 praesenti
2612 3179 2900 3234 occasione
2943 3177 3220 3232 credimus
3262 3175 3452 3229 admoo

1881 3278 2144 3332 nendum.
2171 3274 2337 3327 frater
2365 3271 2701 3334 charissime,
2731 3280 2792 3323 ut
2814 3269 3246 3338 quotiescunque
3270 3265 3456 3348 divina

1881 3369 2054 3440 gratia
2083 3364 2519 3427 administrante,
2546 3363 2667 3416 illos
2689 3363 2782 3432 qui
2809 3360 2943 3414 foris
2976 3367 3126 3420 sunt,
3163 3357 3314 3411 fonte
3353 3356 3454 3410 do-

1883 3463 2073 3516 ctrinae
2102 3471 2195 3514 aut
2226 3456 2630 3527 submergimus
2658 3463 2751 3508 aut
2781 3467 3099 3522 purgamus,
3133 3451 3187 3503 in
3216 3450 3368 3503 nullo
3385 3448 3455 3502 ab

1885 3552 2016 3619 illis,
2036 3565 2171 3619 quas
2198 3549 2433 3618 Spiritus
2457 3545 2626 3601 sancti
2653 3543 2910 3599 divinitas
2941 3543 2996 3595 in
3020 3539 3454 3595 Chalcedoneusi

1883 3642 2115 3698 concilio
2169 3639 2420 3708 protulit,
2476 3637 2599 3692 ﬁdei
2658 3635 2859 3706 regulis
2913 3631 3251 3695 recedentes,
3313 3631 3457 3684 inter

1884 3742 2180 3799 utrumque
2206 3731 2416 3784 hostem
2443 3727 2670 3782 novellae
2707 3725 2948 3795 perfidia:
2991 3737 3300 3778 sermonem
3349 3735 3453 3774 no-

1885 3832 2058 3876 strum
2090 3837 2214 3874 cum
2254 3820 2402 3874 omni
2432 3818 2645 3872 cautela
2680 3817 2944 3870 libremus
2975 3833 2987 3867 :
3017 3831 3128 3868 non
3149 3815 3283 3884 jam,
3309 3813 3455 3882 quod

1884 3913 2056 3966 absit!
2087 3921 2342 3980 tanquam
2371 3909 2438 3964 de
2465 3909 2648 3963 dubiis
2680 3908 3067 3976 disceptantes.
3092 3905 3186 3960 sed
3211 3904 3456 3958 auctori-

1887 4013 1994 4058 tate
2025 4017 2256 4065 summa,
2281 4016 2403 4070 qua:
2422 4001 2561 4055 bene
2584 3998 2805 4054 deﬁnita
2829 4007 2975 4059 sunt,
3001 4004 3327 4049 astruentes.
3361 4014 3378 4043 ι

1954 4092 2233 4148 Pontiﬁcis
2284 4092 2465 4146 adhuc
2509 4090 2578 4145 de
2625 4089 2944 4143 infirmitate
2977 4085 3326 4142 Theodoreti.
3361 4099 3456 4138 su-

1885 4186 2058 4256 spicio
2081 4202 2147 4240 ex
2176 4186 2266 4239 his
2296 4199 2516 4238 rursum
2541 4181 2888 4236 manifestius
2933 4187 3162 4248 apparet
3189 4195 3202 4230 :
3246 4195 3262 4228 ι
3301 4174 3456 4232 Unde

1888 4286 1994 4341 hoc
2019 4297 2240 4351 quoque
2276 4297 2378 4336 nos
2409 4289 2600 4336 contra
2648 4280 2835 4333 hostes
2862 4277 3119 4332 Ecclesia:
3169 4272 3456 4344 providere
3515 4291 3520 4294 ·

1888 4377 2218 4444 condignum
2243 4382 2347 4436 est,
2392 4383 2456 4426 ut
2490 4373 2571 4427 eis
2617 4371 2820 4424 nullam
2872 4363 3244 4422 calumniandi
3293 4378 3454 4418 occa-

214 4462 598 4517 vehementior
643 4471 809 4531 atque
841 4460 1135 4516 emeaCiOI'.
1171 4461 1323 4516 Adde
1368 4460 1515 4530 quod
1563 4461 1782 4514 Maximi
1820 4452 1859 4505 θ
1890 4468 2119 4528 sionem,
2161 4463 2308 4532 quod
2333 4462 2400 4516 ad
2423 4475 2522 4515 nos
2547 4460 2763 4518 attinet,
2801 4456 3020 4526 penitus
3052 4454 3454 4522 relinquamus;

212 4554 543 4610 Antiocheni
561 4553 904 4623 patriarchae,
936 4567 1100 4622 quem
1132 4553 1424 4606 Dioscorus
1453 4551 1626 4606 hostis
1653 4568 1787 4606 suus

214 4647 556 4717 praefecerat,
583 4645 878 4699 amicitiam
904 4645 1082 4698 colere
1103 4660 1211 4699 non
1236 4644 1393 4698 facile
1423 4655 1626 4713 posset.
1645 4643 1784 4709 Quid

213 4740 359 4807 quod
390 4738 694 4808 provincia:
725 4736 966 4808 synodis,
1004 4753 1034 4790 a
1056 4736 1257 4805 quibus
1285 4736 1475 4790 abesse
1503 4751 1609 4789 non
1651 4736 1783 4790 lice-

216 4831 307 4884 bat
355 4829 660 4899 episcopis,
697 4844 823 4883 cum
878 4827 1137 4881 tractoria
1195 4835 1540 4888 vocarentur,
1596 4835 1787 4894 optan-

215 4920 349 4974 dum
387 4935 502 4973 non
553 4929 673 4973 erat
717 4920 985 4972 interesse
1020 4917 1250 4982 homini,
1287 4917 1373 4970 cui
1409 4916 1535 4970 inde
1583 4924 1789 4970 structa

215 5013 344 5066 etim
392 5010 572 5064 fuerat
603 5010 786 5079 gravis
825 5009 1101 5064 accusatio
1133 5026 1147 5068 ;
1201 5019 1257 5062 et
1303 5008 1388 5061 cui
1421 5008 1792 5061 tribuerentur

217 5117 403 5169 porro,
436 5108 666 5168 propter
699 5099 989 5152 collectam
1041 5114 1106 5152 ex
1148 5097 1309 5166 longo
1356 5097 1692 5165 opinionem,
1738 5095 1782 5147 si

215 5207 339 5259 qua:
365 5193 563 5246 fierent
585 5191 638 5243 in
666 5191 730 5244 iis
758 5191 843 5243 vel
870 5190 1101 5259 imperio
1131 5189 1214 5242 vel
1244 5189 1500 5242 Ecclesia:
1526 5188 1734 5256 ingrata
1769 5205 1780 5237 :

218 5284 336 5336 ﬁeri
369 5297 502 5336 vero
551 5281 708 5350 plura
741 5281 979 5349 proclive
1026 5289 1164 5342 erat,
1215 5280 1502 5333 commotis
1550 5279 1726 5332 adhuc
1759 5294 1789 5330 a

219 5373 427 5430 recenti
477 5374 834 5428 contentione
867 5372 1084 5426 animis.
1163 5371 1386 5426 Videtur
1419 5371 1583 5426 ctiam
1618 5370 1667 5424 id
1707 5388 1789 5423 st:-

294 5537 319 5564 η
352 5529 394 5582 ll
429 5527 558 5583 Cor.
590 5542 650 5592 ιι,
670 5526 761 5589 28,
791 5525 880 5578 29.

1891 4573 1993 4612 nec
2043 4569 2282 4623 unquam
2329 4561 2518 4607 contra
2574 4549 2930 4604 Nestorianos
2966 4555 3060 4601 aut
3093 4542 3458 4614 Eutychianos

1890 4655 2130 4715 agentes,
2164 4643 2350 4697 alteris
2371 4655 2564 4694 eorum
2586 4639 2866 4692 videamur
2901 4641 3049 4704 terga
3075 4633 3335 4687 vertisse:
3362 4630 3458 4687 sed

1891 4745 2149 4803 utrosque
2176 4733 2374 4787 Christi
2405 4731 2589 4784 hostes
2626 4744 2780 4797 aequa
2814 4728 2968 4780 lance
3017 4725 3251 4778 vitemus
3295 4731 3458 4789 atque

1891 4824 2247 4885 damnemus;
2283 4821 2354 4874 ita
2387 4829 2445 4873 ut
2474 4835 2589 4882 eos,
2615 4817 2833 4887 quoties
2869 4813 3206 4868 audientium
3234 4819 3459 4880 quanta-

1895 4914 2027 4967 libet
2059 4911 2478 4981 poscitutilitas,
2515 4923 2640 4961 cum
2678 4905 3024 4975 dogmatibus
3056 4917 3248 4956 eorum
3295 4900 3457 4969 digno

1895 5005 2236 5059 anathemate
2271 4999 2673 5069 promptissime
2717 5006 2880 5064 atque
2911 4993 3318 5048 evidentissime
3376 4990 3456 5042 fe-

1898 5098 2099 5150 riamus
2128 5117 2137 5146 :
2187 5111 2251 5148 nc
2298 5093 2340 5144 si
2376 5094 2478 5146 hoc
2501 5109 2529 5144 a
2566 5090 2723 5142 nobis
2757 5095 2853 5142 aut
2883 5087 3171 5140 obscurius
3232 5083 3346 5136 fieri
3380 5097 3457 5133 vr-

1883 5185 2077 5238 dcatur
2113 5201 2196 5237 am
2239 5183 2465 5235 tardius.
2495 5189 2720 5244 putetur
2745 5178 2991 5230 invitum.
3019 5173 3171 5240 Quod
3211 5171 3457 5242 quamvis

1889 5275 2223 5345 prmlcntlam
2272 5282 2416 5325 tuam
2449 5287 2537 5323 res
2564 5271 2677 5338 ipsa
2703 5267 2996 5321 admonere
3025 5262 3274 5324 suﬂiciat,
3311 5275 3456 5314 nunc

1891 5381 2064 5422 tamet-
2101 5377 2146 5404 η’
2207 5369 2575 5433 εηλμτειηξιιιριιιπ
2610 5361 2930 5413 docuerunt.
2983 5356 3088 5411 Sed
3137 5352 3458 5420 benedictus

1560 5631 1879 5687 SCIIULZII
1918 5631 2142 5686 ΝΟἸΛΣ.

293 5755 332 5786 δ’
358 5756 528 5826 Epist.
561 5756 678 5813 H6.
757 5756 798 5787 “
833 5755 1004 5824 Epist.
1037 5756 1098 5810 16
1121 5755 1200 5809 ,Μ
1226 5755 1366 5809 Ινιίι.

1447 5754 1489 5784 ³³
1522 5753 1688 5821 Epist.
1737 5753 1848 5807 126.

1927 5753 1965 5780 ’δ”
1997 5756 2202 5821 Arcem
2257 5751 2394 5813 \id.,
2432 5764 2467 5801 ι.
2506 5749 2588 5802 ιν.
2640 5765 2684 5815 p.
2754 5748 2883 5800 1193
2914 5760 3022 5814 seq.
