4208 6440
746 378 845 441 155

1858 379 2235 463 ϐΑΙῖΝΕΙζΙΙ
2273 378 2768 442 DISSERTATIO
2808 384 2855 441 Ι.

3892 379 3992 440 156

746 489 888 541 Deus
925 495 1132 548 noster,
1174 489 1330 556 cujus
1384 485 1718 540 invincibilis
1771 488 1995 547 veritas,
2045 486 2114 541 ab
2160 486 2307 539 omni
2343 491 2384 543 Α
2416 486 2565 540 illum
2602 488 2825 543 haeresis
2868 496 3153 542 auctorum
3184 486 3426 556 potentia
3446 485 3795 547 deterritum,
3848 486 3995 541 bla's-

743 578 1016 631 h.ereseos
1084 578 1296 631 macula
1351 580 1615 633 mundum
1672 588 1746 642 te,
1811 579 2114 633 secundum
2170 578 2316 633 sedis

743 666 1299 737 apostolicaajudicia,
1323 669 1739 730 demonstravit,
1768 670 1854 723 cui
1890 670 2105 738 dignam
2152 669 2315 721 retri-

743 759 880 813 bues
894 775 992 828 pro
1021 768 1101 813 tot
1134 761 1416 815 laboribus
1440 763 1690 830 gratiam,
1718 765 1761 817 si
1799 765 1960 817 talem
1986 772 2058 822 te,
2098 761 2313 830 qualem

743 850 1101 916 probavimus
1132 868 1193 904 ac.
1211 852 1527 920 probamus,
1556 870 1654 922 pro
1684 855 2013 908 universalis
2060 853 2316 907 Ecclesiae

677 964 682 968 η
742 939 1060 995 defensione
1089 944 1413 997 servaveris.
1445 964 1461 994 ι

813 1032 885 1087 Ut
921 1034 1195 1087 efﬁcacius
1255 1050 1422 1103 porro
1459 1036 1600 1090 foret
1651 1037 1784 1090 tanti
1820 1045 2038 1106 tamque
2082 1039 2318 1091 amantis

744 1126 940 1179 medici
994 1127 1320 1189 remedium,
1361 1130 1517 1197 203
1568 1129 1779 1182 addidit
1822 1130 2159 1193 mandatum,
2205 1144 2314 1197 quo

747 1215 1397 1287 Theodoretumjuheret
1433 1220 1728 1273 identidem
1765 1220 1831 1272 ad
1869 1220 2053 1275 sedem
2092 1230 2313 1288 aposto-

745 1304 900 1357 licam
930 1304 1157 1369 referre,
1188 1323 1296 1375 quo
1316 1316 1457 1359 statu
1483 1308 1662 1362 forent
1690 1325 1777 1363 res
1810 1310 2089 1373 Ecclesiae,
2118 1325 2315 1379 quam-

741 1410 848 1463 que
876 1395 992 1464 ipse
1026 1406 1247 1450 navaret
1285 1413 1507 1466 operam
1556 1400 1923 1468 exstirpandis
1959 1400 2315 1455 Nestoriano-

741 1504 861 1541 rum
883 1497 939 1543 et
970 1490 1433 1560 Eutychianorum
1462 1494 1724 1560 reliquiis.
1755 1493 2020 1547 Latebant
2044 1495 2313 1563 siquidem

742 1578 798 1632 in
826 1581 1190 1645 monasteriis,
1228 1587 1703 1652 erumpebantque
1746 1585 1999 1647 subinde,
2029 1585 2314 1639 monachis

742 1669 807 1722 ad
850 1672 1112 1739 populum
1142 1676 1618 1738 concionantihus,
1654 1691 1792 1744 quos
1816 1676 1978 1729 silere
2004 1676 2159 1745 jubet
2178 1676 2309 1740 Leo,

740 1761 983 1828 quandiu
1044 1779 1153 1817 non
1200 1765 1403 1819 fuerint
1452 1768 1517 1819 ad
1557 1768 2004 1837 presbyterorum
2061 1767 2310 1822 ordinem

738 1861 936 1905 evccu.

813 1941 922 1995 VII.
962 1941 1088 1997 Ilaec
1142 1945 1312 1997 sancti
1364 1945 1639 2013 pontiﬁcis
1690 1946 1999 2005 exhortatio
2046 1949 2194 2013 fecit,
2230 1960 2310 2015 ut,

737 2047 904 2099 quam
964 2033 1345 2087 Theodoretus
1404 2037 1624 2090 silentio
1678 2038 2017 2093 obruendam
2063 2041 2309 2109 putabat,

736 2123 805 2177 de
858 2124 1231 2179 incarnatione
1277 2129 1635 2195 quzestionem
1677 2139 1937 2185 tractaret
1974 2132 2308 2203 diligentius,

738 2213 860 2266 data
887 2216 1172 2269 occasione
1208 2217 1369 2280 Aetii,
1408 2219 1705 2289 cderetque
1734 2238 1845 2277 sua:
1880 2222 2001 2276 ﬁdei
2025 2225 2309 2292 publicum

735 2304 1149 2361 docmnentum.
1207 2309 1341 2362 Nam
1374 2327 1483 2379 quo
1528 2321 1774 2380 tempore
1812 2314 2192 2370 Hcercticarum
2232 2317 2313 2385 fa-

734 2394 981 2448 bularum
1009 2396 1166 2450 libris
1198 2399 1442 2467 quinque
1464 2402 1858 2470 componendis
1877 2418 2097 2472 operam
2126 2405 2308 2469 dabat,

735 2495 1048 2539 autrecens
1098 2504 1238 2555 opus
1271 2488 1599 2555 absolverat,
1647 2493 2065 2548 archidiaconus
2100 2494 2307 2559 Aetius,

736 2587 795 2628 ut
832 2577 1114 2632 hominum
1156 2580 1292 2634 fama
1344 2591 1480 2645 erat,
1522 2600 1721 2637 novum
1765 2585 2023 2653 quiddam
2081 2586 2133 2639 in
2169 2587 2308 2640 urbe

732 2683 901 2723 ausus
921 2678 1004 2722 est
1027 2672 1310 2739 proferre;
1339 2675 1484 2742 quod
1511 2683 1567 2727 ut
1604 2676 1873 2730 refcllerel
1907 2677 2306 2742 Theodoretus,

734 2757 931 2811 si!cndi
962 2762 1300 2828 propositum
1331 2765 1479 2816 velut
1519 2765 1844 2833 iniuriosum
1889 2767 2134 2831 Christo,
2191 2780 2310 2822 tan-

734 2848 906 2916 tisper
939 2850 1327 2905 inﬂecte-udum
1365 2863 1516 2907 ratus
1538 2865 1640 2909 cst.

807 2940 937 2992 Rem
980 2940 1049 2993 ita
1083 2942 1197 3007 ipse
1219 2952 1406 2996 narrat
1432 2946 1509 2997 ‘5:
1552 2965 1569 2995 ‹
1603 2947 1892 3015 Postquam
1920 2958 2110 3002 contra
2140 2966 2307 3003 evan-

731 3030 960 3099 gelicam
1021 3032 1182 3085 ﬁdem
1235 3050 1323 3088 res
1368 3050 1538 3089 novas
1590 3037 1797 3089 moveri
1835 3038 2023 3100 didici,
2062 3040 2306 3107 periculo

727 3135 919 3175 carere
968 3122 1245 3177 silentium
1276 3141 1385 3178 non
1429 3128 1704 3181 existimo.
1742 3129 1956 3191 Etenim
1985 3131 2027 3184 si
2089 3133 2301 3185 mortali

2417 579 2691 647 phemiam
2748 580 3029 649 indulgere
3080 579 3334 649 tempori.
3392 579 3683 647 Postquam
3710 589 3892 632 autem
3920 580 3988 641 is.

2418 667 2510 735 qui
2536 668 2963 737 blasphematur,
2995 669 3301 738 increpavit
3329 678 3520 722 ventos
3546 680 3601 722 et
3631 670 3989 738 mare,jaeta-

2420 758 2595 825 tisque
2628 758 2891 812 Ecclesiis
2923 762 2938 779 '
2988 760 3439 829 tranquillitatem
3485 758 3633 812 dedit
3661 800 3674 821 ,
3732 767 3789 812 et
3844 769 3990 813 terra

2419 850 2665 919 marique
2698 852 3071 920 apostolorum
3128 851 3334 920 ubique
3383 851 3759 919 promulgatur
3789 850 3991 919 praedi—

2420 941 2592 1003 catio;
2630 958 2858 1011 ecquem
2903 943 3082 996 locum
3127 943 3290 997 habet
3345 942 3728 1011 blasphemia?
3772 941 3990 996 Etenim

2416 1047 2519 1085 nec
2548 1033 2657 1096 isti,
2695 1034 2789 1102 qui
2844 1049 3006 1086 unam
3047 1036 3228 1088 carnis
3274 1034 3687 1102 divinitatisque
3740 1041 3990 1086 naturam

2416 1139 2673 1192 perverse
2722 1124 2882 1195 204
2913 1140 3059 1178 nunc
3102 1125 3496 1178 ecclesiasticis
3530 1123 3879 1191 dogmatibus
3907 1124 3991 1176 iu-

2417 1223 2625 1278 serunt,
2656 1214 2934 1269 Christum
2969 1216 3258 1269 Dominum
3311 1214 3522 1267 laudari
3575 1223 3791 1278 vetant;
3825 1223 3991 1281 atque

2418 1307 2522 1361 hoc
2552 1306 2711 1360 facile
2740 1316 2823 1359 est
2866 1323 2931 1360 ex
2982 1308 3068 1369 iis,
3113 1307 3206 1375 qui
3250 1306 3403 1359 illinc
3440 1306 3745 1366 redierunt,
3787 1321 3990 1375 cogno-

2417 1414 2569 1453 scere
2604 1415 2615 1450 :
2650 1398 3145 1467 oportebatautem
3174 1398 3348 1457 illum,
3380 1397 3472 1465 qui
3508 1396 3689 1450 ordini
3734 1407 3990 1464 praeesset

2414 1490 2810 1552 ecclesiastico,
2840 1489 3079 1543 divinam
3106 1505 3265 1543 nosse
3302 1490 3662 1558 Scripturam,
3690 1507 3705 1538 ι
3738 1498 3845 1541 etc.

2486 1582 2707 1636 Mcntita
2733 1590 2816 1635 est
2855 1582 3138 1634 hominum
3177 1582 3317 1633 fama
3346 1581 3412 1633 de
3439 1580 3596 1633 Aetio
3629 1580 3749 1631 viro
3797 1583 3986 1628 (alno-

2414 1672 2533 1725 lica:
2587 1672 2732 1735 ﬁdei,
2782 1682 2840 1725 ut
2890 1680 3109 1725 sanctus
3153 1670 3262 1724 Leo
3310 1670 3646 1738 loquitur".
3697 1668 3789 1722 Ille
3838 1668 3985 1718 enim

2415 1770 2640 1829 propter
2657 1761 3002 1815 sanctitatem
3031 1768 3085 1814 et
3111 1760 3235 1813 ﬁdei
3290 1760 3684 1828 integritatem,
3736 1772 3765 1811 a
3795 1770 3989 1812 sancto

2345 1848 2387 1903 Β
2417 1852 2657 1907 Sisinnio
2689 1852 2921 1921 primum
2965 1852 3018 1904 in
3056 1853 3262 1905 elerum
3307 1851 3576 1918 ascriptus
3627 1856 3710 1902 est
3740 1890 3752 1909 ,
3787 1846 3993 1901 deinde

2412 1961 2445 1999 a
2484 1956 2673 2000 sancto
2694 1945 2889 1999 Proclo
2939 1944 3115 1999 factus
3140 1945 3427 2005 diaconus,
3453 1950 3638 2012 postea
3672 1957 3699 1994 a
3729 1941 3987 1994 Flaviano

2415 2045 2652 2107 martyre
2675 2052 2818 2089 unus
2841 2036 3177 2088 notariorum
3214 2036 3265 2087 in
3292 2049 3453 2087 causa
3480 2034 3745 2104 Eutychis
3782 2032 3988 2086 consti-

2416 2136 2600 2181 tutus:
2634 2142 2757 2180 mox
2800 2128 2855 2179 in
2884 2126 3315 2180 Chalcedonensi
3372 2126 3628 2189 concilio,
3658 2140 3781 2178 cum
3839 2131 3987 2178 esset

2412 2221 2750 2275 notariorum
2776 2219 3143 2289 primicerius.
3182 2234 3295 2273 rem
3321 2217 3603 2272 catholicm
3629 2215 3751 2269 ﬁdei
3787 2216 3984 2270 adver-

2413 2327 2505 2365 sus
2530 2312 2847 2365 Dioscorum
2884 2309 3127 2363 studiose
3163 2310 3456 2378 promovit,
3507 2317 3561 2361 et
3591 2308 3760 2361 sancti
3788 2307 3986 2361 Leonis

2411 2402 2700 2471 epistolam
2762 2417 2871 2455 non
2900 2409 3110 2455 tantum
3145 2400 3393 2468 exposuit
3439 2398 3837 2456 dubitantibus,
3886 2397 3980 2449 sed

2412 2495 2575 2547 etiam
2628 2493 2891 2547 adversus
2971 2492 3353 2561 impugnantcs
3402 2489 3667 2542 defendit.
3736 2488 3983 2555 Denique

2412 2592 2727 2637 constanter
2751 2582 3069 2635 adversatus
3098 2590 3181 2634 est
3230 2579 3567 2635 Nestorianis
3590 2580 3756 2633 simul
3794 2586 3849 2632 et
3869 2579 3982 2631 Eu-

2412 2673 2724 2744 tycbianis;
2765 2672 2859 2726 sed
2895 2670 3252 2742 Entycbianis
3280 2671 3531 2733 maxime,
3562 2684 3700 2740 quos
3726 2669 3983 2723 Ecclesia:

2409 2764 3025 2832 Constantinopolitame
3063 2763 3315 2817 insidiari
3350 2763 3579 2817 sentiret
3609 2779 3621 2813 :
3674 2770 3838 2831 atque
3864 2762 3982 2814 haec

2411 2872 2571 2911 causa
2595 2856 2821 2917 exstitit,
2880 2870 2980 2908 cur
3002 2854 3273 2915 Anatolio,
3308 2852 3444 2906 foris
3487 2852 3786 2913 catholico,
3834 2851 3983 2905 intus

2410 2950 2772 3021 Eutychiano,
2809 2948 3018 3001 invisus
3045 2946 3240 3009 fuerit;
3278 2962 3375 2999 cur
3417 2946 3545 2999 item
3590 2959 3688 3013 per
3742 2942 3979 3012 speciem

2409 3039 2641 3093 honoris
2660 3054 2769 3092 non
2802 3045 2911 3089 tam
2942 3036 2996 3089 in
3020 3036 3404 3106 presbyterum
3435 3045 3655 3089 creatus
3678 3034 3768 3096 sit,
3810 3050 3977 3103 quam

2410 3129 2478 3183 de
2510 3128 2883 3182 archidiaconi
2921 3127 3092 3197 gradu
3132 3126 3411 3194 dejectus;
3447 3125 3765 3178 cur-ablata
3812 3125 3981 3178 totius

732 3227 860 3280 rege
898 3213 1097 3283 injuria
1134 3232 1233 3284 per
1268 3218 1483 3285 aliquos
1514 3219 1730 3282 aﬁ‘ccto,
1768 3237 1878 3275 non
1922 3222 1987 3275 iis
2020 3223 2183 3276 modo
2211 3225 2303 3292 qui
2333 3192 2376 3249 θ
2410 3216 2669 3271 Ecclesia:
2743 3213 3367 3281 Constantinopolitanaa
3467 3212 3938 3266 administratione
3960 3250 3979 3274 ,

733 3301 988 3372 injuriam
1027 3305 1293 3369 fecerunt,
1323 3311 1416 3363 sed
1442 3310 1505 3364 iis
1538 3312 1700 3365 etiam
1726 3314 1819 3381 qui
1853 3323 2152 3383 prtesentes
2180 3332 2305 3371 cum

730 3405 936 3459 essent,
992 3399 1287 3468 injuriosos
1334 3403 1559 3457 minime
1632 3406 1975 3474 repulerunt,
2030 3409 2308 3478 impendet

732 3488 1036 3554 periculum
1061 3508 1074 3553 ;
1103 3508 1264 3560 quam
1304 3509 1519 3561 ptenam
1552 3511 1659 3549 non
1694 3498 1892 3551 merito
1932 3499 2303 3563 sustinebunt,

730 3579 824 3646 qui
856 3580 1034 3635 illatas
1057 3582 1110 3634 in
1139 3584 1306 3636 Deum
1334 3594 1388 3637 et
1411 3585 1749 3642 Salvatorem
1776 3600 2024 3643 nostrmn
2050 3592 2306 3661 blasphe-

732 3670 870 3724 mias
916 3681 1270 3728 contemnere
1308 3692 1416 3729 non
1458 3677 1748 3733 dubitant?
1800 3680 1896 3734 Hic
1928 3698 2013 3735 me
2047 3684 2213 3737 timor
2246 3685 2299 3737 in

731 3778 968 3829 przesens
997 3764 1235 3817 scribere
1269 3768 1553 3835 compulit,
1607 3779 1661 3823 et
1684 3770 2085 3836 demonstrare,
2118 3791 2239 3843 qua:
2273 3791 2301 3828 a

731 3852 1011 3904 nonnullis
1042 3852 1288 3906 innovari
1320 3858 1572 3923 cognovi.
1599 3858 1749 3913 Multi
1783 3861 1953 3921 enim,
1988 3871 2049 3915 ut
2079 3865 2301 3933 quidam

729 3939 1017 4003 afﬁrmant,
1065 3941 1120 3995 in
1179 3944 1315 3997 urbe
1370 3947 1597 4015 jactant,
1633 3949 1778 4017 quod
1817 3951 2153 4023 presbyteris
2179 3957 2302 4023 qui-

729 4028 957 4084 busdam
987 4035 1298 4097 orantibus,
1334 4046 1389 4089 et
1420 4040 1656 4092 orationi
1685 4040 1905 4095 solitum
1946 4043 2105 4097 ﬁnem
2131 4060 2303 4114 appo-

728 4120 1009 4181 ncntibus,
1037 4122 1478 4192 dicentibusqne,
1499 4126 1621 4179 aliis
1644 4128 1889 4195 quidem,
1922 4130 2049 4197 quia
2084 4140 2134 4183 te
2158 4132 2302 4185 decet

725 4212 897 4280 g!nria
930 4222 978 4264 et
1009 4212 1274 4267 Christum
1300 4223 1469 4280 tuum,
1502 4226 1549 4269 et
1574 4228 1980 4273 sanctumtuum
2002 4220 2301 4291 Spiritum;

726 4304 846 4355 aliis
864 4319 1013 4361 vero.
1045 4306 1221 4373 gratia
1254 4314 1300 4357 et
1325 4309 1647 4375 benignitate
1676 4308 1870 4363 Christi
1914 4313 2012 4373 tui,
2045 4329 2163 4365 cum
2200 4330 2302 4383 quo

726 4402 776 4445 te
794 4394 935 4445 decet
964 4393 1137 4463 gloria
1169 4412 1286 4448 cum
1313 4406 1495 4449 sancto
1523 4405 1610 4450 tuo
1640 4396 1841 4468 Spiritu
1864 4418 1881 4464 ;
1908 4403 2181 4456 mandarit
2216 4419 2303 4458 sa-

727 4485 1108 4553 pientissimus
1132 4488 1575 4553 archidiaconus,
1601 4505 1710 4543 non
1735 4502 1993 4560 oportere
2016 4494 2298 4549 Christum

725 4574 933 4638 dicere,
958 4576 1052 4630 sed
1110 4578 1463 4648 Unigenitum
1495 4581 1797 4650 gloriﬁcare.
1824 4599 1838 4648 ;
1874 4584 2018 4653 quod
2055 4586 2300 4654 quidem,

727 4668 770 4721 si
796 4684 983 4720 verum
1011 4679 1117 4731 est,
1144 4685 1359 4724 omnem
1384 4681 1608 4741 superat
1632 4674 1853 4727 modum
1883 4676 2199 4745 impietatis.
2242 4697 2260 4728 ι

797 4760 1134 4827 Impietatem
1187 4763 1459 4831 ejusmodi
1533 4766 1786 4819 confutat
1833 4768 2118 4835 pluribus,
2177 4768 2307 4823 hinc

732 4867 964 4905 exorsus
994 4869 1005 4904 :
1052 4870 1071 4901 ί
1109 4853 1217 4906 Aut
1247 4853 1385 4907 duos
1414 4854 1468 4908 in
1500 4855 1667 4909 Filios
1694 4855 1893 4911 dividit
1917 4874 2087 4911 unum
2117 4858 2305 4913 Domi-

726 4958 855 4996 num
890 4951 1139 4997 nostrum
1164 4945 1347 5000 Iesum
1372 4945 1674 5010 Christum,
1702 4956 1757 5001 et
1779 4948 2133 5019 Unigenitum
2174 4950 2303 5019 qui-

725 5034 848 5088 dem
896 5036 1198 5106 legitimum
1241 5048 1396 5106 putat
1453 5055 1574 5093 esse
1602 5040 1800 5094 Filium
1856 5051 1911 5095 et
1970 5043 2296 5106 naturalem,

722 5125 999 5180 Christum
1028 5144 1162 5181 vero
1194 5128 1510 5196 adoptivum
1556 5140 1611 5185 et
1639 5132 1869 5186 nothum
1901 5174 1915 5194 ,
1970 5150 2033 5189 ac
2068 5135 2299 5205 proinde

721 5217 1009 5287 indignum
1044 5218 1441 5288 gloriﬁcatione
1478 5239 1491 5286 ;
1528 5231 1621 5276 aut
1674 5223 2095 5281 insolescente-ni
2151 5241 2302 5281 nunc

724 5311 953 5363 haeresin
984 5312 1229 5367 stabilire
1258 5324 1506 5369 conatur.
1530 5316 1605 5370 Ac
1633 5316 1881 5385 quidem,
1916 5318 1959 5370 si
2004 5318 2125 5371 dira
2159 5328 2299 5372 tem-

725 5411 905 5469 pestas
929 5402 1289 5468 incumberet,
1330 5408 1705 5476 suspicaretur
1746 5408 1976 5462 fortasse
2001 5409 2297 5480 quispiam,

798 5564 821 5589 ο
858 5557 1043 5611 Matth.
1073 5576 1173 5613 im.
1211 5561 1289 5613 I6.
1372 5572 1397 5609 ι’
1428 5561 1559 5616 ibid.
1590 5561 1670 5614 I8.

2407 3308 2783 3363 cmmeterium
2821 3305 3227 3376 procurandum
3270 3305 3575 3373 acceperit;
3607 3319 3707 3357 cur
3742 3304 3982 3372 denique

2405 3401 2725 3471 dispensatio
2782 3401 2938 3451 totius
2978 3413 3153 3451 causa!
3193 3407 3241 3450 et
3301 3413 3442 3451 curre
3498 3396 3861 3451 ecclesiasticae
3923 3398 3981 3450 in

2378 3491 2671 3545 .Andrram
2726 3490 3180 3559 Eutychiauistam
3227 3496 3438 3559 repente
3487 3487 3751 3542 translata
3798 3490 3885 3542 sit.
3919 3489 3978 3542 Id

2405 3583 2658 3652 queritur
2684 3581 2727 3612 ⁸⁸
2753 3581 2895 3650 apud
2940 3581 3323 3648 imperatorem
3376 3580 3706 3634 Marcianum
3742 3580 3980 3634 Pulche-

2407 3675 2655 3742 riamque
2685 3676 2980 3741 Angustam
3031 3671 3142 3725 Leo
3173 3672 3435 3739 pontifex,
3466 3672 3666 3727 litteris
3706 3688 3768 3726 ea
3818 3673 3885 3727 de
3920 3691 3977 3726 re.

2405 3765 2652 3834 Opilione
2679 3765 2901 3817 consule.
2930 3762 3276 3831 conscriptis.

2475 3858 2610 3911 VIII.
2635 3856 2835 3908 Verum
2860 3853 3355 3923 quomodocunquc
3398 3854 3615 3906 tandem
3644 3853 3783 3906 Aetii
3815 3867 3978 3907 causa

2405 3965 2462 4003 se
2496 3948 2769 4010 habuerit,
2807 3946 3152 3999 occasionem
3185 3954 3335 3998 certe
3361 3944 3710 3997 Theodoreto
3739 3946 3976 4012 aperuit,

2404 4040 2471 4093 ad
2506 4040 2664 4093 ﬁdem
2720 4053 2872 4091 suam
2906 4037 2972 4090 de
3014 4035 3389 4088 incarnatione
3432 4035 3592 4088 Verbi
3647 4034 3978 4096 testandum,

2404 4132 2717 4199 librumque
2741 4129 3012 4183 edendum
3042 4146 3053 4179 :
3085 4126 3315 4193 (utinam
3338 4125 3548 4195 integer
3569 4124 3635 4179 ad
3660 4142 3761 4180 nos
3783 4141 3981 4195 perve-

2402 4221 2657 4291 nisset!)
2695 4236 2823 4291 quo,
2870 4218 3141 4273 mandatis
3191 4218 3390 4272 summi
3465 4217 3745 4287 pontiﬁcis
3810 4218 3977 4271 obse-

2403 4327 2583 4377 cutus,
2606 4312 2985 4367 Nestorianam
3013 4310 3371 4379 impietatem,
3396 4310 3783 4378 vesaniamque
3805 4309 3982 4379 Euty-

2405 4408 2659 4461 chianam
2690 4406 2771 4459 sic
2804 4403 3122 4464 declinavit,
3159 4410 3219 4455 ut
3246 4401 3445 4463 media,
3490 4399 3542 4453 id
3570 4408 3675 4463 est,
3710 4400 3978 4453 catholica

2403 4499 2489 4552 via
2520 4497 2781 4551 incedens
2805 4496 3029 4551 doceret
3052 4494 3321 4563 exemplo,
3348 4492 3624 4547 neminem
3646 4506 3851 4553 errare,
3882 4509 3977 4561 qm

2404 4589 2683 4645 Christum
2729 4605 2823 4643 ore
2842 4588 2986 4643 Petri
3018 4588 3335 4657 loquentem
3384 4594 3666 4654 sequatur.
3736 4584 3976 4642 «Nemo.

2405 4683 2605 4752 inquit,
2630 4682 2796 4735 alium
2826 4680 3135 4751 quempiam
3162 4678 3327 4731 stulte
3354 4685 3507 4746 putet
3530 4676 3809 4730 Christum
3834 4691 3979 4735 esse,

2405 4790 2567 4845 quam
2609 4774 2805 4827 Filium
2843 4771 3226 4841 unigenitum;
3263 4784 3442 4837 neque
3487 4783 3589 4819 nos
3620 4765 3983 4835 sapientiores

2406 4866 2646 4935 Spiritus
2671 4864 2842 4934 gratia
2870 4861 3246 4916 existimemus
3276 4873 3417 4921 esse,
3448 4857 3541 4911 sed
3570 4872 3826 4926 magnum
3876 4858 3979 4909 Pe-

2406 4966 2553 5011 trum
2593 4956 2880 5010 audiamus
2906 4939 3271 5008 clamantem:
3311 4950 3383 5003 Tu
3439 4966 3491 5003 es
3525 4948 3779 5008 Christus,
3814 4948 3981 5000 Filius

2405 5047 2682 5102 Dcivivi".
2716 5036 3019 5099 Audiamus
3072 5051 3127 5096 et
3174 5040 3452 5097 Christum
3500 5041 3791 5095 Dominum
3842 5055 3979 5092 con-

2404 5140 2697 5196 fessionem
2732 5138 2872 5191 hanc
2901 5135 3315 5190 conﬁrmantem
3350 5152 3361 5186 :
3394 5131 3565 5203 Super
3596 5135 3731 5187 hanc
3772 5140 3981 5201 petram

2404 5229 2675 5299 wdiﬁcabo
2708 5228 2997 5282 Ecclesium
3032 5241 3224 5287 meum,
3259 5232 3303 5277 et
3336 5232 3501 5291 ρον-ιω
3534 5223 3692 5292 inferi
3715 5239 3816 5274 non
3842 5238 3982 5291 prte-

2401 5318 2648 5372 valebunt
2704 5318 2951 5368 adversus
3007 5322 3194 5366 camp.
3275 5311 3485 5365 Idcirco
3542 5311 3982 5381 sapientissimus

2404 5410 2625 5471 Paulus,
2657 5427 2673 5459 ι
2706 5416 2812 5459 etc.
2869 5407 3038 5459 Paulo
3074 5415 3199 5479 ante
3246 5404 3480 5468 dixerat,
3519 5402 3981 5458 unde'videretur

2054 5673 2370 5729 SCIIULZII
2414 5672 2642 5727 NOT/E.

798 5780 847 5813 “
877 5781 1071 5853 Inqnit.
1128 5784 1269 5839 Loco
1303 5787 1485 5841 citato.
1568 5790 1610 5817 “
1639 5789 1807 5857 Epist.
1852 5791 1966 5843 ΗΕ.

2047 5790 2090 5820 ιτ
2116 5790 2289 5858 Epist.
2326 5790 2411 5843 57.

2488 5789 2532 5821 ⁸⁸
2560 5789 2701 5842 Loco
2732 5788 2824 5840 rit.

2902 5787 2941 5817 δ’
2972 5786 3143 5855 Epist.
3182 5785 3299 5837 us.
