4208 6440
159 377 258 442 157

1334 378 1700 439 HISTORIA
1731 377 2217 437 THEODORETI
2231 425 2240 436 .

3333 362 3434 424 158

155 498 482 552 retractare,
519 504 643 558 qua:
680 487 936 542 acerbius
964 485 1033 541 ad
1063 485 1341 542 decimum
1370 484 1556 557 Cyrilli
1585 495 1750 555 caput
1779 494 1820 546 Α
1853 489 2097 556 Augusto
2117 487 2184 549 ",
2230 484 2324 553 qui
2353 496 2580 552 regnare
2616 479 2781 548 coepit
2807 493 2951 530 anno
2981 475 3112 537 £57;
3151 472 3295 526 unde
3323 474 3435 525 col-

154 580 290 634 olim
331 579 611 634 ell‘uderat
645 597 658 632 :
706 578 962 635 Christus
1009 579 1314 648 appellatus
1343 588 1448 642 est,
1481 586 1744 647 tanquam

154 672 370 742 Spiritu
395 681 590 726 sancto
611 671 919 726 secundum
950 670 1229 726 hominem
1249 679 1468 741 unctus,
1494 679 1550 725 et
1568 671 1745 724 factus

153 763 408 832 pontifex
435 772 626 817 noster
651 772 708 818 et
745 763 1051 832 apostolus,
1087 761 1247 832 205
1273 771 1328 816 et
1364 761 1654 831 propheta,
1691 771 1746 816 et

153 870 270 908 rex.
340 855 525 909 Moses
587 855 736 908 enim
789 855 1010 908 divinus
1059 854 1218 923 longe
1275 862 1402 907 ante
1436 853 1740 908 clamabat:

153 943 482 1013 Propiietam
509 945 648 998 vobis
669 944 942 997 suscitabit
973 943 1228 996 Dominus
1253 942 1394 996 Deus
1415 943 1476 996 de
1493 944 1746 1013 fratribus

153 1036 369 1098 vestris,
402 1035 638 1087 sicutme
661 1043 708 1086 ει.
732 1033 802 1087 Et
822 1032 1044 1087 divinus
1072 1031 1241 1086 David
1275 1030 1609 1086 vociferatus
1639 1041 1742 1091 est,

155 1125 626 1180 dicenszlurauit
659 1124 940 1187 Dominus,
992 1131 1042 1176 et
1099 1139 1205 1176 non
1251 1122 1517 1193 panitcbit
1572 1139 1689 1174 eum
1728 1139 1743 1174 :

154 1215 228 1270 Tu
271 1231 326 1268 es
378 1216 629 1269 sacerdos
700 1218 758 1269 in
811 1223 1092 1279 n'ternum,
1154 1214 1442 1267 secundum
1509 1213 1747 1266 ordinem

154 1307 568 1362 Helchisedec'.
621 1307 1035 1377 Confirmatque
1104 1306 1451 1376 pr0pltetiam
1529 1306 1750 1359 divinus

152 1401 478 1470 Apostolus,
553 1410 610 1456 et
653 1401 855 1456 iterum
880 1401 957 1455 ait
1014 1419 1028 1454 :
1081 1401 1343 1455 Habentes
1405 1416 1530 1470 ergo
1576 1401 1750 1469 ponti-

151 1492 305 1559 ﬁcem
348 1509 628 1564 magnum,
662 1494 755 1564 qui
805 1497 1100 1564 penetrauit
1140 1495 1314 1555 ca'los,
1343 1493 1524 1546 Iesum
1555 1491 1750 1545 Filium

153 1585 272 1651 Dei,
312 1595 594 1640 teneamus
632 1587 1013 1656 confessionem
1038 1592 1081 1639 ι.

217 1678 314 1734 ιχ.
347 1679 514 1734 Hunc
543 1680 791 1734 laborem
815 1677 1206 1748 excepitalius,
1237 1687 1462 1748 rogante
1495 1679 1747 1750 Hypatio,

155 1758 486 1839 exterisque
523 1769 907 1833 familiaribus,
951 1769 1182 1832 veritis,
1243 1785 1311 1824 ne
1356 1785 1481 1824 cum
1534 1770 1752 1824 infirmo

1846 578 1934 647 ligi
1965 586 2163 647 potest,
2212 591 2392 645 neque
2436 574 2620 628 statim
2657 588 2687 626 a
2712 568 2950 624 concilio
2990 562 3430 621 Chalcedoueusi

1846 670 2068 731 obiissc,
2096 668 2241 736 quod
2267 666 2443 720 visum
2475 673 2558 718 est
2591 659 2904 720 Sirmondo,
2925 671 3101 725 neque
3128 661 3251 725 post
3279 652 3433 706 initia

1849 759 2049 813 Leonis
2068 754 2416 827 imperatoris
2445 752 2802 821 superfuisse,
2831 744 2979 817 quod
3009 743 3130 798 aliis
3149 740 3438 811 placitum.

1850 852 1998 904 Facit
2039 851 2308 904 adversus
2333 843 2684 901 Sirmondum
2710 842 2764 894 id
2795 839 2984 900 etiam,
3009 834 3155 905 quod
3185 830 3439 886 Theodo-

1851 951 2001 993 retus
2046 938 2211 991 tulerit
2245 937 2425 990 adhuc
2468 933 2522 986 in
2570 931 2711 984 vivis
2739 929 2826 983 die
2856 928 2921 980 l0
2957 924 3106 981 Junii
3143 922 3272 976 anni
3304 920 3434 983 453,
3481 932 3486 936 '

1849 1047 1958 1100 quo
1986 1041 2230 1098 tempore
2276 1028 2487 1081 litteras
2541 1022 2611 1076 ad
2661 1036 2786 1075 eum
2827 1027 3051 1072 sanctus
3089 1014 3202 1068 Leo
3247 1011 3435 1066 dedit:

1849 1123 1980 1176 facit
2026 1129 2218 1174 contra
2268 1119 2424 1182 alios,
2472 1116 2620 1188 quod
2669 1112 2737 1166 de
2775 1109 3124 1164 Theodoreto
3159 1104 3310 1158 nulla
3345 1101 3438 1156 ﬂat

1851 1214 2057 1266 mentio
2087 1219 2208 1279 post
2240 1209 2437 1264 initum
2466 1224 2494 1261 a
2534 1207 2716 1260 Leone
2749 1199 3062 1268 imperium.

1923 1305 1984 1358 ll.
2027 1302 2292 1356 Meminit.
2332 1300 2536 1362 fateor,
2578 1290 2909 1350 Theodoreti
2956 1286 3304 1342 Marcellinus
3347 1299 3441 1338 co-

1851 1410 1966 1448 mes
1996 1392 2062 1446 ad
2095 1405 2295 1444 annum
2326 1387 2530 1441 Christi
2576 1385 2698 1448 466,
2731 1382 2913 1436 Leone
2949 1378 3164 1431 seniore
3207 1391 3263 1427 Ill
3309 1388 3439 1428 con-

1852 1489 1990 1548 sule,
2008 1486 2119 1540 ind.
2137 1502 2185 1540 tv
2205 1503 2217 1537 :
2239 1503 2256 1534 ι
2273 1481 2673 1540 Theodoretus,
2693 1474 2892 1544 inquit,
2911 1472 3199 1542 cpiscopus
3219 1477 3442 1524 sanctus

1851 1580 1975 1651 Cyri
2003 1577 2260 1639 civitatis,
2289 1573 2509 1643 scripsit
2542 1571 2608 1624 de
2655 1563 3027 1620 incarnatione
3075 1559 3290 1614 Domini
3341 1557 3438 1614 ad-

1853 1690 2045 1728 versus
2067 1671 2348 1742 Eutychen
2371 1676 2425 1720 et
2454 1653 3166 1727 DioscorumAlexandrinm
3189 1651 3443 1705 Ecclesiae

1853 1765 2194 1834 episcopum,
2208 1762 2302 1830 qui
2327 1761 2620 1812 humanam
2634 1755 2686 1807 in
2705 1751 2926 1808 Christo
2944 1760 3162 1803 carnem
3187 1750 3402 1812 negant.
3417 1760 3460 1831 »~

155 1830 444 1930 fractoque
471 1861 633 1915 annis
662 1869 720 1916 et
745 1830 903 1916 malis
930 1830 1261 1916 Theodoreti
1287 1877 1540 1930 corpore,
1574 1862 1750 1916 inter-
1785 1830 1827 1886 Β
1856 1830 1960 1908 Sed
1982 1830 2206 1923 apertus
2229 1860 2314 1905 est
2339 1851 2406 1902 de
2459 1858 2701 1916 tempore
2741 1857 2895 1898 error
2942 1836 3283 1930 Marcellini:
3316 1848 3440 1930 nam

158 1953 262 2008 iret
292 1953 505 2016 eximia
537 1954 591 2008 in
657 1955 1006 2010 elucidaudis
1034 1954 1337 2023 Scriptura:
1357 1954 1633 2008 abstrusis
1668 1955 1750 2008 lo-

157 2045 252 2108 cis,
292 2061 407 2114 qua
430 2047 695 2115 pollebat,
735 2046 1005 2101 doctrina.
1049 2066 1068 2098 ι
1101 2046 1333 2116 Scripsit
1364 2047 1528 2116 igitur
1563 2047 1750 2115 expla-

159 2135 447 2189 nationem
505 2135 696 2204 (verba
741 2146 872 2190 sunt
919 2137 1192 2206 Photii“)
1230 2137 1285 2189 in
1328 2132 1749 2202 Octateuchum,

157 2240 274 2294 quae
313 2227 742 2297 inscriptionem
796 2238 960 2282 nacta
993 2238 1079 2284 est
1129 2229 1280 2298 operi
1334 2232 1777 2299 eongruentem,‘

159 2316 210 2370 in
242 2319 488 2374 obscura
534 2328 592 2375 et
621 2321 873 2377 abstrusa
926 2321 1225 2392 Scriptura:
1253 2323 1370 2376 loca
1405 2341 1418 2375 :
1447 2323 1499 2376 iu
1552 2323 1754 2392 quibus

159 2420 281 2463 sunt
316 2420 375 2465 et
411 2412 484 2466 ad
531 2413 706 2468 libros
735 2413 966 2483 Regum,
995 2422 1050 2468 ct
1078 2413 1132 2467 in
1169 2400 1604 2483 Paralipomcna.
1633 2415 1752 2469 Uti-

157 2501 429 2557 lissimum
461 2514 647 2558 autem
673 2505 730 2559 in
766 2505 960 2575 primis
995 2506 1099 2560 hoc
1131 2521 1290 2576 opus,
1324 2527 1340 2556 ι
1379 2516 1487 2560 etc.

236 2593 477 2648 Miretur
507 2610 637 2649 vero
673 2595 949 2664 quispiam
972 2635 986 2658 ,
1025 2595 1306 2650 hominem
1333 2598 1754 2667 septuagenario

160 2693 448 2760 majorem,
478 2690 701 2745 inﬁrmo
730 2701 984 2761 corpore,
1029 2691 1329 2761 fractisque
1359 2692 1594 2751 viribus.
1633 2702 1754 2746 tau.

161 2793 270 2836 tum
306 2799 475 2852 opus,
511 2791 664 2837 tanta
697 2784 749 2836 vi
787 2785 1008 2848 mentis,
1045 2793 1154 2838 tam
1189 2799 1356 2854 parvo
1385 2793 1625 2852 tempore
1657 2784 1752 2837 ab-

161 2874 414 2928 solvisse.
461 2873 572 2929 Sed
597 2875 799 2928 mirum
841 2875 1013 2944 magis
1033 2883 1138 2939 est,
1170 2875 1507 2944 dignumque
1531 2882 1756 2944 propter

160 2963 303 3032 quod
338 2965 629 3020 immensa:
660 2967 755 3019 Dei
784 2966 1107 3036 benignitati
1142 2967 1334 3021 laudes
1364 2967 1627 3034 rependat
1652 2967 1756 3020 Ec-

163 3057 323 3111 clesia
347 3057 686 3112 Theodoreti
733 3058 1016 3113 laboribus
1043 3059 1253 3122 fruens,
1283 3058 1442 3127 'quod
1479 3059 1756 3113 scribendi

164 3146 321 3200 simul
349 3156 408 3202 et
441 3147 666 3203 vivendi
696 3147 859 3203 ﬁnem
887 3149 1079 3204 fecerit
1108 3149 1251 3202 inter
1284 3149 1474 3203 laudes
1518 3149 1754 3203 incredi-
1785 3185 1825 3239 ρ

164 3241 288 3295 bilis
311 3241 741 3306 misericordiae,
767 3259 874 3312 qua
918 3244 1064 3298 Deus
1096 3244 1376 3297 Manassen
1400 3245 1755 3312 castigatione

165 3333 229 3388 ad
267 3333 564 3388 meliorem
605 3332 816 3402 frugem
859 3335 1160 3404 compulit;
1214 3334 1470 3405 quodque
1507 3351 1660 3389 suam
1700 3337 1755 3389 in

165 3427 410 3484 Manasse
447 3427 673 3482 videtur
697 3427 1057 3484 adumbrasse
1093 3438 1318 3492 sortem,
1367 3430 1757 3498 sincerumque

141 3508 329 3574 animi
385 3535 616 3575 sensum
674 3521 1031 3588 expressisse.
1092 3521 1183 3575 Sic
1244 3521 1393 3574 enim
1443 3522 1754 3575 scribit“:

174 3630 191 3660 ι
219 3609 348 3666 Luit
392 3627 594 3681 poenas
633 3612 930 3681 impietatis
983 3613 1257 3667 Manasses
1291 3632 1303 3665 :
1338 3613 1570 3667 traditus
1610 3617 1756 3668 enim

167 3713 246 3758 est
289 3704 407 3776 regi
443 3705 796 3774 Assyriorum
844 3705 1172 3773 vinctusque
1201 3704 1256 3757 in
1300 3705 1630 3775 Babylonem
1659 3707 1758 3760 ah-

168 3795 398 3859 ductus;
440 3796 542 3851 sed
573 3795 702 3850 huic
728 3803 910 3850 tamen
953 3795 1343 3850 misericordiae
1388 3797 1568 3851 fontes
1597 3799 1756 3869 abys—

169 3901 258 3941 sus
285 3885 652 3956 benignitatis
675 3886 959 3956 impertiit.
982 3885 1266 3955 Postquam
1297 3886 1455 3949 enim,
1476 3887 1572 3949 ait,
1597 3905 1759 3940 coau-

169 3985 410 4047 gustatus
429 3985 508 4031 est
534 3976 827 4040 Manasses,
862 3978 1033 4031 oravit
1070 3976 1356 4030 Dominum
1391 3977 1558 4030 Deum
1583 3995 1759 4043 suum,

170 4080 219 4123 et
247 4069 571 4124 humiliatus
602 4077 676 4122 est
713 4067 868 4123 valde
909 4085 1091 4122 coram
1134 4067 1241 4121 Deo
1275 4077 1490 4138 patrum
1521 4086 1761 4134 suorum,

171 4173 214 4216 et
243 4163 566 4232 deprecatus
609 4169 685 4215 est
728 4177 868 4226 eum,
908 4168 957 4214 et
989 4162 1256 4215 exattdivit
1302 4178 1476 4215 vocem
1509 4162 1642 4231 ejus,
1682 4179 1766 4214 re—

172 4254 424 4323 duxith
460 4269 586 4306 eum
634 4251 1058 4322 Hierosolymam
1103 4253 1159 4305 in
1193 4269 1415 4322 regnum
1462 4269 1648 4315 suum,
1715 4263 1763 4306 et

172 4347 410 4417 cognouit
453 4345 726 4400 Manasses
776 4345 915 4415 quod
953 4344 1208 4398 Dominus
1260 4348 1370 4414 ipse
1406 4353 1538 4397 esset
1579 4344 1762 4409 Deus;

173 4451 348 4507 usque
392 4436 537 4491 adeo
599 4436 916 4491 volentibus
982 4435 1211 4505 prodest
1258 4435 1548 4506 castigatio
1588 4454 1602 4489 :
1643 4452 1766 4506 quae

170 4530 316 4584 enim
349 4543 591 4600 regnans
615 4543 725 4583 non
751 4528 966 4594 habuit,
999 4528 1115 4582 haec
1145 4528 1390 4582 serviens
1414 4528 1675 4583 obtinuit.
1706 4549 1723 4580 ι

746 4642 762 4661 ⁹
791 4639 1017 4697 CAPUT
1051 4639 1194 4695 XIII.

173 4733 215 4789 ι.
237 4731 559 4788 Sirmondus
586 4732 844 4802 anticipat
865 4740 1089 4798 tempus,
1124 4748 1225 4800 quo
1243 4731 1588 4785 Theodoretus
1614 4732 1756 4786 obiit.

241 4804 307 4858 ΙΙ.
323 4803 516 4874 Differt
541 4800 688 4874 ultra
701 4800 926 4874 modum
939 4802 1277 4874 Marceilinus
1290 4818 1487 4874 comes.
1495 4802 1763 4874 IIILTIico-

237 4871 614 4928 dorus'Lector
646 4873 841 4927 innuit.
862 4872 947 4926 IV.
977 4871 1114 4926 Obiit
1138 4889 1280 4927 anno
1308 4873 1434 4941 458.
1468 4873 1531 4926 ν.
1562 4872 1764 4941 Defun-

234 4953 354 4998 ctus
388 4946 447 4998 in
498 4959 629 5012 pace
679 4943 939 5012 Ecclesiae,
990 4945 1268 4996 asseritur.
1309 4940 1396 4996 VI.
1446 4940 1765 4996 Assertionis

241 5011 569 5086 argumenta
595 5023 814 5084 septem.
850 5011 963 5068 VII.
993 5013 1244 5084 Elogium
1274 5013 1525 5083 defuncti.

723 5124 868 5174 Anno
895 5122 1076 5175 Christi
1113 5124 1220 5173 458.

245 5234 414 5305 306
440 5233 485 5287 ι.
514 5231 636 5299 Quo
664 5240 912 5302 tempore
942 5231 1328 5286 Theodoretus
1350 5229 1571 5294 obierit,
1609 5244 1771 5282 nemo

178 5325 405 5380 definite
443 5323 632 5380 tradit.
669 5322 986 5379 Gennadius
1009 5323 1331 5377 defunctum
1356 5322 1432 5375 ait
1460 5321 1562 5375 sub
1586 5319 1770 5375 Leone

250 5488 279 5530 ς
302 5479 464 5535 Deut.
495 5493 646 5546 xvnt,
674 5478 759 5535 i5.
842 5490 862 5516 τ
895 5478 1036 5534 Psal.
1061 5495 1166 5542 crs,
1195 5478 1246 5532 4.
1326 5490 1346 5515 ε
1382 5477 1548 5530 llehr.
1571 5493 1662 5534 vn.
1693 5476 1783 5528 ‘2l.

1855 1961 1979 1998 cum
2028 1942 2316 2004 Genuadii,
2374 1938 2782 1993 Theodoretum
2828 1931 3100 1986 tradentis
3158 1926 3441 1994 scripsisse

1855 2047 2043 2092 contra
2067 2035 2346 2107 Eutychen
2375 2040 2432 2086 et
2452 2031 2792 2089 Dioscorum,
2819 2035 2874 2080 et
2896 2023 2998 2078 sub
3024 2021 3205 2075 Leone
3225 2017 3442 2072 seniore

1856 2138 2150 2191 mortuum,
2190 2127 2353 2180 verba
2381 2122 2722 2178 exscriberet
2748 2161 2761 2185 ,
2807 2116 3072 2186 temporis
3098 2110 3439 2167 iudeiinilam

1853 2227 2037 2271 notam
2063 2217 2130 2270 de
2167 2215 2343 2269 media
2372 2223 2523 2283 parte
2551 2209 2762 2279 imperii
2800 2207 2999 2262 Leonis
3034 2205 3435 2272 interpretatus

1853 2319 1957 2374 est,
1997 2311 2049 2363 in
2076 2324 2186 2378 quo
2214 2309 2414 2362 mirum
2446 2313 2712 2374 quantum
2744 2299 3142 2361 hallucinatur;
3168 2294 3442 2363 siquidem

1857 2404 2168 2462 Eranistes,
2204 2400 2296 2468 qui
2329 2405 2518 2452 contra
2546 2393 2828 2464 Eutychen
2853 2400 2906 2445 et
2943 2390 3263 2443 Dioscorqu
3309 2384 3452 2439 seri--

1857 2509 1983 2567 ptus
2011 2495 2211 2548 dicitur
2243 2508 2272 2545 a
2319 2487 2623 2549 Gennatlio,
2653 2483 2855 2554 prodiit
2885 2482 2938 2533 in
2970 2481 3146 2533 lucem
3177 2482 3304 2530 ante
3341 2490 3442 2528 ar.-

1856 2605 1987 2643 num
2017 2585 2141 2647 HG,
2193 2595 2253 2637 ut
2291 2583 2346 2634 in
2377 2578 2698 2634 recensione
2745 2574 2986 2644 Operum
3034 2568 3324 2624 manifesta
3362 2580 3448 2620 ra-

1857 2683 2004 2734 tione
2029 2676 2320 2733 conﬁcitur
2338 2673 2405 2726 ⁸³.

1924 2772 2012 2826 Ill.
2048 2767 2373 2822 Theodorus
2412 2763 2610 2817 Lector
2648 2758 2705 2812 in
2742 2752 3106 2812 Collectaneis
3130 2751 3175 2782 5‘
3205 2748 3320 2802 haec
3353 2747 3450 2800 ha-

1859 2865 1944 2918 bet
1982 2880 1994 2916 :
2034 2881 2051 2911 ι
2092 2861 2298 2916 Urnam
2346 2853 2730 2909 ’l‘heodoretus
2779 2862 2976 2916 magno
3014 2842 3220 2899 Jacobo
3255 2839 3322 2892 ad
3358 2853 3446 2891 se-

1859 2956 2135 3024 pulturam
2173 2948 2418 3020 paravit;
2449 2945 2628 3014 ipsum
2649 2950 2832 2996 autem
2862 2935 3270 2992 Theodoretum
3295 2931 3451 3001 prius

1860 3046 1992 3100 muri
2012 3043 2272 3112 contigit:
2300 3040 2354 3098 in
2376 3037 2569 3093 eadem
2601 3043 2781 3089 tamen
2813 3038 2869 3083 et
2890 3030 3006 3099 ipse
3031 3041 3260 3096 magnus
3288 3025 3449 3079 Jaco~

1859 3140 1962 3192 bus
1995 3134 2310 3189 reconditus
2329 3138 2433 3185 est.
2475 3148 2491 3179 ι
2548 3127 2679 3181 Inde
2709 3131 2888 3194 potest
2915 3137 3025 3175 non
3049 3118 3285 3172 obscure
3315 3130 3418 3169 con

1859 3228 2006 3282 eludi
2045 3236 2279 3293 tempus,
2308 3237 2419 3291 quo
2436 3219 2817 3273 Theodoretus
2846 3211 3108 3268 decessit.
3134 3209 3267 3263 Nam
3293 3207 3447 3261 Jaco-

1859 3321 1964 3374 hus
1996 3319 2086 3372 ille
2125 3317 2548 3382 thaumaturgus
2597 3309 2818 3363 vivebat
2853 3305 3033 3359 adhuc
3068 3318 3212 3356 anno
3252 3297 3453 3353 Leonis

1860 3406 2211 3478 imperatoris
2256 3401 2522 3462 secundo.
2564 3399 2657 3469 qui
2699 3396 2904 3453 Christi
2938 3392 3063 3454 458,
3092 3391 3136 3445 si
3167 3406 3274 3458 qua
3305 3387 3441 3441 fides

1860 3501 2093 3570 Evagrio
2123 3501 2208 3553 ⁵³,ε
2251 3510 2429 3564 neque
2469 3494 2564 3547 diu
2605 3499 2888 3560 superstes
2914 3501 3033 3540 esse
3067 3483 3276 3553 potuit.
3325 3493 3453 3532 eum

1861 3593 1998 3646 foret
2027 3605 2090 3642 ea
2132 3594 2459 3657 tempestate
2483 3580 2779 3638 admodum
2812 3593 3001 3640 senex,
3051 3586 3106 3628 et
3144 3584 3456 3640 nonagena-

1863 3683 1979 3736 rius
2012 3680 2228 3741 saltem,
2262 3687 2354 3731 aut
2395 3676 2561 3728 etiam
2599 3673 2802 3741 major;
2839 3672 3044 3738 quippe
3077 3664 3170 3734 qui
3198 3664 3306 3732 jam
3337 3675 3448 3713 ma-

1861 3776 1951 3846 gni
1979 3775 2121 3828 foret
2155 3769 2392 3825 nominis
2425 3773 2651 3836 propter
2701 3760 3067 3832 prodigiosum
3111 3757 3237 3808 vitae
3277 3751 3449 3805 ratio-

1861 3843 2009 3928 nem,
2048 3862 2272 3933 quando
2336 3858 2507 3914 Isauri
2547 3857 2790 3910 latrones
2834 3852 2991 3921 plura
3040 3845 3280 3901 Orientis
3327 3843 3478 3926 Ioca‘

1862 3932 2180 4027 depopulati
2215 3951 2433 4015 sunt",
2463 3947 2609 4017 quod
2644 3943 2873 4013 contigit
2897 3956 3039 3994 anno
3067 3937 3187 3992 404.
3219 3933 3274 3990 Si
3303 3932 3452 4027 enim

1864 4024 2283 4118 tunc—ponatur
2326 4050 2490 4097 natus
2511 4053 2685 4092 annos
2721 4035 2810 4098 55,
2833 4049 2955 4104 quae
2989 4041 3169 4085 tamen
3195 4036 3328 4118 tetas
3366 4024 3459 4077 vix

1865 4146 2016 4194 tanto
2045 4115 2254 4190 nomini
2282 4149 2380 4202 par
2406 4130 2595 4190 fuerit,
2629 4125 2897 4180 dicendus
2933 4128 3017 4174 est
3047 4115 3459 4186 nonagesimum

1863 4243 2069 4283 annum
2113 4223 2434 4283 excessisse,
2466 4229 2596 4274 tunc
2625 4233 2750 4272 cum
2791 4215 2860 4269 ab
2905 4214 3242 4281 imperatore
3275 4207 3460 4260 Leone
3540 4213 3546 4218 '

1863 4319 2063 4374 litteris
2088 4316 2157 4371 de
2202 4324 2350 4369 tomo
2372 4306 2814 4367 Chalcedonensi
2863 4301 3193 4359 sententiam
3239 4306 3462 4368 rogatus

1865 4420 1968 4466 est.
1991 4409 2125 4474 Quis
2151 4421 2284 4460 vero
2308 4402 2497 4458 credat
2524 4397 2863 4468 superfuisse
2891 4395 2978 4447 vel
3023 4406 3231 4462 paucos
3263 4403 3460 4450 annos,

1798 4526 1838 4580 ι)
1867 4517 1993 4556 cum
2023 4508 2080 4555 et
2128 4498 2314 4553 senior
2360 4503 2507 4550 esset
2549 4490 2779 4560 reliquis
2813 4488 2935 4543 aliis
2970 4483 3265 4540 admodum
3299 4489 3460 4536 aetate

1872 4591 2171 4664 provectis,
2199 4603 2435 4658 quorum
2469 4583 2856 4639 Theodoretus
2872 4579 3134 4646 deinceps
3154 4575 3293 4629 vitas
3329 4578 3465 4627 scri-

1869 4685 2012 4753 psit;
2049 4692 2104 4736 et
2131 4696 2250 4735 eam
2283 4679 2411 4732 vitae
2443 4677 2713 4730 rationem
2746 4679 2982 4731 teneret,
3008 4682 3170 4738 quam
3204 4663 3460 4719 Theodo-

1870 4785 2042 4838 retus,
2062 4774 2193 4828 licet
2215 4771 2465 4826 oculatus
2499 4765 2674 4828 testis,
2705 4764 2796 4818 vix
2829 4769 3053 4845 propter
3079 4757 3239 4827 207
3277 4756 3461 4809 incre-

1869 4867 2192 4920 dibilitatem
2240 4877 2465 4916 narrare
2500 4873 2666 4913 ausus
2714 4862 2834 4920 est;
2879 4862 2936 4906 et
2974 4848 3224 4919 corporis
3268 4846 3460 4900 habitu

1864 4954 2074 5008 morbis
2128 4950 2403 5006 obnoxius
2461 4947 2620 5009 foret,
2675 4952 2732 5000 et
2779 4942 3030 4997 decimus
3088 4938 3284 5008 tertius
3330 4935 3460 4988 vitae

1863 5044 2226 5116 septenarius,
2269 5040 2364 5109 qui
2417 5037 2664 5116 omnium
2723 5032 2959 5088 maxime
3003 5028 3216 5092 letifer,
3269 5026 3324 5079 in
3361 5040 3460 5078 an-

1864 5153 1995 5193 num
2024 5133 2438 5204 nonagesimum
2464 5130 2701 5200 primum
2726 5124 3022 5181 inciderit?

1939 5227 2027 5281 IV.
2066 5225 2190 5278 Haec
2222 5232 2402 5277 autem
2432 5221 2620 5274 omnia
2649 5219 2694 5274 si
2722 5225 2871 5272 recte
2907 5229 2966 5269 se
2992 5212 3218 5276 habent,
3257 5207 3461 5279 proha-

1868 5320 2107 5387 biliaque
2146 5326 2294 5378 sunt,
2331 5315 2629 5369 ostendunt
2658 5309 3068 5366 Theodoretum
3088 5346 3102 5367 ,
3130 5304 3224 5373 qui
3260 5300 3462 5359 Jacobo

1865 5477 1882 5511 ί
1920 5473 2084 5528 Hebr.
2123 5490 2194 5538 iv,
2239 5473 2324 5526 Η.
2397 5483 2437 5544 5
2463 5470 2506 5523 ll
2537 5468 2713 5524 Paral.
2749 5481 2938 5531 χχχιιι,
2971 5463 3058 5527 12,
3091 5461 3156 5516 l7-

1528 5608 1846 5665 SClIUllll
1888 5606 2118 5663 ΝΟΤᾸΞ.

269 5727 315 5760 ⁸⁸
332 5731 468 5787 Cod.
499 5733 629 5786 3H.
707 5731 750 5761 "
783 5729 923 5784 Vide
953 5744 1137 5794 supra,
1179 5737 1215 5780 t.
1249 5726 1292 5784 I.
1327 5741 1358 5794 p

1369 5765 1379 5775 .
1415 5725 1538 5778 599.
1619 5724 1661 5752 5’
1695 5721 1770 5773 De
1806 5721 1985 5788 script.
2017 5717 2165 5780 eccl.,
2204 5733 2250 5770 c.
2285 5716 2373 5788 89.
2449 5716 2494 5788 '_'
2534 5713 2596 5788 βε
2628 5714 2842 5788 ἕνῃ-«διο.
2873 5709 2990 5763 Vid.
3028 5707 3164 5788 infra
3223 5702 3356 5757 diss.
3390 5696 3446 5764 2,

195 5778 468 5873 αι).
493 5778 667 5858 lin.“
698 5778 1145 5865 εοιὶέἕτῖξίὧῗί.
1184 5778 1417 5849 Ἥδίίιξώ.
1455 5812 1486 5848 n
1523 5795 1681 5855 Hist,
1719 5807 1818 5860 cap
1869 5778 1922 5844 9:
2001 5789 2044 5820 ⁵⁸³
2077 5778 2196 5842 V'id.
2236 5795 2274 5840 t.
2309 5786 2398 5851 Ill,
2449 5785 2614 5854 Retia.
2674 5784 2817 5842 hist,
2871 5797 2988 5848 cap.
3049 5778 3135 5828 ‘2l.
