4208 6440
699 378 796 441 159

1826 381 2202 441 GARNERII
2246 382 2743 444 DISSEBTATIO
2783 384 2833 444 Ι.

3866 386 3969 452 160

690 493 756 546 ad
801 493 1116 562 sepulcrum
1171 492 1402 560 praeivit,
1456 493 1601 547 diem
1654 502 1963 546 extremum
2009 490 2273 546 clausisse
2307 500 2345 550 Α
2378 507 2485 561 qua
2520 493 2903 547 Theodorctus
2965 507 3100 543 urna
3138 494 3319 550 condi.
3368 496 3471 551 Iste
3514 510 3651 564 quos
3697 496 3764 550 ad
3815 496 3975 551 ﬁdem

689 598 802 651 quo
837 600 981 637 anno
1009 584 1142 646 Leo,
1174 584 1267 651 qui
1301 584 1504 637 dicitur
1528 583 1745 647 Senior,
1780 584 2073 653 imperium
2096 598 2284 653 capes-

690 675 841 737 sivit,
877 685 970 727 aut
998 674 1180 743 potius
1202 676 1245 705 ⁸⁷
1300 684 1562 744 sequente
1584 719 1596 740 ,
1627 677 1721 745 qui
1769 675 1874 730 fuit
1915 674 2122 730 Christi
2156 676 2279 730 458.

765 767 825 820 V.
878 767 936 820 lu
980 782 1115 836 pace
1149 768 1408 822 Ecclesia:
1437 767 1745 823 decessisse
1785 767 1852 822 de
1884 768 1997 821 vita
2046 768 2285 837 probam

690 859 1042 928 amplissima:
1065 876 1095 913 a
1140 861 1421 914 veteribus
1457 861 1773 930 sanctisque
1810 860 2180 928 scriptoribus
2226 862 2281 914 in

660 948 870 1016 ipsum
901 957 1025 1019 post
1058 956 1288 1001 mortem
1326 960 1599 1019 congestae
1640 949 1849 1003 laudes.
1887 950 2098 1004 Summi
2132 959 2283 1004 certe

691 1042 981 1109 pontiﬁces
1007 1042 1234 1112 Vigilius
1258 1042 1325 1108 ",
1344 1044 1599 1113 Pelagius
1628 1044 1668 1105 Ι,
1704 1043 1955 1113 Pelagius
1981 1043 2047 1105 ll,
2071 1042 2279 1113 Grego-

691 1132 808 1186 rius
835 1133 1059 1203 Magnns
1081 1142 1137 1188 et
1172 1134 1288 1199 alii,
1329 1134 1696 1189 venerabilem
1722 1143 1887 1203 atque
1911 1134 2279 1187 orthodoxum

690 1222 900 1286 dicunt,
944 1223 1379 1294 defunctumque
1440 1225 1492 1277 iu
1524 1225 1913 1278 communione
1956 1224 2282 1278 universalis

688 1314 950 1369 Ecclesiae
984 1324 1277 1371 testantur.

752 1407 872 1476 Ipsa
914 1409 1080 1462 etiam
1107 1410 1293 1478 quinta
1329 1409 1592 1480 synodus,
1628 1409 1730 1463 etsi
1776 1408 2062 1462 erroribus
2095 1407 2277 1461 Theo-

687 1498 861 1554 doreti
888 1502 1142 1569 graviter,
1177 1510 1238 1556 ut
1264 1517 1359 1571 par
1379 1516 1518 1568 erat,
1546 1501 1777 1565 infensa,
1807 1516 2056 1570 persome
2091 1509 2279 1553 tamen

687 1589 922 1643 detraxit
947 1591 1109 1655 nihil,
1144 1591 1253 1645 imo
1286 1592 1352 1645 ad
1381 1601 1613 1645 mortem
1656 1607 1829 1659 usque
1872 1606 1979 1643 non
2020 1604 2277 1659 perman-

688 1693 822 1732 srssc
849 1677 904 1731 in
934 1679 1019 1743 iis,
1050 1696 1171 1749 qua:
1205 1680 1513 1734 damnanda
1541 1679 1773 1749 putavit,
1800 1687 1990 1746 aperte
2015 1677 2213 1730 innuit.

757 1769 899 1823 Sunt
935 1779 989 1823 et
1021 1772 1124 1824 alia
1169 1771 1489 1841 gravissima
1525 1770 1578 1824 in
1613 1770 1755 1823 hanc
1791 1784 1907 1823 rem
1938 1767 2274 1831 testimonia,

2388 583 2746 637 convertebat
2796 600 2863 639 ex
2911 583 3206 655 gentibus,
3252 584 3477 652 Iudaeis,
3550 587 3844 652 hcreticis,
3910 587 3977 642 ad

2388 672 2797 727 Theodoretum
2846 674 3139 739 mittebat,
3194 674 3585 731 benedictione
3622 685 3682 732 et
3721 676 3976 732 doctrina

2386 762 2814 817 conﬁrmandos.

2455 857 2731 911 Noluisset
2757 858 2947 926 procul
2965 858 3138 913 dubio
3164 874 3294 915 suos
3316 861 3534 918 cineres
3554 861 3799 917 haeretici
3822 862 3976 916 cine-

2386 945 2541 1000 ribus
2577 946 2796 1000 misceri
2840 947 3098 1012 Jacobus,
3135 950 3373 1005 eximius
3404 951 3494 1006 ille
3535 952 3662 1007 ﬁdei
3693 953 3979 1009 catholicae

2383 1035 2661 1100 defensor,
2704 1036 2801 1106 qui
2848 1048 3075 1107 propter
3136 1040 3450 1096 doctrinam
3504 1057 3631 1098 cum
3685 1044 3981 1098 sanctitati

2383 1127 2755 1195 conjunctam,
2804 1128 2872 1181 de
2918 1129 3112 1200 synodi
3160 1130 3633 1186 Chalcedonensis
3668 1132 3965 1187 retinendi:

2383 1215 2802 1272 deﬁnitionibus
2849 1219 2918 1272 ab
2971 1221 3302 1288 imperatore
3330 1236 3431 1290 per
3472 1220 3685 1277 litteras
3733 1237 3969 1293 rogatus,

2382 1319 2509 1358 cum
2546 1306 2820 1360 universis
2878 1323 3020 1376 pene
3057 1308 3213 1362 orbis
3261 1310 3592 1377 praesulibus
3646 1311 3976 1365 sententiam

2382 1396 2864 1452 dixitznoluisset
2913 1399 3121 1467 pariter
3156 1400 3405 1455 mortalis
3459 1401 3549 1456 ille
3610 1402 3839 1471 angelus
3889 1402 3977 1458 Si-

2383 1504 2567 1555 meon,
2599 1506 2764 1560 quam
2810 1491 3017 1561 ubique
3062 1501 3335 1547 terrarum
3382 1495 3743 1564 promovebat
3787 1494 3974 1560 ﬁdem,

2381 1584 2773 1638 communione
2790 1600 2917 1638 cum
2948 1585 3209 1640 hmretico
3235 1586 3506 1655 polluere.

2455 1673 2696 1743 Uterque
2743 1684 2840 1728 aut
2886 1675 3298 1731 Theodoretum
3346 1678 3501 1733 novit
3548 1678 3780 1734 sincera:
3824 1677 3973 1739 ﬁdei.

2380 1772 2477 1818 aut
2500 1776 2560 1821 ut
2605 1765 2760 1820 ﬁeret
2797 1778 2925 1823 ante
2968 1768 3206 1832 obitum,
3234 1784 3346 1839 quo
3370 1770 3566 1826 ambos
3593 1773 3899 1841 praecessit,
3945 1791 3976 1827 a

686 1876 807 1929 qure
833 1861 960 1930 quia
998 1862 1142 1916 inter
1171 1863 1464 1933 legendum
1501 1862 1704 1931 saepius
1727 1869 2048 1923 occurrunt,
2074 1859 2275 1929 sigilla—
2305 1857 2347 1911 Β
2377 1857 2489 1912 Deo
2545 1858 2788 1913 obtinuit
2816 1878 2829 1912 :
2858 1860 3146 1930 utriusque
3199 1870 3351 1918 certe
3402 1878 3616 1933 preces,
3669 1880 3794 1919 cum
3846 1866 3976 1920 vita:

686 1954 783 2006 tim
829 1955 1087 2023 persequi
1130 1971 1237 2009 non
1260 1965 1345 2010 est
1379 1971 1519 2025 opus
1548 1973 1560 2007 :
1587 1954 1737 2009 sileri
1769 1964 1948 2007 tamen
1976 1966 2085 2006 non
2111 1951 2275 2005 debet

683 2043 913 2098 Joannis
957 2044 1238 2099 Euchaitaa
1282 2046 1542 2115 elogium.
1580 2045 1809 2099 Vivebat
1860 2044 1950 2097 ille
1989 2043 2091 2097 sub
2131 2041 2275 2097 Con-

685 2135 927 2189 stantino
966 2137 1349 2199 monomacho,
1397 2137 2007 2205 ecclesiasticorumque
2045 2135 2276 2205 scripto—

685 2242 802 2278 rum
844 2228 1096 2281 cncomia
1148 2229 1369 2298 scripsit
1416 2230 1665 2283 versibus
1708 2229 1981 2283 iambicis.
2032 2227 2171 2283 Cum
2204 2227 2275 2281 ad

686 2316 1091 2372 Theodoretum
1119 2321 1381 2383 venisset,
1432 2321 1547 2375 haec
1568 2320 1787 2385 CcCiIlit,
1829 2335 1951 2389 quae
1989 2320 2059 2375 de
2086 2322 2275 2377 Greco

685 2424 841 2463 versa
868 2408 997 2464 sunt
1020 2426 1049 2465 a
1089 2412 1383 2466 Sirmondo
1413 2453 1425 2466 .

685 2556 730 2630 '_"
766 2555 953 2630 Dogos
980 2560 1263 2627 magistros
1299 2560 1488 2612 ﬁtteris
1519 2560 1644 2613 dum
1676 2575 1989 2630 prosequor,

683 2626 812 2679 lure
843 2626 1181 2682 Theodoritus
1200 2630 1339 2681 inter
1371 2631 1460 2682 hos
1489 2626 1776 2685 censendus
1819 2626 1918 2692 est,

687 2696 901 2769 I_)ivinus
940 2715 997 2750 ut
1022 2701 1119 2761 vir,
1160 2708 1208 2751 et
1240 2701 1491 2769 magister
1517 2702 1770 2769 optimus,

689 2764 836 2818 Fidei
866 2768 1169 2822 orthodoxa:
1189 2785 1280 2821 ceu
1306 2764 1559 2824 columnd
1580 2770 1859 2824 immobilis
1890 2787 1906 2824 :

685 2836 878 2909 Quodsi
909 2855 1194 2907 parumper
1219 2848 1359 2892 sorte
1385 2841 1619 2909 quadam
1655 2851 1823 2895 motus
1859 2852 1959 2907 est,

682 2906 848 2960 Homo
886 2917 1040 2961 erat:
1071 2911 1161 2978 qui
1181 2926 1233 2963 es
1265 2906 1440 2974 homo,
1472 2927 1538 2963 ne
1567 2913 1767 2965 crimen
1786 2906 2009 2983 inferas,
2036 2930 2182 2970 cave.

750 3060 838 3113 VI.
886 3064 899 3079 ‘
932 3060 1000 3115 Et
1024 3077 1154 3115 vero
1185 3062 1278 3115 Dei
1311 3062 1643 3134 benignitas,
1676 3081 1798 3135 quae
1837 3068 1891 3120 in
1919 3084 2111 3125 omnes
2136 3070 2271 3125 libe-

680 3151 810 3204 ralis
832 3162 936 3215 est,
964 3154 1017 3205 in
1044 3152 1453 3209 Theodorctum
1489 3171 1628 3226 pene
1656 3159 1801 3228 justa
1830 3159 1933 3214 fuit
1960 3179 1972 3214 :
1997 3177 2102 3231 qua
2122 3163 2267 3216 enim

679 3247 913 3308 ratione,
944 3247 987 3299 si
1014 3246 1141 3300 licet
1174 3248 1245 3301 ita
1274 3248 1444 3317 loqui,
1467 3249 1687 3305 sivisset
1717 3252 1771 3305 in
1801 3262 2068 3307 aeternum
2093 3254 2267 3309 inter—

676 3332 813 3387 itum
840 3349 999 3388 ruere
1041 3335 1215 3389 virum
1252 3352 1350 3405 per
1381 3345 1460 3391 tot
1488 3339 1749 3393 miracula
1778 3341 2038 3396 donatum
2078 3342 2268 3396 Eccle-

676 3426 790 3487 siae,
826 3434 974 3478 tanta
1007 3442 1227 3494 passum
1262 3445 1360 3497 pro
1386 3428 1491 3484 ﬁde
1513 3431 1582 3484 ab
1619 3431 1913 3493 hmrelicis,
1944 3441 2022 3487 tot
2055 3434 2271 3487 virtuti-

678 3514 782 3566 bus
817 3514 1118 3585 insignem,
1160 3532 1343 3571 rerum
1374 3520 1741 3573 humanarum
1795 3522 1933 3574 adeo
1961 3522 2272 3591 dc5picien-

679 3608 808 3661 tem,
839 3610 946 3654 tam
980 3602 1333 3658 laudabiliter
1362 3623 1587 3661 munere
1617 3610 1859 3679 episcopi
1898 3612 2268 3679 perfunctmu,

677 3709 841 3762 quem
874 3695 1207 3749 sanctissimi
1234 3698 1438 3767 quique
1476 3715 1585 3753 non
1609 3702 1902 3755 coluerunt
1923 3712 2155 3763 tantum,
2176 3704 2270 3756 sed

677 3785 843 3838 etiam
890 3786 1150 3855 singulari
1213 3790 1456 3843 amicitia
1525 3791 1875 3857 dilexerunt;
1935 3808 2045 3847 uno
2100 3794 2271 3847 verbo

677 3879 939 3933 eximium
972 3896 1079 3933 non
1115 3881 1410 3935 Orientalis
1433 3882 1616 3947 modo,
1649 3884 1741 3936 sed
1783 3883 2055 3937 universa:
2086 3884 2271 3938 Eccle-

678 3972 771 4025 siee
806 3972 1014 4025 lumen.
1038 3972 1137 4024 Vix
1177 3987 1279 4041 ego
1315 3973 1646 4027 crediderim
1692 3982 1907 4043 spretus
1935 3990 1965 4028 a
1999 3975 2111 4029 Deo
2148 3990 2274 4043 pre-

682 4079 795 4125 ces,
843 4078 980 4132 quas
1012 4063 1204 4132 procul
1243 4063 1414 4117 dubio
1452 4064 1690 4119 incensis
1722 4065 1921 4119 studiis
1958 4081 2057 4135 pro
2094 4065 2273 4119 Theo-

676 4154 871 4209 doreto
904 4155 1226 4208 obtulerunt
1259 4156 1617 4211 admirabiles
1674 4157 1751 4211 illi
1794 4157 2090 4222 monachi,
2152 4157 2271 4211 sive

677 4260 913 4307 quorum
959 4246 1122 4299 vitam
1155 4246 1505 4315 conscripsit,
1539 4262 1843 4317 precesque
1881 4247 2129 4317 expetiit,
2156 4249 2273 4302 vel-

679 4339 757 4391 uti
804 4352 903 4405 pro
942 4337 1227 4400 mercede;
1264 4338 1381 4392 sive
1412 4353 1647 4407 quorum
1686 4338 1937 4393 oratione
1979 4346 2142 4393 natus
2166 4348 2269 4402 est,

675 4430 951 4497 altusque,
984 4438 1039 4483 et
1060 4429 1128 4483 ad
1157 4439 1373 4483 aetatem
1406 4430 1610 4484 divinis
1636 4430 1802 4499 208
1833 4430 2117 4500 obsequiis
2151 4430 2270 4484 ido-

677 4535 836 4572 "eam
868 4530 1182 4589 provectus,
1219 4537 1456 4591 quorum
1508 4538 1568 4577 se
1615 4530 1672 4577 et
1698 4538 1801 4591 ope
1834 4522 2123 4577 haereticos
2170 4523 2268 4577 do.

679 4610 902 4671 muisse,
937 4619 993 4664 et
1017 4612 1413 4667 consuetudine
1446 4613 1515 4667 ad
1534 4613 1864 4668 sanctiorem
1891 4615 2059 4669 vitam
2086 4615 2271 4671 incen-

681 4716 800 4754 sum
832 4717 974 4765 esse,
1010 4702 1196 4756 tradit.
2274 4691 2281 4700 ’

753 4790 861 4845 llos
884 4792 1029 4847 inter
1052 4794 1284 4849 eximios
1316 4795 1413 4850 Dei
1450 4805 1506 4851 et
1535 4795 1867 4850 Theodoreti
1899 4797 2105 4851 amicos
2132 4797 2270 4851 emi-

681 4892 919 4937 cuerunt
972 4884 1103 4948 duo,
1154 4886 1222 4940 de
1253 4886 1455 4956 quibus
1502 4886 1759 4941 dubitare
1814 4901 1977 4941 nemo
2030 4886 2274 4956 prudens

682 4986 867 5043 queat,
900 4976 1035 5044 quin
1070 4977 1417 5033 Theodoreto
1458 4992 1678 5032 omnem
1714 4992 1872 5046 Opem
1904 4978 2155 5039 tulerint,
2187 4978 2279 5031 Ja-

681 5070 873 5131 cobus,
932 5070 999 5123 ale
1040 5085 1152 5139 quo
1189 5069 1416 5131 dictum,
1458 5080 1515 5124 ct
1561 5069 1783 5123 Simeon
1841 5084 2097 5139 magnum
2126 5070 2279 5125 orbis

686 5160 1032 5223 miraculum,
1084 5160 1250 5214 ambo
1298 5159 1583 5229 stnpendaa
1638 5160 1981 5223 sanctitatis,
2025 5161 2278 5215 thauma-

685 5251 831 5321 turgi
883 5253 1067 5315 ambo,
1093 5263 1149 5307 et
1184 5253 1481 5322 singularis
1523 5254 1667 5322 apud
1715 5254 1885 5307 Deum
1934 5253 2139 5322 gratize.
2183 5254 2278 5307 Ille

687 5340 739 5393 in
790 5339 997 5393 amoris
1039 5341 1333 5410 singularis
1372 5340 1793 5403 monimentum,
1828 5342 2003 5395 voluit
2057 5342 2273 5405 eadem,

759 5490 780 5515 ν
811 5479 830 5533 l
866 5479 1008 5534 Tim.
1031 5496 1068 5545 ι,
1100 5480 1184 5545 i3,
1221 5481 1301 5535 14.

756 5690 813 5761 '_’_
839 5688 941 5761 ,θυι
1003 5692 1191 5758 potius.
1238 5692 1354 5744 Vid.
1401 5692 1560 5751 infra,
1595 5693 1724 5745 diss.
1758 5695 1812 5749 ὲ.
1850 5696 1919 5745 c.'
1946 5695 1988 5744 l.
2020 5693 2046 5761 ξ
2090 5696 2132 5746 Ι.

705 5834 745 5883 ι.
785 5829 873 5893 Ill,
914 5828 1044 5882 Hist.
1086 5829 1253 5900 rclig.,
1296 5847 1414 5901 cap.
1449 5833 1538 5886 2|.

2383 1948 2544 2001 taedio
2568 1957 2624 2003 et
2654 1950 2960 2019 emigrandi
2988 1951 3291 2022 cupiditate
3325 1962 3629 2018 teneretur,
3654 1957 3838 2011 verbis
3860 1971 3977 2027 pa:-

2381 2040 2629 2096 nitentia:
2664 2043 3002 2111 plenissimis
3025 2046 3275 2115 expetiit.

2450 2133 2735 2203 Ejusmodi
2773 2144 2922 2199 sunt,
2954 2153 3077 2207 qum
3101 2139 3292 2195 Jacobi
3331 2140 3573 2211 elogium
3602 2141 3925 2196 claudunt“
3955 2158 3972 2195 :

2389 2241 2407 2274 ι
2445 2222 2670 2279 Pietatis
2693 2226 3026 2281 athletarqu
3059 2230 3389 2299 agonorheta
3419 2230 3581 2285 ﬁnem
3622 2232 3755 2286 huic
3793 2241 3974 2285 certa-

2381 2316 2628 2372 minibus
2665 2318 2892 2389 dignum
2920 2321 3147 2386 tribuat,
3173 2331 3251 2387 ut,
3282 2324 3431 2393 quod
3472 2334 3725 2395 superest
3753 2340 3973 2380 cursus.

2382 2413 2552 2481 priori
2580 2416 2905 2478 consentiat,
2936 2415 3222 2485 victorque
3254 2417 3471 2473 tandem
3504 2419 3571 2474 ad
3611 2428 3811 2473 metam
3846 2436 3975 2489 pcr-

2380 2504 2586 2567 veniat,
2611 2514 2668 2560 et
2697 2507 3073 2563 inﬁrmitatem
3122 2520 3365 2566 nostram
3396 2511 3518 2580 ejus
3546 2512 3807 2580 precibus
3836 2528 3941 2566 con
3961 2543 3976 2553 α

2383 2591 2583 2657 lirmet,
2613 2601 2673 2649 ut
2713 2598 3059 2652 corroborati
3099 2601 3301 2655 multas
3323 2601 3509 2657 (lades
3541 2609 3757 2656 nostras
3792 2618 3974 2656 resar-

2379 2682 2611 2747 ciamus,
2638 2695 2695 2740 et
2718 2703 2784 2740 ex
2807 2688 2907 2743 hac
2936 2688 3047 2743 vita
3070 2691 3311 2746 victores
3337 2692 3691 2746 excedamus.
3718 2713 3734 2743 ι

2452 2774 2592 2831 Sunt
2620 2786 2675 2831 et
2719 2779 2820 2832 ista
2876 2780 2930 2832 in
2979 2782 3159 2852 elogio
3189 2782 3464 2838 Simeonis
3499 2802 3512 2836 :
3542 2806 3559 2836 ι
3600 2784 3870 2840 Caeterum
3917 2786 3974 2840 in

2381 2866 2466 2919 his
2482 2866 2613 2921 dum
2644 2880 2917 2935 versatur,
2948 2880 3112 2942 atque
3134 2875 3249 2928 haec
3274 2875 3456 2929 omnia
3488 2886 3730 2945 praestat,
3758 2886 3976 2931 sancta-

2380 2973 2504 3012 rum
2540 2960 2703 3014 simul
2730 2961 3103 3018 Ecclesiarmn
3147 2967 3550 3035 providentiam
3584 2983 3695 3021 non
3724 2969 3975 3039 negligit,

2377 3065 2526 3104 nunc
2569 3066 2818 3120 pugnans
2857 3064 3051 3109 contra
3088 3057 3376 3125 gentilium
3421 3058 3795 3127 impietatem,
3822 3076 3977 3117 nunc

2376 3140 2692 3195 Judazorum
2728 3142 2985 3213 frangens
3026 3148 3451 3210 contumaciam,
3481 3166 3629 3205 nunc
3674 3151 3969 3206 haeretico-

2375 3248 2495 3285 rum
2525 3243 2731 3288 turmas
2776 3234 3091 3307 proﬁigans,
3127 3248 3292 3309 atque
3333 3242 3609 3297 interdum
3641 3242 3708 3298 ad
3737 3245 3949 3313 impera

2376 3329 2547 3375 torem
2568 3322 2636 3376 de
2663 3322 2749 3377 his
2778 3323 2991 3380 litteras
3014 3327 3260 3394 mittens,
3294 3331 3574 3386 interdum
3604 3333 3867 3403 praesides
3901 3335 3974 3388 ad

2372 3413 2619 3469 divinum
2655 3418 2832 3472 zelum
2858 3419 3136 3484 excitans,
3172 3422 3322 3491 ipsos
3344 3424 3512 3479 etiam
3554 3426 3832 3481 interdum
3862 3427 3976 3482 Ec-

2372 3506 2667 3562 clesiarum
2713 3520 2964 3577 pastores
3013 3512 3341 3578 admonens,
3372 3524 3432 3569 ut
3473 3532 3700 3587 gregum
3741 3533 3973 3573 suorum

2374 3599 2634 3668 majorem
2663 3614 2851 3654 curam
2882 3612 3095 3670 gerant.
3129 3622 3148 3654 ι
3196 3604 3261 3657 Ει
3290 3615 3477 3674 postea
3514 3625 3526 3659 :
3572 3627 3588 3656 ε
3620 3609 3732 3678 Ego
3754 3625 3889 3663 vero
3911 3620 3973 3665 ct

2375 3689 2553 3758 ipsum
2590 3692 2829 3760 propriis
2867 3695 3214 3749 orationibus
3258 3697 3507 3767 adjutum
3558 3700 3612 3753 in
3645 3700 3806 3755 bonis
3853 3701 3979 3758 iStIS

2375 3780 2660 3835 laboribus
2700 3796 3057 3851 perseverare
3086 3784 3274 3854 cupio.
3326 3795 3384 3840 et
3423 3787 3595 3841 Deum
3626 3804 3746 3852 oro,
3792 3804 3975 3843 meam

2375 3873 2551 3942 ipsius
2574 3874 2744 3927 vitam
2769 3874 2993 3944 corrigi,
3033 3885 3198 3944 atque
3226 3877 3292 3932 ad
3315 3880 3691 3949 cvangelicam
3719 3896 3973 3936 normam

2375 3964 2558 4034 dirigi.
2610 3983 2628 4016 ι

2448 4055 2640 4113 Tantis
2678 4059 2928 4126 patronis
2958 4058 3086 4113 addi
3137 4070 3368 4129 possunt
3415 4060 3654 4118 Joannes
3703 4065 3972 4134 Bapt'sta,

2376 4147 2551 4201 sancti
2576 4147 2831 4217 apostoli,
2859 4155 2915 4203 ct
2951 4149 3138 4219 inclyti
3179 4160 3469 4222 martyres,
3510 4154 3713 4222 quibus
3756 4172 3971 4208 memo-

2376 4238 2487 4293 rias
2524 4238 2724 4303 erexit,
2753 4239 2960 4309 quique
3001 4240 3335 4311 singularem
3366 4242 3671 4310 laboranti,
3698 4246 3828 4301 dum
3871 4264 3977 4318 pro

2376 4329 2481 4386 ﬁde
2512 4341 2769 4396 certaret,
2797 4347 2959 4400 opem
2985 4334 3249 4388 tulerunt.

2448 4420 2587 4475 Addi
2611 4421 2774 4476 etiam
2809 4430 2989 4490 potest
3016 4422 3285 4476 immensa
3305 4438 3608 4493 pauperum
3642 4426 3969 4490 multitudo,

2377 4528 2541 4582 quam
2568 4527 2776 4582 pauper
2802 4513 2918 4582 ipse
2947 4512 3144 4577 factus,
3173 4515 3288 4568 suis
3313 4524 3369 4569 et
3394 4515 3654 4571 Ecclesia:
3681 4517 3843 4572 bonis
3869 4536 3971 4589 pa-

2378 4606 2477 4661 vit.
2510 4605 2795 4672 Quomodo
2820 4606 2967 4660 enim
2995 4607 3430 4663 misericordiam
3469 4625 3579 4663 non
3609 4610 3679 4664 sit
3706 4626 3967 4667 consecu-

2380 4708 2468 4755 tus
2493 4716 2523 4754 a
2550 4699 2715 4769 209
2736 4700 2847 4754 Deo
2862 4700 3030 4753 homo
3058 4709 3165 4753 tam
3196 4701 3418 4769 profuse
3441 4703 3755 4757 misericors
3778 4706 3799 4756 ?
3830 4722 3972 4773 prae-

2381 4792 2567 4847 sertim
2604 4807 2727 4847 cum
2769 4794 3016 4863 Apostoli
3038 4795 3208 4849 verba
3258 4810 3524 4863 usurpare
3552 4805 3768 4864 posset,
3804 4792 3970 4851 Blas-

2383 4887 2598 4955 phemus
2616 4885 2690 4954 fui
2714 4886 2792 4955 (in
2817 4885 3142 4955 Christum),
3175 4895 3475 4955 persecutor
3507 4888 3727 4955 (sanctze
3751 4891 3968 4960 synodi)

2380 4986 2430 5030 et
2462 4976 2872 5031 contumeliosus
2908 4978 2985 5047 (in
3008 4976 3323 5048 Cyrillum),
3356 4979 3451 5031 sed.
3473 4981 3727 5049 ignorans
3763 4981 3860 5049 feci
3914 4983 3969 5036 in

2380 5067 2770 5131 incredulitate,
2804 5069 2923 5122 zelo
2968 5084 3077 5138 pra:
3118 5068 3332 5123 fervore
3382 5082 3620 5123 mentem
3652 5082 3965 5126 emoventc.

2381 5159 2842 5228 Snperabundavit
2870 5166 3047 5213 autem
3062 5161 3239 5230 gratia
3262 5160 3475 5214 Domini
3512 5168 3680 5214 nostri
3709 5180 3831 5216 cum
3864 5164 3970 5231 ﬁde

2382 5260 2429 5303 et
2457 5250 2750 5314 dilectione,
2793 5267 2909 5320 qua:
2931 5262 3005 5304 est
3035 5256 3089 5305 in
3117 5250 3327 5307 Christo
3364 5252 3491 5306 Jrsu
3511 5262 3560 5308 '.

2454 5341 2566 5395 νη.
2606 5341 2903 5406 Permitte,
2942 5341 3173 5405 Lector,
3212 5353 3273 5397 ut
3329 5344 3451 5398 loco
3493 5344 3653 5414 elogii
3705 5345 3966 5401 defuncto

2027 5551 2348 5608 SCHULZII
2389 5550 2621 5609 ΝΟΤᾸΕ.

2211 5694 2255 5724 ³⁸
2282 5693 2336 5746 In
2365 5695 2684 5755 constituto,
2722 5694 2773 5745 in
2818 5693 3049 5746 Profess.
3091 5692 3236 5750 ﬁdei.
3274 5693 3325 5745 in
3377 5702 3537 5760 epist.
3567 5693 3619 5751 5,
3647 5693 3726 5743 Ad
3764 5692 3933 5746 Eliam

687 5758 730 5787 ”
779 5758 1119 5823 Epigrauuua
1176 5761 1307 5814 illud
1362 5763 1631 5826 integrum
1684 5773 1855 5815 casta!
1901 5758 2087 5817 tirzrce
2133 5773 2185 5815 (ιι
2225 5764 2414 5819 Latine
2453 5764 2507 5817 in
2546 5764 2952 5832 Prologmncnis
2987 5764 3073 5817 ad.
3114 5773 3136 5816 ι.
3198 5763 3214 5816 Ι
3254 5762 3386 5818 edit.
3414 5758 3664 5817 onustm.

705 5834 745 5883 ι.
785 5829 873 5887 ΙΙΙ,
914 5828 1044 5882 Hist.
1086 5829 1253 5887 rcliq..
1296 5847 1414 5887 can.
1449 5833 1538 5886 2|.
1617 5835 1657 5865 ει
1696 5833 1814 5886 Vid.
1856 5834 2014 5887 ibid.
2057 5835 2290 5887 (-311.26.

1745 5850 1814 5886 tu.
1856 5850 2014 5896 mur,
2057 5850 2173 5903 cap.
2202 5850 2290 5887 τυ.

3745 5763 3787 5791 ⁸⁵
3842 5763 3949 5818 \td;
