4208 6440
259 321 352 384 161

1425 323 1786 383 HISTORIA
1826 323 2332 385 TH-EODORE'I‘I.

3400 337 3500 401 162

250 439 464 508 scripti,
489 453 655 508 quam
689 452 791 509 ego
816 438 1039 508 concepi
1070 437 1421 499 Theodoreti,
1458 448 1552 492 aut
1587 439 1708 492 vita:
1730 455 1825 508 po.
1857 444 1895 494 Α
1992 440 2173 512 palam
2198 444 2493 512 jactqrcnt.
2524 443 2592 512 γ.
2630 443 3032 512 Adjuvnbantur
3063 445 3366 502 Theodoreti
3419 463 3501 505 te—

252 529 362 583 tius
389 544 421 582 a
453 528 798 582 Theodoreto
823 538 978 591 actae,
1024 529 1261 597 speciem
1308 529 1404 581 tibi
1445 545 1634 583 rursus
1673 529 1826 582 eﬂin-

247 633 391 687 gam.
433 617 662 671 Videtur
693 618 851 677 mihi,
877 617 1021 686 quod
1060 618 1216 670 initio
1235 617 1370 680 dixi,
1414 635 1520 671 non
1558 618 1826 672 absimilis

248 709 555 762 narrationi
613 709 926 768 theatricze,
988 710 1178 779 inqua
1229 709 1582 764 induceretur
1639 711 1823 765 infelix

245 799 499 868 quaedam
525 810 581 854 et
612 800 939 855 miserabilis
963 801 1156 863 virtus,
1185 801 1390 854 erroris
1409 801 1640 866 artibus,
1667 803 1820 872 quasi

245 886 494 952 Cinneis,
546 903 684 957 pene
707 904 896 942 amens
931 889 1145 950 effecta,
1199 889 1430 942 alienam
1478 889 1709 944 formam
1742 891 1824 944 in-

244 981 441 1042 duere,
477 980 533 1033 in
567 995 741 1048 eaque
773 996 1063 1050 personam
1101 996 1158 1034 se
1191 981 1464 1051 indignam
1504 981 1598 1036 diu
1638 999 1819 1053 agere,

244 1071 426 1125 donec
449 1071 636 1124 divina
665 1073 1009 1142 percutiente
1035 1073 1182 1152 virga
1203 1073 1268 1126 ad
1303 1088 1360 1127 se
1401 1074 1636 1137 rediens,
1671 1083 1724 1128 et
1753 1075 1820 1128 ad

244 1170 526 1214 ostensam
577 1160 776 1214 divinae
823 1161 1071 1215 veritatis
1116 1163 1422 1215 columnam
1480 1163 1818 1233 confugiens.

245 1251 552 1322 praestigias
585 1252 795 1306 erroris
847 1269 957 1306 non
1011 1254 1366 1308 erubesceret
1421 1264 1669 1317 tantum,
1724 1256 1819 1309 scd

243 1342 413 1395 etiam
446 1351 850 1397 exsecraretur.

309 1433 448 1487 Nam
480 1433 575 1502 qui
614 1435 760 1487 inter
787 1433 1051 1488 miracula
1079 1441 1135 1488 et
1157 1435 1378 1502 pietatis
1411 1435 1466 1488 in
1508 1436 1630 1490 sinu
1661 1445 1821 1491 natus

242 1523 454 1590 fuerat;
487 1525 583 1594 qui
603 1524 672 1578 ab
697 1523 923 1579 infantia
947 1534 1196 1580 creverat
1228 1526 1283 1579 in
1314 1528 1646 1582 monasterio
1677 1527 1820 1582 inter

244 1615 511 1669 virtutum
537 1614 846 1684 prodigiosa
877 1615 1119 1684 exempla
1141 1632 1155 1680 ;
1177 1616 1272 1686 qui
1300 1633 1390 1671 res
1412 1617 1678 1674 humanas
1707 1635 1816 1674 non

239 1706 397 1774 prius
421 1713 673 1767 noverat,
708 1720 872 1775 quam
901 1704 1182 1776 despexit;
1207 1708 1300 1777 qui
1326 1708 1380 1762 in
1410 1708 1621 1764 divinas
1650 1710 1821 1767 Litte-

239 1810 328 1848 ras
376 1795 714 1850 incubuerat
770 1797 952 1851 studio
1007 1798 1214 1866 pariter
1258 1807 1315 1854 et
1340 1799 1538 1854 indolis
1577 1801 1815 1870 impetu;

235 1885 330 1952 qui
367 1884 634 1952 elegerat,
657 1902 685 1940 a
727 1901 840 1955 quo
865 1886 1180 1951 doceretur,
1213 1890 1381 1944 totius
1425 1889 1706 1956 Ecclesiae,
1761 1902 1820 1946 ut

237 1985 369 2029 tunc
394 1976 695 2040 ferebatur,
730 1983 745 1998 ‘
789 1979 1144 2048 magistrum;
1182 1981 1275 2049 qui
1323 1981 1701 2051 imprudenter
1725 1995 1819 2038 aut

238 2067 541 2122 infeliciter
574 2068 758 2137 potius
787 2084 1028 2124 errorem
1080 2071 1207 2126 inde
1237 2072 1450 2135 didicit,
1480 2073 1623 2127 unde
1675 2076 1813 2129 veri-

236 2166 408 2211 tatem
461 2159 758 2228 sperabat;
813 2175 915 2225 nec
949 2162 1141 2216 didicit
1168 2171 1399 2226 tantum,
1425 2165 1520 2219 sed
1545 2166 1816 2222 Theodori

235 2247 401 2310 fama,
431 2265 540 2318 qua
567 2258 715 2304 totus
733 2250 885 2304 orbis
907 2253 1255 2320 personabat,
1284 2255 1553 2311 incautam
1580 2269 1816 2312 mentem

233 2337 564 2403 fascinante,
621 2340 1112 2398 Nestoriihmresin
1161 2354 1219 2399 et
1251 2344 1439 2416 Cyrilli
1491 2347 1653 2403 ﬁdem
1691 2366 1815 2420 per‘

233 2429 453 2497 spicere
486 2445 594 2483 non
621 2430 830 2494 valens,
857 2431 1130 2487 Theodori
1149 2433 1422 2506 discipqu
1448 2437 1600 2503 favit,
1617 2441 1819 2510 .Eccle—

232 2522 328 2575 site
361 2520 647 2576 doctorem
691 2521 969 2578 insecutus
1005 2536 1110 2580 est.
1141 2527 1344 2582 Verum
1389 2539 1674 2601 postquam
1723 2533 1816 2588 diu

233 2625 332 2678 per
358 2610 546 2666 varios
572 2627 735 2668 casus
762 2622 923 2684 atque
947 2617 1282 2673 calamitates
1309 2620 1545 2690 jactatus
1562 2635 1816 2688 errasset,

232 2714 360 2754 cum
399 2703 553 2757 velut
593 2703 798 2760 Christi
836 2706 1009 2763 hostis
1039 2716 1094 2763 et
1118 2710 1410 2780 impietatis
1445 2712 1656 2779 doctor,
1697 2727 1819 2785 post

231 2808 434 2846 novem
454 2801 512 2848 et
534 2795 726 2864 viginti
749 2798 1099 2866 pontificatus
1121 2814 1294 2856 annos
1316 2801 1383 2857 de
1405 2803 1532 2858 sede
1551 2805 1814 2875 dejectus,

230 2883 496 2937 exclusus
522 2884 767 2950 civitate,
803 2901 944 2956 aqua
981 2896 1037 2942 et
1071 2888 1194 2958 igne
1230 2889 1577 2956 interdictas,
1619 2893 1674 2946 in
1707 2911 1819 2948 mo—

232 2973 483 3026 nasterio
531 2975 834 3030 Palaestina:
877 2977 1044 3032 latere
1083 2987 1307 3035 coactus
1353 2990 1528 3048 esset;
1560 2983 1817 3049 tandem,

231 3073 358 3132 post
405 3064 751 3134 imploratam
786 3064 985 3121 frustra
1017 3077 1300 3137 potentum
1333 3087 1527 3141 opem,
1562 3074 1817 3144 despera-
1847 3104 1885 3152 ο

233 3162 460 3222 tamque
481 3169 633 3224 spem
659 3170 877 3210 omnem
903 3157 1086 3220 aliam,
1110 3165 1361 3230 tangente
1387 3161 1498 3216 Deo
1523 3178 1618 3218 cor
1641 3165 1841 3218 homi-.

230 3244 340 3305 nis,
374 3243 442 3297 ad
477 3251 714 3297 mentem
750 3244 930 3304 rediit,
960 3245 1216 3315 sedisque
1260 3251 1596 3317 apostolicae,
1642 3273 1660 3303 ε
1700 3269 1820 3322 quze

233 3342 399 3386 rectae
417 3330 544 3386 ﬁdei
574 3332 755 3386 radios
783 3333 961 3388 fundit
981 3333 1025 3366 ⁶⁹
1079 3334 1265 3405 (verba
1297 3346 1424 3392 sunt
1457 3342 1819 3408 patrocinium

231 3423 637 3494 implorantis),
675 3439 796 3493 quae
819 3425 1191 3480 Ecclesiarum
1230 3429 1400 3482 totius
1429 3431 1582 3486 orbis
1616 3431 1820 3501 princi-

231 3523 421 3583 patum
442 3521 612 3577 tenet,
635 3529 757 3584 qua;
782 3515 850 3569 ab
871 3515 1017 3570 omni
1045 3532 1259 3586 semper
1278 3518 1528 3574 haeretica
1554 3524 1819 3591 pravitate

232 3602 502 3658 immunis
557 3603 682 3667 fuit,
738 3614 949 3658 rectum
1015 3619 1078 3660 ac
1120 3607 1328 3676 justum
1362 3608 1601 3664 tribunal
1659 3610 1816 3666 invo-

231 3692 398 3747 cavit.
425 3712 445 3743 ›

301 3785 436 3839 Inde
472 3800 602 3839 vero
641 3785 926 3840 veritatem
960 3788 1195 3857 primum
1231 3790 1478 3855 edoctus,
1508 3792 1705 3847 deinde
1748 3795 1816 3848 ab

234 3873 424 3944 iniqua
445 3875 689 3930 Dioscori
715 3879 1006 3942 sententia,
1032 3881 1497 3950 meliorejudicio,
1514 3885 1814 3948 absolutus,

234 3964 462 4019 tandem
487 3977 765 4022 annuente
791 3970 1028 4023 concilio
1055 3972 1297 4040 generali
1332 3973 1386 4026 in
1411 3974 1703 4042 pristinum
1734 3977 1814 4030 Io-

231 4073 358 4113 cum
384 4058 701 4123 restitutus,
726 4075 913 4114 veram
953 4061 1231 4130 pietatem,
1267 4079 1396 4118 vera
1429 4063 1534 4120 tide
1574 4067 1814 4120 innixam

233 4148 432 4210 coluit,
461 4147 626 4216 idque
651 4149 766 4218 ipse
796 4151 1068 4219 praestitit,
1098 4151 1243 4220 quod
1271 4154 1562 4223 scripserat
1586 4157 1652 4210 de
1678 4159 1812 4210 Pro-

233 4239 401 4306 pheta
451 4239 790 4292 exclamante
830 4239 894 4292 ad
939 4241 1108 4295 Deum
1147 4260 1158 4292 :
1199 4243 1360 4312 210
1403 4243 1640 4306 Bonum,
1687 4249 1811 4317 quia

233 4329 531 4383 humiliasti
570 4346 672 4394 me,
706 4339 762 4384 ut
791 4331 988 4384 discam
1018 4333 1426 4402 justi/icationes
1464 4345 1582 4389 tuas
1607 4345 1628 4373 ι
1655 4354 1672 4392 ;
1703 4339 1812 4407 egit

1998 510 2259 561 alimonio.
2331 510 2414 562 VI.
2481 511 2670 565 Multos
2705 510 3058 569 iabdua'crnnt
3127 518 3181 570 in
3245 535 3498 575 errorem.

2003 577 2110 630 VII.
2148 579 2494 632 Theodoretus
2535 597 2650 633 cum
2678 583 2878 642 simodo
2914 583 3321 642 Chalcedonemi
3350 591 3503 642 dam-

1999 657 2158 700 natur
2189 648 2662 713 Constantinopoli.
2698 648 2831 706 VIII.
2872 652 2940 706 Et
2974 651 3183 709 Sidone.
3223 656 3311 710 IX.
3347 659 3500 713 Artes

1994 713 2445 790 Eutycltianorum
2479 713 2548 770 ad
2590 723 2910 790 decipiendos
2935 726 3186 779 homines.
3218 726 3286 780 Χ.
3313 727 3500 784 Conci-

2001 785 2128 838 lium
2154 785 2708 858 Hicrosolymitanum.

2429 879 2503 928 Ab
2523 893 2651 928 anno
2676 881 2765 930 458
2788 883 2846 932 ad
2871 883 2979 932 518.

1997 978 2035 1032 I.
2073 979 2186 1034 Etsi
2215 979 2596 1037 Theodoretus
2627 983 2836 1052 quievit
2887 984 2940 1038 in
2984 1001 3119 1055 pace
3163 995 3219 1040 et
3251 1001 3500 1042 commu-

1925 1067 2087 1120 nione
2123 1068 2412 1134 Ecclesiae,
2451 1073 2590 1126 fama
2635 1081 2815 1127 tamen
2838 1072 3010 1142 ipsius
3035 1091 3343 1144 nomenque
3379 1085 3502 1147 post

1923 1156 2132 1210 obitum
2168 1170 2418 1213 vexatum
2461 1172 2544 1216 est
2578 1181 2590 1216 :
2632 1179 2944 1233 quanquam
3002 1167 3319 1232 laborabat,
3352 1170 3500 1238 quod

1925 1247 2211 1302 honestum
2247 1252 2367 1312 fuit,
2401 1268 2506 1306 non
2541 1256 2681 1322 apud
2712 1256 3044 1320 Catholicos,
3085 1259 3179 1311 sed
3210 1261 3350 1328 apud
3382 1262 3500 1314 dis-

1922 1339 2046 1392 sidii
2073 1352 2349 1406 amantes;
2377 1359 2477 1396 nec
2498 1358 2594 1396 sua
2622 1345 2791 1399 solius
2815 1347 3037 1408 invidia,
3069 1347 3161 1400 sed
3191 1349 3501 1415 apostolica:

1923 1429 2086 1492 sedis,
2113 1447 2142 1483 a
2164 1447 2268 1499 qua
2300 1441 2552 1501 receptus
2574 1442 2712 1496 erat,
2750 1434 2860 1487 imo
2894 1436 3058 1489 totius
3079 1437 3355 1499 Ecclesiae,
3379 1452 3501 1506 qua:

1923 1532 2110 1576 secuta
2146 1523 2341 1592 capitis
2388 1526 2755 1588 sententiam,
2809 1527 3010 1595 injuria
3065 1527 3382 1582 damnatum
3443 1531 3496 1582 in

1922 1623 2106 1668 sancta
2131 1615 2338 1686 synodo
2357 1615 2791 1670 Chalcedonensi
2814 1618 3065 1671 absolvit.

1992 1706 2122 1759 Erat
2152 1707 2436 1759 enimvero
2479 1715 2607 1760 tunc
2649 1710 2912 1774 temporis
2945 1708 2998 1762 id
3026 1708 3326 1778 gloriosum
3373 1709 3498 1764 uni-

1921 1794 2178 1862 cuipiam,
2211 1793 2433 1846 eosdem
2470 1794 2673 1849 habere
2722 1797 2926 1858 hostes,
2961 1797 3323 1868 eamdemque
3371 1815 3498 1853 cum

1921 1882 2050 1936 sede.
2084 1883 2401 1952 apostolica,
2436 1885 2802 1955 universaque
2838 1887 3081 1940 Ecclesia
3113 1889 3350 1956 experiri
3383 1905 3502 1942 sor-

1924 1984 2052 2034 tem,
2099 1990 2197 2026 nec
2231 1990 2390 2044 posse
2423 1975 2730 2039 criminari,
2766 1977 2898 2046 quin
2936 1969 3342 2034 criminationis
3372 1995 3499 2049 pars

1920 2066 2150 2119 maxima
2174 2067 2226 2118 in
2249 2067 2640 2120 meumenicam
2667 2070 2932 2138 synodum
2954 2072 3284 2126 redundaret
3313 2090 3324 2124 :
3349 2089 3496 2139 nam,

1921 2164 2083 2224 prout
2125 2155 2358 2223 quisque
2411 2154 2749 2209 alliciebatur
2799 2159 2983 2212 animo
3030 2175 3157 2229 erga
3205 2161 3495 2231 synodum,

1921 2247 1991 2299 ita
2043 2246 2314 2300 sentiebat
2347 2245 2415 2300 de
2464 2246 2842 2317 Theodoretp;
2895 2250 2989 2318 qui
3037 2251 3269 2321 Eutychi
3308 2252 3496 2306 stude-

1921 2336 2071 2399 bant,
2109 2346 2403 2406 utrumque
2445 2338 2873 2404 aversabantur;
2899 2341 2990 2408 qui
3021 2351 3205 2410 partes
3239 2342 3496 2398 Ecclesiae

1917 2427 2288 2497 sequebantur
2311 2467 2325 2490 ,
2355 2429 2632 2482 communi
2670 2439 2962 2500 utrumque
2983 2432 3164 2486 studio
3195 2447 3496 2503 proseque-

1918 2519 2138 2572 bantur.

1994 2608 2054 2662 ΙΙ.
2092 2607 2182 2662 Sic
2199 2607 2485 2662 fuitunnm
2514 2608 2627 2664 fere
2661 2611 2944 2677 saeculum,
2971 2611 3303 2668 Theodoreti
3333 2629 3498 2670 causa

1917 2712 1974 2749 se
2007 2707 2285 2766 utcunque
2336 2698 2536 2766 partim
2591 2699 2964 2755 studiosorum
3017 2702 3251 2766 artibus,
3294 2705 3497 2774 partim

1917 2787 2174 2841 Ecclesiae
2221 2787 2443 2858 judiciis
2476 2796 2861 2844 sustentante:
2903 2807 3214 2862 quanquam
3263 2810 3359 2848 sex
3398 2795 3498 2849 im-

1917 2887 2232 2945 peratorum
2263 2879 2367 2932 sibi
2401 2880 2634 2934 invicem
2670 2881 3083 2935 succedentium
3109 2883 3307 2945 studia,
3337 2893 3498 2952 prout

1919 2969 2066 3022 varia
2113 2971 2460 3034 exstiterunt,
2496 2972 2569 3026 ita
2593 2972 2963 3026 conditionem
2989 2988 3169 3026 rerum
3215 2973 3497 3044 ipsamque

1923 3061 2250 3115 Theodoreti
2299 3063 2573 3117 fortunam
2613 3064 2959 3118 alternarunt
2986 3105 2998 3123 .
3053 3064 3231 3118 donec
3274 3065 3497 3121 tandem

1925 3148 2086 3201 unius
2124 3147 2385 3212 hominis,
2418 3158 2511 3204 aut
2539 3159 2688 3204 certe
2722 3152 2892 3205 trium
2917 3167 3109 3215 causa,
3141 3167 3264 3207 cum
3294 3154 3498 3208 evasis-

1922 3245 2005 3290 set
2053 3253 2343 3294 commune
2375 3248 2536 3309 atque
2581 3241 2772 3310 ingens
2807 3243 2975 3296 totius
3005 3243 3158 3296 orbis
3193 3245 3492 3310 negotium,

1922 3341 2145 3381 necesse
2181 3327 2302 3392 fuit,
2339 3341 2395 3382 ut.
2424 3331 2732 3399 conjunctis
2774 3331 3029 3386 Ecclesia:
3063 3334 3388 3404 imperiique
3411 3337 3494 3388 vi-

1922 3417 2094 3479 ribus,
2131 3419 2335 3488 quintae
2364 3420 2555 3489 synodi
2595 3423 2866 3490 generalis
2898 3423 3109 3493 judicio
3137 3423 3409 3490 finiretur,
3448 3425 3494 3480 si

1924 3518 2101 3562 tamen
2139 3511 2222 3562 vel
2261 3510 2340 3564 sic
2382 3511 2530 3564 finita
2557 3521 2672 3577 est;
2710 3528 2810 3566 nec
2839 3514 2986 3568 enim
3017 3513 3264 3570 definitio
3300 3517 3491 3586 synodi

1921 3611 2136 3670 recepta
2173 3601 2276 3654 fuit
2317 3607 2498 3656 statim
2525 3603 2592 3656 ab
2617 3604 2874 3658 omnibus
2897 3605 3057 3658 simul
3087 3605 3368 3674 Ecclesiis,
3396 3608 3493 3662 sed

1919 3689 2179 3758 paulatim
2209 3700 2265 3744 et
2295 3693 2450 3760 quasi
2491 3707 2588 3761 per
2610 3702 2812 3761 partes,
2845 3695 2985 3749 adeo
3028 3705 3087 3748 ut
3115 3697 3169 3749 in
3199 3697 3333 3752 orbe
3358 3707 3492 3754 tunc

1919 3781 2230 3850 contigerit,
2265 3783 2410 3850 quod
2442 3782 2496 3836 in
2537 3783 2673 3836 mari
2715 3785 2874 3847 solet,
2909 3795 3198 3856 postquam
3237 3789 3490 3845 horribili

1920 3881 2241 3943 tempestate
2281 3883 2616 3930 commotum
2655 3887 2774 3942 est,
2808 3881 3003 3933 silente
3033 3881 3293 3936 nimirum
3328 3885 3489 3950 coelo,

1917 3963 2097 4018 adhuc
2124 3965 2282 4020 unda
2306 3967 2573 4037 mugiunt,
2596 3983 2659 4021 ac
2681 3969 2836 4037 211
2858 3970 3009 4024 velut
3035 3986 3178 4040 {egre
3204 3983 3488 4041 pacantur.

1917 4054 1974 4107 Id
2003 4071 2109 4123 qua
2143 4057 2355 4110 ratione
2381 4058 2661 4119 acciderit,
2681 4060 3008 4130 quantisque
3051 4076 3234 4114 rerum
3257 4078 3488 4129 conver-

1918 4144 2186 4208 sionibus,
2221 4145 2424 4214 quibus
2449 4147 2731 4201 hominum
2759 4149 2971 4203 artibus
2990 4190 3003 4211 ,
3030 4159 3124 4204 aut
3147 4158 3348 4219 quanta
3398 4167 3490 4219 po-

1917 4237 2028 4291 tius
2065 4237 2318 4291 Numinis
2363 4239 2705 4307 providentia
2733 4249 3014 4308 peractum
3057 4241 3146 4301 sit.
3188 4256 3486 4310 exponere,

1918 4327 2054 4382 nihil
2090 4327 2383 4381 admodum
2437 4337 2652 4397 oportet
2708 4328 2773 4380 ad
2823 4331 3170 4392 institutum,
3219 4329 3328 4382 imo
3386 4347 3489 4386 nec

235 4433 436 4487 nempe
453 4419 676 4488 gratias,
718 4436 736 4469 ι
769 4418 840 4472 ob
866 4434 1058 4473 severa
1097 4419 1294 4474 medici
1318 4421 1578 4485 remedia,
1611 4424 1812 4477 sanita-
1846 4424 1884 4476 ι)
1911 4432 2092 4485 opera:
2111 4417 2347 4486 pretium
2367 4426 2469 4479 est,
2496 4432 2620 4470 cum
2640 4418 2807 4476 multa
2824 4417 3234 4472 Theodoretum
3257 4433 3323 4472 ex
3345 4419 3486 4472 obli-

237 4517 345 4562 tcm
366 4523 695 4578 agnoscens,
729 4523 849 4578 qua:
873 4509 999 4563 inde
1032 4511 1301 4579 processit
1321 4511 1385 4564 ⁸³.
1419 4533 1437 4563 ι

303 4596 540 4660 Exinde,
583 4597 780 4662 credo,
842 4603 1027 4652 sancte
1064 4597 1229 4662 vixit,
1275 4601 1489 4669 pristini
1550 4600 1812 4670 temporis

237 4685 442 4739 damna
467 4686 731 4750 sarciens,
756 4695 919 4756 atque
943 4687 1110 4742 etiam
1135 4688 1299 4751 forte,
1332 4706 1453 4760 qua:
1482 4706 1690 4746 summa
1713 4689 1812 4745 Dei

236 4774 642 4840 misericordia,
666 4775 867 4830 meruit
886 4784 1109 4832 sanctus
1133 4777 1264 4832 dici.

822 4892 1046 4948 CAPUT
1084 4888 1221 4948 XIV.

237 5005 280 5062 I.
309 5007 666 5088 {inpugnetur
711 5015 849 5088 post"
873 5016 1121 5088 rnor‘tem_
1141 5007 1207 5060 ab
1224 5008 1579 5088 ’θάνῃ-μανείς.
1605 5013 1811 5066 concilii

305 5074 748 5150 Chalcedonensis
776 5076 1167 5150 “Eutycltianit.
1221 5077 1286 5131 II.
1341 5077 1412 5131 Et
1455 5080 1663 5150 quidem
1689 5099 1809 5150 _per

299 5146 370 5200 60
387 5162 579 5206 annos,
597 5147 667 5218 in_
681 5145 878 5218 quibus
915 5145 1125 5218 inagna:
1143 5145 1532 5218 commotiones.
1556 5148 1651 5218 III.
1672 5145 1808 5213 Quid

297 5224 489 5270 contra
523 5214 802 5268 concilium
835 5214 1153 5288 Eutychiani
1176 5218 1532 5271 mussitarcnt.
1554 5217 1653 5273 lV.-
1668 5217 1807 5283 Quid

312 5381 340 5410 ἰ
375 5369 522 5425 Psal.
559 5384 740 5432 cxvm,
776 5369 862 5421 Ἠ.

1914 4521 2023 4574 quo
2049 4514 2260 4559 tantum
2292 4515 2541 4575 spectent
2563 4547 2575 4569 ,
2612 4517 2667 4561 et
2707 4507 2760 4560 in
2783 4507 2862 4560 eis
2886 4507 3222 4575 exponendis
3254 4506 3481 4576 diligen-

1914 4605 1998 4648 ter
2023 4597 2224 4649 versati
2256 4597 2364 4650 sint
2389 4596 2683 4665 scriptores
2715 4595 2820 4650 fide
2843 4595 3169 4664 dignissimi,
3191 4596 3356 4650 veluti
3389 4596 3489 4650 Fc"-

1915 4685 1991 4740 lix
2015 4685 2276 4744 defensor
2309 4689 2566 4742 Ecclesia":
2593 4687 2928 4751 Romanae“,
2954 4688 3240 4742 Liberatus
3260 4687 3488 4742 Cartha-

1916 4775 2160 4846 ginensis
2205 4777 2471 4832 diaconus
2493 4778 2558 4842 ⁸⁸,
2597 4777 2860 4833 Leontius
2895 4778 3223 4849 Byzantinus
3241 4779 3305 4842 “,
3339 4779 3480 4831 Eva-

1917 4867 2068 4935 grius
2084 4867 2152 4929 ⁸⁷,
2187 4876 2241 4920 ct
2271 4869 2383 4922 alii.

1985 4957 2379 5012 Prtetermissis
2439 4959 2604 5028 igitur
2663 4957 2936 5026 pluribus,
2994 4956 3300 5028 cuiusmodi
3355 4962 3484 5010 sunt

1915 5045 2172 5101 Ecclesiae
2213 5048 2592 5102 Alexandrinae
2639 5047 2958 5102 intestinum
2987 5058 3203 5102 centum
3240 5045 3352 5100 fere
3379 5060 3479 5099 an—

1912 5153 2107 5191 norum
2129 5138 2400 5201 duellum;
2430 5139 2692 5194 discessio
2721 5139 2886 5193 totius
2914 5137 3172 5193 Ecclesize
3187 5134 3480 5190 Orientalis

1915 5238 1944 5276 a
1975 5224 2236 5288 Romana,
2270 5236 2494 5295 propter
2527 5227 2934 5296 improbitatem
2973 5226 3191 5291 Acacii;
3231 5222 3476 5278 Basilisci

1569 5486 1698 5544 SCH
1709 5487 1886 5544 [ιλιι
1926 5487 2152 5544 NOTAE.

305 5644 351 5720 ’ξ
377 5641 709 5720 Ῡξςμειεὶδῑ.
733 5638 849 5720 [ξ
880 5647 952 5719 et_
975 5639 1095 5720 HG:
1168 5642 1214 5674 ⁸³
1238 5639 1412 5720 Yet-ba
1445 5651 1573 5720 sunt
1628 5642 1816 5720 Theod

1919 5642 2118 5720 d‘hunc
2144 5642 2420 5720 .locurnzn
2600 5634 2648 5694 t.’
2688 5641 2728 5701 Ι,

732 5709 779 5740 ⁸³
801 5706 1038 5762 Breviar.
1075 5709 1293 5764 haeresis
1323 5709 1628 5764 Nestorian.
1705 5712 1750 5744 ⁸⁸
1784 5711 1904 5764 Lib.
1939 5710 2013 5764 De
2030 5713 2200 5764 sectis.
2276 5713 2319 5743 ⁸⁷
2352 5711 2489 5764 Hist.
2523 5711 2619 5764 lib.
2652 5725 2688 5764 ιι
2721 5706 2911 5779 είδωι.

240 5708 372 5767 l'h'st.
419 5708 656 5779 Eutych.

2775 5657 2826 5710 p.
2881 5642 3036 5697 1457.
3129 5643 3461 5702 “Brevicul.
