4228 6446
704 339 805 400 I63

701 454 947 524 tyrannis
978 454 1295 524 religionem
1329 455 1628 519 ementita;
1668 454 1993 511 IIenoticum
2036 459 2270 523 Zenonis
2301 472 2343 525 Α

700 546 1099 603 discordiarum
1153 547 1524 610 incentivum;
1570 546 1894 616 patriarcha:
1946 551 2128 618 plures
2172 567 2270 618 pro

700 640 927 693 libidine
954 641 1263 710 principum
1301 643 1531 695 subinde
1561 648 1576 664 ‘
1604 645 1865 713 depositi;
1900 648 2115 701 feminae
2137 656 2270 707 tres,

701 732 959 793 Ariadna,
990 732 1225 787 Zenonis
1254 742 1308 787 et
1342 733 1646 797 Theodora,
1681 736 1995 789 uxoriorum
2036 738 2268 805 impera-

704 831 882 875 torum
916 824 1227 893 agitalriccs
1273 826 1425 892 quasi
1482 826 1669 889 forte;
1703 826 2131 895 Origenistarum
2158 844 2273 881 mo-

704 915 1005 967 nachorum
1038 915 1300 967 tumultus
1329 914 1381 967 in
1406 917 1710 977 Palaestina,
1735 927 1844 969 etc.
1872 918 2007 975 :his.
2027 920 2268 987 inquam,

634 996 637 999 ἰ
706 1008 1108 1076 prwtermissis,
1145 1012 1402 1077 prosequi
1437 1020 1671 1078 oportet,
1705 1028 1825 1080 quae
1854 1024 1981 1067 sunt
2015 1013 2270 1067 Theodo-

706 1099 932 1151 retizet
982 1098 1114 1151 illud
1169 1099 1459 1168 imprimis,
1492 1101 1637 1168 quod
1694 1115 1854 1155 antea
1896 1102 2101 1156 dictum
2164 1114 2268 1168 est,

704 1204 866 1257 quam
889 1199 1038 1245 arcte
1080 1193 1367 1260 conjuncta
1391 1192 1565 1260 ipsius
1596 1202 1649 1245 et
1671 1204 1873 1249 sanctm
1894 1195 2083 1265 synodi
2110 1211 2271 1249 causa

704 1281 1041 1349 populariter
1069 1283 1272 1336 credita
1314 1283 1403 1335 sit.

774 1371 861 1424 Ill.
899 1370 1000 1438 Qui
1045 1382 1227 1441 partes
1270 1373 1531 1442 Eutycbis
1574 1375 1961 1443 sequebantur,
2011 1377 2272 1432 adversus

701 1460 1141 1516 Chalcedonense
1156 1464 1445 1516 concilium
1467 1465 1635 1517 multa
1663 1465 2013 1533 objiciebant,
2041 1468 2136 1522 scd
2162 1468 2273 1521 duo

704 1554 956 1616 maxime,
987 1553 1123 1607 clam
1166 1571 1357 1616 unum,
1385 1556 1559 1624 palam
1604 1558 1869 1621 alterum;
1900 1559 2059 1612 ambo
2088 1575 2184 1627 per
2214 1576 2271 1615 se

703 1644 923 1711 quidem
951 1644 1240 1702 levissima,
1274 1646 1452 1712 gravis
1486 1655 1664 1697 tamen
1693 1649 1950 1701 momenti
1978 1649 2121 1716 apud
2156 1651 2273 1703 vul—

702 1749 802 1802 gus
842 1735 990 1787 falsis
1017 1734 1369 1801 opinionibus
1396 1745 1743 1804 occupatum.

1823 342 2198 402 GARNERII
2238 342 2731 403 DISSERTATIO
2770 343 2819 403 Ι.

3843 345 3941 410 164

2443 460 2530 514 IV.
2565 459 2690 513 Haec
2714 469 2767 512 et
2788 458 2891 512 alia
2916 457 3054 512 clam
3082 457 3184 521 illi,
3210 458 3385 527 palam
3412 474 3541 513 vero
3568 462 3932 529 querebantur

2376 550 2497 603 tria.
2552 551 2817 613 Primum,
2879 563 2989 602 non
3030 556 3241 602 tantum
3292 550 3575 604 restitutos
3639 566 3670 605 a
3731 556 3941 623 synodo

2374 638 2779 692 Tbeodoretum
2824 646 2878 692 ct
2940 638 3090 692 Ibam
3148 638 3332 707 Cyrilli
3380 638 3803 695 criminatores:
3844 643 3939 697 sed

2371 729 2536 782 etiam
2585 729 2807 797 scripta,
2832 729 3034 797 quibus
3072 736 3295 783 sanctus
3328 728 3451 783 ﬁdei
3492 730 3748 785 defensor
3776 749 3940 787 accu-

2373 822 2599 875 sabatur
2638 821 2883 885 haeresis,
2917 822 3112 890 partim
3145 821 3331 885 tacite,
3374 823 3571 889 partim
3624 833 3810 892 aperte
3840 840 3938 893 ap-

2372 912 2597 980 probata
2631 926 2773 965 esse.
2818 912 3085 973 Alterum,
3132 910 3442 964 damnatam
3480 910 3651 965 fuisse
3680 912 3942 983 Eutychis

2372 1004 2720 1067 sententiam,
2784 1003 3058 1057 laudatam
3131 1001 3491 1058 Orientalium
3552 1003 3747 1067 ﬁdem;
3800 1021 3940 1059 cum

2374 1102 2554 1146 tamen
2602 1110 2706 1148 nec
2757 1094 2846 1148 illa
2901 1110 2931 1147 a
2979 1092 3269 1147 duodecim
3300 1093 3572 1162 capitulis,
3607 1109 3708 1148 nec
3765 1095 3867 1148 ista
3910 1109 3942 1148 α

2372 1185 2606 1238 Nestorii
2658 1185 2917 1254 Opinione
2962 1183 3227 1238 differret.
3259 1185 3623 1248 Postremum,
3654 1184 3940 1256 Cyrillum,

2370 1272 2470 1324 etsi
2505 1273 2687 1326 verbis
2724 1273 3041 1328 honoriﬁcis
3069 1273 3374 1343 appelletur
3404 1273 3459 1327 in
3499 1274 3727 1342 synodo,
3763 1274 3942 1343 reipsa

2375 1372 2554 1417 tamen
2578 1364 2751 1433 rejici,
2778 1365 3146 1434 pietatemque
3170 1366 3227 1418 in
3259 1380 3325 1418 eo
3355 1365 3677 1419 catholicam
3704 1368 3943 1435 proscri-

2373 1452 2462 1517 bi;
2498 1455 2939 1523 quandoquidem
2965 1455 3195 1508 duarum
3221 1454 3422 1509 Christi
3457 1465 3779 1511 naturarum
3814 1472 3940 1526 pro-

2373 1552 2703 1611 pugnatores
2736 1544 3187 1607 restituebantur,
3224 1541 3546 1597 defensores
3590 1543 3756 1597 unius
3802 1544 3940 1614 deji-

2371 1634 2678 1687 ciebantur.

2450 1725 2507 1779 ν.
2536 1726 2725 1780 Isthmo
2762 1733 3182 1795 quantacunque
3212 1725 3316 1780 fuit
3344 1727 3588 1796 querela,
3622 1743 3729 1779 non
3762 1727 3942 1780 minus

772 1824 922 1879 Clam
958 1825 1340 1889 "IUSSil'tballl,
1386 1842 1494 1880 non
1544 1842 1663 1880 esse
1698 1838 1945 1881 coactum
1980 1829 2074 1881 Dei
2114 1840 2270 1895 nutu,

2375 1817 2612 1872 habebat
2636 1816 2945 1881 calumniae,
2974 1832 3136 1885 quam
3162 1817 3382 1872 invidia:
3411 1836 3423 1871 :
3450 1818 3729 1873 nitebatur
3761 1827 3943 1873 tamen

701 1915 798 1970 sed
822 1917 935 1970 sola
964 1916 1126 1969 unius
1160 1916 1375 1971 feminae
1420 1918 1607 1971 ulcisci
1653 1918 1961 1986 appetentis
2001 1919 2273 1989 impoten-

703 2007 774 2061 tia
804 2025 817 2059 :
845 2008 1173 2060 Marcianum
1210 2007 1465 2076 Augustin
1501 2008 1653 2060 uxori
1691 2008 2007 2062 famulatum
2041 2026 2184 2074 esse,
2214 2021 2275 2066 ut

700 2098 810 2152 dati
856 2098 1067 2167 imperii
1102 2097 1427 2153 beneﬁcium
1464 2100 1750 2162 redderet;
1788 2102 2124 2156 Pulcheriam
2150 2119 2271 2157 mu-

700 2188 854 2240 liebri
887 2189 1167 2243 iracundia
1206 2190 1372 2243 ultam
1432 2192 1593 2244 amici
1631 2196 1712 2245 sui
1753 2194 1987 2246 Fiaviani
2025 2195 2270 2263 injurias,

698 2289 753 2331 et
780 2279 978 2348 proditi
1008 2280 1067 2332 de
1092 2280 1392 2333 ordinanda
1418 2281 1723 2335 diaconissa
1757 2284 2055 2351 imperialis
2075 2289 2270 2341 secreti

700 2368 871 2422 vicem
911 2368 1247 2436 rependisse,
1304 2377 1357 2421 ut
1408 2380 1784 2439 recuperatam
1826 2373 2139 2427 dominandi
2177 2392 2273 2443 p0-

700 2467 953 2514 testatem
994 2466 1333 2521 ostentaret,
1396 2459 1586 2515 fratris
1643 2463 1792 2529 jussa
1837 2464 2003 2531 jussis
2052 2474 2271 2520 contra-

700 2549 817 2611 riis,
862 2547 1003 2601 faeta
1061 2546 1220 2599 factis
1284 2547 1590 2602 rescidisse.
1647 2550 1865 2613 Indixit,
1927 2552 2267 2621 inquiebant,

699 2636 1046 2690 Theodosius
1092 2636 1386 2691 concilium
1424 2638 1650 2691 sororia:
1692 2640 1971 2694 servitutis
2004 2641 2181 2709 liber;
2217 2653 2272 2698 et

697 2742 824 2781 ecce
850 2727 1157 2789 Puleheria,
1186 2727 1357 2780 fratre
1380 2729 1468 2779 vix
1501 2728 1780 2790 defuncto,
1809 2731 1955 2783 aliud
1974 2734 2140 2801 cogit,
2163 2750 2272 2803 quo

702 2816 850 2885 prius
883 2817 1032 2869 velut
1057 2816 1404 2869 latrocinium
1424 2818 1821 2885 proscribatur.
1844 2819 2061 2873 Miserat
2090 2821 2269 2874 Theo-

698 2905 885 2959 dosius
930 2907 997 2959 ad
1044 2906 1342 2960 concilium
1379 2908 1689 2975 cognitores
1725 2910 1883 2972 duos,
1932 2927 2165 2977 quorum
2206 2913 2268 2965 ti-

699 2997 822 3051 dem
858 3006 1113 3066 expcrtus
1137 3005 1274 3058 erat,
1299 2997 1574 3065 Elpidium
1605 3000 1881 3061 comitem,
1906 3010 1960 3052 et.
1982 3001 2267 3069 Eulogium

702 3089 1019 3154 tribunum;
1050 3088 1171 3142 illos
1210 3088 1395 3142 statim
1429 3089 1714 3143 Puleheria
1742 3091 1795 3143 in
1825 3092 2073 3144 ordinem
2110 3094 2267 3146 reda-

698 3189 817 3234 ctos
840 3180 1000 3251 ejecit
1030 3181 1172 3232 aula.
1213 3178 1584 3247 Chrysapbius
1626 3196 1737 3233 rem
1787 3183 2003 3234 concilii
2047 3199 2265 3251 promo-

700 3280 873 3330 verat,
913 3269 1024 3321 imo
1066 3277 1121 3321 et
1170 3268 1485 3336 publicam;
1529 3283 1629 3321 suo
1664 3270 1925 3338 sanguine
1966 3274 2273 3339 parentavit

700 3358 994 3414 Theodosii
1035 3359 1309 3413 manibus.
1343 3360 1588 3414 Iusserat
1611 3359 1954 3417 Theodosius
1983 3365 2271 3433 pra-sidere

702 3449 941 3503 Flaviani
984 3451 1195 3521 judicio
1233 3451 1555 3503 Dioscorum
1586 3466 1708 3503 cum
1745 3452 2005 3506 Iuvenale
2036 3468 2089 3506 et
2132 3455 2272 3507 Tha-

702 3540 883 3602 lassio,
937 3543 1134 3610 spretis
1193 3542 1451 3595 Ecclesia:
1519 3542 1776 3597 Romana:
1830 3546 2047 3612 legalis;
2101 3548 2273 3600 voluit

700 3631 987 3683 Puleheria
1020 3633 1224 3699 legatos
1258 3630 1403 3684 sedis
1442 3633 1753 3699 apostolica:
1787 3650 2016 3702 pra-esse
2043 3638 2269 3704 judicio,

699 3720 845 3788 quod
891 3720 957 3773 de.
1015 3721 1293 3782 Dioscoro,
1329 3720 1588 3774 Iuvenale
1620 3729 1675 3775 et
1724 3723 2005 3778 Thalassio
2061 3726 2268 3781 institui

695 3809 875 3878 jussit.
935 3809 1267 3862 Firmaverat
1302 3809 1642 3863 Theodosius
1688 3811 1882 3864 edictis
1925 3815 2141 3867 concilii
2187 3816 2269 3868 sui

699 3900 1065 3963 sententiam;
1120 3898 1299 3952 edicta
1353 3899 1552 3952 edictis
1598 3901 1756 3969 212
1808 3905 2098 3958 contrariis
2141 3906 2267 3959 I’ul-

699 3988 884 4042 cheria
907 3988 1207 4057 abrogavit.
1235 3988 1434 4057 Ephesi
1462 3990 1747 4044 absolutus
1769 3990 1943 4045 fuerat
1968 3993 2267 4063 Eutychos;

697 4079 1041 4133 Chalcedone
1121 4079 1432 4133 damnatur.
1499 4080 1699 4149 Ephesi
1768 4082 2075 4145 Flavianus,
2145 4102 2268 4138 cum

697 4167 872 4235 iniqui
902 4167 1116 4236 judicii,
1145 4176 1256 4221 tum
1287 4168 1512 4223 haeresis
1551 4186 1580 4222 a
1614 4171 1879 4225 Dioscoro
1908 4172 2271 4229 damnationis

697 4260 1023 4311 sententiam
1075 4261 1307 4324 tulerat;
1334 4262 1581 4314 eamdem
1620 4262 1810 4317 iisdem
1849 4264 1916 4319 de
1960 4268 2141 4320 causis
2174 4285 2267 4337 pa-

698 4349 831 4402 titur
859 4347 1205 4405 Chalcedone
1235 4352 1547 4405 Dioscorus.
1582 4353 1997 4408 Damnationem
2029 4357 2267 4411 Flaviani

696 4452 987 4494 consecuta
1012 4451 1127 4495 crat
1162 4442 1413 4511 dejectio,
1442 4444 1753 4514 deportatio
1775 4455 1829 4501 et
1866 4462 2014 4502 mors
2039 4466 2053 4513 ;
2080 4450 2268 4521 dejici-

696 4538 787 4582 tur
814 4530 1129 4593 Dioscorus,
1177 4533 1419 4601 Cangras
1458 4536 1513 4588 in
1545 4537 1798 4590 exsilium
1840 4541 2070 4607 rapitur,
2116 4532 2269 4596 exse?

695 4628 881 4674 cratus
904 4621 1177 4690 Eutychos
1204 4638 1270 4675 co
1299 4624 1538 4693 ejicitur,
1574 4642 1683 4695 quo
1708 4644 1870 4682 nemo
1898 4631 2066 4683 novit.
2095 4631 2265 4703 Chry-

695 4711 919 4778 saphins
959 4712 1225 4781 obsequio
1272 4723 1548 4769 meruerat
1588 4718 1657 4770 ab
1691 4718 2023 4786 imperatore
2045 4722 2262 4793 "diligi;

694 4810 830 4854 nutu
873 4803 1172 4857 Puleheria;
1205 4805 1498 4860 occiditur.
1532 4807 1852 4862 Prohibitus
1884 4809 2062 4864 fuerat
2091 4813 2267 4867 Theo-

692 4892 919 4946 doretus
971 4892 1161 4946 adesse
1208 4896 1415 4964 synodo
1473 4898 1783 4966 Ephesinaa,
1820 4900 1891 4953 ob
1934 4902 2168 4971 scriptos
2211 4906 2264 4958 in

691 4981 951 5054 Cyrillum
984 4982 1255 5053 ﬁdemque
1288 4986 1485 5051 libros;
1525 4990 1713 5057 jussus
1742 4999 1824 5043 est
1868 4992 2056 5046 adesse
2106 4994 2267 5048 Chal-

693 5074 1008 5137 cedonensi,
1038 5086 1094 5129 et
1122 5076 1263 5129 inter
1292 5078 1481 5131 Patres
1504 5078 1813 5141 considere,
1839 5080 2002 5133 etiam
2036 5091 2159 5136 ante
2186 5083 2268 5135 di-

686 5164 986 5232 judicatam
1014 5180 1255 5227 causam,
1294 5168 1456 5219 etiam
1516 5168 1874 5223 irretractatis
1917 5172 2090 5233 libris,
2130 5189 2267 5241 quos

692 5252 929 5310 siluisse.
983 5256 1315 5324 approbasse
1367 5256 1488 5308 fuit.
1552 5258 1757 5311 Ecclesi
1780 5279 1805 5307 ι·
1858 5260 2134 5329 Bcrytensi
2178 5264 2267 5332 jus

692 5346 1009 5414 metropolis
1069 5347 1336 5400 tribuerat
1384 5348 1727 5402 Theodosius
1768 5372 1781 5411 ;

692 5435 956 5503 synodum
987 5453 1138 5491 suam
1164 5439 1479 5495 Puleheria.

1824 5352 2105 5421 abrogavit
2164 5372 2261 5423 per

2376 1907 2706 1963 Theodoreti
2735 1909 3021 1961 sententia.
3048 1908 3338 1963 Asserebat
3360 1910 3449 1964 ille
3471 1910 3515 1940 ⁸⁸
3542 1910 3789 1964 eamdem
3822 1924 3943 1964 esse
3985 1919 3999 1927 ‘

2372 1999 2755 2065 Orientalium,
2780 2014 2900 2068 quae
2934 1999 3193 2063 Nestorii,
3225 2000 3655 2065 confessionem;
3693 2001 3942 2055 eamdem

2372 2091 2579 2160 pariter
2602 2089 2813 2161 Cyrilli,
2842 2105 2965 2144 cum
3001 2106 3103 2158 pax
3128 2090 3263 2144 inita
3280 2100 3382 2153 est,
3415 2106 3535 2160 qua
3557 2090 3938 2155 Orientalium,

2374 2179 2534 2233 ﬁdem
2584 2197 2595 2232 :
2638 2190 2803 2249 atque
2862 2180 2936 2233 ita
2996 2180 3235 2247 jactabat
3288 2179 3570 2250 Cyrillum,
3631 2190 3761 2236 tunc
3815 2197 3941 2236 cum

2372 2270 2730 2325 Orientalium
2772 2270 2931 2324 ﬁdem
2992 2272 3281 2341 reciperet,
3329 2288 3616 2328 revocasse
3656 2289 3778 2343 qua:
3814 2284 3942 2331 ante

2372 2362 2635 2416 docuerat
2668 2363 2721 2416 in
2752 2362 3041 2432 capitibus.
3071 2363 3335 2427 Addebat,
3366 2365 3543 2433 ipsum
3573 2366 3628 2420 in
3669 2368 3942 2436 capitibus

2372 2455 2519 2509 aliud
2551 2471 2831 2525 nunquam
2862 2456 3134 2519 docuisse,
3169 2470 3330 2525 quam
3362 2457 3508 2527 quod
3542 2467 3636 2512 aut
3659 2458 3940 2528 Apollina-

2372 2546 2487 2600 rius
2517 2547 2666 2610 olim,
2703 2555 2799 2601 aut
2852 2557 2980 2603 tunc
3026 2548 3317 2619 Eutyches.
3370 2549 3659 2606 Nitebatur
3688 2552 3731 2583 "
3772 2552 3939 2605 etiam

2372 2635 2594 2704 querela
2618 2636 2734 2690 haec
2768 2638 3046 2691 communi
3072 2638 3317 2691 omnium
3341 2638 3599 2707 opinione
3623 2639 3937 2703 scientium,

2372 2728 2638 2781 Eranista:
2696 2729 2939 2798 dialogos
2989 2729 3336 2798 imperatoris
3392 2729 3650 2783 mandato
3707 2729 3941 2785 ﬂammis

2373 2817 2603 2871 traditos
2634 2818 2891 2882 fuisse",
2923 2818 3066 2886 quod
3111 2818 3297 2890 Cyrilli
3338 2827 3393 2872 et
3438 2818 3723 2890 Eutychis,
3758 2821 3939 2875 tacitis

2371 2909 2594 2976 quidem
2632 2909 2967 2973 nominibus,
3005 2909 3098 2963 sed
3137 2910 3682 2979 certisargumentis,
3708 2925 3936 2965 consen-

2371 2998 2579 3050 sionem
2620 2998 2913 3051 ostendere
2955 2998 3320 3051 moliebantur

2441 3087 2529 3141 Vl.
2575 3088 2697 3142 Ilrec
2726 3104 2848 3141 cum
2881 3088 3213 3157 importune,
3251 3104 3579 3158 quocunque
3612 3099 3855 3158 tempore
3883 3096 3940 3145 et

2371 3194 2698 3247 quocunque
2738 3180 2859 3232 loco
2893 3180 2962 3232 ab
2985 3180 3338 3249 Eutycliianis
3362 3181 3813 3244 obtrudcrentur,
3836 3194 3939 3235 att-

2372 3270 2556 3323 dicndi
2606 3269 3003 3324 consuetudine
3052 3269 3251 3323 factum
3291 3281 3405 3334 est,
3445 3281 3525 3335 ut,
3577 3270 3722 3339 quod
3774 3269 3937 3323 tradit

2372 3358 2661 3415 Facundus
2689 3365 2755 3426 ⁷⁸,
2791 3363 3128 3430 populariter
3159 3362 3495 3426 crederetur,
3526 3364 3669 3415 inter
3700 3361 3937 3416 Nestorii

2371 3459 2425 3503 et
2467 3451 2731 3521 Eutychis
2775 3450 3103 3509 doctrinam.
3134 3451 3237 3504 hoc
3270 3460 3371 3513 est,
3410 3453 3551 3504 inter
3587 3451 3817 3504 duarum
3843 3465 3939 3503 na-

2371 3552 2616 3595 turarmn
2651 3550 2705 3594 ct
2734 3542 2895 3595 unius
2920 3542 3594 3604 confessionem,medinm
3622 3541 3779 3611 213
3801 3542 3936 3595 nihil

2368 3648 2526 3695 esse;
2579 3643 2743 3701 atque
2804 3633 2875 3685 ita
2935 3633 3037 3685 hac
3098 3634 3150 3686 in
3220 3633 3572 3687 contentione
3637 3633 3941 3701 quemlibet

2370 3732 2464 3775 aut
2510 3723 2861 3776 Nestorianas
2907 3731 3091 3792 partes
3143 3723 3296 3792 sequi
3345 3722 3567 3785 debere,
3627 3719 3722 3775 aut
3765 3722 3937 3791 Euty-

2370 3815 2615 3866 ehianas.

2442 3907 2565 3960 llaec
2586 3906 2771 3975 opinio
2804 3899 3201 3959 incredibiliter
3232 3904 3445 3958 inhzesit
3472 3904 3795 3973 populorum
3820 3904 3941 3957 ani-

2372 3998 2495 4060 mis,
2543 3998 2657 4052 sive
2703 3998 2755 4051 id
2793 3997 2975 4052 eﬂ'ecit
3002 4012 3159 4051 error
3193 3996 3414 4059 mentis,
3440 3995 3554 4049 sive
3584 3995 3813 4049 affectus
3837 4010 3938 4048 vo-

2370 4090 2593 4144 luntatis
2622 4107 2633 4141 :
2661 4099 2819 4158 atque
2846 4090 2969 4143 inde
2998 4089 3262 4159 originem
3293 4087 3449 4141 duxit
3469 4086 3659 4157 ingens
3688 4086 3937 4155 quaedam

2372 4182 2540 4235 totius
2584 4182 2732 4236 orbis
2772 4182 3087 4246 commotio,
3124 4197 3244 4251 qua:
3290 4182 3379 4234 vix
3417 4179 3710 4249 aliquando
3752 4178 3935 4234 sedata

2369 4281 2472 4326 est.

2444 4365 2460 4384 ⁶
2486 4346 2595 4417 ἮΙῖ
2635 4363 2770 4416 Dum
2821 4370 3112 4431 agerentur
3164 4361 3430 4414 luctuosa:
3473 4360 3597 4423 illas,
3635 4375 3773 4430 quas
3808 4375 3936 4429 per-

2326 4508 2343 4549 ὶ
2372 4455 2715 4516 strinximus,
2754 4453 3052 4523 tragoediae,
3085 4460 3140 4505 et
3179 4451 3535 4505 occidentalis
3568 4451 3792 4519 insuper
3831 4450 3935 4504 Ec-

2370 4545 2535 4599 clesia
2570 4544 2889 4597 orientalem
2912 4543 3109 4597 Acacio
3138 4541 3409 4596 addictam
3436 4541 3816 4596 communione
3841 4556 3939 4594 sua

2371 4636 2691 4695 abstineret,
2721 4646 2814 4687 aut
2856 4649 2963 4686 non
2999 4632 3328 4686 audiebatur
3351 4630 3681 4685 Theodoreti
3715 4645 3937 4693 nomen,

2369 4743 2481 4795 pra:
2512 4726 2662 4778 orbis
2695 4726 2931 4779 tumultu
2963 4742 2977 4789 ;
3007 4733 3101 4778 aut
3134 4724 3177 4777 si
3215 4723 3560 4785 audiebatur,
3585 4720 3731 4791 quod
3757 4724 3939 4776 credi-

2369 4817 2552 4877 bilius,
2599 4815 2728 4884 quid
2771 4831 2838 4869 eo
2896 4814 3087 4879 ﬁeret,
3141 4814 3421 4868 memoriae
3465 4827 3629 4866 nemo
3666 4811 3938 4865 tradidit:

2369 4908 2567 4977 conjici
2615 4916 2793 4961 tamen
2836 4918 3117 4976 utcunque
3170 4913 3350 4977 potest
3373 4923 3438 4960 ex
3474 4914 3720 4960 veterum
3746 4919 3943 4957 monu-

2370 4999 2589 5060 mentis,
2641 5014 2763 5066 quae
2814 5008 3132 5067 supersunt,
3176 5009 3233 5053 et
3272 4997 3489 5051 duobus
3531 4995 3834 5065 praesertim
3874 5011 3942 5049 ex

2368 5087 2641 5149 conciliis,
2700 5089 2845 5157 quod
2913 5098 3205 5158 utrumque
3248 5086 3567 5142 Anastasius
3620 5086 3939 5154 imperator,

2368 5179 2565 5246 partim
2594 5178 3087 5249 Constantinopoli,
3120 5181 3316 5249 partim
3349 5177 3550 5232 Sidone
3575 5176 3628 5229 in
3656 5175 3941 5229 Palaestina

2368 5267 2613 5334 coegisse
2649 5268 2852 5321 dicitur
2880 5288 2889 5321 :
2916 5272 3140 5323 alterius
3171 5270 3354 5323 Victor
3393 5267 3758 5330 'l‘unonensis,
3807 5267 3941 5321 alte-

2367 5358 2481 5409 rius
2500 5359 2762 5427 Evagrins
2791 5361 3061 5420 meminit,

2440 5447 2513 5499 De
2567 5448 2748 5516 priore
2809 5450 2879 5502 ita
2926 5441 3107 5502 Victor
3131 5450 3173 5479 τ’
3208 5469 3220 5502 :
3256 5469 3273 5498 ι
3310 5448 3487 5503 Gibbo
3520 5450 3581 5503 Υ.
3621 5447 3680 5504 C.
3716 5448 3939 5504 consule

1994 5575 2307 5631 tCHllLle
2350 5578 2581 5634 ΝΟΤᾹΞ.

759 5659 804 5691 ⁸³
831 5658 950 5710 Vid.
979 5660 1137 5727 epist.
1179 5660 1244 5714 ad
1292 5660 1607 5719 liimcrium.

688 5727 785 5782 ob.
817 5730 919 5779 Pro
947 5729 1106 5780 tribus
1134 5732 1287 5798 rapit.
1370 5735 1414 5766 "
1456 5735 1592 5788 Vict.
1636 5735 1848 5789 Tuuon.
1891 5727 1946 5789 in
1978 5738 2220 5792 Chronic.

1687 5667 1730 5697 "
1767 5667 1902 5743 Vid._
1934 5678 2070 5743 part.
2129 5686 2184 5743 in
2217 5686 2370 5724 conc.
2407 5672 2665 5730 Cbalad.
2697 5688 2815 5743 cap.
2853 5674 2931 5727 I0.

3041 5678 3080 5705 7"
3119 5677 3250 5733 \‘ide
3279 5694 3463 5747 supra,
3498 5694 3529 5748 p
3589 5676 3709 5735 164.
3797 5680 3833 5708 ⁷⁸
3876 5676 3936 5733 In
