4228 6446
220 364 320 427 165

1406 360 1767 421 HISTORIA
1808 360 2317 423 TIIEODURETI.

3388 366 3489 430 t66

216 479 542 534 Anastasius
604 479 922 548 imperator,
1004 477 1261 529 Flaviano
1332 476 1675 529 Antiocheno
1753 483 1809 528 et
1839 482 1880 533 Α
1914 474 2179 545 integrata
2221 477 2487 544 pravitate
2523 479 2842 531 Anastasius
2882 476 3135 530 infamem
3166 486 3222 531 et
3251 457 3487 532 irriden-

219 572 526 625 Pbiloxeuo
579 569 990 638 Hierapolitano
1051 567 1418 637 prmsulibus,
1485 565 1801 620 Constanti-

215 662 465 731 mpolim
545 661 815 731 synodum
897 669 1219 729 congregat,
1291 668 1348 713 et
1414 667 1607 713 contra
1677 658 1803 711 Dio-

214 757 421 808 dorum
497 754 845 815 Tarsensem,
910 753 1263 806 Theodorum
1334 751 1800 820 Mopsuestenum,

213 862 343 900 cum
394 846 639 915 scriptis,
710 845 1107 899 Theodoritum
1178 843 1326 916 Cyri,
1410 844 1558 897 Ibam
1632 843 1802 897 Edes-

214 954 437 1000 senum,
473 938 772 999 Andream,
804 936 1371 1007 Eutherium,Cyrum
1427 945 1483 989 et
1534 934 1800 989 Joannem

211 1030 543 1097 episcopos,
589 1036 927 1095 czeterosque
963 1027 1119 1091 alios,
1156 1028 1250 1097 qui
1316 1028 1370 1080 in
1418 1026 1637 1081 Christo
1666 1026 1803 1080 duas

214 1119 599 1188 pradicahant
666 1127 913 1183 naturas,
967 1118 1213 1188 duasque
1278 1118 1513 1182 formas,
1572 1128 1630 1173 et
1706 1118 1798 1187 qui

214 1227 327 1264 nou
402 1211 801 1265 conﬁterentur
868 1226 1039 1264 unum
1117 1210 1187 1264 de
1272 1209 1539 1264 Trinitate
1618 1196 1804 1265 ’ἐι-υυὶ-

215 1304 414 1367 ﬁxum,
451 1318 560 1357 una
597 1318 721 1356 cum
773 1302 953 1356 Leone
996 1301 1258 1371 episcopo
1301 1302 1569 1364 Romano,
1600 1310 1656 1355 et
1683 1302 1803 1370 ejus

210 1404 404 1459 torno,
442 1403 610 1464 atque
664 1392 1099 1448 Chalcedonensi
1156 1395 1363 1449 svuodo
1422 1393 1620 1446 inferre
1668 1407 1801 1446 ana-

214 1488 406 1541 thema
440 1486 737 1556 persuasit.
776 1504 795 1535 ι

286 1577 367 1629 Ex
416 1576 529 1630 illis
581 1582 707 1629 octo
755 1574 1031 1645 episcopis
1087 1572 1297 1642 priores
1341 1588 1435 1626 sex
1488 1571 1600 1625 noti
1652 1579 1800 1635 sunt,

210 1668 562 1737 posteriores
588 1668 700 1721 duo
741 1668 941 1737 partim
977 1682 1044 1720 ex
1073 1664 1407 1721 Theodoreti
1443 1663 1689 1732 epistolis
1714 1662 1803 1717 in-

211 1769 538 1823 notescunt,
569 1761 767 1830 partim
800 1776 868 1815 ex
906 1759 1044 1813 actis
1082 1758 1302 1813 concilii
1340 1757 1633 1827 Ephesini;
1675 1771 1800 1811 nam

1911 567 2033 619 dam
2066 568 2332 637 synodum
2361 568 2503 635 apud
2534 570 2791 623 Sidoncm
2816 568 3115 633 civitatem,
3148 584 3282 622 Lux
3317 568 3487 622 ferme

1912 657 2247 725 perfidorum
2288 658 2560 727 episcopis
2606 659 2966 729 congregatis,
2996 660 3259 713 adversus
3295 659 3489 713 ortho-

1910 748 2175 801 doxorum
2210 749 2499 819 episcopos
2548 750 2663 804 ﬁeri
2709 752 3017 820 imperavit.
3063 751 3348 805 Flavianus
3380 751 3490 806 An-

1914 839 2126 893 tiochia:
2168 842 2475 896 catholicus
2517 843 2854 912 patriarcha,
2897 853 2952 898 et
2992 845 3230 898 Joannes
3276 844 3489 899 Pallen-

1910 930 2050 985 sium
2078 934 2265 1003 oppidi
2298 936 2564 1004 pontifex,
2597 938 2853 1005 quoniam
2893 939 3041 991 hunc
3078 946 3281 991 emtum
3314 938 3487 991 sacri-

1909 1022 2088 1092 legum
2116 1027 2454 1092 refellerunt,
2489 1030 2541 1082 in
2570 1030 2871 1092 castellum,
2901 1030 3045 1100 quod
3076 1031 3234 1087 Petra
3262 1031 3485 1093 dicitur,

1907 1117 2126 1171 exsules
2159 1120 2309 1173 missi
2339 1131 2484 1176 sunt.
2518 1121 2597 1175 lbi
2630 1122 2915 1175 Flavianus
2946 1124 3226 1176 confessor
3256 1121 3486 1186 Christi,

1908 1205 1967 1260 in
2008 1208 2238 1263 Domino
2269 1213 2537 1281 requievit
2565 1232 2577 1266 :
2610 1214 2875 1268 Joannem
2912 1214 3158 1268 Justinus
3188 1213 3485 1285 Augustus,

1910 1312 2034 1350 mox
2075 1298 2371 1367 imperator
2404 1302 2596 1365 factus,
2634 1304 2930 1357 revocavit.
2973 1322 2989 1353 ι

1981 1390 2184 1443 Verum
2221 1392 2491 1447 Palaestini
2538 1395 2790 1449 monachi
2836 1396 2887 1448 in
2928 1394 3127 1449 litteris
3165 1395 3229 1448 ad
3268 1395 3490 1465 Alcyso—

1909 1496 2035 1534 nem
2068 1498 2181 1535 rem
2213 1486 2537 1553 explicatius
2566 1497 2795 1542 narrant
2825 1506 2837 1541 :
2875 1488 2918 1543 si
2949 1497 3149 1549 tamen,
3175 1497 3235 1542 ut
3262 1488 3489 1557 quibus-

1910 1567 2034 1621 dam
2067 1571 2304 1635 videtur,
2343 1588 2411 1627 eo
2452 1576 2748 1643 pertinent,
2785 1592 2905 1645 qua!
2937 1576 3003 1630 de
3029 1577 3233 1631 Xenaia
3277 1587 3333 1632 et
3367 1578 3489 1632 Fla-

1910 1661 2071 1716 viano
2109 1662 2452 1720 Antiocheno
2485 1668 2745 1737 episcopo
2762 1669 3027 1726 referunt.
3064 1688 3094 1724 ι.
3121 1668 3377 1733 Xenaias,
3408 1669 3493 1724 in.

1911 1754 2110 1823 quiunt
2141 1758 2206 1819 ",
2245 1759 2431 1812 nescio
2477 1775 2588 1827 quo
2634 1760 2884 1825 consilio,
2927 1776 3179 1831 nec-qua
3221 1761 3289 1815 de
3328 1776 3491 1817 causa

213 1854 272 1908 in
305 1854 449 1909 actis
471 1852 649 1925 Cyrus
669 1853 876 1908 dicitur
898 1853 1378 1921 Marcopolitanus,
1406 1851 1645 1905 Joannes
1669 1849 1808 1905 Ger-
1842 1839 1879 1891 Β
1909 1856 2193 1917 susceptas
2216 1849 2481 1904 adversus
2517 1851 2835 1905 Flavianum
2867 1854 3180 1907 inimicitias
3202 1869 3488 1917 exercens,

214 1948 583 2002 maniciensis
624 1946 936 2016 episcopus.
966 1944 1047 1999 Ad
1091 1950 1386 2011 utrumque
1428 1942 1468 1995 Τ
1475 1942 1809 1996 heodoretus

210 2040 485 2111 epistolas
530 2039 694 2103 fecit;
746 2037 815 2091 ad
860 2036 1064 2108 Cyrum
1115 2034 1388 2088 decimam
1444 2033 1692 2096 tertiam,
1738 2032 1804 2086 ad

208 2134 486 2188 Joannem
522 2130 882 2185 centesimam
923 2127 1240 2183 vicesimam
1279 2125 1547 2195 quintam,
1577 2134 1633 2178 et
1679 2139 1808 2178 cen-

214 2223 474 2277 tesimam
510 2221 827 2275 vicesimam
862 2225 1133 2289 quartam.

284 2312 410 2365 Erit
442 2310 700 2373 fortasse,
732 2309 826 2377 qui
856 2315 1075 2360 moneat
1104 2319 1215 2358 non
1247 2318 1367 2358 esse
1397 2303 1515 2356 sine
1545 2302 1805 2356 observa-

214 2402 366 2456 tione
399 2398 872 2471 praetereuudum,
914 2395 1060 2465 quod
1101 2394 1167 2448 de
1206 2394 1422 2448 Andrea
1452 2402 1507 2446 et
1540 2392 1807 2446 Eutherio

215 2494 486 2548 scribitur
513 2510 525 2544 :
556 2490 683 2546 inde
714 2491 863 2545 enim
891 2489 1067 2542 lucem
1100 2487 1351 2557 accipere
1378 2484 1523 2555 quod
1553 2483 1805 2547 traditur,

215 2596 332 2640 tum
362 2602 395 2640 a
429 2585 770 2655 Theophane
805 2584 861 2637 in
897 2581 1373 2652 Chronographia,
1402 2579 1673 2634 Andream
1712 2578 1809 2633 Sa-

215 2687 571 2733 mosatenum
614 2693 646 2731 a
690 2677 950 2731 Dioscoro
989 2675 1188 2744 Ephesi
1226 2672 1536 2740 depositqu
1582 2688 1594 2723 :
1629 2680 1741 2723 tum
1774 2686 1804 2723 a

214 2770 512 2826 monachis
554 2769 856 2823 Palaestinae
894 2767 949 2821 in
995 2764 1240 2835 Epistola
1277 2763 1344 2817 ad
1384 2763 1706 2833 Alcysoncm
1738 2762 1805 2815 de

216 2879 451 2918 numero
494 2862 903 2930 episcoporum,
934 2873 1073 2928 quos
1104 2854 1427 2927 Eutychiani
1460 2845 1806 2907 anathemate

215 2969 518 3023 percussos
549 2954 773 3006 vellent.
803 2952 1005 3003 Verum
1042 2948 1248 3003 fallitur
1287 2946 1473 3000 Victor
1504 2958 1655 2997 more
1683 2957 1803 3004 suo,

215 3063 317 3101 nec
369 3046 741 3114 Theophanes
789 3042 1102 3096 audiendus
1145 3048 1257 3102 est,
1308 3038 1551 3105 ﬁdesque
1599 3045 1804 3089 temere

214 3136 511 3191 monachis
537 3134 848 3188 adhibenda
877 3151 890 3185 :
917 3148 1020 3186 nec
1054 3132 1201 3186 enim
1234 3139 1327 3183 aut
1358 3129 1447 3183 ille
1480 3136 1575 3180 aut
1603 3127 1691 3181 isti
1717 3142 1803 3181 sa-

1911 1946 2174 2006 praetextu
2211 1946 2388 1993 tamen
2417 1940 2561 2003 fidei,
2595 1950 2652 1993 ut
2679 1941 2927 2010 plerique
2954 1950 3198 2005 narrant,
3228 1942 3493 1996 adversus

1909 2044 2034 2082 eum
2083 2032 2445 2094 commoveri,
2505 2048 2742 2103 eumque
2794 2044 3049 2103 tanquam
3101 2035 3489 2090 Nestorianum

1909 2119 2228 2173 calumniari
2278 2123 2463 2190 οωρὶῐ.
2500 2122 2607 2176 Sed
2653 2140 2777 2177 cum
2827 2125 2914 2177 ille
2958 2125 3269 2180 Nestorium
3304 2127 3489 2193 simul,

1907 2211 2137 2278 ejusque
2169 2214 2483 2280 opinionem
2514 2230 2615 2267 suo
2641 2216 2986 2271 anathemate
3026 2218 3358 2284 damnasset,
3384 2219 3491 2273 Xe-

1910 2300 2063 2353 naias
2095 2302 2286 2355 relicto
2311 2303 2561 2357 Nestorio
2585 2306 2650 2358 ad
2681 2306 2974 2361 Diodorum
3007 2318 3377 2380 transgressus
3392 2324 3495 2372 est,

1908 2400 1960 2443 et
1988 2393 2054 2444 ad
2083 2393 2431 2448 Theodorum
2466 2406 2522 2450 et
2548 2398 2966 2463 Theodoritum,
2996 2400 3143 2454 Ibam
3174 2417 3237 2456 ac
3263 2400 3488 2473 Cyrum,

1908 2491 1965 2537 et
2004 2483 2326 2538 Eutherium
2378 2503 2442 2542 ac
2489 2488 2778 2552 Joannem,
2817 2490 3061 2561 aliosque
3103 2492 3291 2547 nescio
3326 2509 3486 2563 quos,

1908 2588 2009 2626 nec
2071 2574 2215 2627 unde
2273 2577 2567 2639 collectos,
2619 2595 2684 2632 ex
2740 2581 2942 2649 quibus
2992 2582 3211 2652 quidam
3251 2581 3488 2639 Nestorii

1908 2665 2104 2735 dogma
2151 2684 2337 2722 revera
2382 2672 2555 2724 secuti
2598 2671 2833 2735 fuerant,
2858 2674 3078 2742 quidam
3114 2690 3248 2729 vero
3277 2691 3399 2731 cum
3432 2678 3489 2733 in

1906 2758 2274 2825 suspicionem
2315 2762 2434 2829 ejus
2464 2763 2541 2815 rei
2576 2763 2869 2828 venissent,
2904 2775 3090 2835 postea
3120 2768 3262 2822 idem
3290 2770 3488 2841 dogma

1907 2862 2007 2900 suo
2041 2848 2388 2902 anathemate
2422 2850 2833 2915 damnaverant,
2862 2863 2917 2907 et
2949 2857 3003 2908 in
3045 2856 3299 2914 Ecclesia
3338 2874 3493 2914 com-

1909 2939 2168 2992 munione
2210 2951 2513 2996 extremum
2555 2943 2699 2997 diem
2742 2945 3071 3001 clauserant.
3117 2945 3244 3011 Hos,
3286 2950 3487 3020 inquit,

1908 3045 2083 3083 omnes
2130 3031 2433 3086 Nt’storiani
2481 3035 2739 3104 dogmatis
2794 3046 3080 3092 assertores
3121 3043 3221 3094 nisi
3267 3044 3492 3097 auat/te-

1908 3124 2619 3185 matizaveris,Nestorianus
2635 3145 2705 3189 es,
2723 3130 2839 3181 licet
2853 3130 3039 3183 millies
3054 3131 3351 3187 Nestorium
3368 3152 3485 3190 cum

216 3231 284 3284 tis
315 3228 611 3282 historiam
649 3233 921 3279 noverunt
958 3223 1266 3284 hominum,
1296 3226 1435 3290 quos
1460 3227 1798 3271 memorant:
1832 3198 1873 3255 ε
1908 3213 2147 3267 doctrina
2187 3216 2348 3285 ipsius
2385 3220 2818 3273 anathenwtizcs.
2846 3222 3076 3292 Scriptis
3108 3227 3120 3242 '
3147 3225 3313 3279 etiam
3344 3227 3488 3281 litte-

217 3336 412 3390 nempe
441 3328 572 3372 ante
598 3317 866 3387 synodum
902 3315 1276 3369 latrocinalem
1300 3313 1410 3365 vita
1433 3317 1801 3383 excesserant,

216 3422 307 3467 aut
349 3422 507 3467 certe
547 3410 861 3479 episcopatu
908 3406 1154 3461 Andreas
1192 3414 1249 3458 et
1282 3403 1579 3457 Eutherius
1622 3420 1633 3454 :
1679 3416 1803 3454 nam

217 3504 483 3557 Rusticus
520 3500 751 3554 Andrezc
798 3512 1083 3553 successor
1122 3496 1265 3548 inter
1310 3493 1597 3561 episcopos
1637 3492 1807 3545 latro-

216 3595 344 3648 cinii
391 3602 653 3646 censetur
687 3592 752 3652 7",
813 3600 869 3643 et
919 3587 1139 3642 Patricii
1199 3586 1508 3655 Tyanorum
1558 3583 1806 3653 prmsulis

216 3686 363 3739 vices
396 3686 453 3737 in
491 3683 685 3737 eodem
718 3679 1008 3734 latrocinio
1040 3677 1203 3747 214
1233 3676 1542 3745 Anthymus
1577 3676 1801 3746 presby-

221 3788 297 3830 ter
328 3777 523 3847 gessit.
574 3774 703 3828 Inde
744 3773 949 3841 pariter
997 3769 1382 3831 emcndantur,
1413 3767 1507 3836 qui
1554 3784 1651 3836 pro
1692 3769 1803 3821 Eu-

218 3869 395 3921 therio
426 3865 766 3921 Eucherium
808 3873 899 3916 aut
940 3860 1318 3915 Eieutheriutn
1338 3900 1352 3923 ,
1380 3876 1479 3927 pro
1503 3857 1641 3928 Cyro
1668 3858 1800 3923 Qui—

217 3974 332 4012 rum
361 3966 461 4011 aut
486 3955 749 4026 Cyrillum
775 3956 980 4024 legunt.

309 4048 424 4103 Cur
486 4056 671 4101 autem
746 4046 982 4099 Diodoro
1040 4045 1364 4099 Theodorus
1416 4047 1799 4115 eonjuugatur,

216 4139 513 4193 Theodoro
558 4137 940 4191 Theodoretus
984 4144 1040 4190 et
1092 4136 1246 4199 ibas,
1302 4136 1519 4205 utrique
1558 4136 1803 4189 Andreas

216 4244 269 4287 et
299 4232 624 4293 Eutherius,
659 4230 917 4284 omnibus
947 4229 1123 4299 Cyrus
1157 4237 1213 4283 et
1252 4229 1509 4289 Joannes,
1546 4244 1709 4281 causa
1747 4229 1801 4281 in

215 4331 474 4391 promptu
517 4331 601 4374 est
644 4337 655 4371 :
704 4335 827 4373 nam
882 4319 1149 4373 Diodorus
1200 4318 1548 4373 Theodormn
1591 4319 1797 4379 docuit,

218 4422 515 4480 utrumque
561 4409 939 4463 Theodoretus
983 4417 1038 4462 et
1088 4409 1211 4463 lhas
1260 4410 1654 4473 defenderunt,
1694 4409 1800 4462 An-

213 4505 371 4557 dreas
426 4510 485 4555 ct
546 4501 842 4555 Eutherius
900 4501 1163 4556 adversus
1214 4500 1476 4571 Cyrillum
1531 4502 1797 4555 virulenta

212 4594 414 4662 scripta
465 4592 779 4647 ediderunt.
830 4591 1004 4661 Cyrus
1058 4600 1112 4645 et
1167 4593 1406 4647 Joannes
1467 4592 1796 4647 Theodoreti

211 4694 396 4751 partes
466 4684 733 4737 acerrime
791 4698 1161 4753 propugnasse
1220 4684 1580 4752 perhibentur
1633 4684 1796 4735 :imo

210 4775 494 4830 societatis
532 4789 656 4828 cum
703 4774 954 4828 Nestorio
1000 4776 1314 4843 suspicione
1360 4776 1598 4829 Joannes
1643 4775 1796 4828 labo-

210 4867 382 4928 ravit,
433 4881 669 4934 eamque
716 4865 787 4918 oh
828 4881 941 4919 rem
982 4866 1035 4918 in
1090 4866 1325 4920 concilio
1362 4864 1792 4920 Chalcedonensi

205 4962 393 5027 jussus
426 4966 515 5012 est
541 4956 795 5011 Nestorio
824 4957 1110 5011 anathema
1136 4956 1319 5010 dicere
1347 4958 1411 5007 ⁷³.

278 5049 417 5103 V111.
457 5048 533 5102 De
574 5048 746 5101 altero
779 5048 1012 5101 concilio
1054 5058 1147 5102 aut
1179 5047 1465 5101 latrocinio
1497 5046 1699 5116 potius,
1738 5047 1791 5099 in

206 5154 316 5209 quo
371 5137 709 5192 mentionem
777 5137 1109 5192 Theodoreti
1172 5137 1369 5191 factam
1437 5136 1789 5206 scripsimus,

205 5229 468 5299 quodque
519 5238 769 5282 coactum
823 5228 1057 5298 legimus
1103 5228 1172 5281 ah
1227 5227 1543 5290 Anastasio,
1591 5226 1791 5281 Sidone

208 5319 263 5371 in
303 5318 593 5372 Palaestina
632 5330 778 5371 anno
812 5315 1016 5370 Christi
1048 5316 1172 5379 512,
1200 5316 1469 5370 Anastasii
1498 5316 1588 5379 ‘22,
1623 5317 1793 5370 Paulo

205 5416 259 5459 et
284 5405 537 5460 Muciano
561 5421 727 5469 coss.,
760 5407 874 5460 haec
905 5407 1071 5460 tradit
1096 5405 1439 5460 Marcellinus
1468 5407 1510 5435 τδ
1544 5424 1554 5459 ;
1599 5426 1615 5455 ι
1649 5406 1793 5459 Red-

1909 3303 1985 3358 ris
2008 3305 2072 3356 ad
2102 3306 2341 3360 fautores
2370 3308 2612 3362 Dioscori
2647 3320 2701 3363 et
2736 3312 3015 3382 Entychis,
3047 3329 3143 3369 eos
3171 3318 3486 3382 concitavit,

1907 3395 2143 3450 suadens
2183 3398 2285 3460 eis,
2328 3407 2386 3451 ut
2430 3400 2531 3453 sibi
2573 3400 2836 3456 adversus
2876 3404 3190 3460 Flavianum
3232 3408 3488 3477 praesidio

1907 3496 2112 3550 essent,
2150 3488 2310 3557 215
2360 3492 2750 3563 exigerentque
2793 3496 2859 3548 ab
2896 3511 2984 3555 eo,
3022 3513 3130 3551 non
3171 3500 3393 3568 quidem
3428 3509 3490 3557 ut

1908 3574 2078 3644 ipsam
2109 3579 2398 3646 synodum,
2422 3580 2515 3633 sed
2551 3591 2610 3634 ut
2638 3598 2730 3636 eas
2756 3584 3015 3639 duntaxat
3044 3604 3327 3655 personas.
3350 3606 3489 3660 quas

1906 3684 2070 3738 supra
2092 3672 2387 3734 nominavi,
2418 3675 2762 3729 anathemate
2787 3677 3074 3734 damnaret
3097 3698 3110 3732 :
3133 3683 3336 3750 quibus
3357 3700 3484 3740 cum

1906 3761 2196 3816 Flavianus
2220 3764 2509 3833 episcopus
2531 3766 2623 3819 diu
2648 3769 2989 3839 multutnque
3024 3774 3334 3839 restitisset,
3368 3777 3488 3831 alii-

1904 3870 2010 3921 que
2039 3870 2229 3908 rursus
2262 3872 2385 3909 cum
2424 3856 2628 3910 Xenaia
2668 3862 2931 3914 adversus
2963 3862 3111 3915 illum
3154 3864 3485 3919 insnrrexis-

1904 3953 2058 4009 sent,
2107 3946 2399 4000 Eleusinus
2454 3949 2664 4002 scilicet
2726 3950 2947 4018 quidam
2997 3950 3356 4021 Cappadociae
3400 3971 3486 4009 se-

1905 4036 2098 4090 cundae
2127 4037 2438 4104 cpiscopus,
2466 4038 2646 4093 Nicias
2670 4038 2951 4094 Laodiceae
2974 4056 3095 4109 qua:
3116 4053 3199 4097 est
3223 4043 3277 4096 in
3305 4044 3480 4115 Syria.

1905 4136 1959 4182 et
1986 4144 2048 4182 ex
2083 4129 2202 4182 aliis
2235 4130 2371 4183 locis
2403 4131 2517 4191 alii,
2555 4148 2795 4199 quorum.
2828 4133 2938 4186 odii
2976 4134 3239 4188 adversus
3272 4136 3483 4191 Flavia-

1904 4237 2033 4275 num
2062 4238 2310 4291 quamam
2336 4237 2512 4276 causa:
2543 4223 2765 4287 fuerint,
2791 4224 2936 4279 haud
2971 4236 3217 4282 nostrum
3245 4236 3349 4292 est,
3383 4228 3479 4283 sed

1904 4314 2133 4367 aliorum
2168 4328 2480 4383 exponere:
2523 4316 2739 4369 tandem
2783 4317 2904 4370 illos
2937 4317 3040 4372 hoc
3079 4318 3223 4372 facto
3261 4320 3480 4389 quietu-

1906 4422 1994 4460 ros
2028 4406 2343 4463 arbitratus.
2377 4408 2541 4460 cessit
2583 4409 2796 4463 illorum
2836 4411 3207 4476 contentioni;
3243 4428 3477 4482 eumque

1834 4536 1875 4590 ο
1904 4497 2246 4565 supradictas
2270 4514 2529 4566 personas
2552 4500 2753 4567 scripto
2773 4500 3304 4565 anathematizasset,
3322 4502 3477 4558 lihel-

1905 4587 2015 4640 lum
2048 4604 2205 4640 suum
2237 4588 2302 4639 ad
2338 4588 2720 4657 imperatorem
2750 4589 2897 4642 misit
2924 4607 2934 4639 :
2965 4606 3085 4642 nam
3118 4598 3172 4643 et
3206 4590 3352 4645 hunc
3382 4593 3499 4646 ad-l

1906 4696 2095 4732 versus
2142 4680 2496 4743 Flavianum,
2549 4690 2802 4749 tanquam
2850 4681 3158 4735 Nestoriani
3208 4682 3476 4753 dogmatis

1904 4782 2382 4839 propugnatorem,
2425 4781 2848 4825 commoverant.
2901 4772 3005 4825 Sed
3055 4788 3230 4841 neque
3268 4772 3369 4826 hac
3414 4789 3473 4826 re

1903 4873 2191 4916 contentus
2227 4863 2458 4917 Xenaias
2498 4865 2679 4933 exegit
2725 4863 2920 4917 iterum
2955 4880 2985 4917 a
3028 4864 3302 4927 Flaviano,
3333 4873 3387 4919 ut
3419 4874 3475 4920 et

1900 4953 2163 5021 synodum
2194 4952 2385 5021 ipsam,
2416 4962 2470 5005 et
2505 4968 2598 5005 eos
2633 4952 2724 5019 qui
2759 4952 2894 5004 duas
2923 4961 3144 5007 naturas
3171 4952 3227 5007 in
3254 4952 3474 5007 Christo

1903 5043 2364 5111 praxlieaverant,
2422 5044 2643 5097 alteram
2697 5043 2910 5105 carnis,
2960 5044 3185 5097 alteram
3233 5043 3471 5107 deitatis,

1900 5135 2230 5189 anathemati
2261 5136 2570 5204 subjiceret.
2604 5154 2619 5184 ι

1971 5225 2058 5277 l.\'.
2090 5224 2238 5293 Opus
2260 5225 2360 5277 fuit
2390 5234 2494 5277 tam
2522 5224 2732 5293 prolixo
2760 5224 3093 5288 testimonio,
3128 5222 3325 5293 partim
3348 5226 3477 5295 quia

1901 5317 2184 5370 historiam
2202 5317 2425 5387 exponit
2447 5316 2667 5371 aliunde
2685 5316 2996 5381 obscuram,
3015 5318 3214 5386 partim
3227 5317 3293 5373 ad
3317 5319 3477 5373 intel-

1898 5408 2199 5479 ligendtnn,
2223 5426 2328 5478 qua
2365 5410 2448 5464 via
2476 5409 2713 5465 solerent
2738 5408 3087 5480 Eutychiani,
3115 5423 3256 5481 quos
3301 5409 3480 5466 abdu-

1552 5571 1867 5629 SCIIL’LZII
1907 5571 2133 5626 NOTAE.

276 5705 319 5733 ’³
354 5702 474 5756 \‘iul.
510 5703 631 5757 Act.
659 5717 812 5757 conc.
850 5702 1108 5758 Chalced.

190 5790 323 5843 θείη).
373 5772 463 5827 34.

1191 5703 1230 5733 ⁷³
1260 5702 1377 5757 Vid.
1411 5703 1539 5757 Arta
1577 5722 1733 5759 conc.
1766 5696 2027 5760 Chalretl.
2059 5716 2162 5759 act.
2199 5709 2246 5755 κ.

2334 5712 2371 5735 ⁷⁵
2403 5710 2455 5758 In
2494 5710 2733 5761 (Jhromr.

2821 5709 2861 5739 τε
2890 5709 3008 5763 Vid.
3032 5709 3224 5781 Evagr.
3265 5710 3362 5765 lib.
3398 5726 3477 5771 tu.
