4228 6446
725 388 822 450 167

1854 385 2234 443 GARNERII
2276 384 2777 449 DISSERTATIO
2814 387 2862 449 Ι.

3898 382 4001 448 168

720 512 848 551 cere
878 495 1122 550 vellenta
1154 494 1279 553 lide,
1317 508 1413 547 eos
1434 492 1497 545 ad
1535 491 2051 545 condemnationem
2086 490 2306 545 concilii
2342 497 2379 547 A
2412 492 2741 558 calumnias,
2775 503 2939 563 atque
2970 492 3039 546 ab
3091 491 3287 546 iisdem
3333 491 3574 551 defendi,
3613 507 3641 543 a
3679 490 3880 559 quibus
3913 492 4000 543 vel

723 586 1189 643 Chalcedonensis
1219 600 1433 654 cogere.
1460 583 1738 637 .lubebant
1769 584 2007 651 primunt
2058 583 2311 637 Nestorio

726 677 1014 732 anathema
1038 675 1244 737 dicere,
1272 682 1385 729 tum
1408 672 1646 727 Nestor-ii
1687 672 2015 735 fautoribus,
2038 686 2163 724 mox
2191 671 2307 723 fau-

725 781 907 822 torum
939 768 1348 837 receptoribus,
1385 774 1442 819 et
1486 765 1705 819 tandem
1744 764 1981 818 concilio
2013 763 2313 817 Chalcedo-

725 859 904 923 nensi,
934 857 1278 926 duarumque
1316 865 1637 910 naturarum
1673 854 2072 925 pugnatoribus
2117 871 2131 905 :
2184 870 2311 907 nam

726 952 819 1005 ubi
861 952 1029 1006 semel
1067 950 1357 1004 damnatus
1398 947 1580 1002 fuerat
1628 948 1934 1010 Nestorius,
1966 946 2115 1015 quod
2149 961 2311 1000 nemo

725 1044 1030 1099 catholicus
1068 1042 1354 1104 renuehat,
1384 1041 1626 1109 proclive
1653 1048 1772 1093 erat
1800 1053 1896 1092 eos
1926 1038 2133 1107 pariter
2153 1036 2311 1091 dam-

726 1152 880 1199 nare,
905 1135 997 1203 qui
1047 1134 1131 1187 vel
1179 1133 1565 1187 Nestorianum
1592 1130 1912 1184 docuissent
1939 1145 2207 1192 errorem,
2252 1137 2314 1183 ut

727 1226 997 1281 Diodorus
1022 1233 1076 1278 et
1120 1225 1479 1286 Theodorus;
1514 1223 1599 1275 vel
1632 1229 1910 1276 errantem
1950 1220 2312 1275 nihilominus

725 1318 1059 1377 laudassent,
1099 1325 1158 1370 ut
1206 1314 1586 1369 Theodoretus
1621 1323 1676 1367 et
1717 1313 1857 1375 Ibas,
1884 1312 2078 1382 Cyrus,
2105 1313 2313 1365 Euthe-

728 1411 844 1463 rius
890 1418 948 1463 et
996 1409 1235 1463 Joannes
1285 1406 1772 1460 Gertnaniciensis.
1832 1404 2137 1458 Anathema
2180 1418 2312 1458 vero

728 1508 1017 1569 postquam
1055 1498 1109 1550 in
1148 1511 1245 1551 eos
1292 1496 1572 1551 incussum
1604 1505 1743 1559 erat,
1782 1495 2008 1549 retineri
2037 1496 2161 1564 jure
2201 1510 2311 1549 non

727 1597 965 1661 poterat,
990 1589 1289 1658 quominus
1313 1588 1619 1657 pertineret
1655 1588 1722 1641 ad
1747 1586 1919 1655 ipsam
1944 1602 2164 1656 quoque
2184 1602 2311 1641 san-

728 1694 873 1739 ctam
904 1683 1197 1754 synodum,
1237 1682 1439 1750 quippe
1488 1694 1612 1748 qua:
1660 1678 1911 1731 homines
1939 1677 2135 1746 dignos
2178 1693 2311 1730 ana-

734 1775 997 1838 themate,
1040 1782 1266 1843 propter
1296 1770 1524 1825 haeresis
1558 1770 1901 1834 societatem,
1933 1783 2030 1822 sua
2062 1783 2310 1822 commu-

729 1860 895 1915 nione
921 1860 1183 1915 donasset
1204 1859 1355 1915 velut
1374 1859 1708 1915 Catholicos.

802 1952 870 2009 Ut
895 1962 983 2008 est
1007 1952 1167 2008 istius
1195 1952 1387 2024 synodi
1433 1951 1730 2006 admodum
1760 1951 1993 2006 obscura
2024 1950 2309 2015 memoria,

728 2045 802 2101 ita
831 2046 1006 2116 ipsius
1034 2046 1246 2116 singula
1286 2061 1428 2115 aegre
1455 2045 1788 2115 colliguntur
1818 2060 1883 2099 cx
1904 2052 2155 2099 veterum
2199 2060 2315 2098 mo-

728 2139 1010 2193 nimentis.
1059 2137 1396 2193 Convenisse
1455 2139 1733 2208 octoginta
1774 2136 1947 2192 ferme
2001 2138 2309 2207 episcopos,

730 2230 897 2284 tradit
948 2229 1275 2284 Theodorus
1323 2229 1569 2284 Lector:
1614 2230 1822 2286 indicat
1872 2229 2175 2299 praefuisse,
2220 2240 2311 2283 aut

727 2322 921 2376 saltem
948 2321 1318 2391 principatum
1342 2321 1446 2375 sibi
1483 2335 1769 2391 arrogasse
1800 2320 2175 2375 Cothericium
2198 2320 2314 2376 Ca:-

727 2430 897 2469 sarea:
945 2414 1342 2485 Cappadociae,
1382 2425 1439 2470 et
1487 2414 1755 2469 Xenaiam
1802 2429 1899 2469 seu
1950 2415 2312 2470 Philoxcnum

728 2506 1037 2576 ilierapolis
1067 2506 1392 2569 antistitem,
1423 2506 1572 2576 quod
1622 2507 1820 2563 rationi
1862 2516 2173 2576 temporum
2212 2507 2311 2561 ad-

726 2608 981 2654 versatur
1016 2616 1029 2652 :
1063 2599 1253 2653 ambos
1276 2598 1571 2669 perhibent
1600 2598 1766 2654 fuisse
1801 2600 2084 2654 hominum
2109 2600 2314 2669 impro-

727 2690 1004 2755 bissimos,
1031 2690 1259 2745 idoneos
1301 2690 1452 2760 impii
1498 2690 1846 2761 imperatoris
1888 2691 2190 2753 ministros,
2219 2707 2314 2759 pa-

729 2797 817 2837 res
839 2781 1239 2851 Acephalorum
1265 2780 1575 2852 signiferos,
1599 2782 1786 2837 hostes
1825 2781 1972 2847 fidei,
1997 2790 2312 2838 sanctorum

728 2874 1091 2937 victimarios,
1129 2882 1186 2928 et
1216 2890 1357 2943 pene
1388 2874 1675 2929 carnifices
1713 2893 1726 2929 :
1768 2876 2064 2944 perhibent
2107 2876 2315 2946 pariter

730 2965 1041 3035 suppositas
1057 2964 1377 3019 orthodoxis
1406 2964 1800 3030 confessiones,
1822 2947 2117 3035 omniaqhe
2149 2967 2315 3021 modo

730 3072 830 3126 per
868 3056 1000 3119 vim,
1041 3055 1205 3108 modo
1230 3070 1331 3124 per
1348 3054 1535 3108 dolum
1558 3066 1798 3125 peracta.
1822 3055 1962 3121 Quid
1994 3056 2205 3109 multa?
2235 3057 2315 3111 Ex

732 3148 835 3203 hac
865 3147 1075 3218 synodo
1126 3147 1270 3216 pulsi
1323 3147 1579 3200 feruntur
1627 3146 1851 3201 sedibus
1895 3147 2011 3201 suis
2057 3146 2315 3202 catholici

731 3241 1015 3311 praesules,
1050 3238 1337 3307 exsiliique
1361 3238 1621 3291 :erumnis
1644 3238 1843 3307 partim
1877 3238 2085 3299 amicti,
2116 3239 2317 3307 partim

732 3328 1032 3399 absumpti,
1070 3336 1131 3380 ut
1164 3327 1426 3380 admirari
1453 3336 1705 3396 oporteat
1729 3342 1927 3380 arcana
1953 3326 2154 3381 divinre
2179 3344 2312 3397 pro-

730 3422 990 3476 videntiae
1019 3420 1268 3483 consilia,
1316 3419 1482 3472 trium
1518 3418 1882 3487 capitulorum
1911 3419 2316 3473 damnationem

730 3516 840 3585 jam
877 3512 1005 3566 inde
1027 3510 1325 3566 molientis.

807 3605 972 3674 216
1001 3602 1071 3656 Χ.
1100 3603 1299 3656 Narrat
1319 3601 1646 3655 Theodorus
1678 3600 1879 3656 Lector
1904 3601 1973 3665 '",
2004 3600 2171 3655 Heliae
2191 3600 2318 3655 Hie-

734 3696 1133 3766 rosolymorum
1171 3692 1434 3763 episcopo
1473 3694 1801 3762 prasccpisse
1840 3694 2192 3749 Anastasium
2221 3694 2322 3747 im-

735 3795 1067 3857 peratorem,
1095 3795 1156 3838 ut
1185 3785 1456 3857 synodum
1484 3788 1890 3855 episcOporum,
1936 3786 2029 3854 qui
2060 3787 2164 3840 sub
2202 3786 2322 3856 ipso

734 3889 913 3940 erant,
948 3876 1251 3946 colligeret,
1294 3884 1351 3928 et
1373 3882 1628 3944 quartam
1680 3875 1947 3946 synodum
1993 3875 2318 3930 damnaret:

737 3966 943 4020 Heliam
972 3981 1102 4019 vero
1137 3964 1408 4035 synodum
1456 3980 1566 4018 non
1598 3979 1980 4035 congregasse,
2005 3966 2098 4020 sed
2145 3967 2320 4020 solum

736 4056 1054 4127 imperatori
1095 4056 1315 4111 dedisse
1359 4057 1595 4121 litteras,
1648 4057 1852 4126 quibus
1896 4057 2215 4111 Nestorium
2268 4067 2325 4112 et

737 4150 1044 4221 Eutychen,
1087 4151 1386 4205 Diodorum
1413 4153 1547 4207 item
1583 4160 1641 4205 et
1674 4150 2027 4205 Theodorum
2057 4152 2179 4221 (nec
2216 4151 2322 4205 du-

737 4244 890 4296 bium
912 4243 1047 4311 quin
1068 4251 1403 4297 memoratos
1424 4243 1605 4312 alios),
1640 4243 1813 4313 ipsam
1852 4259 2071 4314 quoque
2092 4243 2324 4299 Chalce-

736 4336 1036 4391 donensem
1076 4336 1345 4407 synodum
1396 4336 1702 4392 damnaret.
1732 4335 2002 4407 Opinatur
2056 4336 2324 4390 Baronius

738 4427 794 4481 id
827 4427 1093 4496 scriptum
1116 4444 1146 4481 a
1172 4428 1464 4484 Theodoro
1489 4430 1557 4484 de
1578 4429 1734 4484 Helia
1759 4444 1859 4498 per
1896 4444 2144 4483 errorem
2175 4447 2186 4481 :
2226 4428 2323 4483 sed

2416 585 2590 636 sancti
2629 585 2831 638 Leonis
2863 585 3164 654 apostolica
3199 583 3361 648 fides,
3400 583 3484 637 vel
3517 583 3775 636 Ecclesia:
3804 583 4000 635 catho-

2415 673 2533 727 licae
2587 673 2839 727 detinitio
2886 675 3169 729 miraculis
3223 683 3565 744 propugnata
3623 684 3725 727 est.
3770 673 3999 728 Verum.

2412 766 2673 834 quoniam
2730 768 2944 828 animi,
3006 775 3294 836 postquam
3355 765 3741 820 vehementius
3828 767 3999 820 semel

2414 858 2673 911 commoti
2702 866 2850 921 sunt,
2882 858 2973 911 vix
3018 874 3079 913 se
3122 858 3410 912 continent
3438 858 3579 911 intra
3622 856 3851 911 rationis
3879 872 4002 910 mo-

2413 948 2567 1012 dum,
2602 949 2697 1003 sed
2735 950 2941 1019 impetu
2990 950 3106 1018 rapi
3122 950 3311 1004 solent
3350 949 3565 1019 longius
3591 964 3754 1018 quam
3781 947 3863 1002 fas
3886 948 3999 1001 sit:

2414 1039 2643 1109 contigit
2687 1049 2746 1095 ut
2790 1040 3049 1111 Cyrensis
3071 1042 3252 1095 clerus
3278 1040 3624 1111 populusque
3651 1038 4003 1093 scinderetur

2412 1132 2469 1186 in
2500 1141 2701 1202 partes,
2732 1133 2876 1195 aliis,
2911 1134 3130 1203 opinor,
3166 1133 3547 1203 sequentibus,
3575 1132 3700 1185 aliis
3740 1130 4002 1201 fugienti-

2415 1224 2519 1278 bus
2561 1224 2812 1295 Sergium
2847 1226 3190 1295 episcopum,
3224 1239 3389 1294 quem
3422 1223 3659 1279 Severus
3700 1222 4006 1277 Antioche-

2413 1331 2520 1369 nus
2562 1317 3030 1386 Eutychianorum
3068 1316 3497 1387 perditissimus,
3537 1323 3593 1370 et
3645 1315 3730 1369 sui
3760 1314 4004 1368 nominis

2415 1415 2584 1462 sectae
2624 1418 2819 1461 auctor
2865 1410 3236 1463 ordinaverat.
3266 1407 3506 1478 Contigit
3535 1407 3702 1461 etiam
3733 1408 3750 1427 '
3786 1415 3847 1460 ut
3875 1420 4005 1475 pars

2415 1499 2590 1569 major
2615 1498 2994 1566 imprudenter
3040 1512 3098 1553 se
3148 1498 3490 1553 Nestorianis
3522 1496 3854 1567 quibusdam
3885 1505 4002 1548 tum

2416 1590 2720 1654 monachis,
2759 1600 2873 1645 tum
2905 1590 3140 1654 clericis,
3171 1590 3503 1660 adjunxerit.

2486 1682 2763 1734 lncautam
2808 1681 3217 1736 multitudinem
3246 1681 3584 1750 impulerunt
3620 1679 3731 1733 duo
3771 1678 3827 1731 in
3878 1692 4004 1747 spe-

2416 1772 2556 1826 ciem
2592 1772 2821 1827 honesta
2847 1790 2859 1825 :
2887 1772 3220 1827 Theodoreti
3254 1773 3519 1834 studium,
3543 1785 3707 1840 quem
3733 1768 4005 1841 Cyrenses

2418 1881 2559 1937 pene
2583 1866 2910 1929 adorahant,
2933 1874 2987 1920 et
3027 1865 3217 1920 odium
3244 1865 3693 1928 Severianorum,
3735 1880 3766 1918 a
3797 1863 4005 1933 quibus

2420 1958 2656 2013 duarum
2713 1967 3034 2012 naturarum
3076 1966 3380 2013 assertores
3438 1958 3557 2011 dira
3622 1972 3801 2027 nuper
3854 1952 4002 2025 passi

2418 2061 2595 2107 erant.
2645 2051 2942 2121 Utriusque
3010 2051 3320 2106 affectionis
3376 2050 3693 2106 communio
3737 2048 4004 2105 suadebat

2418 2144 2575 2199 facile
2629 2158 2826 2214 puram
2877 2159 2997 2198 esse
3052 2143 3280 2199 sceleris
3329 2144 3472 2200 hanc
3527 2144 3867 2207 societatem,
3895 2157 4004 2211 qua

2418 2235 2622 2288 bellum
2656 2241 2943 2304 gereretur
2977 2234 3133 2303 quasi
3162 2248 3401 2296 sacrum,
3431 2241 3487 2289 et
3533 2248 3854 2288 communes
3903 2232 4004 2285 ho-

2419 2335 2531 2380 stes
2555 2324 2961 2395 frangerentur,
2988 2324 3278 2395 utriusque
3323 2332 3537 2378 natura:
3576 2323 3804 2378 haeresis
3832 2322 4005 2378 elide-

2420 2428 2592 2473 1⁵61111⁵.

2492 2509 2557 2563 ll.
2579 2508 2841 2581 Cyrensis
2870 2493 3035 2580 igitur
3066 2506 3326 2563 Ecclesia:
3347 2506 3533 2561 clerici
3569 2505 3699 2569 duo,
3728 2504 4004 2561 Androni-

2420 2618 2519 2656 cus
2569 2602 2856 2672 presbyter
2895 2616 2959 2655 ac
2992 2600 3269 2663 defensor,
3309 2608 3365 2655 et
3398 2597 3670 2668 Georgius
3714 2597 4002 2660 diaconus,

2420 2703 2673 2748 auctores
2713 2693 2935 2747 fuerunt
2969 2690 3331 2753 multitudini,
3361 2700 3423 2745 ut
3464 2689 3893 2761 aggrederentur
3927 2688 4007 2741 fa-

2421 2785 2578 2838 cinus
2613 2784 2855 2840 audaciae
2888 2785 3287 2855 plenissimum.
3322 2782 3402 2836 Ad
3433 2781 3749 2838 audendum
3778 2781 4007 2852 juvahat

2421 2877 2666 2931 conditio
2718 2893 2928 2931 rerum.
2979 2876 3217 2932 Severus
3257 2877 3405 2931 enim
3432 2876 3501 2930 ab
3549 2876 3879 2945 imperatore
3908 2873 4008 2928 Ju-

2421 2968 2565 3024 stino
2594 2970 2886 3032 Antiochia
2923 2970 3132 3039 ejectus
3162 2968 3374 3039 fugerat
3411 2966 3827 3031 Alexandriam;
3866 2965 4007 3019 Pau-

2420 3061 2507 3115 lus
2540 3061 2774 3115 duarum
2803 3069 3125 3115 naturarum
3162 3069 3403 3115 assertor
3429 3061 3485 3113 in
3522 3059 3704 3113 locum
3745 3057 4007 3128 fugientis

2422 3153 2581 3221 217
2607 3161 2950 3206 successerat
2998 3170 3009 3205 :
3047 3151 3173 3205 inde
3224 3150 3421 3206 aﬂlicta
3450 3150 3671 3219 quidem
3707 3158 3791 3203 est
3838 3149 4011 3218 Euty-

2422 3244 2745 3300 chianorum
2806 3243 2990 3306 factio,
3027 3258 3137 3296 non
3189 3250 3373 3297 tamen
3404 3250 3709 3311 prostrata;
3761 3239 4009 3293 animum

2421 3336 2567 3407 enim
2629 3350 2807 3404 nuper
2854 3336 3011 3403 quasi
3076 3333 3364 3405 tyrannide
3420 3333 3627 3389 elatum
3683 3330 4012 3386 continebat

2424 3428 2610 3496 potius
2646 3442 2808 3495 quam
2840 3426 3172 3495 deponchat.

2495 3519 2581 3571 lll.
2647 3518 2717 3572 Ut
2775 3516 2993 3571 alllictis
3032 3516 3381 3573 insultarent.
3409 3514 3619 3579 clerici,
3672 3529 3810 3584 quos
3871 3512 4011 3576 dixi,

2422 3608 2755 3662 Theodoreti
2782 3608 3077 3677 imaginem
3105 3608 3293 3663 currui
3324 3608 3636 3677 impositam
3671 3606 4015 3675 triumphan-

2426 3702 2492 3756 tis
2522 3716 2675 3755 more
2713 3701 2765 3754 in
2797 3700 3075 3754 civitatem
3111 3700 3505 3765 introducunt;
3541 3699 3910 3753 circumfusus
3926 3706 4015 3753 est

2422 3789 2690 3860 plaudens
2714 3790 2970 3858 populus,
2998 3796 3055 3843 et
3093 3797 3424 3859 personante
3454 3789 3696 3858 epinicio
3718 3828 3731 3851 ,
3762 3786 4015 3857 procedit

2424 3898 2619 3951 pompa
2666 3881 2733 3935 ad
2775 3881 3061 3950 templum,
3114 3895 3326 3949 suoque
3376 3879 3576 3933 throno
3626 3878 4015 3933 Theodoretus

2423 3974 2763 4038 restituitur;
2796 3973 3110 4027 celebratur
3133 3974 3352 4042 synaxis
3380 3985 3534 4025 sacra
3567 3970 3621 4023 in
3651 3969 4009 4030 Theodoreti,

2424 4064 2783 4133 Diodorique,
2825 4074 2881 4118 et
2909 4063 3187 4118 Theodori
3212 4064 3514 4129 honorem;
3544 4062 3652 4115 imo
3682 4072 3738 4117 et
3769 4062 4010 4116 Nestorii

2422 4156 2680 4226 martyris
2733 4156 2792 4208 lit
2850 4156 3139 4220 memoria;
3187 4163 3448 4224 operatur
3495 4155 3687 4215 sacris,
3721 4152 3866 4222 quod
3919 4153 4010 4207 in-

2424 4262 2592 4300 nuere
2624 4247 2845 4300 videtur
2864 4247 3066 4300 Justini
3105 4244 3338 4309 sanctio,
3382 4245 3615 4313 ipsemet
3646 4242 3871 4311 Sergius
3892 4244 4013 4312 cpi-

2423 4351 2642 4405 scopus.
2669 4335 2808 4400 Quid
2835 4335 2981 4389 enim
3005 4350 3116 4388 non
3140 4334 3281 4388 ausit
3313 4333 3595 4403 popularis
3616 4332 3856 4393 vesania,
3883 4347 4011 4385 cum

2424 4426 2581 4480 furor
2608 4426 2929 4495 religionem
2956 4425 3292 4480 ementitur?

738 4520 1079 4589 argumentis
1107 4520 1222 4574 suis
1240 4534 1351 4574 non
1375 4518 1562 4584 efficit,
1589 4528 1649 4575 ut
1670 4521 1775 4591 ipsi
1798 4534 1991 4575 omnes
2014 4519 2321 4575 assentian—
2356 4548 2399 4603 θ
2498 4516 2585 4571 ιν.
2624 4517 2757 4570 Tam
2810 4517 3065 4585 projectae
3110 4515 3377 4577 audaciae,
3409 4522 3680 4583 tantaeque
3713 4513 4013 4582 impietatis

742 4622 851 4667 tur.

1368 4724 1594 4781 CAPUT
1631 4725 1746 4780 XV.

740 4817 783 4871 Ι.
821 4816 1319 4889 ϐοηυετεὶοίηῖιιπι
1358 4818 1663 4872 Theodoreti
1708 4819 1767 4871 ob
1810 4816 2094 4889 tumultum
2126 4817 2324 4889 Cyren-

807 4904 937 4941 sem.
971 4888 1037 4949 Ii,
1062 4887 1455 4959 IIILInducitur
1488 4889 1653 4957 ipsius
1687 4888 1867 4959 imago
1897 4887 2325 4959 Cyrumitrium-

808 4960 896 5028 plti
928 4974 1089 5010 more.
1130 4957 1209 5010 Fit
1256 4960 1472 5029 synaxis
1524 4960 1585 5029 in
1624 4957 1816 5027 ipsius,
1845 4957 1953 5011 imo
1995 4967 2044 5011 et
2094 4957 2322 5029 Nestorii

810 5026 1062 5098 martyris
1090 5026 1357 5081 honorem.
1391 5028 1477 5081 Ν.
1515 5026 1653 5098 Inde
1680 5030 1958 5098 commotio
1999 5029 2055 5080 in
2087 5026 2317 5082 Oriente.

810 5098 873 5153 ν.
908 5097 1208 5167 Imperator
1231 5099 1592 5168 jubetinquiri
1622 5097 1685 5149 de
1711 5115 1783 5150 re.
1807 5098 1883 5152 Vl.
1917 5097 2153 5150 Incertus
2178 5116 2323 5167 qua:-

809 5169 990 5220 stionis
1050 5177 1281 5220 eventus.
1356 5167 1475 5221 V'll.’
1524 5167 1742 5237 Tempus
1814 5176 1947 5221 acta:
2033 5169 2318 5235 traga’dia’.

819 5238 948 5291 VIII.
995 5238 1140 5292 Unde
1182 5240 1556 5290 monachorum
1604 5236 1787 5307 religio
1828 5254 1954 5307 erga
2000 5237 2318 5291 Nestorium.

1146 5324 1221 5375 Ab
1247 5339 1375 5374 anno
1400 5321 1579 5375 Christi
1604 5326 1697 5373 518
1725 5326 1782 5374 ad
1808 5326 1917 5373 5‘27.

814 5421 857 5476 l.
893 5422 1170 5477 Hactenus
1194 5424 1486 5479 honestum
1518 5422 1699 5478 fuerat
1729 5424 1799 5477 ab
1832 5424 1899 5478 iis
1924 5425 2111 5478 vexari
2148 5424 2328 5477 Theo-

746 5512 922 5568 doreti
954 5531 1176 5578 nomen,
1207 5533 1442 5585 quorum
1476 5518 1728 5586 impietas
1757 5526 1886 5571 nota
1925 5526 2071 5572 esset
2105 5537 2116 5570 :
2152 5518 2327 5571 fuerat

746 5612 804 5659 et
842 5606 1159 5674 gloriosum,
1189 5624 1509 5663 communes
1558 5610 1669 5679 pali
1718 5624 1842 5664 cum
1883 5619 2069 5665 sancta
2117 5609 2326 5679 synodo

2428 4609 2641 4663 novitas
2661 4608 2957 4661 commovit
2985 4609 3203 4671 merito,
3225 4622 3334 4660 non
3368 4614 3576 4660 tantum
3605 4606 3826 4676 Cyrum,
3852 4606 4015 4673 cujus

2423 4701 2479 4754 in
2509 4699 2685 4754 oculis
2728 4714 2817 4753 res
2848 4699 3128 4769 agebatur,
3180 4699 3276 4752 sed
3310 4700 3494 4763 etiam,
3525 4699 3666 4753 fama
3725 4699 4010 4767 vnlgante,

2423 4800 2593 4847 totam
2636 4791 3081 4862 Euphratesiam,
3115 4792 3273 4861 cujus
3310 4791 3607 4860 provinciae
3638 4806 3761 4860 pars
3787 4798 3871 4843 est
3903 4788 4011 4860 Cy—

2422 4900 2517 4938 rus
2560 4902 2571 4936 :
2602 4884 2710 4937 imo
2733 4893 2788 4938 et
2828 4884 3000 4952 ipsam
3030 4882 3401 4946 Antiochiam,
3434 4880 3729 4937 Orientalis
3755 4880 4013 4935 diceeesis

2429 4976 2663 5046 primam
2704 4975 2912 5041 sedem,
2945 4984 3112 5045 atque
3141 4975 3305 5031 etiam
3332 4973 3886 5043 Constantinopolim,
3914 4972 4018 5025 im-

2430 5068 2567 5136 perii
2596 5076 2781 5136 caput.

2500 5157 2603 5222 Qui
2653 5156 2853 5228 Cyrum
2890 5156 3223 5219 incolebant,
3264 5153 3590 5226 Eutychiani
3648 5155 4019 5208 communiter

2432 5258 2595 5317 atque
2643 5248 2911 5303 Catholici
2951 5258 3287 5303 curaverunt
3318 5264 3347 5301 a
3377 5246 3671 5301 defensore
3695 5254 3844 5315 gesta
3885 5262 4018 5298 con-

2437 5340 2546 5402 lici,
2572 5356 2693 5407 quae
2726 5340 2792 5393 ad
2828 5340 3115 5408 praesidem
3159 5340 3459 5410 provincim
3492 5339 3865 5393 mitterentur.
3903 5338 4017 5391 Eu-

2436 5428 2673 5498 tychiani
2710 5430 3061 5499 singulariter
3094 5431 3159 5485 ad
3202 5433 3496 5501 primatem
3536 5429 4017 5499 Hierapolitanum

2434 5518 2501 5572 de
2528 5534 2585 5572 re
2613 5527 2723 5572 tota
2756 5522 3082 5575 retulerunt.
3122 5522 3172 5575 ls
3202 5533 3319 5576 erat
3355 5520 3595 5574 Xenaias
3619 5535 3714 5573 seu
3754 5519 4019 5573 Philoxe-

2433 5627 2537 5665 nus
2556 5612 2955 5679 Aecphalorum
2984 5614 3373 5682 nequissimus.
3401 5611 3659 5667 Confecta
3698 5618 3827 5665 sunt
3847 5610 4018 5663 etiam

2085 5744 2404 5802 SCHULZII
2445 5745 2678 5801 ΝΟΤᾸΞ.

819 5841 861 5873 ”
893 5840 1012 5895 Lib.
1042 5858 1077 5896 ιι
1100 5842 1233 5895 Hist.
1264 5840 1440 5894 eches.
