4228 6446
187 355 286 422 163

1370 364 1731 424 HISTORIA
1768 366 2277 435 TIIEODORETI.

3342 378 3443 443 1το

124 484 132 495 ·
190 480 487 538 Antiochiae
510 490 687 554 gesta,
715 481 921 536 auditis
948 478 1216 534 militibus
1236 477 1304 533 de
1335 476 1499 533 tertio
1534 491 1764 530 numero
1795 482 1840 537 A
1867 486 2112 548 consule,
2141 487 2207 539 ad
2253 486 2495 543 Orientis
2525 488 2839 559 praefectum
2880 489 3048 545 Sacra
3082 488 3439 546 scriberetur,

187 573 688 638 Stabilisiauorum,
732 575 828 644 qui
883 572 1009 645 Cyri
1054 571 1306 635 aderant,
1333 569 1466 624 dum
1510 577 1768 638 ageretur

187 667 398 733 fabula;
428 669 642 737 perlata
700 679 830 722 sunt
876 667 933 721 in
978 667 1174 721 urbem
1227 665 1430 735 regiam
1458 670 1515 717 et
1570 662 1684 716 hac
1712 672 1767 715 et

189 759 272 812 illa
304 776 319 810 :
354 758 583 814 additur
608 759 985 827 Euphratesia:
1017 756 1313 828 provincia:
1360 755 1766 823 episcOporum,

187 852 466 922 ipsiusque
486 852 663 921 Sergii
688 852 929 915 libellus,
950 866 1061 920 quo
1082 849 1367 904 Nestorius
1394 846 1766 905 damnaretur,

185 954 237 997 et
265 952 512 1012 quatuor
530 942 897 997 conciliorum
925 941 1062 995 ﬁdes
1090 940 1438 1010 probaretur.

250 1036 313 1089 γ.
348 1034 623 1089 Perlectis
653 1034 932 1097 omnibus,
968 1032 1269 1102 imperator
1296 1027 1558 1098 praefecto
1577 1023 1772 1079 Orien-

188 1126 255 1181 tis
285 1125 381 1180 dat
414 1125 733 1195 inquirendi
774 1124 1112 1187 mandatum,
1141 1129 1198 1176 et
1226 1119 1360 1174 illud
1397 1117 1620 1188 quidem
1650 1129 1772 1168 vcr-

188 1221 289 1283 l-is,
325 1228 390 1274 ut
422 1235 527 1287 par
557 1226 696 1279 erat,
725 1216 851 1272 ﬁdei
885 1215 1070 1271 studio
1096 1212 1334 1269 incensis
1369 1210 1432 1262 ⁷⁸.
1477 1227 1494 1258 ι
1528 1207 1606 1262 Ne
1640 1203 1775 1259 cmi-

188 1312 373 1365 nentia
399 1321 494 1365 tua
535 1319 780 1364 nostram
820 1306 1201 1364 tantummodo
1231 1305 1423 1360 timeat
1444 1297 1775 1369 indignatio-

186 1418 332 1465 nem,
377 1402 478 1456 sed
513 1402 680 1456 etiam
728 1400 824 1455 Dei
873 1400 1048 1464 iram;
1080 1414 1191 1453 non
1218 1397 1363 1467 piget
1407 1408 1509 1448 nos
1547 1398 1604 1445 et
1626 1390 1778 1459 jura-

188 1502 436 1548 mentum
467 1494 521 1547 ei
568 1492 853 1561 imponere
897 1490 952 1545 in
988 1488 1210 1544 nomine
1241 1485 1458 1542 Domini
1496 1490 1553 1537 et
1593 1479 1778 1534 Salva—

190 1584 323 1639 toris
348 1583 564 1639 Christi
594 1582 689 1637 Dei
724 1581 921 1645 nostri,
948 1580 1017 1634 ad
1046 1595 1212 1649 quem
1234 1578 1362 1631 talia
1390 1572 1685 1645 pertinent,
1720 1576 1779 1620 ut

188 1678 362 1746 ipsam
388 1677 683 1731 veritatem
716 1674 962 1742 undique
994 1672 1244 1741 requiras
1264 1687 1282 1723 :
1315 1677 1372 1724 et
1398 1665 1671 1737 siquidem
1697 1661 1780 1715 iu—

188 1771 489 1825 veniantur
527 1768 733 1823 milites
761 1784 858 1837 per
882 1766 1065 1821 omnia
1090 1765 1223 1819 falsa
1265 1762 1488 1824 dixisse,
1513 1767 1570 1813 et
1598 1764 1776 1823 neque

188 1876 285 1931 pro
332 1860 604 1930 imagine,
636 1874 818 1927 neque
866 1873 965 1927 pro
1011 1855 1333 1911 collectione
1379 1866 1508 1906 vera
1546 1849 1769 1909 dixisse,

189 1962 295 2001 non
334 1956 555 2002 tantum
587 1962 681 2010 ea,
712 1961 833 2015 qua:
872 1945 926 1997 in
962 1942 1278 1997 Nestorium
1306 1939 1643 2002 referuntur,
1675 1938 1770 1991 scd

188 2041 356 2095 etiam
389 2040 508 2104 illa,
540 2054 662 2107 qua:
687 2038 741 2091 in
766 2034 1178 2092 Theodoretum
1204 2043 1261 2088 et
1308 2032 1659 2088 Theodorum
1710 2047 1773 2086 ac

188 2130 520 2193 Diodorum,
560 2145 687 2183 mox
735 2128 1034 2183 fortissimo
1073 2141 1307 2182 numero
1350 2125 1663 2196 ejiciantur,
1717 2122 1772 2175 in

186 2237 297 2291 quo
325 2221 577 2276 militare
619 2228 941 2281 noscuntur,
964 2226 1019 2273 et
1065 2217 1325 2273 omnibus
1354 2215 1642 2270 tormentis
1682 2228 1776 2268 eo-

192 2329 310 2368 rum
334 2328 577 2383 corpora
609 2312 947 2366 crucientur.
976 2310 1034 2365 Si
1062 2318 1245 2363 autem
1268 2308 1558 2362 veritatem
1584 2306 1638 2360 in
1661 2306 1777 2360 suis

194 2402 644 2472 dispositionibus
679 2400 940 2466 dixerint,
983 2400 1097 2455 sive
1121 2416 1221 2469 pro
1248 2398 1504 2468 imagine,
1530 2398 1644 2452 sive
1677 2411 1777 2466 pro

188 2495 527 2551 collectione
556 2494 642 2550 vel
672 2493 935 2557 Nestorii,
966 2492 1053 2548 vel
1081 2492 1316 2546 aliorum
1339 2490 1525 2553 trium,
1559 2488 1627 2543 de
1663 2502 1780 2542 om-

192 2587 360 2641 nibus
393 2585 561 2640 nobis
604 2599 855 2655 suggere,
890 2591 952 2637 ut
986 2597 1321 2653 cognoscere
1349 2581 1621 2651 possimus
1662 2593 1777 2641 eos,

194 2678 286 2746 qui
323 2679 383 2731 in
437 2692 627 2731 veram
655 2687 710 2729 et
750 2675 1176 2737 immaculatam,
1204 2690 1367 2743 quam
1398 2683 1454 2727 ct
1497 2688 1599 2725 nos
1645 2672 1781 2725 coli-

195 2784 341 2828 mus,
403 2767 570 2820 ﬁdem
615 2772 1004 2835 peccaverunt.
1047 2764 1126 2818 Ne
1164 2762 1295 2833 quid
1343 2773 1527 2817 autem
1572 2777 1640 2815 ex
1673 2760 1780 2825 his,

195 2874 375 2930 qua
401 2858 565 2912 nobis
596 2858 735 2912 lecta
777 2862 926 2919 sunt,
953 2862 1103 2909 tuam
1138 2854 1575 2925 magnitudinem
1619 2852 1788 2922 218

198 2950 403 3011 lateat,
443 2946 714 3018 iussimus
747 2945 941 3000 eadem
976 2953 1156 3016 gesta,
1195 2958 1319 3014 quae
1362 2942 1492 3013 Cyri
1538 2942 1787 2996 confecta

198 3047 351 3101 sunt,
391 3047 449 3092 et
490 3037 561 3091 ad
609 3052 709 3091 nos
749 3036 950 3097 relata,
979 3050 1082 3090 nec
1109 3051 1219 3091 non
1265 3034 1532 3103 rescripta
1570 3045 1783 3095 eorum,

1940 576 2073 629 Vill.
2112 578 2229 633 Non
2268 580 2408 643 erit,
2442 581 2659 650 Opinor,
2708 581 2947 635 alienum
2989 596 3018 635 a
3046 582 3167 637 loco
3207 583 3440 653 aperire,

1871 668 2016 722 unde
2043 679 2161 723 orta
2186 670 2256 725 sit
2291 673 2681 728 monachorum
2708 672 3070 727 Orientalium
3103 690 3230 745 erga
3252 676 3442 730 Nesto—

1872 762 2013 815 rium
2061 762 2273 832 rcligio,
2331 780 2441 833 qua
2503 765 2947 834 improbissimus
2990 765 3197 820 Christi
3245 767 3440 830 hostis,

1871 855 2024 922 quasi
2064 865 2271 927 martyr
2304 856 2451 918 ﬁdei,
2476 865 2531 911 et
2568 858 2749 912 cultus
2783 859 2855 912 sit
2878 858 3006 911 olim
3028 898 3042 919 ,
3068 867 3123 910 et
3140 859 3442 911 etiamnum

1873 946 2084 1000 colatur
2114 948 2183 1001 ab
2206 949 2471 1012 Ecclesia,
2490 950 2577 1003 cui
2604 964 2803 1003 nomen
2838 950 2984 1005 fecit.

1953 1038 2031 1091 Ea
2051 1054 2162 1107 quo
2200 1039 2414 1110 imperii
2438 1040 2598 1096 sedes
2616 1040 2904 1095 Antiochia
2927 1039 3246 1112 Byzantium
3270 1048 3453 1094 trans-

1874 1127 1981 1183 lata
2010 1140 2115 1194 est,
2150 1131 2379 1200 perfecit
2413 1133 2629 1188 artibus
2655 1131 2771 1185 suis
2803 1134 2959 1188 urbis
2986 1132 3149 1203 regia:
3184 1133 3446 1195 antistes,

1875 1226 1937 1271 ut
1966 1218 2308 1274 Antiocheno
2358 1222 2576 1290 praeiret
2602 1238 2615 1274 :
2660 1220 2786 1274 inde
2811 1229 2937 1274 nata
2962 1221 3191 1274 Asianos
3220 1220 3361 1274 inter
3392 1226 3450 1273 et

1874 1306 2183 1365 Orientales
2214 1310 2434 1365 invidia:
2478 1312 2635 1380 plena
2663 1310 2940 1366 mmulatio
2970 1323 2985 1359 τ
3014 1309 3141 1363 inde
3165 1309 3450 1378 episcopo-

1878 1420 1998 1458 rum
2034 1406 2197 1460 etiam
2234 1406 2287 1460 in
2327 1406 2597 1469 conciliis,
2626 1414 2683 1461 et
2706 1406 2955 1476 ipsorum
2989 1418 3208 1473 quoque
3231 1411 3449 1459 sancto-

1878 1508 1999 1546 rum
2044 1496 2438 1549 monachorum
2482 1494 2742 1563 frequens
2777 1492 2971 1549 scissio
3003 1511 3017 1545 :
3062 1492 3189 1547 inde
3214 1490 3450 1546 Asiano-

1878 1598 2000 1637 rum
2044 1592 2165 1638 orta
2212 1584 2573 1654 impatientia,
2595 1584 2642 1637 si
2684 1582 2905 1653 quando
2950 1596 3018 1635 ex
3056 1580 3449 1644 Orientalibus,

1880 1676 2179 1746 praesertim
2203 1675 2505 1740 monachis,
2533 1672 3198 1743 Constantinopolitanum
3218 1671 3275 1726 in
3300 1671 3454 1725 thro-

1881 1782 2011 1821 num
2047 1767 2248 1836 aliquis
2291 1766 2619 1821 eveheretur
2649 1783 2662 1818 :
2696 1766 2821 1821 inde
2852 1779 2962 1819 non
3000 1762 3225 1818 minima
3261 1776 3449 1827 causa,

1878 1875 1978 1915 cur
1996 1860 2420 1931 Chrysostomus
2453 1858 2675 1928 indigna
2714 1858 2950 1927 plurima
2990 1871 3181 1925 passus
3201 1854 3299 1919 sit,
3320 1862 3377 1908 et
3418 1868 3450 1907 a

1874 1952 1991 2005 suis
2014 1933 2250 2015 clericis,
2274 1959 2330 2005 et
2356 1950 2424 2004 ab
2450 1949 2603 2004 urbis
2618 1948 2919 2003 monachis.

1969 2042 2347 2098 Antiochenus
2372 2050 2491 2097 erat
2518 2041 2841 2107 Nestorius;
2871 2040 2925 2094 in
2954 2038 3216 2109 Euprepii
3255 2052 3448 2093 mona-

1877 2137 2048 2191 sterio
2080 2135 2384 2191 sanctitatis
2424 2135 2741 2204 Opinionem
2781 2133 3112 2202 collegerat;
3138 2130 3369 2185 ﬂorebat
3395 2131 3450 2185 in

1877 2227 2216 2283 Antiochcna
2243 2224 2507 2290 Ecclesia,
2529 2239 2653 2279 cum
2675 2221 3292 2291 ConstantinOpolitanae
3316 2236 3454 2289 pra:-

1878 2317 2056 2371 fcctus
2092 2323 2204 2381 est;
2244 2314 2296 2369 id
2335 2329 2512 2384 neque
2554 2313 2806 2369 monachi
2855 2326 3033 2381 neque
3077 2310 3262 2366 clerici
3299 2310 3454 2365 urbis

1881 2408 2044 2477 regiae
2093 2422 2250 2476 aequo
2293 2406 2478 2460 animo
2517 2406 2786 2468 tulerunt,
2819 2403 2971 2457 velut
3008 2402 3095 2455 sui
3133 2408 3453 2470 contemptu

1882 2498 2107 2562 factum;
2135 2494 2593 2551 dissimulandum
2621 2503 2800 2548 tamen
2824 2492 2928 2546 fuit
2950 2500 3178 2561 propter
3199 2490 3447 2545 volunta-

1882 2599 1992 2643 tem
2015 2587 2301 2658 principis,
2317 2595 2372 2639 et
2398 2584 2741 2640 cohibendus
2761 2582 3105 2646 livor,donec
3122 2579 3348 2634 ultionis
3367 2595 3458 2633 oc-

1884 2680 2033 2735 casio
2047 2694 2106 2733 se
2123 2679 2297 2733 daret.
2316 2677 2517 2733 Verum
2539 2675 2630 2729 ubi
2656 2674 2892 2743 primum
2909 2670 3196 2726 Nestorius
3215 2668 3460 2739 prodidit

1886 2770 2160 2833 lueresim,
2206 2770 2318 2839 jam
2351 2783 2462 2821 non
2504 2781 2566 2821 se
2592 2763 2869 2819 continuit
2900 2761 3295 2817 monachorum
3329 2758 3463 2813 affe-

1888 2870 2031 2926 ctus,
2058 2862 2223 2931 219
2256 2860 2351 2914 sed
2388 2857 2576 2912 divino
2614 2854 2878 2909 instinctu
2925 2860 3234 2907 commotus
3276 2849 3462 2918 erupit

1889 2957 1945 3009 in
1977 2966 2218 3025 apertam
2268 2952 2693 3007 dissensionem.
2730 2946 2915 3001 Sazviit
2948 2943 3237 2999 Nestorius
3280 2943 3334 2995 in
3367 2940 3459 2995 ad-

1887 3054 2212 3099 versantes:
2245 3041 2436 3096 libello
2463 3040 2541 3094 illi
2571 3037 2856 3109 petierunt
2882 3035 2951 3089 ab
2986 3034 3317 3102 imperatore
3341 3030 3459 3101 cogi

198 3146 320 3201 quae
362 3128 672 3183 Antiochiae
716 3128 965 3183 confecta
1023 3136 1173 3190 sunt,
1208 3125 1309 3179 tibi
1355 3124 1675 3188 transmitti,
1726 3132 1788 3177 ut
1815 3148 1861 3208 ο

1815 3148 1861 3208 c
1894 3135 2209 3197 concilium,
2240 3148 2349 3203 quo
2390 3130 2613 3185 htcresis
2654 3128 3011 3182 damnaretur
3041 3142 3055 3177 :
3085 3139 3200 3178 rem
3246 3137 3465 3192 promo-

202 3230 325 3293 post
365 3220 618 3277 confecta
664 3222 871 3281 omnia,
903 3234 1024 3289 qua:
1063 3218 1349 3288 jussimus,
1394 3217 1594 3271 iterum
1628 3215 1790 3269 nobis

204 3311 570 3365 remittantur
600 3310 741 3379 ipsa,
772 3325 896 3379 qua:
933 3310 988 3361 in
1033 3308 1175 3378 Cyro
1195 3305 1447 3360 confecta
1486 3312 1614 3360 sunt
1647 3323 1659 3357 :
1689 3320 1790 3374 pro

205 3403 306 3457 bac
341 3402 554 3457 etenim
588 3417 754 3455 causa
781 3400 1179 3454 destinavimus
1207 3397 1472 3452 Thomam
1502 3398 1780 3452 devotissi.

206 3511 357 3551 mum
395 3501 651 3563 agentem
680 3492 736 3545 in
775 3491 940 3545 rebus
966 3498 1023 3544 et
1065 3489 1444 3557 subadjuvam.
1486 3488 1679 3541 Latum
1720 3503 1790 3540 vn

207 3586 337 3643 ldus
378 3583 636 3654 Augusti,
663 3580 1167 3649 Constantinopoli,
1204 3578 1430 3632 Rustico
1472 3577 1535 3630 ν.
1562 3577 1622 3629 C.
1662 3590 1792 3629 con-

206 3678 345 3732 sule.
385 3695 405 3727 ι

275 3770 369 3823 Vl.
402 3767 548 3833 Quid
586 3774 945 3821 consecutum
979 3763 1071 3827 sit,
1101 3772 1195 3816 aut
1234 3776 1397 3831 quam
1450 3760 1640 3814 tulerit
1695 3760 1792 3815 Ju-

208 3860 409 3923 stiuus,
444 3857 678 3927 perlatis
705 3855 774 3909 ad
825 3869 885 3909 se
929 3854 1117 3924 gestis,
1147 3854 1498 3914 sententiam,
1546 3851 1791 3919 ignotum

210 3958 331 4003 est:
360 3948 631 4002 credibile
667 3955 869 4009 tamen,
898 3952 994 3998 aut
1019 3959 1236 3997 causam
1270 3952 1389 3996 arte
1415 3941 1633 4010 politica
1657 3954 1790 3994 con-

210 4042 471 4111 sopitam,
498 4055 566 4093 ne
589 4038 713 4108 quis
732 4037 1085 4106 inquisitione
1115 4050 1241 4089 reus
1267 4034 1792 4104 deprehenderetur,

210 4147 377 4200 quem
407 4130 713 4183 innocuum
736 4126 909 4180 videri
934 4125 1228 4189 intererat;
1258 4130 1354 4177 aut
1382 4122 1792 4191 inquisitionem

211 4222 381 4292 gestis
415 4237 529 4274 non
555 4219 851 4273 admodum
879 4217 1223 4271 consensisse
1254 4234 1267 4269 :
1312 4232 1493 4284 neque
1530 4215 1677 4269 enim
1700 4214 1795 4268 Ju-

212 4314 494 4366 stinianus
546 4311 842 4379 imperator
869 4308 1215 4377 neglexisset,
1241 4323 1341 4376 pro
1372 4322 1471 4361 suo
1499 4307 1665 4361 trium
1702 4321 1793 4360 ca-

213 4403 522 4471 pitulorum
561 4400 709 4462 odio,
741 4398 787 4453 si
829 4399 961 4468 quid
1002 4397 1257 4452 acerbius
1303 4397 1601 4451 indicatum
1628 4405 1804 4463 esset,

1892 3226 1972 3280 vit
2000 3225 2223 3287 acriter,
2256 3232 2418 3292 atque
2448 3221 2612 3274 etiam
2653 3217 2885 3289 perfecit
2917 3214 3240 3278 Dalmatius,
3277 3226 3466 3266 mona-

1891 3319 2121 3371 chorum
2166 3314 2323 3369 urbis
2364 3312 2639 3366 cxarchus
2669 3327 2682 3362 :
2717 3308 2961 3363 Orientis
2983 3323 3014 3361 e
3051 3305 3325 3360 contrario
3349 3320 3467 3357 mo-

1893 3410 2054 3464 nachi
2088 3406 2314 3477 Ephesi,
2340 3419 2449 3473 quo
2474 3401 2873 3465 confluxerant,
2895 3414 3020 3453 cum
3044 3399 3234 3453 Patres
3259 3410 3464 3451 conve—

1894 3503 2097 3564 nirent,
2128 3514 2229 3569 pro
2278 3496 2533 3551 Nestorio
2586 3508 2687 3548 suo
2738 3490 3054 3545 tumultuati
3099 3497 3249 3553 sunt,
3296 3496 3350 3542 et
3392 3485 3466 3541 ita

1892 3594 2135 3664 quidem,
2161 3601 2221 3645 ut
2245 3590 2334 3643 vix
2360 3584 2789 3656 comprimendis
2821 3598 2981 3653 pares
3005 3591 3193 3636 essent
3213 3594 3338 3634 cum
3367 3579 3467 3632 mi-

1892 3686 2080 3739 litibus
2104 3680 2662 3749 comites.-Dejectum
2693 3675 3003 3730 Nestorium
3034 3672 3375 3727 reduxerunt
3398 3670 3467 3723 ad

1895 3775 2156 3846 Euprepii
2195 3772 2629 3828 monasterium:
2664 3768 2717 3821 in
2746 3767 2852 3820 hoc
2892 3766 2983 3819 ille
3022 3774 3197 3818 annos
3229 3770 3469 3831 quatuor

1895 3870 2133 3937 integros
2156 3864 2354 3934 exegit,
2371 3861 2498 3915 inde
2522 3858 2765 3919 Orientis
2789 3855 3121 3909 monasteria
3142 3852 3467 3915 sollicitans,

1896 3970 2057 4029 atque
2085 3958 2251 4011 etiam
2294 3969 2420 4009 suas
2450 3954 2504 4006 in
2542 3959 2728 4020 partes
2754 3948 3052 4002 abduccns.
3084 3942 3326 3997 Fallendi
3376 3958 3469 3996 ars

1895 4055 2032 4107 erat,
2066 4045 2152 4099 vel
2179 4058 2309 4106 una,
2348 4042 2431 4095 vel
2454 4038 2850 4099 cﬁicacissima,
2885 4033 3126 4104 pictatis,
3163 4033 3464 4101 patientia,

1897 4151 2080 4191 rerum
2110 4136 2474 4188 humanarum
2526 4127 2899 4198 despicientia:
2930 4141 2992 4178 ac
3016 4124 3357 4194 paenitentiae
3391 4124 3468 4177 af-

1896 4229 2090 4283 fectata
2133 4226 2364 4295 species.

1967 4318 2008 4371 E
2062 4313 2397 4369 monasterio
2441 4311 2761 4381 deportatus
2814 4307 2867 4360 in
2924 4305 3131 4369 Oasim,
3169 4316 3470 4372 perpessus

1898 4418 1980 4463 est
2016 4422 2136 4476 quae
2182 4406 2271 4459 vix
2324 4417 2563 4472 unquam
2611 4397 3013 4469 generosissimi
3057 4406 3323 4465 martyres
3361 4411 3374 4446 :
3406 4410 3470 4447 ea

214 4493 268 4547 id
294 4493 363 4545 ad
390 4491 592 4562 synodi
616 4491 804 4544 Patres
827 4490 1221 4552 transmittere,
1244 4504 1370 4543 cum
1397 4489 1587 4543 charta
1615 4489 1795 4544 Sacrae
1826 4484 1869 4540 D
1907 4494 2329 4553 lamentabiliter
2358 4493 2497 4546 mala
2522 4490 2797 4559 exposuit,
2821 4502 2927 4556 qua
2967 4485 3207 4555 pollebat
3230 4492 3347 4537 arte
3384 4484 3473 4537 di-

212 4600 244 4638 a
277 4585 505 4639 Justino
529 4581 777 4650 scriptis,
806 4595 969 4649 quam
995 4595 1027 4634 e
1064 4578 1285 4633 scriniis
1328 4579 1576 4649 diligenti
1613 4579 1798 4633 studio

212 4675 384 4729 eruit.

288 4767 403 4822 Vll.
439 4765 569 4819 llaec
611 4780 774 4835 porro
800 4764 916 4820 sive
961 4764 1246 4834 tragoedia,
1271 4764 1387 4820 sive
1440 4764 1643 4827 fabula,
1672 4765 1798 4836 Cyri

217 4868 339 4912 acta
366 4865 454 4910 est
476 4871 621 4909 anno
656 4855 861 4909 Christi
884 4856 1260 4919 5l9excunte,
1284 4856 1430 4925 quod
1458 4856 1799 4921 credibilius,

218 4960 315 5002 aut
336 4947 731 5015 consequentis
765 4946 938 5011 initio,
960 4962 1071 5015 quo
1103 4962 1247 5000 anno
1268 4947 1524 5001 Rusticus
1544 4949 1795 5002 consula-

218 5048 337 5092 tum
377 5037 555 5107 gessit
605 5053 617 5089 :
658 5052 836 5105 neque
876 5036 1022 5089 enim
1069 5038 1249 5105 potuit
1293 5052 1456 5092 causa
1492 5047 1571 5093 tot
1608 5040 1794 5108 gestis,

218 5141 412 5198 totque
460 5126 719 5197 precibus
757 5135 813 5181 et
858 5127 1098 5181 libellis'
1147 5127 1433 5192 instructa,
1466 5129 1617 5183 brevi
1664 5140 1800 5184 tem-

220 5238 376 5290 pore,
410 5231 509 5275 aut
546 5220 1076 5291 Constantinopolim
1119 5222 1308 5275 venire
1341 5222 1483 5293 Cyro
1513 5231 1619 5277 tam
1667 5240 1798 5293 pro.

218 5325 311 5370 cul
345 5319 621 5379 distante,
648 5325 743 5369 aut
779 5315 834 5368 in
861 5316 985 5369 aula
1020 5316 1252 5384 negotiis
1288 5323 1511 5384 pr0pter
1542 5316 1798 5369 Vitaliani

220 5409 471 5461 consulis
498 5406 789 5460 factionem
819 5414 874 5458 ct
910 5420 1123 5468 necem,
1154 5421 1275 5475 qua:
1306 5421 1490 5460 mense
1521 5406 1667 5461 Julio
1710 5422 1801 5461 ac-

226 5499 377 5555 cidit.
400 5491 965 5566 impedita,cogiiosci,
986 5504 1045 5550 ut
1070 5513 1139 5550 vn
1160 5497 1287 5551 ldus
1304 5496 1799 5567 Augusti,Rustico

1896 4590 2095 4645 cendi:
2132 4584 2473 4640 miserabiles
2528 4582 2745 4637 litteras
2786 4578 2939 4632 dedit
2987 4576 3055 4629 ad
3096 4574 3471 4629 Theodosium

1898 4684 2308 4752 imperatorem,
2330 4684 2386 4730 et
2402 4674 2468 4729 ad
2486 4671 2777 4743 pra-sidem
2800 4667 3117 4729 Thebaidis,
3144 4680 3282 4735 quas
3304 4665 3471 4720 etiam

1899 4773 2201 4826 amicorum
2252 4765 2698 4831 ministerio-per
2720 4759 2963 4815 Orientis
3000 4756 3259 4810 mandras
3288 4755 3472 4825 spargi

1901 4864 2129 4920 curabat
2182 4879 2195 4914 :
2255 4858 2592 4930 querebatur
2644 4870 2702 4909 se
2748 4852 2939 4907 exsilio
2987 4850 3211 4902 duriora
3260 4847 3393 4916 pati,
3440 4861 3473 4900 a

1905 4954 2183 5009 Blemmiis
2236 4951 2496 5021 primum,
2553 4946 2679 5000 Oasi
2732 4952 2961 5005 vastata,
3007 4941 3061 4994 in
3099 4938 3473 5007 captivitatem

1906 5046 2234 5102 abductum,
2259 5054 2385 5093 mox
2404 5035 2708 5091 Nomadum
2737 5043 2887 5087 metu
2912 5031 3198 5084 dimissum
3222 5028 3473 5095 Panopo-

1905 5133 1997 5186 lim
2024 5129 2258 5190 venisse,
2299 5124 2424 5179 inde
2469 5121 2885 5191 Elephantinam
2927 5127 3195 5186 raptatum
3227 5131 3256 5169 a
3283 5115 3473 5168 militi-

1908 5223 2032 5283 bus,
2066 5231 2180 5273 tum
2212 5216 2499 5271 reductum
2526 5211 2866 5281 Panopolim,
2891 5210 3241 5279 postmodum
3281 5205 3475 5260 detru-

1900 5329 2023 5367 sum
2050 5313 2101 5365 in
2131 5310 2371 5363 vicinum
2403 5304 2693 5373 Panopolis
2726 5302 2931 5363 locum,
2960 5300 3198 5368 denique
3236 5298 3290 5351 in
3312 5312 3475 5365 quar-

1908 5416 2022 5460 tum
2059 5400 2312 5457 exsilium
2357 5398 2615 5466 ejectum,
2660 5409 2785 5448 cum
2836 5406 2947 5446 uno
2976 5391 3268 5445 damnatus
3304 5394 3475 5442 esset.

1974 5495 2144 5549 Tanta
2176 5489 2520 5545 miseriarum
2572 5485 2927 5558 perpessitne
2973 5492 3083 5536 tam
3130 5480 3383 5536 ﬂebiliter
3408 5478 3473 5531 ab

1620 5650 1933 5709 SCllULle
1974 5646 2198 5704 NOTAE.

303 5769 345 5795 "
377 5788 499 5843 via.
536 5786 730 5858 synodi
759 5804 808 5849 v,
842 5785 1019 5841 collat.
1048 5786 1101 5841 8.

473 5884 726 5940 PATttOL
794 5880 911 5938 Gtt.
959 5877 1275 5938 LXXXIV.
