4228 6446
788 414 882 480 l'll

1920 406 2296 464 CARNERII
2339 404 2830 464 DISSERTATIO
2871 407 2916 464 Ι.
3949 406 4060 470 17?.

781 524 1235 595 eloquentissimo
1289 520 1491 573 anisi-ru
1548 516 1789 585 exposita
1813 556 1825 578 ,
1888 532 1917 569 a
1973 514 2370 584 potentissimis
2399 522 2443 575 Α
2473 514 2662 582 opinio
2705 512 2773 568 de
2808 514 3099 568 sanctitate
3126 514 3360 568 Nestor-ii
3385 556 3398 578 ,
3457 526 3516 568 ut
3555 515 3877 569 saeculorum
3912 520 4062 574 duo-

782 615 1093 670 t'antoribus
1125 611 1476 680 amplificata,
1506 627 1533 661 a
1585 608 1717 661 viris
1769 607 1822 660 in
1871 607 2108 675 speciem
2162 604 2367 659 sanctis

787 706 1037 767 laudata,
1096 702 1308 756 inflexit
1378 701 1593 755 tandem
1676 698 2023 767 imperatoris
2087 698 2364 761 animum;

785 810 954 864 quare
995 794 1245 862 permisit
1292 792 1569 845 hominem
1613 789 1682 843 ab
1708 788 1903 843 exsilio
1942 788 2121 843 redire
2146 790 2189 819 τ’
2225 805 2236 839 :
2272 787 2366 841 sed

784 887 959 950 senio,
992 886 1402 941 calamitatibus
1450 890 1504 936 et
1549 881 1810 935 aerumnis
1863 881 1917 933 in
1953 881 2041 932 via
2084 879 2369 933 confectus

785 985 890 1040 est,
931 976 1041 1029 Deo
1075 976 1369 1029 damnante
1408 972 1770 1042 irreligiosam
1818 971 2115 1025 Theodosii
2150 971 2368 1025 miseri-

785 1065 1029 1120 cordiam
1040 1103 1052 1116 .
1334 1128 1337 1131 Α

863 1157 988 1211 Haec
1024 1171 1149 1209 cum
1211 1155 1266 1207 in
1295 1152 1421 1208 Oasi
1464 1152 1750 1207 Nestorius
1785 1160 2084 1220 pateretur,
2127 1167 2158 1205 a
2195 1151 2374 1205 Theo-

789 1246 985 1300 doreto
1010 1247 1063 1299 in
1112 1244 1338 1299 Oriente
1382 1242 1783 1313 praedicabatur
1805 1242 1955 1295 velut
1994 1241 2374 1295 sanctissimus

788 1338 914 1393 fidei
948 1338 1227 1400 defensor,
1273 1356 1290 1387 ι
1324 1336 1416 1405 qui
1448 1335 1585 1389 nihil
1618 1344 1817 1403 praeter
1843 1349 2028 1386 sanam
2067 1333 2372 1386 doctrinam

788 1431 1035 1485 novisset
1076 1440 1132 1483 et
1161 1428 1467 1492 docuisset;
1509 1426 1602 1496 qui
1633 1441 1744 1494 pra:
1776 1424 1976 1495 Cyrillo
2006 1424 2271 1478 innocens
2295 1424 2376 1477 fo-

787 1529 892 1582 ret,
926 1529 983 1573 et
1015 1519 1176 1572 morti
1206 1527 1387 1571 tamen
1428 1517 1775 1580 traderetur;
1819 1530 1983 1583 quem
2022 1515 2155 1567 socii
2191 1524 2374 1583 pasto-

787 1625 875 1664 res
921 1608 1147 1664 calamis
1190 1607 1557 1671 occidissent;
1610 1622 1774 1674 quem
1816 1606 2013 1660 lazdcre
2067 1621 2175 1657 non
2227 1604 2375 1658 aliud

784 1701 950 1765 foret,
977 1715 1142 1769 quam
1178 1700 1436 1767 pietatem
1472 1698 1645 1766 ipsam
1669 1696 1899 1749 violare.
1928 1715 1946 1745 ι

857 1791 1340 1861 Exaggerabantur
1392 1788 1665 1860 ejusmodi
1700 1788 1891 1842 laudes
1942 1802 1971 1839 a
2035 1787 2155 1841 viro
2206 1787 2377 1841 totius

784 1882 1029 1938 Orientis
1061 1881 1537 1949 eloquentissimo,
1569 1890 1626 1934 ct
1669 1880 1724 1934 in
1770 1879 2128 1933 concionibus
2166 1880 2367 1949 palam,
2409 1873 2445 1923 Β

783 1982 841 2027 et
884 1974 941 2026 in
967 1973 1355 2042 congressibus
1384 1972 1527 2041 apud
1561 1970 1939 2025 sanctissimos
1971 1986 2218 2040 quosque
2250 1986 2366 2024 mo-

784 2066 1014 2120 nachos.
1056 2063 1290 2134 Cyrillus
1331 2073 1521 2118 contra
1566 2062 1855 2117 dicebatur
1880 2064 1924 2093 ⁸ο
1962 2081 1977 2111 ι
2018 2062 2073 2115 in
2116 2062 2370 2130 blasphe-

784 2170 902 2208 mas
946 2169 1009 2207 ac
1043 2153 1239 2223 impias
1273 2168 1435 2207 voces
1476 2153 1761 2222 erupisse,
1816 2166 2104 2206 revocasse
2158 2152 2368 2205 dudum

781 2247 1111 2300 exstinctam
1161 2244 1487 2313 Apollinarii
1544 2244 1763 2298 inanem
1811 2243 1972 2298 simul
2031 2251 2087 2297 et
2144 2243 2365 2312 impiam

782 2337 1095 2391 doctrinam
1118 2376 1131 2399 ,
1162 2337 1468 2391 aulicorum
1505 2338 1735 2406 gratiam
1767 2351 2059 2389 munerum
2092 2334 2367 2404 pollicita-

782 2430 933 2484 tione
983 2428 1305 2491 redemisse,
1353 2428 1407 2481 in
1454 2427 1689 2483 concilio
1737 2428 1876 2482 nihil
1914 2443 2024 2480 non
2062 2427 2369 2481 Memnonis

781 2537 885 2592 ope
925 2538 1022 2591 per
1067 2522 1175 2575 vim
1205 2522 1403 2592 egisse,
1436 2521 1726 2590 episcopos
1754 2521 1821 2574 ad
1855 2520 2228 2573 damnandum
2258 2519 2365 2573 Ne-

782 2613 1018 2666 storium
1055 2612 1192 2665 alios
1228 2626 1362 2663 auro
1391 2610 1640 2672 traxisse,
1680 2610 1819 2663 alios
1849 2618 1997 2663 metu
2042 2608 2302 2678 coegisse.
2343 2626 2360 2657 ι

869 2703 1032 2772 220
1061 2703 1185 2756 Haae
1211 2712 1266 2755 et
1292 2703 1395 2756 alia
1428 2718 1553 2755 eum
1584 2702 1779 2755 callide
1809 2712 2219 2770 spargerentur,
2250 2716 2368 2755 cre-

784 2795 1057 2849 debantur
1084 2793 1264 2856 facile,
1286 2794 1590 2862 prtesertim
1621 2792 1690 2845 ab
1723 2793 1808 2853 iis,
1836 2794 1927 2861 qui
1957 2792 2367 2845 Thcodoretum

784 2884 1177 2954 suspiciebant,
1213 2884 1363 2936 velut
1415 2884 1667 2937 doctrina
1707 2897 2032 2951 morumque
2080 2882 2367 2935 sanctitate

786 2976 919 3030 nulli
954 2975 1257 3029 secundum
1291 2992 1301 3026 :
1333 2975 1708 3044 suspiciebant
1735 2990 1867 3027 vero
1906 2974 2250 3028 anachoreta:
2288 2974 2366 3027 illi

780 3065 992 3128 eximii,
1029 3080 1093 3118 ex
1150 3079 1385 3133 quorum
1441 3072 1574 3118 nutu
1612 3064 1925 3133 pendebant
1970 3064 2367 3117 monachorum

788 3156 1114 3217 voluntates,
1159 3154 1848 3223 populorumquejudicia.
1882 3153 2210 3223 Opinionem
2252 3164 2368 3209 tan-

2473 604 2651 657 decim
2670 603 2823 673 lapsu
2844 619 2951 657 non
2969 604 3272 671 efﬂuxerit;
3302 606 3411 658 imo
3431 606 3635 674 plures,
3653 620 3792 675 quos
3808 620 4066 666 recenset.

2474 695 2528 748 in
2549 709 2649 747 suo
2661 694 2918 765 Catalogo
2936 696 3300 760 Hehed-Jesu,
3314 696 3690 752 defensionem
3702 700 3821 767 ejus
3834 697 4062 769 Syriace

2473 785 2796 853 scripserint
2820 804 2833 838 :
2862 802 2967 839 una
2988 795 3137 841 certe
3160 787 3523 843 Orientalium
3548 788 3941 851 Ecclesiarum,
3958 804 4066 841 no—

2472 877 2601 931 stris
2632 877 2934 931 etiamnum
2967 880 3311 948 temporibus
3332 921 3345 943 ,
3387 882 3506 950 ejus
3536 880 3757 934 nomine
3791 880 4065 950 gloriatur

2470 967 2697 1035 ejusque
2741 967 3081 1033 doctrinam,
3134 971 3264 1023 licet
3298 971 4059 1040 aliquatenustemperatam,

2473 1056 2743 1127 sequitur.

3070 1150 3295 1207 CAPUT
3335 1152 3468 1206 XVI.

2475 1259 2515 1313 I.
2552 1258 2733 1337 Status
2766 1279 2939 1337 rerum
2978 1264 3278 1337 imperante
3321 1264 3645 1337 lysttttiano.
3680 1266 3751 1337 II.
3773 1268 3855 1320 Ad
3886 1269 4062 1337 ipsum

2548 1332 2807 1407 legatione
2839 1332 3079 1407 [ttitgitztr
3109 1333 3564 1407 sattctusisabbkas.
3597 1337 3684 1389 III.
3720 1336 3857 1400 Quid
3891 1332 4064 1407 egerit

2545 1417 2663 1476 cunt
2714 1402 2983 1476 Thcorlora
3033 1405 3304 1476 Augusta.
3328 1405 3415 1458 IV.
3452 1404 3611 1475 Origo
3658 1402 3961 1476 qua’stionis
3993 1410 4063 1460 de

2549 1471 2711 1524 tribus
2760 1472 3029 1540 capitalis.
3068 1471 3132 1525 V.
3187 1472 3415 1527 Collatia
3471 1471 3609 1527 intI'r
3661 1471 3954 1530 Catholica;
4009 1488 4064 1531 rt

2548 1540 2879 1603 Severianos,
2908 1543 2993 1595 ubi
3028 1552 3202 1595 actum
3228 1544 3291 1595 de
3316 1545 3651 1598 Theodorcto.
3676 1547 3762 1600 VI.
3787 1547 4061 1600 T/tcodom

2549 1611 2686 1679 favet
2718 1610 3041 1675 Severianis,
3073 1622 3119 1665 et
3163 1614 3381 1667 molitur
3426 1616 3482 1668 in
3533 1632 3765 1668 errorem
3811 1618 4064 1670 inducere

2548 1691 2714 1756 totam
2737 1682 3325 1756 Ecclesiant_._\_'ll_._an
3353 1685 3671 1751 fuerit.VIII.
3704 1686 3768 1739 Et
3797 1690 4062 1756 quomodo

2549 1751 2821 1805 dominata
2858 1753 3115 1824 orbi._I_X.
3145 1753 3260 1806 Vult
3290 1756 3529 1809 omnibus
3549 1751 3836 1824 majoribus
3855 1760 4063 1809 thronis

2549 1838 2668 1895 suos
2699 1824 2984 1895 imponch
3005 1822 3653 1895 X.antanthwpolitanti’
3681 1824 3923 1878 Errlrsiw
3948 1828 4067 1880 An-

2553 1893 2774 1964 lliiltttttn
2827 1892 3068 1964 prwﬁcit.
3131 1892 3223 1945 XI.
3295 1892 3446 1947 Hunc
3502 1898 3767 1964 Agapctns
3825 1896 4062 1948 abdicat.

2550 1961 2664 2035 XII.
2703 1961 2946 2035 Vigilium
2974 1973 3441 2035 aurocorrnptnm
3485 1961 3651 2018 tentat
3690 1969 3743 2018 in
3764 1972 3903 2035 sede
3926 1983 4063 2035 apo-

2547 2032 2733 2105 stolica
2774 2032 3051 2105 collocare.
3078 2032 3224 2105 VXIII.
3257 2032 3380 2087 Ideo
3421 2035 3573 2103 jubet
3605 2035 3721 2105 rjici
3750 2032 4058 2105 Silvcriam.

2547 2104 2637 2174 qni
2672 2103 2880 2155 tandem
2910 2104 3132 2174 miseriis
3164 2115 3501 2174 consumptus
3533 2103 3931 2158 moﬁtur.XIV.
3974 2105 4063 2157 I'i-

2546 2171 2705 2243 gilius
2744 2174 3041 2244 exiintruso
3072 2172 3133 2239 ﬁt
3164 2171 3428 2243 legitimus
3467 2176 3723 2244 pontifex.
3757 2176 3868 2229 XV.
3905 2176 4060 2228 Alias

2550 2242 2777 2313 rnajores
2805 2242 3065 2296 Ecclesias
3084 2242 3240 2310 221
3262 2257 3449 2313 regunt
3468 2242 3744 2298 Catholici.
3769 2245 4027 2298 XVIJ’an
4045 2276 4064 2285 -

2551 2313 2632 2366 lus
2678 2312 3075 2384 Alexandrinus
3103 2312 3399 2384 deponitur.
3440 2313 3603 2368 XVII.
3650 2318 3687 2368 Α
3737 2316 4061 2384 depositione

2548 2392 2810 2435 revertens
2839 2382 3085 2453 Pelagius
3117 2383 3327 2453 adducit
3357 2386 3633 2437 monachos
3657 2386 3717 2437 de
3746 2382 4061 2453 Oi'igcrtistis

2544 2464 2839 2525 qnestnros,
2855 2462 2904 2525 et
2924 2453 2984 2525 de
3002 2452 3267 2525 Theodoro
3285 2451 3595 2523 Cappadoce
3608 2454 3811 2525 Pelagii
3841 2451 4060 2509 remulo.

2548 2524 2733 2594 XVIII.
2786 2523 3041 2594 Pelagius
3080 2523 3312 2594 incendit
3371 2523 3755 2594 imperatorcm'
3805 2528 4062 2578 adversus

2545 2593 2889 2664 Origenistas.
2922 2581 3067 2645 ΧΙΧ.
3122 2581 3465 2646 Damnantui’
3516 2594 3619 2658 illi,
3668 2595 3854 2649 silente
3896 2595 4062 2649 Theo-

2545 2665 2692 2726 doro,
2719 2665 2807 2717 scil
2836 2665 3117 2715 vindictam
3144 2664 3447 2717 meditante.

2871 2776 2943 2824 Ab
2968 2789 3095 2823 anno
3128 2772 3307 2825 Christi
3331 2776 3420 2824 527
3446 2776 3505 2824 ad
3532 2776 3612 2824 till
3634 2813 3647 2827 .

2548 2881 2594 2931 l.
2624 2878 2824 2948 Sopita:
2854 2879 3027 2933 videri
3071 2889 3370 2950 potuerunt
3394 2881 3447 2934 in
3477 2880 3635 2952 Syria
3658 2880 3852 2944 turbm,
3881 2896 4063 2950 quan-

2474 2972 2566 3025 diu
2599 2972 2851 3026 Justinus
2887 2973 3182 3041 imperium
3224 2973 3481 3037 retinuit,
3524 2973 3622 3028 sed
3665 2974 3848 3027 statim
3891 2982 4061 3043 atque

2476 3064 2608 3117 illud
2643 3065 2955 3119 Iustiniano
2987 3064 3237 3129 tradidit,
3273 3074 3496 3134 repente
3521 3065 3913 3119 tumultuatum
3947 3074 4060 3127 est.

2475 3171 2651 3226 eoque
2679 3156 3065 3211 vehementius
3102 3157 3360 3211 commoti
3393 3157 3583 3221 animi,
3615 3172 3725 3226 quo
3752 3158 3876 3225 plus
3916 3157 4069 3212 acri-

785 3254 895 3301 tam
958 3247 1290 3301 conciliabat
1343 3246 1693 3300 'l‘heodoreto
1745 3247 2007 3315 frequens
2050 3255 2366 3300 sanctorum
2395 3236 2437 3292 Ο
2474 3247 2669 3300 monia:
2716 3246 3018 3315 compressi
3065 3247 3422 3317 collegerant,
3447 3262 3667 3316 quoque
3696 3248 4065 3316 opportunior

781 3341 1055 3412 ejusmodi
1102 3341 1380 3403 salutatio,
1408 3341 1553 3404 vitae,
1577 3356 1741 3410 quam
1778 3348 2021 3410 agerent,
2054 3341 2365 3402 admiratio,

782 3433 889 3502 piae
941 3432 1229 3503 cujusdam
1282 3431 1501 3486 invidiae
1549 3433 1732 3501 plena,
1784 3432 2059 3501 colloquia
2099 3432 2166 3485 de
2203 3432 2369 3485 rebus

783 3521 989 3576 divinis
1012 3522 1221 3576 fervida
1242 3537 1306 3576 ac
1326 3538 1467 3591 pene
1484 3521 1758 3585 ardentia,
1782 3537 2010 3590 precum
2031 3521 2364 3590 imploratio,

784 3623 842 3669 et
870 3614 1017 3683 quod
1049 3614 1135 3667 vel
1184 3629 1415 3683 superos
1456 3622 1672 3683 tangat,
1709 3614 2017 3681 conscripta
2063 3614 2367 3667 viventium

785 3721 1005 3776 quoque
1051 3705 1306 3768 historia,
1337 3707 1353 3722 ⁶
1385 3705 1691 3774 etquidem
1727 3705 2023 3775 ejusmodi,
2063 3720 2184 3773 quae
2227 3720 2366 3773 pra:-

784 3795 932 3849 clara
952 3804 1291 3864 exaggerata:
1326 3794 1547 3849 virtutis
1576 3796 1827 3864 exempla
1859 3796 2156 3849 verborum
2186 3795 2367 3862 splen-

783 3884 919 3940 dore
949 3886 1274 3949 illustraret,
1308 3900 1372 3939 ac
1393 3900 1533 3955 pene
1571 3894 1835 3954 aequaret.

856 3977 995 4031 Hinc
1032 3986 1221 4031 exorta
1265 3976 1659 4031 monachorum
1694 3976 2043 4031 orientalium
2081 3975 2133 4029 in
2168 3975 2364 4029 Nesto-

786 4062 928 4117 rium
962 4063 1281 4133 propensio,
1312 4063 1611 4132 opinioque
1657 4073 1826 4130 tanta,
1860 4073 1920 4117 ut
1957 4064 2202 4120 defuncti
2238 4064 2367 4118 reli-

775 4154 941 4223 quias
970 4154 1222 4207 nonnulli
1252 4153 1656 4222 conquisierint
1701 4154 1769 4207 ad
1817 4154 2047 4208 cultum.
2082 4153 2246 4209 Certe
2272 4169 2367 4210 eo-

782 4261 905 4299 rum
939 4258 1006 4300 ex
1036 4260 1270 4299 numero
1300 4245 1547 4309 fuerunt,
1575 4244 1670 4314 qui
1712 4246 2051 4301 tumultuose
2082 4245 2252 4300 semel
2283 4254 2364 4300 at-

780 4352 889 4405 que
910 4336 1113 4390 iterum
1145 4335 1201 4389 in
1231 4335 1468 4390 concilio
1491 4335 1947 4401 Chalcedonensi,
1977 4352 2159 4390 coram
2187 4336 2361 4406 impe-

744 4435 963 4480 ratore
1013 4426 1288 4481 Marciano
1344 4426 1746 4496 Pulcheriaque
1798 4428 2069 4499 Augusta,
2106 4429 2363 4484 Patribus

778 4518 1070 4572 anathema
1094 4517 1525 4573 inclamantihus
1554 4518 1831 4586 Nestorio,
1859 4521 2249 4587 reclamarunt,
2273 4524 2357 4577 vi-

778 4622 901 4660 rum
927 4606 1337 4661 sanctissimum
1380 4607 1728 4662 anathemate
1768 4611 2012 4678 percelli.
2045 4631 2062 4662 σ
2101 4612 2159 4665 Id
2189 4622 2358 4668 testa-

778 4707 893 4761 tur,
923 4698 1202 4752 referente
1228 4697 1465 4768 Evagrio
1490 4699 1556 4761 ⁸⁸,
1587 4698 1912 4755 Eustathius
1938 4703 2237 4772 episcopus
2260 4704 2363 4758 Be—

776 4787 884 4859 ryti
908 4788 963 4841 in
1008 4788 1233 4851 litteris,
1270 4803 1407 4857 quas
1441 4788 1511 4841 ad
1539 4789 1807 4843 Joannem
1832 4791 2175 4861 episcopum,
2206 4803 2263 4848 et
2288 4793 2357 4848 ad

776 4879 1011 4932 alterum
1035 4879 1304 4934 Joannem
1337 4879 1719 4950 presbyterum
1756 4881 1824 4935 de
1862 4882 2031 4936 rebus
2069 4885 2123 4937 in
2147 4885 2360 4955 synodo

776 4969 949 5038 gestis
986 4969 1228 5037 scripsit.
1270 4968 1659 5033 Occurrentes,
1703 4970 1901 5041 inquit,
1931 4972 2119 5027 denuo
2173 4975 2211 5028 ii
2261 4976 2355 5046 qui

775 5059 1012 5113 Nestorii
1041 5061 1300 5131 reliquias
1336 5064 1707 5131 postulabant,
1739 5075 1927 5119 contra
1967 5070 2235 5138 synodum
2264 5086 2359 5124 vo-

777 5150 992 5205 ciferati
1020 5160 1187 5206 sunt:
1226 5151 1342 5216 Qua
1374 5154 1438 5206 de
1472 5171 1633 5209 causa
1663 5157 1765 5210 viri
1808 5160 1981 5211 sancti
2014 5162 2355 5215 anathemate

776 5244 1149 5298 damnantur?
1180 5246 1320 5300 adeo
1350 5255 1411 5300 ut
1458 5247 1760 5317 imperator
1798 5249 2175 5320 indignatione
2205 5268 2355 5307 com-

774 5343 958 5389 motus
987 5337 1378 5405 prolictorihus
1402 5340 1522 5394 suis
1552 5340 1913 5406 mandaverit,
1947 5352 2007 5397 ut
2034 5358 2131 5397 eos
2160 5345 2354 5413 procul

771 5428 1131 5496 expellerent.
1174 5450 1191 5479 ι

846 5518 979 5572 Tant
1003 5520 1112 5574 alte
1136 5537 1299 5589 porro
1324 5523 1527 5579 insedit
1550 5526 1915 5595 quorumdam
1941 5530 2139 5583 animis
2166 5529 2353 5583 istltwc

2472 3339 2585 3392 visa
2609 3346 2694 3392 est
2728 3339 2969 3392 motibus
3002 3340 3282 3393 successio
3328 3341 3663 3409 principum.
3699 3339 4063 3393 Justinianus

2470 3428 2617 3481 enim
2644 3429 2971 3497 jampridem
2994 3430 3255 3483 audiebat
3275 3430 3583 3485 acerrimus
3608 3430 3798 3500 synodi
3823 3430 4061 3485 Chalce-

2470 3518 2752 3579 donensis,
2784 3533 3088 3587 eorumque
3114 3518 3275 3578 adeo.
3304 3535 3445 3588 quos
3471 3521 3713 3591 synodus
3732 3522 4060 3590 recepisset,

2472 3606 2747 3671 defensor,
2778 3609 2922 3663 unde
2945 3616 3001 3663 et
3030 3608 3302 3679 Synodita:
3330 3626 3533 3665 nomen
3568 3613 3654 3665 vel
3679 3628 3707 3665 a
3736 3612 3940 3681 populo
3962 3628 4064 3665 ac--

2469 3705 2803 3766 ceptaverat,
2826 3699 2911 3752 vel
2964 3699 3009 3753 si
3051 3700 3332 3755 credimus
3380 3702 3634 3772 Evagrio,
3682 3704 4058 3757 aﬂ‘ectaverat.

2538 3788 2604 3844 ll.
2637 3790 2792 3845 Tunc
2823 3791 2992 3861 igitur
3019 3791 3167 3847 vires
3205 3803 3646 3863 resumpserunt,
3670 3795 3763 3864 qui
3797 3796 4057 3849 Theodo-

2469 3882 2570 3935 reti
2630 3890 2833 3950 partes,
2867 3884 3073 3953 quique
3109 3886 3345 3940 Nestorii
3389 3887 3767 3956 sequebantur
3805 3888 4055 3943 :etedem

2467 3976 2614 4029 enim
2642 3984 2774 4031 tunc
2792 3977 3046 4041 creditae;
3070 3978 3344 4048 siquidem
3374 3980 3681 4034 invaluerat
3705 3981 3870 4035 stulta
3898 3996 4060 4050 quae-

2467 4066 2615 4130 dam,
2656 4069 2771 4122 sive
2815 4077 3156 4138 temporum,
3201 4070 3314 4125 sive
3353 4071 3682 4140 populorum
3728 4071 4056 4135 credulitas,

2466 4166 2767 4228 utrumque
2790 4160 3072 4213 communi
3110 4160 3314 4214 invidia
3350 4161 3604 4217 laborare
3635 4179 3648 4215 :
3678 4170 3840 4231 atque
3874 4161 3928 4215 id
3952 4162 4060 4216 fuit

2467 4251 2522 4304 in
2553 4265 2739 4312 causa,
2760 4265 2861 4304 cur
2887 4258 3109 4305 sanctus
3137 4251 3348 4306 Sabbas
3368 4252 3435 4315 ",
3475 4268 3600 4306 cum
3625 4253 3897 4322 legatione
3924 4253 4060 4309 Hie-

2466 4341 2837 4412 rosolymitani
2888 4342 3151 4396 antistitis
3180 4342 3247 4397 ad
3277 4342 3647 4398 Justinianum
3707 4345 4055 4415 fungeretur,

2466 4440 2756 4501 postquam
2786 4432 3033 4485 exoravit
3061 4432 3503 4488 Christianorum
3547 4451 3768 4490 causam
3790 4477 3803 4499 ,
3831 4445 4058 4506 propter

2465 4539 2630 4593 quam
2664 4532 2912 4587 venerat,
2942 4524 3191 4594 iramque
3223 4524 3571 4594 imperatoris
3596 4527 3651 4581 in
3676 4526 4057 4584 Samaritanos

2468 4616 2760 4679 convertit,
2784 4631 2909 4670 mox
2932 4616 3070 4682 Arii,
3087 4617 3324 4672 Nestorii
3355 4628 3411 4673 et
3431 4617 3684 4689 Origenis
3704 4628 3882 4674 sectas
3903 4636 4055 4675 como

2466 4705 2628 4775 primi
2656 4707 3018 4775 postulaverit
3058 4707 3396 4762 ineluetabili
3424 4709 3660 4777 quadam
3698 4725 3923 4779 precum
3956 4726 4054 4780 po-

2468 4797 2676 4851 tentia:
2706 4813 2830 4851 nam
2864 4798 3041 4852 fuerat
3062 4797 3251 4852 divino
3284 4801 3545 4854 instinctu
3580 4808 3772 4870 pactus
3803 4801 3924 4856 fore
3965 4811 4046 4860 ut.

2466 4888 2510 4941 si
2545 4888 2891 4943 Justinianus
2934 4889 2989 4943 id
3016 4890 3381 4959 praestitisset,
3414 4891 3688 4955 Siciliam,
3734 4892 3964 4947 Romam
3997 4904 4055 4948 et

2462 4978 2849 5049 Carthaginem
2872 4997 2971 5051 pro
2998 4986 3254 5041 mercede
3280 4988 3574 5058 reciperet.

2545 5070 2632 5123 Ill.
2678 5070 2920 5141 Contigit
2967 5089 3099 5128 vero
3135 5075 3236 5129 hac
3281 5076 3336 5130 in
3385 5079 3656 5148 legatione
3699 5078 3880 5147 quod,
3920 5080 4049 5149 quia

2463 5160 2702 5229 pertinet
2732 5162 2798 5214 ad
2828 5164 3066 5218 nobilem
3099 5168 3267 5222 trium
3290 5170 3656 5238 capitulorum
3685 5169 4050 5241 impugnatri-

2463 5267 2602 5314 cem,
2647 5252 2850 5308 referre
2882 5271 2993 5310 non
3027 5268 3111 5313 est
3150 5260 3388 5315 alienum
3419 5277 3447 5314 a
3501 5261 3641 5315 loco.
3673 5260 3809 5315 Cum
3839 5262 4051 5315 Sabbas

2466 5344 2521 5397 in
2546 5346 2748 5415 palatio
2768 5359 3103 5414 versaretur,
3129 5350 3444 5421 emagitavit
3467 5350 3756 5405 Theodora
3779 5349 4049 5419 Angusta,

2466 5447 2521 5491 ut
2549 5455 2711 5508 quam
2744 5441 3010 5497 hactenus
3042 5444 3243 5499 frustra
3272 5451 3558 5513 optaverat
3606 5443 3817 5513 prolem
3857 5444 3963 5498 sibi
4014 5447 4043 5500 ἐι

2462 5531 2574 5585 Deo
2608 5531 2745 5596 dari,
2779 5534 3036 5601 precibus
3078 5537 3163 5589 vir
3195 5543 3417 5590 sanctus
3458 5533 3732 5588 obtineret
3767 5550 3779 5585 :
3826 5538 4046 5606 negavit

2117 5684 2428 5738 SCHI'LZII
2468 5686 2696 5742 ΝΟΤΑΞ.

845 5773 885 5803 ⁷³
912 5774 1131 5844 I*lvagr.,
1162 5775 1319 5837 Ηὶδιη
1348 5774 1444 5827 lib.
1476 5790 1605 5826 χιιι.

771 5861 894 5913 cap.
920 5844 1009 5910 95,
1038 5846 1128 5900 die
1162 5846 1195 5900 5
1223 5844 1475 5899 Decemb.

1684 5775 1728 5805 ⁸⁰
1759 5774 1932 5843 Epist.
1960 5775 2025 5827 ad
2048 5776 2239 5831 Joann.
2274 5776 2527 5831 Antioch.

2609 5780 2647 5807 "'
2684 5780 2802 5833 Lib.
2835 5798 2892 5846 tt,
2930 5798 3049 5851 cap.
3090 5784 3141 5837 2.
3222 5784 3265 5815 ⁸¹
3296 5783 3484 5852 Cyrill.
3509 5783 3565 5838 in
3596 5782 3716 5839 Vita
3735 5781 3791 5837 S.
3820 5780 4030 5836 Sabine.
