  <div class='ocr_page' id='page_1' title='image "/cluster/home/n/w/nwhite01/storage/ocr_20150623/84/nnc1.0114605970/096.png"; bbox 0 0 4228 6446; ppageno 0'>
   <div class='ocr_carea' id='block_1_1' title="bbox 205 401 301 467">
    <p class='ocr_par' dir='ltr' id='par_1_1' title="bbox 205 401 301 467">
     <span class='ocr_line' id='line_1_1' title="bbox 205 401 301 467; baseline 0.021 -3"><span class='ocrx_word' id='word_1_1' title='bbox 205 401 301 467; x_wconf 75' lang='grc' dir='ltr'><strong>1τ3</strong></span> 
     </span>
    </p>
   </div>
   <div class='ocr_carea' id='block_1_2' title="bbox 1394 397 3452 478">
    <p class='ocr_par' dir='ltr' id='par_1_2' title="bbox 1394 397 3452 478">
     <span class='ocr_line' id='line_1_2' title="bbox 1394 397 3452 478; baseline -0.007 -19"><span class='ocrx_word' id='word_1_2' title='bbox 1394 398 1750 459; x_wconf 78' lang='lat' dir='ltr'><strong>HISTORIA</strong></span> <span class='ocrx_word' id='word_1_3' title='bbox 1786 397 2289 461; x_wconf 78' lang='lat' dir='ltr'><strong>THEODORETI.</strong></span> <span class='ocrx_word' id='word_1_4' title='bbox 3352 413 3452 478; x_wconf 58' lang='lat' dir='ltr'><strong>In</strong></span> 
     </span>
    </p>
   </div>
   <div class='ocr_carea' id='block_1_3' title="bbox 202 511 3453 598">
    <p class='ocr_par' dir='ltr' id='par_1_3' title="bbox 202 511 3453 598">
     <span class='ocr_line' id='line_1_3' title="bbox 202 511 3453 598; baseline 0.004 -28"><span class='ocrx_word' id='word_1_5' title='bbox 202 515 289 571; x_wconf 86' lang='lat' dir='ltr'><strong>ille</strong></span> <span class='ocrx_word' id='word_1_6' title='bbox 314 527 376 568; x_wconf 83' lang='lat' dir='ltr'><strong>se</strong></span> <span class='ocrx_word' id='word_1_7' title='bbox 398 511 701 578; x_wconf 85' lang='lat' dir='ltr'><strong>facturum,</strong></span> <span class='ocrx_word' id='word_1_8' title='bbox 740 532 758 565; x_wconf 70' lang='grc' dir='ltr'><strong><em>ι</em></strong></span> <span class='ocrx_word' id='word_1_9' title='bbox 807 530 874 569; x_wconf 90' lang='lat' dir='ltr'><strong>ne</strong></span> <span class='ocrx_word' id='word_1_10' title='bbox 906 514 1073 586; x_wconf 90' lang='lat' dir='ltr'><strong>(quod</strong></span> <span class='ocrx_word' id='word_1_11' title='bbox 1105 514 1299 569; x_wconf 80' lang='lat' dir='ltr'><strong>amicis</strong></span> <span class='ocrx_word' id='word_1_12' title='bbox 1332 513 1644 583; x_wconf 76' lang='lat' dir='ltr'><strong>importune</strong></span> <span class='ocrx_word' id='word_1_13' title='bbox 1689 527 1779 565; x_wconf 91' lang='lat' dir='ltr'><strong>ro-</strong></span> <span class='ocrx_word' id='word_1_14' title='bbox 1808 516 1853 571; x_wconf 80' lang='lat' dir='ltr'><strong>A</strong></span> <span class='ocrx_word' id='word_1_15' title='bbox 1886 511 2191 569; x_wconf 84' lang='lat' dir='ltr'><strong>Theodosia</strong></span> <span class='ocrx_word' id='word_1_16' title='bbox 2213 525 2268 570; x_wconf 90' lang='lat' dir='ltr'><strong>et</strong></span> <span class='ocrx_word' id='word_1_17' title='bbox 2292 514 2555 571; x_wconf 87' lang='lat' dir='ltr'><strong>Curesina</strong></span> <span class='ocrx_word' id='word_1_18' title='bbox 2578 517 2643 572; x_wconf 89' lang='lat' dir='ltr'><strong>ad</strong></span> <span class='ocrx_word' id='word_1_19' title='bbox 2682 518 2939 590; x_wconf 77' lang='lat' dir='ltr'><strong>Cyprum.</strong></span> <span class='ocrx_word' id='word_1_20' title='bbox 2964 522 3158 577; x_wconf 79' lang='lat' dir='ltr'><strong>Mirum</strong></span> <span class='ocrx_word' id='word_1_21' title='bbox 3191 540 3322 581; x_wconf 88' lang='lat' dir='ltr'><strong>vero</strong></span> <span class='ocrx_word' id='word_1_22' title='bbox 3353 544 3453 598; x_wconf 91' lang='lat' dir='ltr'><strong>pro</strong></span> 
     </span>
    </p>
   </div>
   <div class='ocr_carea' id='block_1_4' title="bbox 200 604 1784 678">
    <p class='ocr_par' dir='ltr' id='par_1_4' title="bbox 200 604 1784 678">
     <span class='ocr_line' id='line_1_4' title="bbox 200 604 1784 678; baseline -0.001 -18"><span class='ocrx_word' id='word_1_23' title='bbox 200 606 455 676; x_wconf 85' lang='lat' dir='ltr'><strong>gantibus</strong></span> <span class='ocrx_word' id='word_1_24' title='bbox 476 604 733 675; x_wconf 76' lang='lat' dir='ltr'><strong>privatim</strong></span> <span class='ocrx_word' id='word_1_25' title='bbox 763 607 1023 678; x_wconf 90' lang='lat' dir='ltr'><strong>aperuit),</strong></span> <span class='ocrx_word' id='word_1_26' title='bbox 1052 607 1096 662; x_wconf 90' lang='lat' dir='ltr'><strong>si</strong></span> <span class='ocrx_word' id='word_1_27' title='bbox 1115 606 1337 677; x_wconf 88' lang='lat' dir='ltr'><strong>quidem</strong></span> <span class='ocrx_word' id='word_1_28' title='bbox 1368 605 1606 661; x_wconf 86' lang='lat' dir='ltr'><strong>fructum</strong></span> <span class='ocrx_word' id='word_1_29' title='bbox 1636 621 1702 660; x_wconf 81' lang='lat' dir='ltr'><strong>ex</strong></span> <span class='ocrx_word' id='word_1_30' title='bbox 1718 620 1784 659; x_wconf 91' lang='lat' dir='ltr'><strong>ea</strong></span> 
     </span>
    </p>
   </div>
   <div class='ocr_carea' id='block_1_5' title="bbox 198 698 1785 770">
    <p class='ocr_par' dir='ltr' id='par_1_5' title="bbox 198 698 1785 770">
     <span class='ocr_line' id='line_1_5' title="bbox 198 698 1785 770; baseline -0.001 -17"><span class='ocrx_word' id='word_1_31' title='bbox 198 698 285 753; x_wconf 84' lang='lat' dir='ltr'><strong>edi</strong></span> <span class='ocrx_word' id='word_1_32' title='bbox 314 698 462 753; x_wconf 89' lang='lat' dir='ltr'><strong>Deus</strong></span> <span class='ocrx_word' id='word_1_33' title='bbox 491 698 724 761; x_wconf 88' lang='lat' dir='ltr'><strong>sineret,</strong></span> <span class='ocrx_word' id='word_1_34' title='bbox 754 698 870 767; x_wconf 90' lang='lat' dir='ltr'><strong>ipse</strong></span> <span class='ocrx_word' id='word_1_35' title='bbox 911 714 1130 769; x_wconf 89' lang='lat' dir='ltr'><strong>quoque</strong></span> <span class='ocrx_word' id='word_1_36' title='bbox 1157 706 1400 770; x_wconf 78' lang='lat' dir='ltr'><strong>gustaret</strong></span> <span class='ocrx_word' id='word_1_37' title='bbox 1437 698 1626 753; x_wconf 79' lang='lat' dir='ltr'><strong>Severi</strong></span> <span class='ocrx_word' id='word_1_38' title='bbox 1654 698 1785 767; x_wconf 85' lang='lat' dir='ltr'><strong>dog-</strong></span> 
     </span>
    </p>
   </div>
   <div class='ocr_carea' id='block_1_6' title="bbox 200 788 1784 858">
    <p class='ocr_par' dir='ltr' id='par_1_6' title="bbox 200 788 1784 858">
     <span class='ocr_line' id='line_1_6' title="bbox 200 788 1784 858; baseline -0.001 -16"><span class='ocrx_word' id='word_1_39' title='bbox 200 799 365 852; x_wconf 81' lang='lat' dir='ltr'><strong>mata,</strong></span> <span class='ocrx_word' id='word_1_40' title='bbox 410 797 465 843; x_wconf 90' lang='lat' dir='ltr'><strong>et</strong></span> <span class='ocrx_word' id='word_1_41' title='bbox 491 788 803 843; x_wconf 78' lang='lat' dir='ltr'><strong>deteriores</strong></span> <span class='ocrx_word' id='word_1_42' title='bbox 826 805 991 858; x_wconf 86' lang='lat' dir='ltr'><strong>quam</strong></span> <span class='ocrx_word' id='word_1_43' title='bbox 1036 790 1190 858; x_wconf 92' lang='lat' dir='ltr'><strong>prius</strong></span> <span class='ocrx_word' id='word_1_44' title='bbox 1224 790 1294 843; x_wconf 91' lang='lat' dir='ltr'><strong>ab</strong></span> <span class='ocrx_word' id='word_1_45' title='bbox 1347 790 1669 853; x_wconf 86' lang='lat' dir='ltr'><strong>Anastasio,</strong></span> <span class='ocrx_word' id='word_1_46' title='bbox 1699 798 1784 841; x_wconf 90' lang='lat' dir='ltr'><strong>tu-</strong></span> 
     </span>
    </p>
   </div>
   <div class='ocr_carea' id='block_1_7' title="bbox 202 880 1473 943">
    <p class='ocr_par' dir='ltr' id='par_1_7' title="bbox 202 880 1473 943">
     <span class='ocr_line' id='line_1_7' title="bbox 202 880 1473 943; baseline -0.001 -9"><span class='ocrx_word' id='word_1_47' title='bbox 202 880 432 943; x_wconf 89' lang='lat' dir='ltr'><strong>multus,</strong></span> <span class='ocrx_word' id='word_1_48' title='bbox 466 880 563 935; x_wconf 85' lang='lat' dir='ltr'><strong>Dei</strong></span> <span class='ocrx_word' id='word_1_49' title='bbox 594 881 992 934; x_wconf 90' lang='lat' dir='ltr'><strong>conturbarent</strong></span> <span class='ocrx_word' id='word_1_50' title='bbox 1017 882 1320 936; x_wconf 85' lang='lat' dir='ltr'><strong>Ecclesiam</strong></span> <span class='ocrx_word' id='word_1_51' title='bbox 1345 881 1409 935; x_wconf 77' lang='lat'><strong>“.</strong></span> <span class='ocrx_word' id='word_1_52' title='bbox 1456 901 1473 932; x_wconf 77' lang='grc' dir='ltr'><strong><em>ι</em></strong></span> 
     </span>
    </p>
   </div>
   <div class='ocr_carea' id='block_1_8' title="bbox 281 968 1787 1040">
    <p class='ocr_par' dir='ltr' id='par_1_8' title="bbox 281 968 1787 1040">
     <span class='ocr_line' id='line_1_8' title="bbox 281 968 1787 1040; baseline 0 -18"><span class='ocrx_word' id='word_1_53' title='bbox 281 968 375 1022; x_wconf 72' lang='lat' dir='ltr'><strong>IV.</strong></span> <span class='ocrx_word' id='word_1_54' title='bbox 409 968 649 1023; x_wconf 86' lang='lat' dir='ltr'><strong>Fovebat</strong></span> <span class='ocrx_word' id='word_1_55' title='bbox 693 969 909 1023; x_wconf 85' lang='lat' dir='ltr'><strong>scilicet</strong></span> <span class='ocrx_word' id='word_1_56' title='bbox 960 969 1204 1040; x_wconf 83' lang='lat' dir='ltr'><strong>Augusta</strong></span> <span class='ocrx_word' id='word_1_57' title='bbox 1257 970 1656 1040; x_wconf 82' lang='lat' dir='ltr'><strong>Accphalorum</strong></span> <span class='ocrx_word' id='word_1_58' title='bbox 1702 984 1787 1022; x_wconf 88' lang='lat' dir='ltr'><strong>se-</strong></span> 
     </span>
    </p>
   </div>
   <div class='ocr_carea' id='block_1_9' title="bbox 199 1059 1783 1130">
    <p class='ocr_par' dir='ltr' id='par_1_9' title="bbox 199 1059 1783 1130">
     <span class='ocr_line' id='line_1_9' title="bbox 199 1059 1783 1130; baseline -0.001 -16"><span class='ocrx_word' id='word_1_59' title='bbox 199 1068 368 1123; x_wconf 82' lang='lat' dir='ltr'><strong>ctam,</strong></span> <span class='ocrx_word' id='word_1_60' title='bbox 406 1059 713 1130; x_wconf 88' lang='lat' dir='ltr'><strong>synodique</strong></span> <span class='ocrx_word' id='word_1_61' title='bbox 756 1060 934 1114; x_wconf 87' lang='lat' dir='ltr'><strong>hostis</strong></span> <span class='ocrx_word' id='word_1_62' title='bbox 962 1068 1103 1125; x_wconf 83' lang='lat' dir='ltr'><strong>erat,</strong></span> <span class='ocrx_word' id='word_1_63' title='bbox 1133 1060 1246 1115; x_wconf 83' lang='lat' dir='ltr'><strong>sive</strong></span> <span class='ocrx_word' id='word_1_64' title='bbox 1281 1060 1355 1114; x_wconf 90' lang='lat' dir='ltr'><strong>ita</strong></span> <span class='ocrx_word' id='word_1_65' title='bbox 1389 1060 1568 1130; x_wconf 90' lang='lat' dir='ltr'><strong>reipsa</strong></span> <span class='ocrx_word' id='word_1_66' title='bbox 1614 1059 1783 1113; x_wconf 81' lang='lat' dir='ltr'><strong>senti-</strong></span> 
     </span>
    </p>
   </div>
   <div class='ocr_carea' id='block_1_10' title="bbox 1887 602 3455 683">
    <p class='ocr_par' dir='ltr' id='par_1_10' title="bbox 1887 602 3455 683">
     <span class='ocr_line' id='line_1_10' title="bbox 1887 602 3455 683; baseline 0.012 -27"><span class='ocrx_word' id='word_1_67' title='bbox 1887 602 2089 658; x_wconf 87' lang='lat' dir='ltr'><strong>Severo</strong></span> <span class='ocrx_word' id='word_1_68' title='bbox 2134 622 2403 675; x_wconf 81' lang='lat' dir='ltr'><strong>pugnasse</strong></span> <span class='ocrx_word' id='word_1_69' title='bbox 2442 610 2873 679; x_wconf 83' lang='lat' dir='ltr'><strong>Euphratenses,</strong></span> <span class='ocrx_word' id='word_1_70' title='bbox 2917 630 3150 683; x_wconf 90' lang='lat' dir='ltr'><strong>quorum</strong></span> <span class='ocrx_word' id='word_1_71' title='bbox 3190 616 3455 675; x_wconf 81' lang='lat' dir='ltr'><strong>hactenus</strong></span> 
     </span>
    </p>
   </div>
   <div class='ocr_carea' id='block_1_11' title="bbox 1884 692 3453 770">
    <p class='ocr_par' dir='ltr' id='par_1_11' title="bbox 1884 692 3453 770">
     <span class='ocr_line' id='line_1_11' title="bbox 1884 692 3453 770; baseline 0.011 -23"><span class='ocrx_word' id='word_1_72' title='bbox 1884 692 2063 749; x_wconf 83' lang='lat' dir='ltr'><strong>fuerat</strong></span> <span class='ocrx_word' id='word_1_73' title='bbox 2089 695 2144 749; x_wconf 92' lang='lat' dir='ltr'><strong>in</strong></span> <span class='ocrx_word' id='word_1_74' title='bbox 2170 696 2574 753; x_wconf 87' lang='lat' dir='ltr'><strong>Theodorctum</strong></span> <span class='ocrx_word' id='word_1_75' title='bbox 2608 703 2861 770; x_wconf 81' lang='lat' dir='ltr'><strong>pertinax</strong></span> <span class='ocrx_word' id='word_1_76' title='bbox 2900 721 3090 760; x_wconf 85' lang='lat' dir='ltr'><strong>amor:</strong></span> <span class='ocrx_word' id='word_1_77' title='bbox 3136 710 3230 763; x_wconf 85' lang='lat' dir='ltr'><strong>sed</strong></span> <span class='ocrx_word' id='word_1_78' title='bbox 3273 712 3453 765; x_wconf 90' lang='lat' dir='ltr'><strong>studia</strong></span> 
     </span>
    </p>
   </div>
   <div class='ocr_carea' id='block_1_12' title="bbox 1888 787 2985 856">
    <p class='ocr_par' dir='ltr' id='par_1_12' title="bbox 1888 787 2985 856">
     <span class='ocr_line' id='line_1_12' title="bbox 1888 787 2985 856; baseline 0.011 -17"><span class='ocrx_word' id='word_1_79' title='bbox 1888 787 2227 856; x_wconf 83' lang='lat' dir='ltr'><strong>temporibus</strong></span> <span class='ocrx_word' id='word_1_80' title='bbox 2249 791 2446 844; x_wconf 89' lang='lat' dir='ltr'><strong>mutari</strong></span> <span class='ocrx_word' id='word_1_81' title='bbox 2475 808 2581 847; x_wconf 91' lang='lat' dir='ltr'><strong>non</strong></span> <span class='ocrx_word' id='word_1_82' title='bbox 2617 794 2861 849; x_wconf 86' lang='lat' dir='ltr'><strong>insolens</strong></span> <span class='ocrx_word' id='word_1_83' title='bbox 2884 806 2985 851; x_wconf 89' lang='lat' dir='ltr'><strong>est.</strong></span> 
     </span>
    </p>
   </div>
   <div class='ocr_carea' id='block_1_13' title="bbox 1959 877 3453 959">
    <p class='ocr_par' dir='ltr' id='par_1_13' title="bbox 1959 877 3453 959">
     <span class='ocr_line' id='line_1_13' title="bbox 1959 877 3453 959; baseline 0.011 -28"><span class='ocrx_word' id='word_1_84' title='bbox 1959 877 2037 932; x_wconf 85' lang='lat' dir='ltr'><strong>Ex</strong></span> <span class='ocrx_word' id='word_1_85' title='bbox 2071 879 2361 934; x_wconf 83' lang='lat' dir='ltr'><strong>duodecim</strong></span> <span class='ocrx_word' id='word_1_86' title='bbox 2402 897 2566 950; x_wconf 91' lang='lat' dir='ltr'><strong>porro</strong></span> <span class='ocrx_word' id='word_1_87' title='bbox 2598 888 2882 941; x_wconf 84' lang='lat' dir='ltr'><strong>recensitis</strong></span> <span class='ocrx_word' id='word_1_88' title='bbox 2910 889 3185 959; x_wconf 79' lang='lat' dir='ltr'><strong>episcopis</strong></span> <span class='ocrx_word' id='word_1_89' title='bbox 3208 892 3453 948; x_wconf 81' lang='lat' dir='ltr'><strong>Catholi-</strong></span> 
     </span>
    </p>
   </div>
   <div class='ocr_carea' id='block_1_14' title="bbox 1888 973 3455 1044">
    <p class='ocr_par' dir='ltr' id='par_1_14' title="bbox 1888 973 3455 1044">
     <span class='ocr_line' id='line_1_14' title="bbox 1888 973 3455 1044; baseline 0.008 -19"><span class='ocrx_word' id='word_1_90' title='bbox 1888 986 1981 1026; x_wconf 90' lang='lat' dir='ltr'><strong>cos</strong></span> <span class='ocrx_word' id='word_1_91' title='bbox 2026 986 2120 1026; x_wconf 81' lang='lat' dir='ltr'><strong>sex</strong></span> <span class='ocrx_word' id='word_1_92' title='bbox 2152 973 2450 1042; x_wconf 85' lang='lat' dir='ltr'><strong>imperator</strong></span> <span class='ocrx_word' id='word_1_93' title='bbox 2490 989 2813 1044; x_wconf 79' lang='lat' dir='ltr'><strong>vocaverat;</strong></span> <span class='ocrx_word' id='word_1_94' title='bbox 2845 980 2937 1034; x_wconf 83' lang='lat' dir='ltr'><strong>alii</strong></span> <span class='ocrx_word' id='word_1_95' title='bbox 2968 980 3176 1033; x_wconf 80' lang='lat' dir='ltr'><strong>dudum</strong></span> <span class='ocrx_word' id='word_1_96' title='bbox 3226 982 3279 1035; x_wconf 90' lang='lat' dir='ltr'><strong>in</strong></span> <span class='ocrx_word' id='word_1_97' title='bbox 3320 984 3455 1038; x_wconf 83' lang='lat' dir='ltr'><strong>urbe</strong></span> 
     </span>
    </p>
   </div>
   <div class='ocr_carea' id='block_1_15' title="bbox 1888 1064 3459 1142">
    <p class='ocr_par' dir='ltr' id='par_1_15' title="bbox 1888 1064 3459 1142">
     <span class='ocr_line' id='line_1_15' title="bbox 1888 1064 3459 1142; baseline 0.008 -26"><span class='ocrx_word' id='word_1_98' title='bbox 1888 1064 2034 1132; x_wconf 81' lang='lat' dir='ltr'><strong>regia</strong></span> <span class='ocrx_word' id='word_1_99' title='bbox 2062 1064 2434 1130; x_wconf 84' lang='lat' dir='ltr'><strong>morabantur,</strong></span> <span class='ocrx_word' id='word_1_100' title='bbox 2481 1068 2614 1129; x_wconf 88' lang='lat' dir='ltr'><strong>suis,</strong></span> <span class='ocrx_word' id='word_1_101' title='bbox 2651 1071 2868 1137; x_wconf 88' lang='lat' dir='ltr'><strong>opinor,</strong></span> <span class='ocrx_word' id='word_1_102' title='bbox 2893 1072 3102 1141; x_wconf 84' lang='lat' dir='ltr'><strong>expulsi</strong></span> <span class='ocrx_word' id='word_1_103' title='bbox 3135 1088 3165 1127; x_wconf 91' lang='lat' dir='ltr'><strong>a</strong></span> <span class='ocrx_word' id='word_1_104' title='bbox 3206 1074 3459 1142; x_wconf 78' lang='lat' dir='ltr'><strong>plebibus</strong></span> 
     </span>
    </p>
   </div>
   <div class='ocr_carea' id='block_1_16' title="bbox 202 1149 3459 1229">
    <p class='ocr_par' dir='ltr' id='par_1_16' title="bbox 202 1149 3459 1229">
     <span class='ocr_line' id='line_1_16' title="bbox 202 1149 3459 1229; baseline 0.005 -25"><span class='ocrx_word' id='word_1_105' title='bbox 202 1158 317 1214; x_wconf 87' lang='lat' dir='ltr'><strong>ret,</strong></span> <span class='ocrx_word' id='word_1_106' title='bbox 367 1149 520 1219; x_wconf 90' lang='lat' dir='ltr'><strong>quod</strong></span> <span class='ocrx_word' id='word_1_107' title='bbox 565 1161 762 1204; x_wconf 83' lang='lat' dir='ltr'><strong>eventa</strong></span> <span class='ocrx_word' id='word_1_108' title='bbox 811 1150 1149 1214; x_wconf 88' lang='lat' dir='ltr'><strong>docuerunt,</strong></span> <span class='ocrx_word' id='word_1_109' title='bbox 1192 1152 1329 1216; x_wconf 85' lang='lat' dir='ltr'><strong>sive,</strong></span> <span class='ocrx_word' id='word_1_110' title='bbox 1363 1150 1509 1221; x_wconf 90' lang='lat' dir='ltr'><strong>quod</strong></span> <span class='ocrx_word' id='word_1_111' title='bbox 1550 1150 1787 1221; x_wconf 82' lang='lat' dir='ltr'><strong>politieis</strong></span> <span class='ocrx_word' id='word_1_112' title='bbox 1883 1164 2111 1223; x_wconf 83' lang='lat' dir='ltr'><strong>propter</strong></span> <span class='ocrx_word' id='word_1_113' title='bbox 2152 1156 2403 1210; x_wconf 75' lang='lat' dir='ltr'><strong>haeresin.</strong></span> <span class='ocrx_word' id='word_1_114' title='bbox 2434 1158 2603 1227; x_wconf 85' lang='lat' dir='ltr'><strong>Opem</strong></span> <span class='ocrx_word' id='word_1_115' title='bbox 2657 1160 2735 1213; x_wconf 91' lang='lat' dir='ltr'><strong>illi</strong></span> <span class='ocrx_word' id='word_1_116' title='bbox 2778 1161 3034 1229; x_wconf 85' lang='lat' dir='ltr'><strong>precibus</strong></span> <span class='ocrx_word' id='word_1_117' title='bbox 3066 1164 3459 1221; x_wconf 74' lang='lat' dir='ltr'><strong>efficacissimis</strong></span> 
     </span>
    </p>
   </div>
   <div class='ocr_carea' id='block_1_17' title="bbox 203 1239 1786 1304">
    <p class='ocr_par' dir='ltr' id='par_1_17' title="bbox 203 1239 1786 1304">
     <span class='ocr_line' id='line_1_17' title="bbox 203 1239 1786 1304; baseline -0.003 -9"><span class='ocrx_word' id='word_1_118' title='bbox 203 1251 335 1295; x_wconf 89' lang='lat' dir='ltr'><strong>tunc</strong></span> <span class='ocrx_word' id='word_1_119' title='bbox 367 1240 690 1304; x_wconf 86' lang='lat' dir='ltr'><strong>videbatur,</strong></span> <span class='ocrx_word' id='word_1_120' title='bbox 722 1240 999 1296; x_wconf 83' lang='lat' dir='ltr'><strong>divisisset</strong></span> <span class='ocrx_word' id='word_1_121' title='bbox 1024 1256 1150 1294; x_wconf 86' lang='lat' dir='ltr'><strong>cum</strong></span> <span class='ocrx_word' id='word_1_122' title='bbox 1200 1240 1398 1295; x_wconf 89' lang='lat' dir='ltr'><strong>marito</strong></span> <span class='ocrx_word' id='word_1_123' title='bbox 1441 1249 1615 1295; x_wconf 90' lang='lat' dir='ltr'><strong>totum</strong></span> <span class='ocrx_word' id='word_1_124' title='bbox 1657 1239 1786 1292; x_wconf 88' lang='lat' dir='ltr'><strong>reli-</strong></span> 
     </span>
    </p>
   </div>
   <div class='ocr_carea' id='block_1_18' title="bbox 197 1330 1789 1402">
    <p class='ocr_par' dir='ltr' id='par_1_18' title="bbox 197 1330 1789 1402">
     <span class='ocr_line' id='line_1_18' title="bbox 197 1330 1789 1402; baseline -0.001 -17"><span class='ocrx_word' id='word_1_125' title='bbox 197 1332 381 1401; x_wconf 89' lang='lat' dir='ltr'><strong>gionis</strong></span> <span class='ocrx_word' id='word_1_126' title='bbox 408 1331 784 1400; x_wconf 84' lang='lat' dir='ltr'><strong>principatum</strong></span> <span class='ocrx_word' id='word_1_127' title='bbox 804 1371 817 1395; x_wconf 91' lang='lat'><strong>,</strong></span> <span class='ocrx_word' id='word_1_128' title='bbox 845 1340 907 1386; x_wconf 89' lang='lat' dir='ltr'><strong>ut</strong></span> <span class='ocrx_word' id='word_1_129' title='bbox 940 1332 1059 1401; x_wconf 90' lang='lat' dir='ltr'><strong>ipsa</strong></span> <span class='ocrx_word' id='word_1_130' title='bbox 1095 1332 1205 1387; x_wconf 81' lang='lat' dir='ltr'><strong>dux</strong></span> <span class='ocrx_word' id='word_1_131' title='bbox 1241 1331 1663 1402; x_wconf 84' lang='lat' dir='ltr'><strong>Acephalorum,</strong></span> <span class='ocrx_word' id='word_1_132' title='bbox 1693 1330 1789 1384; x_wconf 87' lang='lat' dir='ltr'><strong>Ju-</strong></span> 
     </span>
    </p>
   </div>
   <div class='ocr_carea' id='block_1_19' title="bbox 199 1422 1788 1493">
    <p class='ocr_par' dir='ltr' id='par_1_19' title="bbox 199 1422 1788 1493">
     <span class='ocr_line' id='line_1_19' title="bbox 199 1422 1788 1493; baseline -0.003 -15"><span class='ocrx_word' id='word_1_133' title='bbox 199 1423 476 1478; x_wconf 85' lang='lat' dir='ltr'><strong>stinianus</strong></span> <span class='ocrx_word' id='word_1_134' title='bbox 510 1422 901 1493; x_wconf 85' lang='lat' dir='ltr'><strong>Synoditarum</strong></span> <span class='ocrx_word' id='word_1_135' title='bbox 936 1423 1108 1487; x_wconf 88' lang='lat' dir='ltr'><strong>foret,</strong></span> <span class='ocrx_word' id='word_1_136' title='bbox 1138 1432 1301 1491; x_wconf 89' lang='lat' dir='ltr'><strong>atque</strong></span> <span class='ocrx_word' id='word_1_137' title='bbox 1336 1425 1411 1477; x_wconf 91' lang='lat' dir='ltr'><strong>ita</strong></span> <span class='ocrx_word' id='word_1_138' title='bbox 1449 1423 1611 1476; x_wconf 86' lang='lat' dir='ltr'><strong>ambo</strong></span> <span class='ocrx_word' id='word_1_139' title='bbox 1639 1436 1788 1475; x_wconf 87' lang='lat' dir='ltr'><strong>com-</strong></span> 
     </span>
    </p>
   </div>
   <div class='ocr_carea' id='block_1_20' title="bbox 198 1513 1786 1584">
    <p class='ocr_par' dir='ltr' id='par_1_20' title="bbox 198 1513 1786 1584">
     <span class='ocr_line' id='line_1_20' title="bbox 198 1513 1786 1584; baseline -0.001 -18"><span class='ocrx_word' id='word_1_140' title='bbox 198 1513 502 1567; x_wconf 86' lang='lat' dir='ltr'><strong>municatis</strong></span> <span class='ocrx_word' id='word_1_141' title='bbox 524 1513 769 1567; x_wconf 89' lang='lat' dir='ltr'><strong>consiliis</strong></span> <span class='ocrx_word' id='word_1_142' title='bbox 790 1528 887 1566; x_wconf 92' lang='lat' dir='ltr'><strong>sua</strong></span> <span class='ocrx_word' id='word_1_143' title='bbox 910 1528 1009 1582; x_wconf 91' lang='lat' dir='ltr'><strong>pro</strong></span> <span class='ocrx_word' id='word_1_144' title='bbox 1031 1521 1273 1584; x_wconf 85' lang='lat' dir='ltr'><strong>tempore</strong></span> <span class='ocrx_word' id='word_1_145' title='bbox 1296 1524 1349 1567; x_wconf 79' lang='lat' dir='ltr'><strong>ct</strong></span> <span class='ocrx_word' id='word_1_146' title='bbox 1374 1516 1490 1567; x_wconf 91' lang='lat' dir='ltr'><strong>loco</strong></span> <span class='ocrx_word' id='word_1_147' title='bbox 1516 1523 1786 1566; x_wconf 84' lang='lat' dir='ltr'><strong>momenta</strong></span> 
     </span>
    </p>
   </div>
   <div class='ocr_carea' id='block_1_21' title="bbox 195 1604 833 1674">
    <p class='ocr_par' dir='ltr' id='par_1_21' title="bbox 195 1604 833 1674">
     <span class='ocr_line' id='line_1_21' title="bbox 195 1604 833 1674; baseline 0.002 -17"><span class='ocrx_word' id='word_1_148' title='bbox 195 1604 453 1674; x_wconf 84' lang='lat' dir='ltr'><strong>partibus</strong></span> <span class='ocrx_word' id='word_1_149' title='bbox 475 1605 833 1660; x_wconf 86' lang='lat' dir='ltr'><strong>alternarent.</strong></span> 
     </span>
    </p>
   </div>
   <div class='ocr_carea' id='block_1_22' title="bbox 274 1694 1788 1768">
    <p class='ocr_par' dir='ltr' id='par_1_22' title="bbox 274 1694 1788 1768">
     <span class='ocr_line' id='line_1_22' title="bbox 274 1694 1788 1768; baseline -0.003 -17"><span class='ocrx_word' id='word_1_150' title='bbox 274 1694 458 1751; x_wconf 85' lang='lat' dir='ltr'><strong>Silere</strong></span> <span class='ocrx_word' id='word_1_151' title='bbox 497 1713 609 1752; x_wconf 93' lang='lat' dir='ltr'><strong>non</strong></span> <span class='ocrx_word' id='word_1_152' title='bbox 647 1714 875 1766; x_wconf 86' lang='lat' dir='ltr'><strong>possum</strong></span> <span class='ocrx_word' id='word_1_153' title='bbox 907 1698 1053 1768; x_wconf 84' lang='lat' dir='ltr'><strong>quod</strong></span> <span class='ocrx_word' id='word_1_154' title='bbox 1080 1696 1318 1768; x_wconf 81' lang='lat' dir='ltr'><strong>Cyrillus</strong></span> <span class='ocrx_word' id='word_1_155' title='bbox 1348 1696 1644 1751; x_wconf 74' lang='lat' dir='ltr'><strong>Monachus</strong></span> <span class='ocrx_word' id='word_1_156' title='bbox 1675 1698 1689 1715; x_wconf 85' lang='lat'><strong><em>°</em></strong></span> <span class='ocrx_word' id='word_1_157' title='bbox 1712 1696 1788 1749; x_wconf 76' lang='lat' dir='ltr'><strong>le-</strong></span> 
     </span>
    </p>
   </div>
   <div class='ocr_carea' id='block_1_23' title="bbox 192 1788 1788 1858">
    <p class='ocr_par' dir='ltr' id='par_1_23' title="bbox 192 1788 1788 1858">
     <span class='ocr_line' id='line_1_23' title="bbox 192 1788 1788 1858; baseline 0 -17"><span class='ocrx_word' id='word_1_158' title='bbox 192 1788 439 1857; x_wconf 87' lang='lat' dir='ltr'><strong>gationis</strong></span> <span class='ocrx_word' id='word_1_159' title='bbox 482 1789 724 1858; x_wconf 86' lang='lat' dir='ltr'><strong>scriptor</strong></span> <span class='ocrx_word' id='word_1_160' title='bbox 763 1789 952 1853; x_wconf 88' lang='lat' dir='ltr'><strong>tradit,</strong></span> <span class='ocrx_word' id='word_1_161' title='bbox 992 1790 1124 1843; x_wconf 90' lang='lat' dir='ltr'><strong>dum</strong></span> <span class='ocrx_word' id='word_1_162' title='bbox 1158 1805 1352 1845; x_wconf 85' lang='lat' dir='ltr'><strong>causas</strong></span> <span class='ocrx_word' id='word_1_163' title='bbox 1391 1790 1654 1858; x_wconf 87' lang='lat' dir='ltr'><strong>inquirit,</strong></span> <span class='ocrx_word' id='word_1_164' title='bbox 1689 1804 1788 1842; x_wconf 93' lang='lat' dir='ltr'><strong>cur</strong></span> 
     </span>
    </p>
   </div>
   <div class='ocr_carea' id='block_1_24' title="bbox 194 1880 1787 1950">
    <p class='ocr_par' dir='ltr' id='par_1_24' title="bbox 194 1880 1787 1950">
     <span class='ocr_line' id='line_1_24' title="bbox 194 1880 1787 1950; baseline -0.002 -15"><span class='ocrx_word' id='word_1_165' title='bbox 194 1880 359 1948; x_wconf 88' lang='lat'><strong>222</strong></span> <span class='ocrx_word' id='word_1_166' title='bbox 371 1880 521 1948; x_wconf 87' lang='lat' dir='ltr'><strong>apud</strong></span> <span class='ocrx_word' id='word_1_167' title='bbox 566 1881 954 1950; x_wconf 85' lang='lat' dir='ltr'><strong>imperatorem</strong></span> <span class='ocrx_word' id='word_1_168' title='bbox 984 1882 1194 1937; x_wconf 88' lang='lat' dir='ltr'><strong>Sabbas</strong></span> <span class='ocrx_word' id='word_1_169' title='bbox 1214 1881 1450 1937; x_wconf 77' lang='lat' dir='ltr'><strong>Nestorii</strong></span> <span class='ocrx_word' id='word_1_170' title='bbox 1474 1890 1637 1949; x_wconf 88' lang='lat' dir='ltr'><strong>atque</strong></span> <span class='ocrx_word' id='word_1_171' title='bbox 1666 1880 1787 1934; x_wconf 84' lang='lat' dir='ltr'><strong>Ori-</strong></span> 
     </span>
    </p>
   </div>
   <div class='ocr_carea' id='block_1_25' title="bbox 193 1970 1789 2040">
    <p class='ocr_par' dir='ltr' id='par_1_25' title="bbox 193 1970 1789 2040">
     <span class='ocr_line' id='line_1_25' title="bbox 193 1970 1789 2040; baseline 0.001 -17"><span class='ocrx_word' id='word_1_172' title='bbox 193 1971 351 2040; x_wconf 76' lang='lat' dir='ltr'><strong>genis</strong></span> <span class='ocrx_word' id='word_1_173' title='bbox 370 1971 727 2027; x_wconf 89' lang='lat' dir='ltr'><strong>meminerit:</strong></span> <span class='ocrx_word' id='word_1_174' title='bbox 754 1973 884 2027; x_wconf 81' lang='lat' dir='ltr'><strong>facit</strong></span> <span class='ocrx_word' id='word_1_175' title='bbox 908 1974 1055 2028; x_wconf 90' lang='lat' dir='ltr'><strong>enim</strong></span> <span class='ocrx_word' id='word_1_176' title='bbox 1078 1973 1146 2026; x_wconf 91' lang='lat' dir='ltr'><strong>ad</strong></span> <span class='ocrx_word' id='word_1_177' title='bbox 1179 1972 1357 2027; x_wconf 89' lang='lat' dir='ltr'><strong>lucem</strong></span> <span class='ocrx_word' id='word_1_178' title='bbox 1391 1973 1634 2027; x_wconf 57' lang='lat' dir='ltr'><strong>historia</strong></span> <span class='ocrx_word' id='word_1_179' title='bbox 1658 1970 1789 2026; x_wconf 74' lang='lat' dir='ltr'><strong>alle-</strong></span> 
     </span>
    </p>
   </div>
   <div class='ocr_carea' id='block_1_26' title="bbox 195 2064 1788 2136">
    <p class='ocr_par' dir='ltr' id='par_1_26' title="bbox 195 2064 1788 2136">
     <span class='ocr_line' id='line_1_26' title="bbox 195 2064 1788 2136; baseline -0.001 -19"><span class='ocrx_word' id='word_1_180' title='bbox 195 2064 453 2118; x_wconf 88' lang='lat' dir='ltr'><strong>rendam.</strong></span> <span class='ocrx_word' id='word_1_181' title='bbox 505 2084 523 2115; x_wconf 77' lang='grc' dir='ltr'>ι</span> <span class='ocrx_word' id='word_1_182' title='bbox 559 2064 821 2129; x_wconf 87' lang='lat' dir='ltr'><strong>Nestorii,</strong></span> <span class='ocrx_word' id='word_1_183' title='bbox 852 2066 1031 2136; x_wconf 90' lang='lat' dir='ltr'><strong>inquit</strong></span> <span class='ocrx_word' id='word_1_184' title='bbox 1067 2066 1133 2130; x_wconf 73' lang='lat'><strong>“,</strong></span> <span class='ocrx_word' id='word_1_185' title='bbox 1173 2078 1227 2120; x_wconf 89' lang='lat' dir='ltr'><strong>et</strong></span> <span class='ocrx_word' id='word_1_186' title='bbox 1268 2064 1520 2135; x_wconf 85' lang='lat' dir='ltr'><strong>Origenis</strong></span> <span class='ocrx_word' id='word_1_187' title='bbox 1566 2065 1788 2119; x_wconf 74' lang='lat' dir='ltr'><strong>hzeresis</strong></span> 
     </span>
    </p>
   </div>
   <div class='ocr_carea' id='block_1_27' title="bbox 194 2155 1785 2220">
    <p class='ocr_par' dir='ltr' id='par_1_27' title="bbox 194 2155 1785 2220">
     <span class='ocr_line' id='line_1_27' title="bbox 194 2155 1785 2220; baseline -0.001 -12"><span class='ocrx_word' id='word_1_188' title='bbox 194 2156 397 2209; x_wconf 87' lang='lat' dir='ltr'><strong>morbo</strong></span> <span class='ocrx_word' id='word_1_189' title='bbox 452 2155 615 2209; x_wconf 90' lang='lat' dir='ltr'><strong>multi</strong></span> <span class='ocrx_word' id='word_1_190' title='bbox 662 2157 920 2211; x_wconf 88' lang='lat' dir='ltr'><strong>monachi</strong></span> <span class='ocrx_word' id='word_1_191' title='bbox 960 2156 1321 2220; x_wconf 87' lang='lat' dir='ltr'><strong>laborabant,</strong></span> <span class='ocrx_word' id='word_1_192' title='bbox 1370 2167 1427 2212; x_wconf 91' lang='lat' dir='ltr'><strong>et</strong></span> <span class='ocrx_word' id='word_1_193' title='bbox 1484 2155 1785 2210; x_wconf 89' lang='lat' dir='ltr'><strong>timendum</strong></span> 
     </span>
    </p>
   </div>
   <div class='ocr_carea' id='block_1_28' title="bbox 192 2245 1784 2302">
    <p class='ocr_par' dir='ltr' id='par_1_28' title="bbox 192 2245 1784 2302">
     <span class='ocr_line' id='line_1_28' title="bbox 192 2245 1784 2302; baseline -0.001 -3"><span class='ocrx_word' id='word_1_194' title='bbox 192 2253 312 2299; x_wconf 85' lang='lat' dir='ltr'><strong>erat</strong></span> <span class='ocrx_word' id='word_1_195' title='bbox 351 2260 426 2300; x_wconf 93' lang='lat' dir='ltr'><strong>ne</strong></span> <span class='ocrx_word' id='word_1_196' title='bbox 470 2245 613 2298; x_wconf 88' lang='lat' dir='ltr'><strong>alios</strong></span> <span class='ocrx_word' id='word_1_197' title='bbox 638 2246 981 2302; x_wconf 86' lang='lat' dir='ltr'><strong>attraherent</strong></span> <span class='ocrx_word' id='word_1_198' title='bbox 1011 2246 1078 2300; x_wconf 89' lang='lat' dir='ltr'><strong>ad</strong></span> <span class='ocrx_word' id='word_1_199' title='bbox 1127 2247 1397 2301; x_wconf 86' lang='lat' dir='ltr'><strong>malorum</strong></span> <span class='ocrx_word' id='word_1_200' title='bbox 1421 2248 1740 2301; x_wconf 78' lang='lat' dir='ltr'><strong>societatem</strong></span> <span class='ocrx_word' id='word_1_201' title='bbox 1772 2264 1784 2298; x_wconf 94' lang='lat'>:</span> 
     </span>
    </p>
   </div>
   <div class='ocr_carea' id='block_1_29' title="bbox 196 2335 1788 2406">
    <p class='ocr_par' dir='ltr' id='par_1_29' title="bbox 196 2335 1788 2406">
     <span class='ocr_line' id='line_1_29' title="bbox 196 2335 1788 2406; baseline -0.002 -15"><span class='ocrx_word' id='word_1_202' title='bbox 196 2351 321 2391; x_wconf 87' lang='lat' dir='ltr'><strong>nam</strong></span> <span class='ocrx_word' id='word_1_203' title='bbox 359 2351 493 2390; x_wconf 87' lang='lat' dir='ltr'><strong>cum</strong></span> <span class='ocrx_word' id='word_1_204' title='bbox 517 2336 744 2406; x_wconf 89' lang='lat' dir='ltr'><strong>quidam</strong></span> <span class='ocrx_word' id='word_1_205' title='bbox 777 2352 954 2406; x_wconf 89' lang='lat' dir='ltr'><strong>nuper</strong></span> <span class='ocrx_word' id='word_1_206' title='bbox 980 2338 1365 2391; x_wconf 85' lang='lat' dir='ltr'><strong>convenissent</strong></span> <span class='ocrx_word' id='word_1_207' title='bbox 1396 2335 1646 2390; x_wconf 88' lang='lat' dir='ltr'><strong>monachi</strong></span> <span class='ocrx_word' id='word_1_208' title='bbox 1684 2336 1788 2406; x_wconf 81' lang='lat' dir='ltr'><strong>By-</strong></span> 
     </span>
    </p>
   </div>
   <div class='ocr_carea' id='block_1_30' title="bbox 196 2427 1787 2500">
    <p class='ocr_par' dir='ltr' id='par_1_30' title="bbox 196 2427 1787 2500">
     <span class='ocr_line' id='line_1_30' title="bbox 196 2427 1787 2500; baseline -0.001 -18"><span class='ocrx_word' id='word_1_209' title='bbox 196 2428 469 2491; x_wconf 75' lang='lat' dir='ltr'><strong>zantium,</strong></span> <span class='ocrx_word' id='word_1_210' title='bbox 503 2428 608 2482; x_wconf 91' lang='lat' dir='ltr'><strong>visi</strong></span> <span class='ocrx_word' id='word_1_211' title='bbox 635 2436 764 2483; x_wconf 91' lang='lat' dir='ltr'><strong>sunt</strong></span> <span class='ocrx_word' id='word_1_212' title='bbox 796 2429 966 2499; x_wconf 92' lang='lat' dir='ltr'><strong>aliqui</strong></span> <span class='ocrx_word' id='word_1_213' title='bbox 1002 2440 1188 2484; x_wconf 90' lang='lat' dir='ltr'><strong>tenere</strong></span> <span class='ocrx_word' id='word_1_214' title='bbox 1226 2429 1478 2500; x_wconf 80' lang='lat' dir='ltr'><strong>dogmata</strong></span> <span class='ocrx_word' id='word_1_215' title='bbox 1512 2427 1787 2483; x_wconf 89' lang='lat' dir='ltr'><strong>Theodori</strong></span> 
     </span>
    </p>
   </div>
   <div class='ocr_carea' id='block_1_31' title="bbox 195 2518 1787 2592">
    <p class='ocr_par' dir='ltr' id='par_1_31' title="bbox 195 2518 1787 2592">
     <span class='ocr_line' id='line_1_31' title="bbox 195 2518 1787 2592; baseline -0.001 -18"><span class='ocrx_word' id='word_1_216' title='bbox 195 2518 589 2589; x_wconf 61' lang='lat' dir='ltr'><strong>Mopsuestia,</strong></span> <span class='ocrx_word' id='word_1_217' title='bbox 634 2519 727 2574; x_wconf 92' lang='lat' dir='ltr'><strong>alii</strong></span> <span class='ocrx_word' id='word_1_218' title='bbox 784 2530 968 2575; x_wconf 89' lang='lat' dir='ltr'><strong>autem</strong></span> <span class='ocrx_word' id='word_1_219' title='bbox 1030 2520 1301 2592; x_wconf 89' lang='lat' dir='ltr'><strong>Origenis.</strong></span> <span class='ocrx_word' id='word_1_220' title='bbox 1346 2520 1645 2581; x_wconf 82' lang='lat' dir='ltr'><strong>Leontius,</strong></span> <span class='ocrx_word' id='word_1_221' title='bbox 1694 2518 1787 2590; x_wconf 89' lang='lat' dir='ltr'><strong>qui</strong></span> 
     </span>
    </p>
   </div>
   <div class='ocr_carea' id='block_1_32' title="bbox 195 2608 1783 2680">
    <p class='ocr_par' dir='ltr' id='par_1_32' title="bbox 195 2608 1783 2680">
     <span class='ocr_line' id='line_1_32' title="bbox 195 2608 1783 2680; baseline 0.001 -18"><span class='ocrx_word' id='word_1_222' title='bbox 195 2617 313 2662; x_wconf 87' lang='lat' dir='ltr'><strong>erat</strong></span> <span class='ocrx_word' id='word_1_223' title='bbox 364 2608 489 2678; x_wconf 89' lang='lat' dir='ltr'><strong>ipse</strong></span> <span class='ocrx_word' id='word_1_224' title='bbox 529 2624 751 2677; x_wconf 90' lang='lat' dir='ltr'><strong>quoque</strong></span> <span class='ocrx_word' id='word_1_225' title='bbox 805 2609 1141 2674; x_wconf 89' lang='lat' dir='ltr'><strong>monachus,</strong></span> <span class='ocrx_word' id='word_1_226' title='bbox 1178 2625 1384 2680; x_wconf 79' lang='lat' dir='ltr'><strong>genere</strong></span> <span class='ocrx_word' id='word_1_227' title='bbox 1412 2608 1783 2680; x_wconf 81' lang='lat' dir='ltr'><strong>Byzantinus,</strong></span> 
     </span>
    </p>
   </div>
   <div class='ocr_carea' id='block_1_33' title="bbox 196 2699 1787 2770">
    <p class='ocr_par' dir='ltr' id='par_1_33' title="bbox 196 2699 1787 2770">
     <span class='ocr_line' id='line_1_33' title="bbox 196 2699 1787 2770; baseline 0.001 -17"><span class='ocrx_word' id='word_1_228' title='bbox 196 2714 342 2753; x_wconf 86' lang='lat' dir='ltr'><strong>unus</strong></span> <span class='ocrx_word' id='word_1_229' title='bbox 372 2714 444 2753; x_wconf 82' lang='lat' dir='ltr'><strong>ex</strong></span> <span class='ocrx_word' id='word_1_230' title='bbox 467 2699 557 2761; x_wconf 90' lang='lat' dir='ltr'><strong>iis,</strong></span> <span class='ocrx_word' id='word_1_231' title='bbox 583 2701 676 2769; x_wconf 91' lang='lat' dir='ltr'><strong>qui</strong></span> <span class='ocrx_word' id='word_1_232' title='bbox 714 2715 839 2753; x_wconf 90' lang='lat' dir='ltr'><strong>cum</strong></span> <span class='ocrx_word' id='word_1_233' title='bbox 865 2701 1061 2755; x_wconf 85' lang='lat' dir='ltr'><strong>Nonno</strong></span> <span class='ocrx_word' id='word_1_234' title='bbox 1087 2701 1318 2770; x_wconf 84' lang='lat' dir='ltr'><strong>ingressi</strong></span> <span class='ocrx_word' id='word_1_235' title='bbox 1349 2699 1569 2756; x_wconf 82' lang='lat' dir='ltr'><strong>fuerant</strong></span> <span class='ocrx_word' id='word_1_236' title='bbox 1594 2718 1787 2755; x_wconf 86' lang='lat' dir='ltr'><strong>novam</strong></span> 
     </span>
    </p>
   </div>
   <div class='ocr_carea' id='block_1_34' title="bbox 193 2789 1786 2862">
    <p class='ocr_par' dir='ltr' id='par_1_34' title="bbox 193 2789 1786 2862">
     <span class='ocr_line' id='line_1_34' title="bbox 193 2789 1786 2862; baseline 0.001 -18"><span class='ocrx_word' id='word_1_237' title='bbox 193 2789 462 2854; x_wconf 88' lang='lat' dir='ltr'><strong>Lauram,</strong></span> <span class='ocrx_word' id='word_1_238' title='bbox 495 2804 634 2860; x_wconf 88' lang='lat' dir='ltr'><strong>quos</strong></span> <span class='ocrx_word' id='word_1_239' title='bbox 664 2801 953 2861; x_wconf 81' lang='lat' dir='ltr'><strong>pOStquam</strong></span> <span class='ocrx_word' id='word_1_240' title='bbox 999 2792 1255 2862; x_wconf 81' lang='lat' dir='ltr'><strong>cognovit</strong></span> <span class='ocrx_word' id='word_1_241' title='bbox 1293 2807 1521 2862; x_wconf 86' lang='lat' dir='ltr'><strong>magnus</strong></span> <span class='ocrx_word' id='word_1_242' title='bbox 1558 2792 1786 2853; x_wconf 85' lang='lat' dir='ltr'><strong>Sabbas,</strong></span> 
     </span>
    </p>
   </div>
   <div class='ocr_carea' id='block_1_35' title="bbox 199 2883 1596 2953">
    <p class='ocr_par' dir='ltr' id='par_1_35' title="bbox 199 2883 1596 2953">
     <span class='ocr_line' id='line_1_35' title="bbox 199 2883 1596 2953; baseline 0 -15"><span class='ocrx_word' id='word_1_243' title='bbox 199 2899 228 2937; x_wconf 86' lang='lat' dir='ltr'><strong>a</strong></span> <span class='ocrx_word' id='word_1_244' title='bbox 250 2898 489 2938; x_wconf 89' lang='lat' dir='ltr'><strong>suorum</strong></span> <span class='ocrx_word' id='word_1_245' title='bbox 520 2883 705 2937; x_wconf 90' lang='lat' dir='ltr'><strong>statim</strong></span> <span class='ocrx_word' id='word_1_246' title='bbox 732 2884 943 2953; x_wconf 82' lang='lat' dir='ltr'><strong>expulit</strong></span> <span class='ocrx_word' id='word_1_247' title='bbox 963 2886 1404 2949; x_wconf 88' lang='lat' dir='ltr'><strong>conversatione,</strong></span> <span class='ocrx_word' id='word_1_248' title='bbox 1434 2904 1452 2936; x_wconf 74' lang='grc' dir='ltr'><strong><em>ι</em></strong></span> <span class='ocrx_word' id='word_1_249' title='bbox 1489 2893 1596 2938; x_wconf 90' lang='lat' dir='ltr'><strong>etc.</strong></span> 
     </span>
    </p>
   </div>
   <div class='ocr_carea' id='block_1_36' title="bbox 266 2973 1791 3043">
    <p class='ocr_par' dir='ltr' id='par_1_36' title="bbox 266 2973 1791 3043">
     <span class='ocr_line' id='line_1_36' title="bbox 266 2973 1791 3043; baseline -0.001 -15"><span class='ocrx_word' id='word_1_250' title='bbox 266 2974 351 3028; x_wconf 85' lang='lat' dir='ltr'><strong>Ex</strong></span> <span class='ocrx_word' id='word_1_251' title='bbox 389 2973 480 3026; x_wconf 90' lang='lat' dir='ltr'><strong>his</strong></span> <span class='ocrx_word' id='word_1_252' title='bbox 521 2981 773 3041; x_wconf 91' lang='lat' dir='ltr'><strong>apertum</strong></span> <span class='ocrx_word' id='word_1_253' title='bbox 813 2982 899 3027; x_wconf 84' lang='lat' dir='ltr'><strong>est</strong></span> <span class='ocrx_word' id='word_1_254' title='bbox 928 2974 1042 3043; x_wconf 89' lang='lat' dir='ltr'><strong>jam</strong></span> <span class='ocrx_word' id='word_1_255' title='bbox 1084 2973 1211 3029; x_wconf 92' lang='lat' dir='ltr'><strong>inde</strong></span> <span class='ocrx_word' id='word_1_256' title='bbox 1244 2990 1274 3028; x_wconf 88' lang='lat' dir='ltr'><strong>a</strong></span> <span class='ocrx_word' id='word_1_257' title='bbox 1300 2974 1499 3029; x_wconf 84' lang='lat' dir='ltr'><strong>Justini</strong></span> <span class='ocrx_word' id='word_1_258' title='bbox 1531 2973 1791 3043; x_wconf 87' lang='lat' dir='ltr'><strong>tempori-</strong></span> 
     </span>
    </p>
   </div>
   <div class='ocr_carea' id='block_1_37' title="bbox 199 3064 1791 3134">
    <p class='ocr_par' dir='ltr' id='par_1_37' title="bbox 199 3064 1791 3134">
     <span class='ocr_line' id='line_1_37' title="bbox 199 3064 1791 3134; baseline -0.002 -12"><span class='ocrx_word' id='word_1_259' title='bbox 199 3066 302 3122; x_wconf 85' lang='lat' dir='ltr'><strong>bus</strong></span> <span class='ocrx_word' id='word_1_260' title='bbox 328 3064 813 3134; x_wconf 80' lang='lat' dir='ltr'><strong>ConstantinOpoli</strong></span> <span class='ocrx_word' id='word_1_261' title='bbox 846 3065 991 3118; x_wconf 84' lang='lat' dir='ltr'><strong>rixas</strong></span> <span class='ocrx_word' id='word_1_262' title='bbox 1027 3064 1195 3120; x_wconf 90' lang='lat' dir='ltr'><strong>fuisse</strong></span> <span class='ocrx_word' id='word_1_263' title='bbox 1228 3074 1404 3120; x_wconf 86' lang='lat' dir='ltr'><strong>motas</strong></span> <span class='ocrx_word' id='word_1_264' title='bbox 1433 3066 1579 3119; x_wconf 91' lang='lat' dir='ltr'><strong>inter</strong></span> <span class='ocrx_word' id='word_1_265' title='bbox 1612 3065 1791 3119; x_wconf 50' lang='lat' dir='ltr'><strong>Theo.</strong></span> 
     </span>
    </p>
   </div>
   <div class='ocr_carea' id='block_1_38' title="bbox 1886 1245 3455 1319">
    <p class='ocr_par' dir='ltr' id='par_1_38' title="bbox 1886 1245 3455 1319">
     <span class='ocr_line' id='line_1_38' title="bbox 1886 1245 3455 1319; baseline 0.008 -19"><span class='ocrx_word' id='word_1_266' title='bbox 1886 1245 2180 1300; x_wconf 68' lang='lat' dir='ltr'><strong>Iustiniani</strong></span> <span class='ocrx_word' id='word_1_267' title='bbox 2228 1248 2614 1316; x_wconf 87' lang='lat' dir='ltr'><strong>implorabant,</strong></span> <span class='ocrx_word' id='word_1_268' title='bbox 2644 1252 2937 1319; x_wconf 83' lang='lat' dir='ltr'><strong>sponsione</strong></span> <span class='ocrx_word' id='word_1_269' title='bbox 2986 1254 3243 1309; x_wconf 90' lang='lat' dir='ltr'><strong>nimirum</strong></span> <span class='ocrx_word' id='word_1_270' title='bbox 3295 1256 3455 1319; x_wconf 86' lang='lat' dir='ltr'><strong>facta,</strong></span> 
     </span>
    </p>
   </div>
   <div class='ocr_carea' id='block_1_39' title="bbox 1889 1337 3459 1409">
    <p class='ocr_par' dir='ltr' id='par_1_39' title="bbox 1889 1337 3459 1409">
     <span class='ocr_line' id='line_1_39' title="bbox 1889 1337 3459 1409; baseline 0.008 -18"><span class='ocrx_word' id='word_1_271' title='bbox 1889 1346 1983 1402; x_wconf 92' lang='lat' dir='ltr'><strong>ut,</strong></span> <span class='ocrx_word' id='word_1_272' title='bbox 2035 1338 2082 1392; x_wconf 88' lang='lat' dir='ltr'><strong>si</strong></span> <span class='ocrx_word' id='word_1_273' title='bbox 2130 1337 2197 1391; x_wconf 87' lang='lat' dir='ltr'><strong>de</strong></span> <span class='ocrx_word' id='word_1_274' title='bbox 2245 1339 2360 1393; x_wconf 90' lang='lat' dir='ltr'><strong>suis</strong></span> <span class='ocrx_word' id='word_1_275' title='bbox 2396 1342 2793 1408; x_wconf 65' lang='lat' dir='ltr'><strong>quaastionibus</strong></span> <span class='ocrx_word' id='word_1_276' title='bbox 2853 1343 3203 1409; x_wconf 84' lang='lat' dir='ltr'><strong>docerentur,</strong></span> <span class='ocrx_word' id='word_1_277' title='bbox 3258 1358 3459 1403; x_wconf 76' lang='lat' dir='ltr'><strong>sancta:</strong></span> 
     </span>
    </p>
   </div>
   <div class='ocr_carea' id='block_1_40' title="bbox 1888 1426 3459 1509">
    <p class='ocr_par' dir='ltr' id='par_1_40' title="bbox 1888 1426 3459 1509">
     <span class='ocr_line' id='line_1_40' title="bbox 1888 1426 3459 1509; baseline 0.009 -28"><span class='ocrx_word' id='word_1_278' title='bbox 1888 1426 2097 1496; x_wconf 86' lang='lat' dir='ltr'><strong>synodo</strong></span> <span class='ocrx_word' id='word_1_279' title='bbox 2138 1428 2539 1482; x_wconf 88' lang='lat' dir='ltr'><strong>consentirent.</strong></span> <span class='ocrx_word' id='word_1_280' title='bbox 2568 1430 2899 1487; x_wconf 86' lang='lat' dir='ltr'><strong>Conditionc</strong></span> <span class='ocrx_word' id='word_1_281' title='bbox 2938 1446 3181 1506; x_wconf 79' lang='lat' dir='ltr'><strong>accepta,</strong></span> <span class='ocrx_word' id='word_1_282' title='bbox 3224 1439 3459 1509; x_wconf 90' lang='lat' dir='ltr'><strong>impera—</strong></span> 
     </span>
    </p>
   </div>
   <div class='ocr_carea' id='block_1_41' title="bbox 1890 1514 3458 1585">
    <p class='ocr_par' dir='ltr' id='par_1_41' title="bbox 1890 1514 3458 1585">
     <span class='ocr_line' id='line_1_41' title="bbox 1890 1514 3458 1585; baseline 0.011 -18"><span class='ocrx_word' id='word_1_283' title='bbox 1890 1522 1976 1568; x_wconf 87' lang='lat' dir='ltr'><strong>tor</strong></span> <span class='ocrx_word' id='word_1_284' title='bbox 2011 1514 2195 1570; x_wconf 89' lang='lat' dir='ltr'><strong>doceri</strong></span> <span class='ocrx_word' id='word_1_285' title='bbox 2223 1532 2317 1571; x_wconf 90' lang='lat' dir='ltr'><strong>cos</strong></span> <span class='ocrx_word' id='word_1_286' title='bbox 2350 1519 2543 1581; x_wconf 87' lang='lat' dir='ltr'><strong>voluit,</strong></span> <span class='ocrx_word' id='word_1_287' title='bbox 2571 1520 2755 1576; x_wconf 84' lang='lat' dir='ltr'><strong>habita</strong></span> <span class='ocrx_word' id='word_1_288' title='bbox 2795 1526 3091 1582; x_wconf 88' lang='lat' dir='ltr'><strong>collatione</strong></span> <span class='ocrx_word' id='word_1_289' title='bbox 3118 1544 3243 1582; x_wconf 91' lang='lat' dir='ltr'><strong>cum</strong></span> <span class='ocrx_word' id='word_1_290' title='bbox 3271 1530 3458 1585; x_wconf 91' lang='lat' dir='ltr'><strong>erudi-</strong></span> 
     </span>
    </p>
   </div>
   <div class='ocr_carea' id='block_1_42' title="bbox 1891 1606 3460 1691">
    <p class='ocr_par' dir='ltr' id='par_1_42' title="bbox 1891 1606 3460 1691">
     <span class='ocr_line' id='line_1_42' title="bbox 1891 1606 3460 1691; baseline 0.012 -32"><span class='ocrx_word' id='word_1_291' title='bbox 1891 1606 2117 1661; x_wconf 90' lang='lat' dir='ltr'><strong>tissimis</strong></span> <span class='ocrx_word' id='word_1_292' title='bbox 2149 1608 2485 1680; x_wconf 87' lang='lat' dir='ltr'><strong>quibusque,</strong></span> <span class='ocrx_word' id='word_1_293' title='bbox 2513 1626 2620 1665; x_wconf 92' lang='lat' dir='ltr'><strong>non</strong></span> <span class='ocrx_word' id='word_1_294' title='bbox 2644 1628 2841 1683; x_wconf 84' lang='lat' dir='ltr'><strong>magno</strong></span> <span class='ocrx_word' id='word_1_295' title='bbox 2863 1626 3042 1672; x_wconf 86' lang='lat' dir='ltr'><strong>tamen</strong></span> <span class='ocrx_word' id='word_1_296' title='bbox 3063 1636 3242 1689; x_wconf 66' lang='lat' dir='ltr'><strong>opera:</strong></span> <span class='ocrx_word' id='word_1_297' title='bbox 3262 1624 3460 1691; x_wconf 84' lang='lat' dir='ltr'><strong>pretio;</strong></span> 
     </span>
    </p>
   </div>
   <div class='ocr_carea' id='block_1_43' title="bbox 1890 1700 3458 1787">
    <p class='ocr_par' dir='ltr' id='par_1_43' title="bbox 1890 1700 3458 1787">
     <span class='ocr_line' id='line_1_43' title="bbox 1890 1700 3458 1787; baseline 0.014 -37"><span class='ocrx_word' id='word_1_298' title='bbox 1890 1708 2177 1768; x_wconf 89' lang='lat' dir='ltr'><strong>propterea</strong></span> <span class='ocrx_word' id='word_1_299' title='bbox 2215 1700 2360 1769; x_wconf 87' lang='lat' dir='ltr'><strong>quod</strong></span> <span class='ocrx_word' id='word_1_300' title='bbox 2401 1702 2673 1772; x_wconf 81' lang='lat' dir='ltr'><strong>Augusta,</strong></span> <span class='ocrx_word' id='word_1_301' title='bbox 2702 1714 2757 1758; x_wconf 81' lang='lat' dir='ltr'><strong>et</strong></span> <span class='ocrx_word' id='word_1_302' title='bbox 2804 1708 2921 1776; x_wconf 89' lang='lat' dir='ltr'><strong>ipsa</strong></span> <span class='ocrx_word' id='word_1_303' title='bbox 2959 1710 3272 1779; x_wconf 89' lang='lat' dir='ltr'><strong>Severiana,</strong></span> <span class='ocrx_word' id='word_1_304' title='bbox 3299 1717 3458 1787; x_wconf 79' lang='lat'><strong>223</strong></span> 
     </span>
    </p>
   </div>
   <div class='ocr_carea' id='block_1_44' title="bbox 1890 1790 3458 1873">
    <p class='ocr_par' dir='ltr' id='par_1_44' title="bbox 1890 1790 3458 1873">
     <span class='ocr_line' id='line_1_44' title="bbox 1890 1790 3458 1873; baseline 0.011 -29"><span class='ocrx_word' id='word_1_305' title='bbox 1890 1790 2029 1844; x_wconf 88' lang='lat' dir='ltr'><strong>clam</strong></span> <span class='ocrx_word' id='word_1_306' title='bbox 2057 1801 2311 1845; x_wconf 87' lang='lat' dir='ltr'><strong>nutantes</strong></span> <span class='ocrx_word' id='word_1_307' title='bbox 2340 1792 2628 1857; x_wconf 88' lang='lat' dir='ltr'><strong>retinebat,</strong></span> <span class='ocrx_word' id='word_1_308' title='bbox 2657 1812 2753 1865; x_wconf 88' lang='lat' dir='ltr'><strong>spe</strong></span> <span class='ocrx_word' id='word_1_309' title='bbox 2776 1798 2939 1863; x_wconf 84' lang='lat' dir='ltr'><strong>facta,</strong></span> <span class='ocrx_word' id='word_1_310' title='bbox 2967 1801 3081 1857; x_wconf 87' lang='lat' dir='ltr'><strong>fore</strong></span> <span class='ocrx_word' id='word_1_311' title='bbox 3115 1814 3173 1857; x_wconf 90' lang='lat' dir='ltr'><strong>ut</strong></span> <span class='ocrx_word' id='word_1_312' title='bbox 3201 1806 3252 1858; x_wconf 94' lang='lat' dir='ltr'><strong>in</strong></span> <span class='ocrx_word' id='word_1_313' title='bbox 3278 1808 3458 1873; x_wconf 83' lang='lat' dir='ltr'><strong>sedes,</strong></span> 
     </span>
    </p>
   </div>
   <div class='ocr_carea' id='block_1_45' title="bbox 1893 1882 3463 1956">
    <p class='ocr_par' dir='ltr' id='par_1_45' title="bbox 1893 1882 3463 1956">
     <span class='ocr_line' id='line_1_45' title="bbox 1893 1882 3463 1956; baseline 0.012 -22"><span class='ocrx_word' id='word_1_314' title='bbox 1893 1882 2043 1935; x_wconf 85' lang='lat' dir='ltr'><strong>salvo</strong></span> <span class='ocrx_word' id='word_1_315' title='bbox 2075 1897 2288 1943; x_wconf 84' lang='lat' dir='ltr'><strong>errore,</strong></span> <span class='ocrx_word' id='word_1_316' title='bbox 2318 1884 2575 1940; x_wconf 63' lang='lat' dir='ltr'><strong>Ecclesiae</strong></span> <span class='ocrx_word' id='word_1_317' title='bbox 2625 1904 2763 1956; x_wconf 89' lang='lat' dir='ltr'><strong>pene</strong></span> <span class='ocrx_word' id='word_1_318' title='bbox 2810 1893 2978 1947; x_wconf 87' lang='lat' dir='ltr'><strong>totius</strong></span> <span class='ocrx_word' id='word_1_319' title='bbox 3000 1898 3271 1951; x_wconf 88' lang='lat' dir='ltr'><strong>sententia</strong></span> <span class='ocrx_word' id='word_1_320' title='bbox 3297 1899 3463 1953; x_wconf 91' lang='lat' dir='ltr'><strong>resti-</strong></span> 
     </span>
    </p>
   </div>
   <div class='ocr_carea' id='block_1_46' title="bbox 1893 1974 3460 2059">
    <p class='ocr_par' dir='ltr' id='par_1_46' title="bbox 1893 1974 3460 2059">
     <span class='ocr_line' id='line_1_46' title="bbox 1893 1974 3460 2059; baseline 0.013 -34"><span class='ocrx_word' id='word_1_321' title='bbox 1893 1982 2199 2028; x_wconf 89' lang='lat' dir='ltr'><strong>tuerentur.</strong></span> <span class='ocrx_word' id='word_1_322' title='bbox 2233 1974 2557 2031; x_wconf 84' lang='lat' dir='ltr'><strong>Moliebatur</strong></span> <span class='ocrx_word' id='word_1_323' title='bbox 2575 1979 2784 2036; x_wconf 90' lang='lat' dir='ltr'><strong>scilicet</strong></span> <span class='ocrx_word' id='word_1_324' title='bbox 2802 1981 2912 2050; x_wconf 85' lang='lat' dir='ltr'><strong>jam</strong></span> <span class='ocrx_word' id='word_1_325' title='bbox 2942 1983 3067 2039; x_wconf 88' lang='lat' dir='ltr'><strong>inde</strong></span> <span class='ocrx_word' id='word_1_326' title='bbox 3096 1988 3270 2042; x_wconf 83' lang='lat' dir='ltr'><strong>audax</strong></span> <span class='ocrx_word' id='word_1_327' title='bbox 3300 1990 3460 2059; x_wconf 89' lang='lat' dir='ltr'><strong>quid-</strong></span> 
     </span>
    </p>
   </div>
   <div class='ocr_carea' id='block_1_47' title="bbox 1892 2066 3465 2151">
    <p class='ocr_par' dir='ltr' id='par_1_47' title="bbox 1892 2066 3465 2151">
     <span class='ocr_line' id='line_1_47' title="bbox 1892 2066 3465 2151; baseline 0.013 -33"><span class='ocrx_word' id='word_1_328' title='bbox 1892 2066 2023 2120; x_wconf 88' lang='lat' dir='ltr'><strong>libet</strong></span> <span class='ocrx_word' id='word_1_329' title='bbox 2058 2075 2265 2122; x_wconf 89' lang='lat' dir='ltr'><strong>tcntare</strong></span> <span class='ocrx_word' id='word_1_330' title='bbox 2302 2070 2517 2133; x_wconf 91' lang='lat' dir='ltr'><strong>mulier,</strong></span> <span class='ocrx_word' id='word_1_331' title='bbox 2552 2086 2658 2140; x_wconf 90' lang='lat' dir='ltr'><strong>qua</strong></span> <span class='ocrx_word' id='word_1_332' title='bbox 2696 2075 2907 2129; x_wconf 86' lang='lat' dir='ltr'><strong>ratione</strong></span> <span class='ocrx_word' id='word_1_333' title='bbox 2948 2088 3132 2145; x_wconf 87' lang='lat' dir='ltr'><strong>posset</strong></span> <span class='ocrx_word' id='word_1_334' title='bbox 3162 2082 3465 2151; x_wconf 83' lang='lat' dir='ltr'><strong>majoribus</strong></span> 
     </span>
    </p>
   </div>
   <div class='ocr_carea' id='block_1_48' title="bbox 1892 2155 3465 2238">
    <p class='ocr_par' dir='ltr' id='par_1_48' title="bbox 1892 2155 3465 2238">
     <span class='ocr_line' id='line_1_48' title="bbox 1892 2155 3465 2238; baseline 0.013 -30"><span class='ocrx_word' id='word_1_335' title='bbox 1892 2155 2068 2210; x_wconf 90' lang='lat' dir='ltr'><strong>tribus</strong></span> <span class='ocrx_word' id='word_1_336' title='bbox 2129 2156 2373 2222; x_wconf 85' lang='lat' dir='ltr'><strong>sedibus,</strong></span> <span class='ocrx_word' id='word_1_337' title='bbox 2418 2158 2698 2224; x_wconf 63' lang='lat' dir='ltr'><strong>Romana},</strong></span> <span class='ocrx_word' id='word_1_338' title='bbox 2730 2160 3352 2238; x_wconf 74' lang='lat' dir='ltr'><strong>Constantinopolitana:</strong></span> <span class='ocrx_word' id='word_1_339' title='bbox 3408 2183 3465 2228; x_wconf 87' lang='lat' dir='ltr'><strong>et</strong></span> 
     </span>
    </p>
   </div>
   <div class='ocr_carea' id='block_1_49' title="bbox 1891 2247 3461 2329">
    <p class='ocr_par' dir='ltr' id='par_1_49' title="bbox 1891 2247 3461 2329">
     <span class='ocr_line' id='line_1_49' title="bbox 1891 2247 3461 2329; baseline 0.011 -29"><span class='ocrx_word' id='word_1_340' title='bbox 1891 2247 2304 2312; x_wconf 69' lang='lat' dir='ltr'><strong>Alexandrinae,</strong></span> <span class='ocrx_word' id='word_1_341' title='bbox 2361 2249 2611 2305; x_wconf 91' lang='lat' dir='ltr'><strong>homines</strong></span> <span class='ocrx_word' id='word_1_342' title='bbox 2673 2267 2786 2307; x_wconf 67' lang='lat' dir='ltr'><strong>sua:</strong></span> <span class='ocrx_word' id='word_1_343' title='bbox 2843 2254 3095 2313; x_wconf 88' lang='lat' dir='ltr'><strong>factionis</strong></span> <span class='ocrx_word' id='word_1_344' title='bbox 3149 2261 3461 2329; x_wconf 58' lang='lat' dir='ltr'><strong>praeficere,</strong></span> 
     </span>
    </p>
   </div>
   <div class='ocr_carea' id='block_1_50' title="bbox 1890 2336 3463 2421">
    <p class='ocr_par' dir='ltr' id='par_1_50' title="bbox 1890 2336 3463 2421">
     <span class='ocr_line' id='line_1_50' title="bbox 1890 2336 3463 2421; baseline 0.011 -33"><span class='ocrx_word' id='word_1_345' title='bbox 1890 2336 2092 2404; x_wconf 91' lang='lat' dir='ltr'><strong>quibus</strong></span> <span class='ocrx_word' id='word_1_346' title='bbox 2152 2338 2521 2393; x_wconf 87' lang='lat' dir='ltr'><strong>servientibus</strong></span> <span class='ocrx_word' id='word_1_347' title='bbox 2577 2356 2666 2394; x_wconf 89' lang='lat' dir='ltr'><strong>res</strong></span> <span class='ocrx_word' id='word_1_348' title='bbox 2725 2342 2982 2399; x_wconf 64' lang='lat' dir='ltr'><strong>Ecclesia:</strong></span> <span class='ocrx_word' id='word_1_349' title='bbox 3022 2348 3248 2415; x_wconf 87' lang='lat' dir='ltr'><strong>perinde</strong></span> <span class='ocrx_word' id='word_1_350' title='bbox 3298 2361 3463 2421; x_wconf 89' lang='lat' dir='ltr'><strong>atque</strong></span> 
     </span>
    </p>
   </div>
   <div class='ocr_carea' id='block_1_51' title="bbox 1892 2427 3464 2510">
    <p class='ocr_par' dir='ltr' id='par_1_51' title="bbox 1892 2427 3464 2510">
     <span class='ocr_line' id='line_1_51' title="bbox 1892 2427 3464 2510; baseline 0.011 -30"><span class='ocrx_word' id='word_1_351' title='bbox 1892 2427 2107 2497; x_wconf 90' lang='lat' dir='ltr'><strong>imperii</strong></span> <span class='ocrx_word' id='word_1_352' title='bbox 2142 2444 2248 2499; x_wconf 76' lang='lat' dir='ltr'><strong>prq</strong></span> <span class='ocrx_word' id='word_1_353' title='bbox 2264 2429 2497 2484; x_wconf 90' lang='lat' dir='ltr'><strong>arbitrio</strong></span> <span class='ocrx_word' id='word_1_354' title='bbox 2523 2430 2813 2486; x_wconf 87' lang='lat' dir='ltr'><strong>inclinaret</strong></span> <span class='ocrx_word' id='word_1_355' title='bbox 2842 2452 2854 2486; x_wconf 92' lang='lat'>:</span> <span class='ocrx_word' id='word_1_356' title='bbox 2886 2444 2942 2490; x_wconf 93' lang='lat' dir='ltr'><strong>et</strong></span> <span class='ocrx_word' id='word_1_357' title='bbox 2970 2436 3023 2490; x_wconf 93' lang='lat' dir='ltr'><strong>id</strong></span> <span class='ocrx_word' id='word_1_358' title='bbox 3048 2454 3178 2494; x_wconf 89' lang='lat' dir='ltr'><strong>sane</strong></span> <span class='ocrx_word' id='word_1_359' title='bbox 3212 2442 3464 2510; x_wconf 85' lang='lat' dir='ltr'><strong>perfece-</strong></span> 
     </span>
    </p>
   </div>
   <div class='ocr_carea' id='block_1_52' title="bbox 1892 2521 3462 2596">
    <p class='ocr_par' dir='ltr' id='par_1_52' title="bbox 1892 2521 3462 2596">
     <span class='ocr_line' id='line_1_52' title="bbox 1892 2521 3462 2596; baseline 0.01 -23"><span class='ocrx_word' id='word_1_360' title='bbox 1892 2529 1997 2583; x_wconf 90' lang='lat' dir='ltr'><strong>rat,</strong></span> <span class='ocrx_word' id='word_1_361' title='bbox 2021 2521 2147 2585; x_wconf 87' lang='lat' dir='ltr'><strong>nisi,</strong></span> <span class='ocrx_word' id='word_1_362' title='bbox 2172 2522 2283 2575; x_wconf 91' lang='lat' dir='ltr'><strong>Deo</strong></span> <span class='ocrx_word' id='word_1_363' title='bbox 2312 2521 2613 2576; x_wconf 86' lang='lat' dir='ltr'><strong>Ecclesiam</strong></span> <span class='ocrx_word' id='word_1_364' title='bbox 2646 2535 2983 2596; x_wconf 79' lang='lat' dir='ltr'><strong>protegente,</strong></span> <span class='ocrx_word' id='word_1_365' title='bbox 3010 2531 3334 2587; x_wconf 76' lang='lat' dir='ltr'><strong>muliebrem</strong></span> <span class='ocrx_word' id='word_1_366' title='bbox 3358 2535 3462 2588; x_wconf 90' lang='lat' dir='ltr'><strong>im-</strong></span> 
     </span>
    </p>
   </div>
   <div class='ocr_carea' id='block_1_53' title="bbox 1892 2612 2740 2683">
    <p class='ocr_par' dir='ltr' id='par_1_53' title="bbox 1892 2612 2740 2683">
     <span class='ocr_line' id='line_1_53' title="bbox 1892 2612 2740 2683; baseline 0.004 -18"><span class='ocrx_word' id='word_1_367' title='bbox 1892 2612 2217 2681; x_wconf 87' lang='lat' dir='ltr'><strong>probitatem</strong></span> <span class='ocrx_word' id='word_1_368' title='bbox 2250 2629 2374 2683; x_wconf 90' lang='lat' dir='ltr'><strong>spes</strong></span> <span class='ocrx_word' id='word_1_369' title='bbox 2405 2612 2740 2670; x_wconf 84' lang='lat' dir='ltr'><strong>frustrasset.</strong></span> 
     </span>
    </p>
   </div>
   <div class='ocr_carea' id='block_1_54' title="bbox 1963 2702 3464 2778">
    <p class='ocr_par' dir='ltr' id='par_1_54' title="bbox 1963 2702 3464 2778">
     <span class='ocr_line' id='line_1_54' title="bbox 1963 2702 3464 2778; baseline 0.01 -23"><span class='ocrx_word' id='word_1_370' title='bbox 1963 2703 2047 2756; x_wconf 85' lang='lat' dir='ltr'><strong>Vl.</strong></span> <span class='ocrx_word' id='word_1_371' title='bbox 2086 2702 2142 2757; x_wconf 90' lang='lat' dir='ltr'><strong>ld</strong></span> <span class='ocrx_word' id='word_1_372' title='bbox 2171 2713 2281 2756; x_wconf 88' lang='lat' dir='ltr'><strong>tmn</strong></span> <span class='ocrx_word' id='word_1_373' title='bbox 2320 2704 2541 2757; x_wconf 89' lang='lat' dir='ltr'><strong>demum</strong></span> <span class='ocrx_word' id='word_1_374' title='bbox 2572 2706 2789 2774; x_wconf 87' lang='lat' dir='ltr'><strong>planius</strong></span> <span class='ocrx_word' id='word_1_375' title='bbox 2814 2720 3141 2778; x_wconf 84' lang='lat' dir='ltr'><strong>exponetur,</strong></span> <span class='ocrx_word' id='word_1_376' title='bbox 3184 2729 3307 2767; x_wconf 87' lang='lat' dir='ltr'><strong>cum</strong></span> <span class='ocrx_word' id='word_1_377' title='bbox 3346 2731 3464 2769; x_wconf 83' lang='lat' dir='ltr'><strong>uta-</strong></span> 
     </span>
    </p>
   </div>
   <div class='ocr_carea' id='block_1_55' title="bbox 1892 2792 3465 2873">
    <p class='ocr_par' dir='ltr' id='par_1_55' title="bbox 1892 2792 3465 2873">
     <span class='ocr_line' id='line_1_55' title="bbox 1892 2792 3465 2873; baseline 0.011 -29"><span class='ocrx_word' id='word_1_378' title='bbox 1892 2792 2087 2845; x_wconf 87' lang='lat' dir='ltr'><strong>nifeste</strong></span> <span class='ocrx_word' id='word_1_379' title='bbox 2121 2794 2399 2857; x_wconf 87' lang='lat' dir='ltr'><strong>claruerit,</strong></span> <span class='ocrx_word' id='word_1_380' title='bbox 2433 2810 2554 2864; x_wconf 63' lang='lat' dir='ltr'><strong>quae</strong></span> <span class='ocrx_word' id='word_1_381' title='bbox 2588 2795 2757 2851; x_wconf 87' lang='lat' dir='ltr'><strong>fuerit</strong></span> <span class='ocrx_word' id='word_1_382' title='bbox 2797 2799 3029 2865; x_wconf 90' lang='lat' dir='ltr'><strong>indoles,</strong></span> <span class='ocrx_word' id='word_1_383' title='bbox 3053 2804 3258 2873; x_wconf 89' lang='lat' dir='ltr'><strong>quique</strong></span> <span class='ocrx_word' id='word_1_384' title='bbox 3284 2822 3465 2863; x_wconf 89' lang='lat' dir='ltr'><strong>mores</strong></span> 
     </span>
    </p>
   </div>
   <div class='ocr_carea' id='block_1_56' title="bbox 1892 2883 3463 2966">
    <p class='ocr_par' dir='ltr' id='par_1_56' title="bbox 1892 2883 3463 2966">
     <span class='ocr_line' id='line_1_56' title="bbox 1892 2883 3463 2966; baseline 0.008 -29"><span class='ocrx_word' id='word_1_385' title='bbox 1892 2883 2108 2937; x_wconf 74' lang='lat' dir='ltr'><strong>feminre</strong></span> <span class='ocrx_word' id='word_1_386' title='bbox 2170 2893 2413 2937; x_wconf 87' lang='lat' dir='ltr'><strong>sanctam</strong></span> <span class='ocrx_word' id='word_1_387' title='bbox 2487 2885 2755 2955; x_wconf 82' lang='lat' dir='ltr'><strong>synodum</strong></span> <span class='ocrx_word' id='word_1_388' title='bbox 2805 2887 3307 2948; x_wconf 88' lang='lat' dir='ltr'><strong>Chalcedonensem</strong></span> <span class='ocrx_word' id='word_1_389' title='bbox 3365 2910 3463 2966; x_wconf 89' lang='lat' dir='ltr'><strong>per</strong></span> 
     </span>
    </p>
   </div>
   <div class='ocr_carea' id='block_1_57' title="bbox 1892 2974 3462 3053">
    <p class='ocr_par' dir='ltr' id='par_1_57' title="bbox 1892 2974 3462 3053">
     <span class='ocr_line' id='line_1_57' title="bbox 1892 2974 3462 3053; baseline 0.008 -24"><span class='ocrx_word' id='word_1_390' title='bbox 1892 2975 2035 3029; x_wconf 90' lang='lat' dir='ltr'><strong>latus</strong></span> <span class='ocrx_word' id='word_1_391' title='bbox 2090 2974 2419 3029; x_wconf 86' lang='lat' dir='ltr'><strong>Theodoreti</strong></span> <span class='ocrx_word' id='word_1_392' title='bbox 2476 2976 2823 3047; x_wconf 88' lang='lat' dir='ltr'><strong>aliorumque</strong></span> <span class='ocrx_word' id='word_1_393' title='bbox 2887 2979 3120 3035; x_wconf 90' lang='lat' dir='ltr'><strong>duorum</strong></span> <span class='ocrx_word' id='word_1_394' title='bbox 3182 2987 3462 3053; x_wconf 90' lang='lat' dir='ltr'><strong>petentis;</strong></span> 
     </span>
    </p>
   </div>
   <div class='ocr_carea' id='block_1_58' title="bbox 1892 3062 3460 3129">
    <p class='ocr_par' dir='ltr' id='par_1_58' title="bbox 1892 3062 3460 3129">
     <span class='ocr_line' id='line_1_58' title="bbox 1892 3062 3460 3129; baseline 0.009 -14"><span class='ocrx_word' id='word_1_395' title='bbox 1892 3062 1997 3116; x_wconf 86' lang='lat' dir='ltr'><strong>hoc</strong></span> <span class='ocrx_word' id='word_1_396' title='bbox 2041 3070 2145 3125; x_wconf 90' lang='lat' dir='ltr'><strong>est,</strong></span> <span class='ocrx_word' id='word_1_397' title='bbox 2183 3062 2441 3117; x_wconf 77' lang='lat' dir='ltr'><strong>Ecclesiae</strong></span> <span class='ocrx_word' id='word_1_398' title='bbox 2497 3064 2593 3118; x_wconf 91' lang='lat' dir='ltr'><strong>toti</strong></span> <span class='ocrx_word' id='word_1_399' title='bbox 2641 3064 2962 3122; x_wconf 87' lang='lat' dir='ltr'><strong>facessentis</strong></span> <span class='ocrx_word' id='word_1_400' title='bbox 3002 3068 3269 3126; x_wconf 88' lang='lat' dir='ltr'><strong>famosum</strong></span> <span class='ocrx_word' id='word_1_401' title='bbox 3325 3074 3460 3129; x_wconf 91' lang='lat' dir='ltr'><strong>illud</strong></span> 
     </span>
    </p>
   </div>
   <div class='ocr_carea' id='block_1_59' title="bbox 200 3155 3462 3234">
    <p class='ocr_par' dir='ltr' id='par_1_59' title="bbox 200 3155 3462 3234">
     <span class='ocr_line' id='line_1_59' title="bbox 200 3155 3462 3234; baseline 0.002 -21"><span class='ocrx_word' id='word_1_402' title='bbox 200 3159 317 3213; x_wconf 90' lang='lat' dir='ltr'><strong>dori</strong></span> <span class='ocrx_word' id='word_1_403' title='bbox 354 3157 732 3229; x_wconf 77' lang='lat' dir='ltr'><strong>Mopsuesteni</strong></span> <span class='ocrx_word' id='word_1_404' title='bbox 761 3166 818 3211; x_wconf 89' lang='lat' dir='ltr'><strong>et</strong></span> <span class='ocrx_word' id='word_1_405' title='bbox 848 3156 1104 3227; x_wconf 88' lang='lat' dir='ltr'><strong>Origenis</strong></span> <span class='ocrx_word' id='word_1_406' title='bbox 1144 3166 1445 3213; x_wconf 84' lang='lat' dir='ltr'><strong>sectatores</strong></span> <span class='ocrx_word' id='word_1_407' title='bbox 1483 3175 1500 3212; x_wconf 92' lang='lat'><strong><em>:</em></strong></span> <span class='ocrx_word' id='word_1_408' title='bbox 1538 3166 1785 3228; x_wconf 89' lang='lat' dir='ltr'><strong>apertum</strong></span> <span class='ocrx_word' id='word_1_409' title='bbox 1814 3176 1858 3234; x_wconf 68' lang='grc' dir='ltr'>α</span> <span class='ocrx_word' id='word_1_410' title='bbox 1892 3155 2055 3209; x_wconf 91' lang='lat' dir='ltr'><strong>trium</strong></span> <span class='ocrx_word' id='word_1_411' title='bbox 2087 3155 2451 3224; x_wconf 89' lang='lat' dir='ltr'><strong>capitulorum</strong></span> <span class='ocrx_word' id='word_1_412' title='bbox 2478 3157 2778 3225; x_wconf 82' lang='lat' dir='ltr'><strong>negotium,</strong></span> <span class='ocrx_word' id='word_1_413' title='bbox 2812 3174 2921 3227; x_wconf 92' lang='lat' dir='ltr'><strong>quo</strong></span> <span class='ocrx_word' id='word_1_414' title='bbox 2956 3169 3101 3214; x_wconf 91' lang='lat' dir='ltr'><strong>totus</strong></span> <span class='ocrx_word' id='word_1_415' title='bbox 3127 3162 3278 3217; x_wconf 88' lang='lat' dir='ltr'><strong>orbis</strong></span> <span class='ocrx_word' id='word_1_416' title='bbox 3298 3163 3462 3219; x_wconf 87' lang='lat' dir='ltr'><strong>Chri-</strong></span> 
     </span>
    </p>
   </div>
   <div class='ocr_carea' id='block_1_60' title="bbox 198 3247 1789 3318">
    <p class='ocr_par' dir='ltr' id='par_1_60' title="bbox 198 3247 1789 3318">
     <span class='ocr_line' id='line_1_60' title="bbox 198 3247 1789 3318; baseline -0.003 -13"><span class='ocrx_word' id='word_1_417' title='bbox 198 3254 370 3306; x_wconf 86' lang='lat' dir='ltr'><strong>etiam</strong></span> <span class='ocrx_word' id='word_1_418' title='bbox 420 3250 581 3304; x_wconf 89' lang='lat' dir='ltr'><strong>initia</strong></span> <span class='ocrx_word' id='word_1_419' title='bbox 610 3257 859 3303; x_wconf 92' lang='lat' dir='ltr'><strong>motuum</strong></span> <span class='ocrx_word' id='word_1_420' title='bbox 896 3249 1009 3318; x_wconf 87' lang='lat' dir='ltr'><strong>jam</strong></span> <span class='ocrx_word' id='word_1_421' title='bbox 1058 3247 1185 3303; x_wconf 90' lang='lat' dir='ltr'><strong>inde</strong></span> <span class='ocrx_word' id='word_1_422' title='bbox 1219 3248 1383 3302; x_wconf 89' lang='lat' dir='ltr'><strong>ducta</strong></span> <span class='ocrx_word' id='word_1_423' title='bbox 1415 3264 1567 3312; x_wconf 89' lang='lat' dir='ltr'><strong>esse,</strong></span> <span class='ocrx_word' id='word_1_424' title='bbox 1596 3257 1655 3302; x_wconf 93' lang='lat' dir='ltr'><strong>ut</strong></span> <span class='ocrx_word' id='word_1_425' title='bbox 1689 3249 1789 3301; x_wconf 88' lang='lat' dir='ltr'><strong>mi-</strong></span> 
     </span>
    </p>
   </div>
   <div class='ocr_carea' id='block_1_61' title="bbox 200 3340 1787 3411">
    <p class='ocr_par' dir='ltr' id='par_1_61' title="bbox 200 3340 1787 3411">
     <span class='ocr_line' id='line_1_61' title="bbox 200 3340 1787 3411; baseline -0.003 -14"><span class='ocrx_word' id='word_1_426' title='bbox 200 3360 322 3397; x_wconf 88' lang='lat' dir='ltr'><strong>rum</strong></span> <span class='ocrx_word' id='word_1_427' title='bbox 352 3358 469 3397; x_wconf 89' lang='lat' dir='ltr'><strong>non</strong></span> <span class='ocrx_word' id='word_1_428' title='bbox 491 3344 583 3407; x_wconf 90' lang='lat' dir='ltr'><strong>sit,</strong></span> <span class='ocrx_word' id='word_1_429' title='bbox 611 3350 801 3410; x_wconf 88' lang='lat' dir='ltr'><strong>postea</strong></span> <span class='ocrx_word' id='word_1_430' title='bbox 831 3341 955 3395; x_wconf 91' lang='lat' dir='ltr'><strong>odia</strong></span> <span class='ocrx_word' id='word_1_431' title='bbox 979 3350 1035 3394; x_wconf 89' lang='lat' dir='ltr'><strong>et</strong></span> <span class='ocrx_word' id='word_1_432' title='bbox 1068 3355 1280 3411; x_wconf 89' lang='lat' dir='ltr'><strong>pugnas</strong></span> <span class='ocrx_word' id='word_1_433' title='bbox 1303 3340 1449 3394; x_wconf 90' lang='lat' dir='ltr'><strong>inter</strong></span> <span class='ocrx_word' id='word_1_434' title='bbox 1472 3340 1787 3396; x_wconf 88' lang='lat' dir='ltr'><strong>eorumdem</strong></span> 
     </span>
    </p>
   </div>
   <div class='ocr_carea' id='block_1_62' title="bbox 202 3433 860 3491">
    <p class='ocr_par' dir='ltr' id='par_1_62' title="bbox 202 3433 860 3491">
     <span class='ocr_line' id='line_1_62' title="bbox 202 3433 860 3491; baseline -0.008 0"><span class='ocrx_word' id='word_1_435' title='bbox 202 3436 532 3491; x_wconf 87' lang='lat' dir='ltr'><strong>defensores</strong></span> <span class='ocrx_word' id='word_1_436' title='bbox 568 3433 860 3488; x_wconf 82' lang='lat' dir='ltr'><strong>exarsisse.</strong></span> 
     </span>
    </p>
   </div>
   <div class='ocr_carea' id='block_1_63' title="bbox 267 3517 1786 3590">
    <p class='ocr_par' dir='ltr' id='par_1_63' title="bbox 267 3517 1786 3590">
     <span class='ocr_line' id='line_1_63' title="bbox 267 3517 1786 3590; baseline -0.005 -13"><span class='ocrx_word' id='word_1_437' title='bbox 267 3523 407 3590; x_wconf 86' lang='lat' dir='ltr'><strong>Quae</strong></span> <span class='ocrx_word' id='word_1_438' title='bbox 446 3522 797 3576; x_wconf 79' lang='lat' dir='ltr'><strong>narravimus</strong></span> <span class='ocrx_word' id='word_1_439' title='bbox 844 3521 1113 3574; x_wconf 80' lang='lat' dir='ltr'><strong>hactenus</strong></span> <span class='ocrx_word' id='word_1_440' title='bbox 1157 3519 1227 3573; x_wconf 90' lang='lat' dir='ltr'><strong>de</strong></span> <span class='ocrx_word' id='word_1_441' title='bbox 1266 3518 1535 3587; x_wconf 77' lang='lat' dir='ltr'><strong>legatione</strong></span> <span class='ocrx_word' id='word_1_442' title='bbox 1574 3517 1786 3580; x_wconf 83' lang='lat' dir='ltr'><strong>Sabbae,</strong></span> 
     </span>
    </p>
   </div>
   <div class='ocr_carea' id='block_1_64' title="bbox 202 3608 1790 3684">
    <p class='ocr_par' dir='ltr' id='par_1_64' title="bbox 202 3608 1790 3684">
     <span class='ocr_line' id='line_1_64' title="bbox 202 3608 1790 3684; baseline -0.005 -15"><span class='ocrx_word' id='word_1_443' title='bbox 202 3615 564 3684; x_wconf 78' lang='lat' dir='ltr'><strong>contigerunt</strong></span> <span class='ocrx_word' id='word_1_444' title='bbox 615 3626 760 3665; x_wconf 91' lang='lat' dir='ltr'><strong>anno</strong></span> <span class='ocrx_word' id='word_1_445' title='bbox 806 3610 1100 3665; x_wconf 74' lang='lat' dir='ltr'><strong>Iustiniani</strong></span> <span class='ocrx_word' id='word_1_446' title='bbox 1140 3611 1205 3673; x_wconf 71' lang='grc'><strong>4,</strong></span> <span class='ocrx_word' id='word_1_447' title='bbox 1252 3608 1455 3663; x_wconf 83' lang='lat' dir='ltr'><strong>Christi</strong></span> <span class='ocrx_word' id='word_1_448' title='bbox 1497 3609 1619 3670; x_wconf 74' lang='lat'><strong>550,</strong></span> <span class='ocrx_word' id='word_1_449' title='bbox 1664 3624 1790 3662; x_wconf 90' lang='lat' dir='ltr'><strong>cum</strong></span> 
     </span>
    </p>
   </div>
   <div class='ocr_carea' id='block_1_65' title="bbox 203 3699 1792 3770">
    <p class='ocr_par' dir='ltr' id='par_1_65' title="bbox 203 3699 1792 3770">
     <span class='ocr_line' id='line_1_65' title="bbox 203 3699 1792 3770; baseline -0.004 -13"><span class='ocrx_word' id='word_1_450' title='bbox 203 3702 419 3758; x_wconf 84' lang='lat' dir='ltr'><strong>Sabbas</strong></span> <span class='ocrx_word' id='word_1_451' title='bbox 451 3699 825 3770; x_wconf 82' lang='lat' dir='ltr'><strong>nonagenario</strong></span> <span class='ocrx_word' id='word_1_452' title='bbox 868 3700 1042 3769; x_wconf 86' lang='lat' dir='ltr'><strong>major</strong></span> <span class='ocrx_word' id='word_1_453' title='bbox 1078 3706 1245 3762; x_wconf 89' lang='lat' dir='ltr'><strong>esset,</strong></span> <span class='ocrx_word' id='word_1_454' title='bbox 1267 3705 1324 3753; x_wconf 91' lang='lat' dir='ltr'><strong>et</strong></span> <span class='ocrx_word' id='word_1_455' title='bbox 1353 3708 1532 3752; x_wconf 90' lang='lat' dir='ltr'><strong>tamen</strong></span> <span class='ocrx_word' id='word_1_456' title='bbox 1582 3699 1792 3767; x_wconf 67' lang='lat' dir='ltr'><strong>aliquot</strong></span> 
     </span>
    </p>
   </div>
   <div class='ocr_carea' id='block_1_66' title="bbox 204 3789 1707 3862">
    <p class='ocr_par' dir='ltr' id='par_1_66' title="bbox 204 3789 1707 3862">
     <span class='ocr_line' id='line_1_66' title="bbox 204 3789 1707 3862; baseline -0.003 -15"><span class='ocrx_word' id='word_1_457' title='bbox 204 3805 331 3847; x_wconf 85' lang='lat' dir='ltr'><strong>ante</strong></span> <span class='ocrx_word' id='word_1_458' title='bbox 356 3793 689 3862; x_wconf 82' lang='lat' dir='ltr'><strong>legationem</strong></span> <span class='ocrx_word' id='word_1_459' title='bbox 714 3792 874 3845; x_wconf 89' lang='lat' dir='ltr'><strong>annis</strong></span> <span class='ocrx_word' id='word_1_460' title='bbox 899 3789 1151 3844; x_wconf 88' lang='lat' dir='ltr'><strong>monachi</strong></span> <span class='ocrx_word' id='word_1_461' title='bbox 1173 3790 1382 3861; x_wconf 86' lang='lat' dir='ltr'><strong>jurgari</strong></span> <span class='ocrx_word' id='word_1_462' title='bbox 1406 3799 1707 3860; x_wconf 72' lang='lat' dir='ltr'><strong>cmperant.</strong></span> 
     </span>
    </p>
   </div>
   <div class='ocr_carea' id='block_1_67' title="bbox 272 3880 1789 3950">
    <p class='ocr_par' dir='ltr' id='par_1_67' title="bbox 272 3880 1789 3950">
     <span class='ocr_line' id='line_1_67' title="bbox 272 3880 1789 3950; baseline -0.001 -13"><span class='ocrx_word' id='word_1_463' title='bbox 272 3884 340 3937; x_wconf 66' lang='grc' dir='ltr'><strong>γ.</strong></span> <span class='ocrx_word' id='word_1_464' title='bbox 386 3882 620 3936; x_wconf 90' lang='lat' dir='ltr'><strong>Duobus</strong></span> <span class='ocrx_word' id='word_1_465' title='bbox 665 3891 783 3950; x_wconf 84' lang='lat' dir='ltr'><strong>post</strong></span> <span class='ocrx_word' id='word_1_466' title='bbox 820 3880 981 3934; x_wconf 92' lang='lat' dir='ltr'><strong>annis</strong></span> <span class='ocrx_word' id='word_1_467' title='bbox 1018 3889 1113 3933; x_wconf 90' lang='lat' dir='ltr'><strong>aut</strong></span> <span class='ocrx_word' id='word_1_468' title='bbox 1157 3880 1327 3934; x_wconf 90' lang='lat' dir='ltr'><strong>ferme</strong></span> <span class='ocrx_word' id='word_1_469' title='bbox 1363 3880 1566 3944; x_wconf 87' lang='lat' dir='ltr'><strong>tribus,</strong></span> <span class='ocrx_word' id='word_1_470' title='bbox 1604 3880 1789 3935; x_wconf 82' lang='lat' dir='ltr'><strong>habita</strong></span> 
     </span>
    </p>
   </div>
   <div class='ocr_carea' id='block_1_68' title="bbox 205 3969 1791 4042">
    <p class='ocr_par' dir='ltr' id='par_1_68' title="bbox 205 3969 1791 4042">
     <span class='ocr_line' id='line_1_68' title="bbox 205 3969 1791 4042; baseline -0.001 -13"><span class='ocrx_word' id='word_1_471' title='bbox 205 3983 285 4029; x_wconf 86' lang='lat' dir='ltr'><strong>est</strong></span> <span class='ocrx_word' id='word_1_472' title='bbox 316 3972 802 4042; x_wconf 88' lang='lat' dir='ltr'><strong>Constantinopoli</strong></span> <span class='ocrx_word' id='word_1_473' title='bbox 832 3972 1053 4025; x_wconf 89' lang='lat' dir='ltr'><strong>collatio</strong></span> <span class='ocrx_word' id='word_1_474' title='bbox 1078 3969 1390 4025; x_wconf 87' lang='lat' dir='ltr'><strong>Catholicos</strong></span> <span class='ocrx_word' id='word_1_475' title='bbox 1433 3971 1577 4026; x_wconf 90' lang='lat' dir='ltr'><strong>inter</strong></span> <span class='ocrx_word' id='word_1_476' title='bbox 1605 3981 1660 4025; x_wconf 89' lang='lat' dir='ltr'><strong>et</strong></span> <span class='ocrx_word' id='word_1_477' title='bbox 1696 3971 1791 4027; x_wconf 87' lang='lat' dir='ltr'><strong>Se-</strong></span> 
     </span>
    </p>
   </div>
   <div class='ocr_carea' id='block_1_69' title="bbox 206 4061 1791 4132">
    <p class='ocr_par' dir='ltr' id='par_1_69' title="bbox 206 4061 1791 4132">
     <span class='ocr_line' id='line_1_69' title="bbox 206 4061 1791 4132; baseline -0.001 -15"><span class='ocrx_word' id='word_1_478' title='bbox 206 4064 565 4125; x_wconf 85' lang='lat' dir='ltr'><strong>verianos,in</strong></span> <span class='ocrx_word' id='word_1_479' title='bbox 603 4078 709 4132; x_wconf 92' lang='lat' dir='ltr'><strong>qua</strong></span> <span class='ocrx_word' id='word_1_480' title='bbox 741 4062 808 4116; x_wconf 91' lang='lat' dir='ltr'><strong>de</strong></span> <span class='ocrx_word' id='word_1_481' title='bbox 830 4061 1179 4115; x_wconf 86' lang='lat' dir='ltr'><strong>Theodoreto</strong></span> <span class='ocrx_word' id='word_1_482' title='bbox 1206 4062 1469 4115; x_wconf 87' lang='lat' dir='ltr'><strong>nonnulla</strong></span> <span class='ocrx_word' id='word_1_483' title='bbox 1505 4061 1611 4115; x_wconf 76' lang='lat' dir='ltr'><strong>fuit</strong></span> <span class='ocrx_word' id='word_1_484' title='bbox 1644 4077 1791 4131; x_wconf 66' lang='lat' dir='ltr'><strong>qua!-</strong></span> 
     </span>
    </p>
   </div>
   <div class='ocr_carea' id='block_1_70' title="bbox 208 4152 1792 4224">
    <p class='ocr_par' dir='ltr' id='par_1_70' title="bbox 208 4152 1792 4224">
     <span class='ocr_line' id='line_1_70' title="bbox 208 4152 1792 4224; baseline -0.003 -13"><span class='ocrx_word' id='word_1_485' title='bbox 208 4159 354 4211; x_wconf 87' lang='lat' dir='ltr'><strong>stio:</strong></span> <span class='ocrx_word' id='word_1_486' title='bbox 400 4157 522 4209; x_wconf 73' lang='lat' dir='ltr'><strong>[nec</strong></span> <span class='ocrx_word' id='word_1_487' title='bbox 549 4155 605 4208; x_wconf 91' lang='lat' dir='ltr'><strong>in</strong></span> <span class='ocrx_word' id='word_1_488' title='bbox 648 4154 871 4224; x_wconf 89' lang='lat' dir='ltr'><strong>primis,</strong></span> <span class='ocrx_word' id='word_1_489' title='bbox 900 4153 1180 4223; x_wconf 90' lang='lat' dir='ltr'><strong>quomodo</strong></span> <span class='ocrx_word' id='word_1_490' title='bbox 1210 4152 1557 4208; x_wconf 87' lang='lat' dir='ltr'><strong>Chalcedone</strong></span> <span class='ocrx_word' id='word_1_491' title='bbox 1593 4153 1792 4208; x_wconf 79' lang='lat' dir='ltr'><strong>dixerit</strong></span> 
     </span>
    </p>
   </div>
   <div class='ocr_carea' id='block_1_71' title="bbox 206 4244 1787 4313">
    <p class='ocr_par' dir='ltr' id='par_1_71' title="bbox 206 4244 1787 4313">
     <span class='ocr_line' id='line_1_71' title="bbox 206 4244 1787 4313; baseline -0.002 -11"><span class='ocrx_word' id='word_1_492' title='bbox 206 4247 505 4302; x_wconf 84' lang='lat' dir='ltr'><strong>anathema</strong></span> <span class='ocrx_word' id='word_1_493' title='bbox 530 4244 806 4309; x_wconf 87' lang='lat' dir='ltr'><strong>Nestorio,</strong></span> <span class='ocrx_word' id='word_1_494' title='bbox 829 4260 899 4299; x_wconf 88' lang='lat' dir='ltr'><strong>an</strong></span> <span class='ocrx_word' id='word_1_495' title='bbox 924 4260 990 4300; x_wconf 85' lang='lat' dir='ltr'><strong>ex</strong></span> <span class='ocrx_word' id='word_1_496' title='bbox 1022 4245 1228 4309; x_wconf 90' lang='lat' dir='ltr'><strong>animo,</strong></span> <span class='ocrx_word' id='word_1_497' title='bbox 1254 4260 1322 4299; x_wconf 88' lang='lat' dir='ltr'><strong>an</strong></span> <span class='ocrx_word' id='word_1_498' title='bbox 1358 4244 1787 4313; x_wconf 88' lang='lat' dir='ltr'><strong>dissimulanter,</strong></span> 
     </span>
    </p>
   </div>
   <div class='ocr_carea' id='block_1_72' title="bbox 206 4335 663 4390">
    <p class='ocr_par' dir='ltr' id='par_1_72' title="bbox 206 4335 663 4390">
     <span class='ocr_line' id='line_1_72' title="bbox 206 4335 663 4390; baseline -0.009 0"><span class='ocrx_word' id='word_1_499' title='bbox 206 4346 261 4390; x_wconf 86' lang='lat' dir='ltr'><strong>et</strong></span> <span class='ocrx_word' id='word_1_500' title='bbox 280 4335 458 4390; x_wconf 90' lang='lat' dir='ltr'><strong>verbo</strong></span> <span class='ocrx_word' id='word_1_501' title='bbox 482 4343 663 4387; x_wconf 89' lang='lat' dir='ltr'><strong>tenus.</strong></span> 
     </span>
    </p>
   </div>
   <div class='ocr_carea' id='block_1_73' title="bbox 275 4423 1789 4494">
    <p class='ocr_par' dir='ltr' id='par_1_73' title="bbox 275 4423 1789 4494">
     <span class='ocr_line' id='line_1_73' title="bbox 275 4423 1789 4494; baseline 0.001 -15"><span class='ocrx_word' id='word_1_502' title='bbox 275 4425 391 4479; x_wconf 84' lang='lat' dir='ltr'><strong>Res</strong></span> <span class='ocrx_word' id='word_1_503' title='bbox 422 4425 483 4479; x_wconf 85' lang='lat' dir='ltr'><strong>in</strong></span> <span class='ocrx_word' id='word_1_504' title='bbox 513 4424 663 4478; x_wconf 89' lang='lat' dir='ltr'><strong>hunc</strong></span> <span class='ocrx_word' id='word_1_505' title='bbox 688 4423 911 4478; x_wconf 89' lang='lat' dir='ltr'><strong>modum</strong></span> <span class='ocrx_word' id='word_1_506' title='bbox 953 4434 1103 4494; x_wconf 86' lang='lat' dir='ltr'><strong>gesta</strong></span> <span class='ocrx_word' id='word_1_507' title='bbox 1139 4434 1240 4479; x_wconf 87' lang='lat' dir='ltr'><strong>est.</strong></span> <span class='ocrx_word' id='word_1_508' title='bbox 1269 4423 1656 4480; x_wconf 87' lang='lat' dir='ltr'><strong>Convenerunt</strong></span> <span class='ocrx_word' id='word_1_509' title='bbox 1691 4425 1789 4481; x_wconf 83' lang='lat' dir='ltr'><strong>Ju-</strong></span> 
     </span>
    </p>
   </div>
   <div class='ocr_carea' id='block_1_74' title="bbox 1895 3244 3465 3315">
    <p class='ocr_par' dir='ltr' id='par_1_74' title="bbox 1895 3244 3465 3315">
     <span class='ocr_line' id='line_1_74' title="bbox 1895 3244 3465 3315; baseline 0.01 -18"><span class='ocrx_word' id='word_1_510' title='bbox 1895 3244 2105 3299; x_wconf 85' lang='lat' dir='ltr'><strong>stianus</strong></span> <span class='ocrx_word' id='word_1_511' title='bbox 2131 3245 2444 3315; x_wconf 89' lang='lat' dir='ltr'><strong>impeditus,</strong></span> <span class='ocrx_word' id='word_1_512' title='bbox 2474 3262 2572 3315; x_wconf 90' lang='lat' dir='ltr'><strong>pro</strong></span> <span class='ocrx_word' id='word_1_513' title='bbox 2603 3247 2778 3302; x_wconf 90' lang='lat' dir='ltr'><strong>tribus</strong></span> <span class='ocrx_word' id='word_1_514' title='bbox 2811 3249 3128 3307; x_wconf 89' lang='lat' dir='ltr'><strong>hominibus</strong></span> <span class='ocrx_word' id='word_1_515' title='bbox 3144 3269 3254 3308; x_wconf 90' lang='lat' dir='ltr'><strong>non</strong></span> <span class='ocrx_word' id='word_1_516' title='bbox 3281 3257 3465 3313; x_wconf 89' lang='lat' dir='ltr'><strong>minus</strong></span> 
     </span>
    </p>
   </div>
   <div class='ocr_carea' id='block_1_75' title="bbox 1894 3337 2901 3407">
    <p class='ocr_par' dir='ltr' id='par_1_75' title="bbox 1894 3337 2901 3407">
     <span class='ocr_line' id='line_1_75' title="bbox 1894 3337 2901 3407; baseline 0.008 -19"><span class='ocrx_word' id='word_1_517' title='bbox 1894 3337 2173 3406; x_wconf 88' lang='lat' dir='ltr'><strong>pugnavit,</strong></span> <span class='ocrx_word' id='word_1_518' title='bbox 2209 3352 2371 3406; x_wconf 89' lang='lat' dir='ltr'><strong>quam</strong></span> <span class='ocrx_word' id='word_1_519' title='bbox 2406 3353 2506 3407; x_wconf 91' lang='lat' dir='ltr'><strong>pro</strong></span> <span class='ocrx_word' id='word_1_520' title='bbox 2536 3338 2740 3394; x_wconf 87' lang='lat' dir='ltr'><strong>Christi</strong></span> <span class='ocrx_word' id='word_1_521' title='bbox 2777 3339 2901 3396; x_wconf 84' lang='lat' dir='ltr'><strong>ﬁde.</strong></span> 
     </span>
    </p>
   </div>
   <div class='ocr_carea' id='block_1_76' title="bbox 1967 3427 3466 3502">
    <p class='ocr_par' dir='ltr' id='par_1_76' title="bbox 1967 3427 3466 3502">
     <span class='ocr_line' id='line_1_76' title="bbox 1967 3427 3466 3502; baseline 0.007 -21"><span class='ocrx_word' id='word_1_522' title='bbox 1967 3428 2073 3481; x_wconf 74' lang='lat' dir='ltr'><strong>VII.</strong></span> <span class='ocrx_word' id='word_1_523' title='bbox 2108 3427 2293 3481; x_wconf 81' lang='lat' dir='ltr'><strong>Traxit</strong></span> <span class='ocrx_word' id='word_1_524' title='bbox 2315 3427 2602 3482; x_wconf 80' lang='lat' dir='ltr'><strong>Titeodora</strong></span> <span class='ocrx_word' id='word_1_525' title='bbox 2633 3428 2951 3499; x_wconf 82' lang='lat' dir='ltr'><strong>imperatrix</strong></span> <span class='ocrx_word' id='word_1_526' title='bbox 2989 3435 3253 3502; x_wconf 84' lang='lat' dir='ltr'><strong>originem</strong></span> <span class='ocrx_word' id='word_1_527' title='bbox 3288 3451 3356 3491; x_wconf 87' lang='lat' dir='ltr'><strong>ex</strong></span> <span class='ocrx_word' id='word_1_528' title='bbox 3379 3438 3466 3491; x_wconf 90' lang='lat' dir='ltr'><strong>in-</strong></span> 
     </span>
    </p>
   </div>
   <div class='ocr_carea' id='block_1_77' title="bbox 1894 3517 3466 3593">
    <p class='ocr_par' dir='ltr' id='par_1_77' title="bbox 1894 3517 3466 3593">
     <span class='ocr_line' id='line_1_77' title="bbox 1894 3517 3466 3593; baseline 0.008 -22"><span class='ocrx_word' id='word_1_529' title='bbox 1894 3517 2034 3572; x_wconf 77' lang='lat' dir='ltr'><strong>tima:</strong></span> <span class='ocrx_word' id='word_1_530' title='bbox 2091 3520 2253 3572; x_wconf 86' lang='lat' dir='ltr'><strong>sortis</strong></span> <span class='ocrx_word' id='word_1_531' title='bbox 2299 3519 2642 3588; x_wconf 86' lang='lat' dir='ltr'><strong>parentibus,</strong></span> <span class='ocrx_word' id='word_1_532' title='bbox 2696 3530 2852 3590; x_wconf 86' lang='lat' dir='ltr'><strong>patre</strong></span> <span class='ocrx_word' id='word_1_533' title='bbox 2899 3524 3171 3593; x_wconf 89' lang='lat' dir='ltr'><strong>siquidem</strong></span> <span class='ocrx_word' id='word_1_534' title='bbox 3206 3543 3466 3584; x_wconf 88' lang='lat' dir='ltr'><strong>ursorum</strong></span> 
     </span>
    </p>
   </div>
   <div class='ocr_carea' id='block_1_78' title="bbox 1896 3610 3468 3687">
    <p class='ocr_par' dir='ltr' id='par_1_78' title="bbox 1896 3610 3468 3687">
     <span class='ocr_line' id='line_1_78' title="bbox 1896 3610 3468 3687; baseline 0.008 -24"><span class='ocrx_word' id='word_1_535' title='bbox 1896 3610 2093 3663; x_wconf 80' lang='lat' dir='ltr'><strong>theatri</strong></span> <span class='ocrx_word' id='word_1_536' title='bbox 2149 3611 2344 3673; x_wconf 89' lang='lat' dir='ltr'><strong>altore,</strong></span> <span class='ocrx_word' id='word_1_537' title='bbox 2401 3619 2577 3665; x_wconf 90' lang='lat' dir='ltr'><strong>matre</strong></span> <span class='ocrx_word' id='word_1_538' title='bbox 2631 3614 2894 3667; x_wconf 89' lang='lat' dir='ltr'><strong>scenica:</strong></span> <span class='ocrx_word' id='word_1_539' title='bbox 2950 3616 3129 3669; x_wconf 89' lang='lat' dir='ltr'><strong>caruit</strong></span> <span class='ocrx_word' id='word_1_540' title='bbox 3179 3627 3332 3687; x_wconf 88' lang='lat' dir='ltr'><strong>patre</strong></span> <span class='ocrx_word' id='word_1_541' title='bbox 3375 3621 3468 3676; x_wconf 80' lang='lat' dir='ltr'><strong>vix</strong></span> 
     </span>
    </p>
   </div>
   <div class='ocr_carea' id='block_1_79' title="bbox 1893 3702 3466 3780">
    <p class='ocr_par' dir='ltr' id='par_1_79' title="bbox 1893 3702 3466 3780">
     <span class='ocr_line' id='line_1_79' title="bbox 1893 3702 3466 3780; baseline 0.007 -24"><span class='ocrx_word' id='word_1_542' title='bbox 1893 3702 2285 3772; x_wconf 87' lang='lat' dir='ltr'><strong>quinquennis,</strong></span> <span class='ocrx_word' id='word_1_543' title='bbox 2339 3702 2573 3772; x_wconf 89' lang='lat' dir='ltr'><strong>ideoque</strong></span> <span class='ocrx_word' id='word_1_544' title='bbox 2627 3702 2682 3758; x_wconf 93' lang='lat' dir='ltr'><strong>in</strong></span> <span class='ocrx_word' id='word_1_545' title='bbox 2732 3707 2923 3763; x_wconf 90' lang='lat' dir='ltr'><strong>matris</strong></span> <span class='ocrx_word' id='word_1_546' title='bbox 2965 3707 3129 3762; x_wconf 91' lang='lat' dir='ltr'><strong>domo</strong></span> <span class='ocrx_word' id='word_1_547' title='bbox 3170 3720 3466 3780; x_wconf 85' lang='lat' dir='ltr'><strong>egestatem</strong></span> 
     </span>
    </p>
   </div>
   <div class='ocr_carea' id='block_1_80' title="bbox 1893 3796 3464 3874">
    <p class='ocr_par' dir='ltr' id='par_1_80' title="bbox 1893 3796 3464 3874">
     <span class='ocr_line' id='line_1_80' title="bbox 1893 3796 3464 3874; baseline 0.009 -28"><span class='ocrx_word' id='word_1_548' title='bbox 1893 3810 2052 3864; x_wconf 82' lang='lat' dir='ltr'><strong>passa</strong></span> <span class='ocrx_word' id='word_1_549' title='bbox 2083 3803 2168 3849; x_wconf 89' lang='lat' dir='ltr'><strong>est</strong></span> <span class='ocrx_word' id='word_1_550' title='bbox 2198 3810 2322 3848; x_wconf 93' lang='lat' dir='ltr'><strong>cum</strong></span> <span class='ocrx_word' id='word_1_551' title='bbox 2358 3796 2645 3850; x_wconf 90' lang='lat' dir='ltr'><strong>sororibus</strong></span> <span class='ocrx_word' id='word_1_552' title='bbox 2671 3797 2911 3863; x_wconf 89' lang='lat' dir='ltr'><strong>duabus,</strong></span> <span class='ocrx_word' id='word_1_553' title='bbox 2944 3816 3106 3869; x_wconf 89' lang='lat' dir='ltr'><strong>quam</strong></span> <span class='ocrx_word' id='word_1_554' title='bbox 3142 3812 3205 3856; x_wconf 93' lang='lat' dir='ltr'><strong>ut</strong></span> <span class='ocrx_word' id='word_1_555' title='bbox 3230 3803 3464 3874; x_wconf 86' lang='lat' dir='ltr'><strong>fugeret,</strong></span> 
     </span>
    </p>
   </div>
   <div class='ocr_carea' id='block_1_81' title="bbox 1893 3887 3465 3959">
    <p class='ocr_par' dir='ltr' id='par_1_81' title="bbox 1893 3887 3465 3959">
     <span class='ocr_line' id='line_1_81' title="bbox 1893 3887 3465 3959; baseline 0.007 -19"><span class='ocrx_word' id='word_1_556' title='bbox 1893 3887 2076 3940; x_wconf 87' lang='lat' dir='ltr'><strong>statim</strong></span> <span class='ocrx_word' id='word_1_557' title='bbox 2109 3894 2272 3955; x_wconf 91' lang='lat' dir='ltr'><strong>atque</strong></span> <span class='ocrx_word' id='word_1_558' title='bbox 2318 3900 2417 3955; x_wconf 91' lang='lat' dir='ltr'><strong>per</strong></span> <span class='ocrx_word' id='word_1_559' title='bbox 2460 3896 2677 3942; x_wconf 67' lang='lat' dir='ltr'><strong>aetatem</strong></span> <span class='ocrx_word' id='word_1_560' title='bbox 2738 3889 2913 3952; x_wconf 86' lang='lat' dir='ltr'><strong>licuit,</strong></span> <span class='ocrx_word' id='word_1_561' title='bbox 2959 3891 3223 3959; x_wconf 89' lang='lat' dir='ltr'><strong>producta</strong></span> <span class='ocrx_word' id='word_1_562' title='bbox 3272 3899 3357 3949; x_wconf 71' lang='grc' dir='ltr'><strong>ρει</strong></span> <span class='ocrx_word' id='word_1_563' title='bbox 3410 3897 3465 3952; x_wconf 90' lang='lat' dir='ltr'><strong>in</strong></span> 
     </span>
    </p>
   </div>
   <div class='ocr_carea' id='block_1_82' title="bbox 1893 3977 3467 4053">
    <p class='ocr_par' dir='ltr' id='par_1_82' title="bbox 1893 3977 3467 4053">
     <span class='ocr_line' id='line_1_82' title="bbox 1893 3977 3467 4053; baseline 0.006 -23"><span class='ocrx_word' id='word_1_564' title='bbox 1893 3992 2133 4041; x_wconf 87' lang='lat' dir='ltr'><strong>scenam,</strong></span> <span class='ocrx_word' id='word_1_565' title='bbox 2192 3977 2285 4031; x_wconf 91' lang='lat' dir='ltr'><strong>ubi</strong></span> <span class='ocrx_word' id='word_1_566' title='bbox 2346 3977 2489 4032; x_wconf 90' lang='lat' dir='ltr'><strong>inter</strong></span> <span class='ocrx_word' id='word_1_567' title='bbox 2535 3978 2732 4033; x_wconf 88' lang='lat' dir='ltr'><strong>mimos</strong></span> <span class='ocrx_word' id='word_1_568' title='bbox 2777 3979 2971 4034; x_wconf 91' lang='lat' dir='ltr'><strong>didicit</strong></span> <span class='ocrx_word' id='word_1_569' title='bbox 3007 3997 3263 4050; x_wconf 88' lang='lat' dir='ltr'><strong>spernere</strong></span> <span class='ocrx_word' id='word_1_570' title='bbox 3294 3986 3467 4053; x_wconf 91' lang='lat' dir='ltr'><strong>pudo-</strong></span> 
     </span>
    </p>
   </div>
   <div class='ocr_carea' id='block_1_83' title="bbox 1892 4068 3464 4142">
    <p class='ocr_par' dir='ltr' id='par_1_83' title="bbox 1892 4068 3464 4142">
     <span class='ocr_line' id='line_1_83' title="bbox 1892 4068 3464 4142; baseline 0.004 -20"><span class='ocrx_word' id='word_1_571' title='bbox 1892 4084 2009 4123; x_wconf 91' lang='lat' dir='ltr'><strong>rem</strong></span> <span class='ocrx_word' id='word_1_572' title='bbox 2054 4068 2120 4122; x_wconf 78' lang='grc'>⁸⁸.</span> <span class='ocrx_word' id='word_1_573' title='bbox 2174 4068 2331 4123; x_wconf 86' lang='lat' dir='ltr'><strong>Hunc</strong></span> <span class='ocrx_word' id='word_1_574' title='bbox 2371 4084 2495 4123; x_wconf 89' lang='lat' dir='ltr'><strong>cum</strong></span> <span class='ocrx_word' id='word_1_575' title='bbox 2524 4069 2799 4138; x_wconf 83' lang='lat' dir='ltr'><strong>posuisset</strong></span> <span class='ocrx_word' id='word_1_576' title='bbox 2824 4070 2880 4123; x_wconf 90' lang='lat' dir='ltr'><strong>in</strong></span> <span class='ocrx_word' id='word_1_577' title='bbox 2908 4070 3045 4126; x_wconf 86' lang='lat' dir='ltr'><strong>urbe</strong></span> <span class='ocrx_word' id='word_1_578' title='bbox 3068 4072 3237 4142; x_wconf 90' lang='lat' dir='ltr'><strong>regia,</strong></span> <span class='ocrx_word' id='word_1_579' title='bbox 3264 4073 3464 4129; x_wconf 81' lang='lat' dir='ltr'><strong>Penta-</strong></span> 
     </span>
    </p>
   </div>
   <div class='ocr_carea' id='block_1_84' title="bbox 1893 4160 3465 4231">
    <p class='ocr_par' dir='ltr' id='par_1_84' title="bbox 1893 4160 3465 4231">
     <span class='ocr_line' id='line_1_84' title="bbox 1893 4160 3465 4231; baseline 0.006 -19"><span class='ocrx_word' id='word_1_580' title='bbox 1893 4160 2035 4229; x_wconf 91' lang='lat' dir='ltr'><strong>polis</strong></span> <span class='ocrx_word' id='word_1_581' title='bbox 2069 4160 2410 4230; x_wconf 63' lang='lat' dir='ltr'><strong>praefectum,</strong></span> <span class='ocrx_word' id='word_1_582' title='bbox 2441 4162 2599 4231; x_wconf 81' lang='lat' dir='ltr'><strong>cujus</strong></span> <span class='ocrx_word' id='word_1_583' title='bbox 2632 4160 2850 4216; x_wconf 90' lang='lat' dir='ltr'><strong>libidini</strong></span> <span class='ocrx_word' id='word_1_584' title='bbox 2880 4163 3173 4227; x_wconf 90' lang='lat' dir='ltr'><strong>serviebat,</strong></span> <span class='ocrx_word' id='word_1_585' title='bbox 3207 4165 3465 4221; x_wconf 76' lang='lat' dir='ltr'><strong>comitata</strong></span> 
     </span>
    </p>
   </div>
   <div class='ocr_carea' id='block_1_85' title="bbox 1891 4249 3465 4322">
    <p class='ocr_par' dir='ltr' id='par_1_85' title="bbox 1891 4249 3465 4322">
     <span class='ocr_line' id='line_1_85' title="bbox 1891 4249 3465 4322; baseline 0.004 -18"><span class='ocrx_word' id='word_1_586' title='bbox 1891 4259 1976 4305; x_wconf 89' lang='lat' dir='ltr'><strong>est</strong></span> <span class='ocrx_word' id='word_1_587' title='bbox 2024 4250 2079 4304; x_wconf 91' lang='lat' dir='ltr'><strong>in</strong></span> <span class='ocrx_word' id='word_1_588' title='bbox 2118 4249 2432 4321; x_wconf 66' lang='lat' dir='ltr'><strong>Egyptum,</strong></span> <span class='ocrx_word' id='word_1_589' title='bbox 2488 4251 2633 4306; x_wconf 88' lang='lat' dir='ltr'><strong>unde</strong></span> <span class='ocrx_word' id='word_1_590' title='bbox 2679 4250 3209 4322; x_wconf 83' lang='lat' dir='ltr'><strong>Constantinopolim</strong></span> <span class='ocrx_word' id='word_1_591' title='bbox 3246 4270 3465 4310; x_wconf 87' lang='lat' dir='ltr'><strong>reversa</strong></span> 
     </span>
    </p>
   </div>
   <div class='ocr_carea' id='block_1_86' title="bbox 1894 4341 2670 4396">
    <p class='ocr_par' dir='ltr' id='par_1_86' title="bbox 1894 4341 2670 4396">
     <span class='ocr_line' id='line_1_86' title="bbox 1894 4341 2670 4396; baseline -0.001 -1"><span class='ocrx_word' id='word_1_592' title='bbox 1894 4342 2095 4396; x_wconf 90' lang='lat' dir='ltr'><strong>meruit</strong></span> <span class='ocrx_word' id='word_1_593' title='bbox 2121 4341 2265 4395; x_wconf 91' lang='lat' dir='ltr'><strong>inter</strong></span> <span class='ocrx_word' id='word_1_594' title='bbox 2298 4341 2670 4396; x_wconf 91' lang='lat' dir='ltr'><strong>emboliarias.</strong></span> 
     </span>
    </p>
   </div>
   <div class='ocr_carea' id='block_1_87' title="bbox 1964 4432 3466 4505">
    <p class='ocr_par' dir='ltr' id='par_1_87' title="bbox 1964 4432 3466 4505">
     <span class='ocr_line' id='line_1_87' title="bbox 1964 4432 3466 4505; baseline 0.003 -18"><span class='ocrx_word' id='word_1_595' title='bbox 1964 4432 2175 4487; x_wconf 89' lang='lat' dir='ltr'><strong>Placuit</strong></span> <span class='ocrx_word' id='word_1_596' title='bbox 2197 4440 2327 4487; x_wconf 92' lang='lat' dir='ltr'><strong>tunc</strong></span> <span class='ocrx_word' id='word_1_597' title='bbox 2358 4434 2619 4501; x_wconf 90' lang='lat' dir='ltr'><strong>temporis</strong></span> <span class='ocrx_word' id='word_1_598' title='bbox 2659 4433 2968 4488; x_wconf 74' lang='lat' dir='ltr'><strong>Iustiniano</strong></span> <span class='ocrx_word' id='word_1_599' title='bbox 3007 4435 3328 4505; x_wconf 87' lang='lat' dir='ltr'><strong>juveniliter</strong></span> <span class='ocrx_word' id='word_1_600' title='bbox 3377 4437 3466 4491; x_wconf 90' lang='lat' dir='ltr'><strong>in-</strong></span> 
     </span>
    </p>
   </div>
   <div class='ocr_carea' id='block_1_88' title="bbox 206 4514 3465 4592">
    <p class='ocr_par' dir='ltr' id='par_1_88' title="bbox 206 4514 3465 4592">
     <span class='ocr_line' id='line_1_88' title="bbox 206 4514 3465 4592; baseline 0.004 -22"><span class='ocrx_word' id='word_1_601' title='bbox 206 4517 439 4571; x_wconf 79' lang='lat' dir='ltr'><strong>stiniani</strong></span> <span class='ocrx_word' id='word_1_602' title='bbox 479 4514 736 4569; x_wconf 90' lang='lat' dir='ltr'><strong>mandato</strong></span> <span class='ocrx_word' id='word_1_603' title='bbox 763 4514 893 4569; x_wconf 92' lang='lat' dir='ltr'><strong>hinc</strong></span> <span class='ocrx_word' id='word_1_604' title='bbox 922 4524 977 4569; x_wconf 90' lang='lat' dir='ltr'><strong>et</strong></span> <span class='ocrx_word' id='word_1_605' title='bbox 1002 4515 1129 4569; x_wconf 91' lang='lat' dir='ltr'><strong>inde</strong></span> <span class='ocrx_word' id='word_1_606' title='bbox 1162 4531 1256 4570; x_wconf 90' lang='lat' dir='ltr'><strong>sex</strong></span> <span class='ocrx_word' id='word_1_607' title='bbox 1281 4517 1522 4585; x_wconf 87' lang='lat' dir='ltr'><strong>episcopi</strong></span> <span class='ocrx_word' id='word_1_608' title='bbox 1545 4534 1560 4582; x_wconf 92' lang='lat'><strong>;</strong></span> <span class='ocrx_word' id='word_1_609' title='bbox 1585 4516 1788 4571; x_wconf 87' lang='lat' dir='ltr'><strong>Catho-</strong></span> <span class='ocrx_word' id='word_1_610' title='bbox 1824 4516 1866 4570; x_wconf 91' lang='lat' dir='ltr'><strong>D</strong></span> <span class='ocrx_word' id='word_1_611' title='bbox 1894 4521 2148 4585; x_wconf 91' lang='lat' dir='ltr'><strong>sanienti,</strong></span> <span class='ocrx_word' id='word_1_612' title='bbox 2180 4521 2275 4576; x_wconf 89' lang='lat' dir='ltr'><strong>sed</strong></span> <span class='ocrx_word' id='word_1_613' title='bbox 2302 4530 2361 4575; x_wconf 90' lang='lat' dir='ltr'><strong>ut</strong></span> <span class='ocrx_word' id='word_1_614' title='bbox 2387 4522 2558 4577; x_wconf 92' lang='lat' dir='ltr'><strong>amica</strong></span> <span class='ocrx_word' id='word_1_615' title='bbox 2592 4522 2853 4592; x_wconf 90' lang='lat' dir='ltr'><strong>primum,</strong></span> <span class='ocrx_word' id='word_1_616' title='bbox 2881 4523 3081 4578; x_wconf 88' lang='lat' dir='ltr'><strong>deinde</strong></span> <span class='ocrx_word' id='word_1_617' title='bbox 3109 4526 3260 4579; x_wconf 91' lang='lat' dir='ltr'><strong>velut</strong></span> <span class='ocrx_word' id='word_1_618' title='bbox 3291 4542 3465 4582; x_wconf 82' lang='lat' dir='ltr'><strong>uxor:</strong></span> 
     </span>
    </p>
   </div>
   <div class='ocr_carea' id='block_1_89' title="bbox 205 4608 1791 4679">
    <p class='ocr_par' dir='ltr' id='par_1_89' title="bbox 205 4608 1791 4679">
     <span class='ocr_line' id='line_1_89' title="bbox 205 4608 1791 4679; baseline 0 -14"><span class='ocrx_word' id='word_1_619' title='bbox 205 4611 447 4665; x_wconf 85' lang='lat' dir='ltr'><strong>lieorum</strong></span> <span class='ocrx_word' id='word_1_620' title='bbox 495 4608 607 4663; x_wconf 81' lang='lat' dir='ltr'><strong>dux</strong></span> <span class='ocrx_word' id='word_1_621' title='bbox 640 4616 761 4662; x_wconf 89' lang='lat' dir='ltr'><strong>erat</strong></span> <span class='ocrx_word' id='word_1_622' title='bbox 799 4608 1066 4679; x_wconf 82' lang='lat' dir='ltr'><strong>Hypatius</strong></span> <span class='ocrx_word' id='word_1_623' title='bbox 1088 4609 1421 4678; x_wconf 90' lang='lat' dir='ltr'><strong>Ephesinus,</strong></span> <span class='ocrx_word' id='word_1_624' title='bbox 1462 4610 1791 4666; x_wconf 43' lang='lat' dir='ltr'><strong>Severiano.</strong></span> 
     </span>
    </p>
   </div>
   <div class='ocr_carea' id='block_1_90' title="bbox 205 4697 1792 4770">
    <p class='ocr_par' dir='ltr' id='par_1_90' title="bbox 205 4697 1792 4770">
     <span class='ocr_line' id='line_1_90' title="bbox 205 4697 1792 4770; baseline 0.002 -16"><span class='ocrx_word' id='word_1_625' title='bbox 205 4718 329 4755; x_wconf 86' lang='lat' dir='ltr'><strong>rum</strong></span> <span class='ocrx_word' id='word_1_626' title='bbox 368 4699 599 4769; x_wconf 82' lang='lat' dir='ltr'><strong>Sergius</strong></span> <span class='ocrx_word' id='word_1_627' title='bbox 639 4697 768 4769; x_wconf 78' lang='lat' dir='ltr'><strong>Cyri</strong></span> <span class='ocrx_word' id='word_1_628' title='bbox 790 4699 1101 4768; x_wconf 87' lang='lat' dir='ltr'><strong>episcopus.</strong></span> <span class='ocrx_word' id='word_1_629' title='bbox 1128 4699 1358 4770; x_wconf 81' lang='lat' dir='ltr'><strong>Hypatio</strong></span> <span class='ocrx_word' id='word_1_630' title='bbox 1400 4701 1627 4757; x_wconf 90' lang='lat' dir='ltr'><strong>aderant</strong></span> <span class='ocrx_word' id='word_1_631' title='bbox 1671 4701 1792 4757; x_wconf 90' lang='lat' dir='ltr'><strong>Ste-</strong></span> 
     </span>
    </p>
   </div>
   <div class='ocr_carea' id='block_1_91' title="bbox 205 4790 1791 4862">
    <p class='ocr_par' dir='ltr' id='par_1_91' title="bbox 205 4790 1791 4862">
     <span class='ocr_line' id='line_1_91' title="bbox 205 4790 1791 4862; baseline 0.002 -17"><span class='ocrx_word' id='word_1_632' title='bbox 205 4794 427 4862; x_wconf 86' lang='lat' dir='ltr'><strong>phanus</strong></span> <span class='ocrx_word' id='word_1_633' title='bbox 480 4790 766 4854; x_wconf 61' lang='lat' dir='ltr'><strong>Seleuciae,</strong></span> <span class='ocrx_word' id='word_1_634' title='bbox 804 4790 1099 4844; x_wconf 78' lang='lat' dir='ltr'><strong>Anthimus</strong></span> <span class='ocrx_word' id='word_1_635' title='bbox 1152 4792 1547 4861; x_wconf 89' lang='lat' dir='ltr'><strong>&#39;l‘rapezuntis,</strong></span> <span class='ocrx_word' id='word_1_636' title='bbox 1596 4793 1791 4849; x_wconf 88' lang='lat' dir='ltr'><strong>Deme-</strong></span> 
     </span>
    </p>
   </div>
   <div class='ocr_carea' id='block_1_92' title="bbox 207 4880 1789 4949">
    <p class='ocr_par' dir='ltr' id='par_1_92' title="bbox 207 4880 1789 4949">
     <span class='ocr_line' id='line_1_92' title="bbox 207 4880 1789 4949; baseline 0.002 -13"><span class='ocrx_word' id='word_1_637' title='bbox 207 4883 348 4936; x_wconf 87' lang='lat' dir='ltr'><strong>trius</strong></span> <span class='ocrx_word' id='word_1_638' title='bbox 375 4881 783 4949; x_wconf 90' lang='lat' dir='ltr'><strong>Pbilipporum,</strong></span> <span class='ocrx_word' id='word_1_639' title='bbox 822 4880 1061 4935; x_wconf 83' lang='lat' dir='ltr'><strong>Joannes</strong></span> <span class='ocrx_word' id='word_1_640' title='bbox 1085 4881 1300 4937; x_wconf 72' lang='lat' dir='ltr'><strong>V’ezniae</strong></span> <span class='ocrx_word' id='word_1_641' title='bbox 1333 4883 1591 4947; x_wconf 87' lang='lat' dir='ltr'><strong>civitatis,</strong></span> <span class='ocrx_word' id='word_1_642' title='bbox 1618 4893 1674 4939; x_wconf 92' lang='lat' dir='ltr'><strong>et</strong></span> <span class='ocrx_word' id='word_1_643' title='bbox 1700 4886 1789 4939; x_wconf 88' lang='lat' dir='ltr'><strong>ln-</strong></span> 
     </span>
    </p>
   </div>
   <div class='ocr_carea' id='block_1_93' title="bbox 205 4968 1782 5042">
    <p class='ocr_par' dir='ltr' id='par_1_93' title="bbox 205 4968 1782 5042">
     <span class='ocr_line' id='line_1_93' title="bbox 205 4968 1782 5042; baseline 0.003 -19"><span class='ocrx_word' id='word_1_644' title='bbox 205 4971 506 5024; x_wconf 87' lang='lat' dir='ltr'><strong>noceutius</strong></span> <span class='ocrx_word' id='word_1_645' title='bbox 554 4968 808 5022; x_wconf 63' lang='lat' dir='ltr'><strong>Maronis:</strong></span> <span class='ocrx_word' id='word_1_646' title='bbox 857 4969 1122 5039; x_wconf 89' lang='lat' dir='ltr'><strong>episc0pi,</strong></span> <span class='ocrx_word' id='word_1_647' title='bbox 1167 4986 1359 5025; x_wconf 89' lang='lat' dir='ltr'><strong>omnes</strong></span> <span class='ocrx_word' id='word_1_648' title='bbox 1406 4975 1782 5042; x_wconf 66' lang='lat' dir='ltr'><strong>metropolitaa.</strong></span> 
     </span>
    </p>
   </div>
   <div class='ocr_carea' id='block_1_94' title="bbox 202 5059 1787 5128">
    <p class='ocr_par' dir='ltr' id='par_1_94' title="bbox 202 5059 1787 5128">
     <span class='ocr_line' id='line_1_94' title="bbox 202 5059 1787 5128; baseline 0.004 -12"><span class='ocrx_word' id='word_1_649' title='bbox 202 5062 452 5116; x_wconf 74' lang='lat' dir='ltr'><strong>Aderant</strong></span> <span class='ocrx_word' id='word_1_650' title='bbox 504 5059 696 5128; x_wconf 88' lang='lat' dir='ltr'><strong>Sergio</strong></span> <span class='ocrx_word' id='word_1_651' title='bbox 749 5062 988 5116; x_wconf 85' lang='lat' dir='ltr'><strong>Thomas</strong></span> <span class='ocrx_word' id='word_1_652' title='bbox 1034 5062 1413 5128; x_wconf 66' lang='lat' dir='ltr'><strong>Germaniciaa,</strong></span> <span class='ocrx_word' id='word_1_653' title='bbox 1455 5067 1787 5122; x_wconf 81' lang='lat' dir='ltr'><strong>Pbiloxenus</strong></span> 
     </span>
    </p>
   </div>
   <div class='ocr_carea' id='block_1_95' title="bbox 203 5150 1788 5223">
    <p class='ocr_par' dir='ltr' id='par_1_95' title="bbox 203 5150 1788 5223">
     <span class='ocr_line' id='line_1_95' title="bbox 203 5150 1788 5223; baseline 0.006 -18"><span class='ocrx_word' id='word_1_654' title='bbox 203 5151 487 5213; x_wconf 76' lang='lat' dir='ltr'><strong>Doliches,</strong></span> <span class='ocrx_word' id='word_1_655' title='bbox 514 5150 711 5205; x_wconf 85' lang='lat' dir='ltr'><strong>Petrus</strong></span> <span class='ocrx_word' id='word_1_656' title='bbox 745 5152 1213 5223; x_wconf 89' lang='lat' dir='ltr'><strong>Theodosiopolis,</strong></span> <span class='ocrx_word' id='word_1_657' title='bbox 1246 5156 1481 5212; x_wconf 85' lang='lat' dir='ltr'><strong>Joannes</strong></span> <span class='ocrx_word' id='word_1_658' title='bbox 1524 5160 1788 5214; x_wconf 82' lang='lat' dir='ltr'><strong>Constan-</strong></span> 
     </span>
    </p>
   </div>
   <div class='ocr_carea' id='block_1_96' title="bbox 205 5238 1785 5309">
    <p class='ocr_par' dir='ltr' id='par_1_96' title="bbox 205 5238 1785 5309">
     <span class='ocr_line' id='line_1_96' title="bbox 205 5238 1785 5309; baseline 0.007 -16"><span class='ocrx_word' id='word_1_659' title='bbox 205 5240 354 5303; x_wconf 66' lang='lat' dir='ltr'><strong>tinze,</strong></span> <span class='ocrx_word' id='word_1_660' title='bbox 380 5238 616 5292; x_wconf 87' lang='lat' dir='ltr'><strong>Nonnus</strong></span> <span class='ocrx_word' id='word_1_661' title='bbox 636 5238 915 5293; x_wconf 66' lang='lat' dir='ltr'><strong>Curesinaa</strong></span> <span class='ocrx_word' id='word_1_662' title='bbox 936 5241 1127 5307; x_wconf 88' lang='lat' dir='ltr'><strong>urbis;</strong></span> <span class='ocrx_word' id='word_1_663' title='bbox 1156 5259 1366 5309; x_wconf 89' lang='lat' dir='ltr'><strong>omnes,</strong></span> <span class='ocrx_word' id='word_1_664' title='bbox 1386 5246 1430 5300; x_wconf 89' lang='lat' dir='ltr'><strong>si</strong></span> <span class='ocrx_word' id='word_1_665' title='bbox 1454 5246 1594 5303; x_wconf 83' lang='lat' dir='ltr'><strong>forte</strong></span> <span class='ocrx_word' id='word_1_666' title='bbox 1619 5250 1785 5303; x_wconf 81' lang='lat' dir='ltr'><strong>Joan-</strong></span> 
     </span>
    </p>
   </div>
   <div class='ocr_carea' id='block_1_97' title="bbox 206 5328 1786 5407">
    <p class='ocr_par' dir='ltr' id='par_1_97' title="bbox 206 5328 1786 5407">
     <span class='ocr_line' id='line_1_97' title="bbox 206 5328 1786 5407; baseline 0.008 -24"><span class='ocrx_word' id='word_1_667' title='bbox 206 5344 333 5383; x_wconf 84' lang='lat' dir='ltr'><strong>nem</strong></span> <span class='ocrx_word' id='word_1_668' title='bbox 368 5328 639 5396; x_wconf 82' lang='lat' dir='ltr'><strong>excipias,</strong></span> <span class='ocrx_word' id='word_1_669' title='bbox 679 5329 951 5389; x_wconf 87' lang='lat' dir='ltr'><strong>minorum</strong></span> <span class='ocrx_word' id='word_1_670' title='bbox 985 5332 1268 5388; x_wconf 82' lang='lat' dir='ltr'><strong>civitatum</strong></span> <span class='ocrx_word' id='word_1_671' title='bbox 1297 5337 1562 5407; x_wconf 91' lang='lat' dir='ltr'><strong>episcopi,</strong></span> <span class='ocrx_word' id='word_1_672' title='bbox 1582 5356 1649 5394; x_wconf 88' lang='lat' dir='ltr'><strong>ex</strong></span> <span class='ocrx_word' id='word_1_673' title='bbox 1674 5341 1786 5395; x_wconf 80' lang='lat' dir='ltr'><strong>Eu-</strong></span> 
     </span>
    </p>
   </div>
   <div class='ocr_carea' id='block_1_98' title="bbox 204 5420 1788 5494">
    <p class='ocr_par' dir='ltr' id='par_1_98' title="bbox 204 5420 1788 5494">
     <span class='ocr_line' id='line_1_98' title="bbox 204 5420 1788 5494; baseline 0.007 -18"><span class='ocrx_word' id='word_1_674' title='bbox 204 5422 489 5492; x_wconf 85' lang='lat' dir='ltr'><strong>phratesia</strong></span> <span class='ocrx_word' id='word_1_675' title='bbox 536 5430 595 5475; x_wconf 90' lang='lat' dir='ltr'><strong>et</strong></span> <span class='ocrx_word' id='word_1_676' title='bbox 640 5420 865 5492; x_wconf 81' lang='lat' dir='ltr'><strong>Cypro:</strong></span> <span class='ocrx_word' id='word_1_677' title='bbox 904 5423 1079 5494; x_wconf 83' lang='lat' dir='ltr'><strong>Cyrus</strong></span> <span class='ocrx_word' id='word_1_678' title='bbox 1118 5426 1302 5491; x_wconf 91' lang='lat' dir='ltr'><strong>enim,</strong></span> <span class='ocrx_word' id='word_1_679' title='bbox 1343 5428 1689 5485; x_wconf 87' lang='lat' dir='ltr'><strong>Germanicia</strong></span> <span class='ocrx_word' id='word_1_680' title='bbox 1731 5443 1788 5487; x_wconf 92' lang='lat' dir='ltr'><strong>et</strong></span> 
     </span>
    </p>
   </div>
   <div class='ocr_carea' id='block_1_99' title="bbox 205 5516 1781 5589">
    <p class='ocr_par' dir='ltr' id='par_1_99' title="bbox 205 5516 1781 5589">
     <span class='ocr_line' id='line_1_99' title="bbox 205 5516 1781 5589; baseline 0.006 -19"><span class='ocrx_word' id='word_1_681' title='bbox 205 5516 435 5573; x_wconf 75' lang='lat' dir='ltr'><strong>DoE&#39;uhe</strong></span> <span class='ocrx_word' id='word_1_682' title='bbox 470 5517 537 5573; x_wconf 82' lang='lat' dir='ltr'><strong>ad</strong></span> <span class='ocrx_word' id='word_1_683' title='bbox 573 5517 995 5587; x_wconf 82' lang='lat' dir='ltr'><strong>Euphratesiam</strong></span> <span class='ocrx_word' id='word_1_684' title='bbox 1043 5522 1320 5589; x_wconf 89' lang='lat' dir='ltr'><strong>pertinent</strong></span> <span class='ocrx_word' id='word_1_685' title='bbox 1354 5541 1366 5574; x_wconf 91' lang='lat'>:</span> <span class='ocrx_word' id='word_1_686' title='bbox 1401 5522 1781 5588; x_wconf 80' lang='lat' dir='ltr'><strong>Constantina,</strong></span> 
     </span>
    </p>
   </div>
   <div class='ocr_carea' id='block_1_100' title="bbox 1892 4613 3466 4687">
    <p class='ocr_par' dir='ltr' id='par_1_100' title="bbox 1892 4613 3466 4687">
     <span class='ocr_line' id='line_1_100' title="bbox 1892 4613 3466 4687; baseline 0.003 -20"><span class='ocrx_word' id='word_1_687' title='bbox 1892 4628 2016 4667; x_wconf 91' lang='lat' dir='ltr'><strong>nam</strong></span> <span class='ocrx_word' id='word_1_688' title='bbox 2055 4613 2360 4683; x_wconf 85' lang='lat' dir='ltr'><strong>Euphemia</strong></span> <span class='ocrx_word' id='word_1_689' title='bbox 2415 4614 2676 4685; x_wconf 82' lang='lat' dir='ltr'><strong>Augusta,</strong></span> <span class='ocrx_word' id='word_1_690' title='bbox 2729 4615 2929 4669; x_wconf 85' lang='lat' dir='ltr'><strong>Justini</strong></span> <span class='ocrx_word' id='word_1_691' title='bbox 2964 4618 3184 4686; x_wconf 81' lang='lat' dir='ltr'><strong>conjux,</strong></span> <span class='ocrx_word' id='word_1_692' title='bbox 3221 4616 3466 4687; x_wconf 87' lang='lat' dir='ltr'><strong>quandiu</strong></span> 
     </span>
    </p>
   </div>
   <div class='ocr_carea' id='block_1_101' title="bbox 1891 4703 3466 4773">
    <p class='ocr_par' dir='ltr' id='par_1_101' title="bbox 1891 4703 3466 4773">
     <span class='ocr_line' id='line_1_101' title="bbox 1891 4703 3466 4773; baseline 0.001 -15"><span class='ocrx_word' id='word_1_693' title='bbox 1891 4704 2047 4768; x_wconf 84' lang='lat' dir='ltr'><strong>vixit,</strong></span> <span class='ocrx_word' id='word_1_694' title='bbox 2086 4703 2361 4758; x_wconf 91' lang='lat' dir='ltr'><strong>indecoris</strong></span> <span class='ocrx_word' id='word_1_695' title='bbox 2390 4705 2598 4773; x_wconf 90' lang='lat' dir='ltr'><strong>nuptiis</strong></span> <span class='ocrx_word' id='word_1_696' title='bbox 2630 4704 2843 4758; x_wconf 89' lang='lat' dir='ltr'><strong>obstitit</strong></span> <span class='ocrx_word' id='word_1_697' title='bbox 2870 4722 2885 4769; x_wconf 90' lang='lat'><strong>;</strong></span> <span class='ocrx_word' id='word_1_698' title='bbox 2918 4720 2981 4759; x_wconf 90' lang='lat' dir='ltr'><strong>ea</strong></span> <span class='ocrx_word' id='word_1_699' title='bbox 3009 4721 3142 4760; x_wconf 91' lang='lat' dir='ltr'><strong>vero</strong></span> <span class='ocrx_word' id='word_1_700' title='bbox 3174 4708 3466 4771; x_wconf 82' lang='lat' dir='ltr'><strong>exstincta,</strong></span> 
     </span>
    </p>
   </div>
   <div class='ocr_carea' id='block_1_102' title="bbox 1894 4795 3463 4867">
    <p class='ocr_par' dir='ltr' id='par_1_102' title="bbox 1894 4795 3463 4867">
     <span class='ocr_line' id='line_1_102' title="bbox 1894 4795 3463 4867; baseline 0.001 -17"><span class='ocrx_word' id='word_1_701' title='bbox 1894 4795 2140 4850; x_wconf 56' lang='lat' dir='ltr'><strong>rescissa;</strong></span> <span class='ocrx_word' id='word_1_702' title='bbox 2168 4804 2298 4851; x_wconf 84' lang='lat' dir='ltr'><strong>sunt</strong></span> <span class='ocrx_word' id='word_1_703' title='bbox 2333 4795 2502 4865; x_wconf 88' lang='lat' dir='ltr'><strong>leges,</strong></span> <span class='ocrx_word' id='word_1_704' title='bbox 2536 4795 2738 4864; x_wconf 85' lang='lat' dir='ltr'><strong>quibus</strong></span> <span class='ocrx_word' id='word_1_705' title='bbox 2759 4798 3197 4866; x_wconf 89' lang='lat' dir='ltr'><strong>prohibebantur</strong></span> <span class='ocrx_word' id='word_1_706' title='bbox 3224 4799 3463 4867; x_wconf 88' lang='lat' dir='ltr'><strong>patricii,</strong></span> 
     </span>
    </p>
   </div>
   <div class='ocr_carea' id='block_1_103' title="bbox 1894 4886 3469 4944">
    <p class='ocr_par' dir='ltr' id='par_1_103' title="bbox 1894 4886 3469 4944">
     <span class='ocr_line' id='line_1_103' title="bbox 1894 4886 3469 4944; baseline 0.003 -4"><span class='ocrx_word' id='word_1_707' title='bbox 1894 4901 1963 4940; x_wconf 91' lang='lat' dir='ltr'><strong>ne</strong></span> <span class='ocrx_word' id='word_1_708' title='bbox 2023 4886 2271 4942; x_wconf 89' lang='lat' dir='ltr'><strong>scenicas</strong></span> <span class='ocrx_word' id='word_1_709' title='bbox 2313 4886 2599 4941; x_wconf 90' lang='lat' dir='ltr'><strong>ducerent.</strong></span> <span class='ocrx_word' id='word_1_710' title='bbox 2652 4886 2746 4941; x_wconf 91' lang='lat' dir='ltr'><strong>Sic</strong></span> <span class='ocrx_word' id='word_1_711' title='bbox 2791 4887 3079 4942; x_wconf 88' lang='lat' dir='ltr'><strong>Theodora</strong></span> <span class='ocrx_word' id='word_1_712' title='bbox 3125 4904 3192 4942; x_wconf 81' lang='lat' dir='ltr'><strong>ex</strong></span> <span class='ocrx_word' id='word_1_713' title='bbox 3249 4889 3469 4944; x_wconf 82' lang='lat' dir='ltr'><strong>scenica</strong></span> 
     </span>
    </p>
   </div>
   <div class='ocr_carea' id='block_1_104' title="bbox 1893 4977 3466 5049">
    <p class='ocr_par' dir='ltr' id='par_1_104' title="bbox 1893 4977 3466 5049">
     <span class='ocr_line' id='line_1_104' title="bbox 1893 4977 3466 5049; baseline 0.001 -18"><span class='ocrx_word' id='word_1_714' title='bbox 1893 4977 2067 5031; x_wconf 89' lang='lat' dir='ltr'><strong>evasit</strong></span> <span class='ocrx_word' id='word_1_715' title='bbox 2134 4980 2333 5047; x_wconf 84' lang='lat' dir='ltr'><strong>conjux</strong></span> <span class='ocrx_word' id='word_1_716' title='bbox 2391 4977 2653 5043; x_wconf 65' lang='lat' dir='ltr'><strong>Caesaris,</strong></span> <span class='ocrx_word' id='word_1_717' title='bbox 2717 4994 2843 5032; x_wconf 90' lang='lat' dir='ltr'><strong>mox</strong></span> <span class='ocrx_word' id='word_1_718' title='bbox 2894 4979 3169 5049; x_wconf 83' lang='lat' dir='ltr'><strong>Augusta,</strong></span> <span class='ocrx_word' id='word_1_719' title='bbox 3229 4979 3466 5048; x_wconf 85' lang='lat' dir='ltr'><strong>denique</strong></span> 
     </span>
    </p>
   </div>
   <div class='ocr_carea' id='block_1_105' title="bbox 1894 5068 3467 5139">
    <p class='ocr_par' dir='ltr' id='par_1_105' title="bbox 1894 5068 3467 5139">
     <span class='ocr_line' id='line_1_105' title="bbox 1894 5068 3467 5139; baseline -0.001 -16"><span class='ocrx_word' id='word_1_720' title='bbox 1894 5068 2082 5123; x_wconf 90' lang='lat' dir='ltr'><strong>mundi</strong></span> <span class='ocrx_word' id='word_1_721' title='bbox 2136 5070 2304 5123; x_wconf 87' lang='lat' dir='ltr'><strong>totius</strong></span> <span class='ocrx_word' id='word_1_722' title='bbox 2359 5069 2611 5134; x_wconf 90' lang='lat' dir='ltr'><strong>domina,</strong></span> <span class='ocrx_word' id='word_1_723' title='bbox 2652 5086 2812 5139; x_wconf 90' lang='lat' dir='ltr'><strong>quem</strong></span> <span class='ocrx_word' id='word_1_724' title='bbox 2874 5086 2997 5125; x_wconf 91' lang='lat' dir='ltr'><strong>cum</strong></span> <span class='ocrx_word' id='word_1_725' title='bbox 3049 5071 3243 5133; x_wconf 79' lang='lat' dir='ltr'><strong>bellis,</strong></span> <span class='ocrx_word' id='word_1_726' title='bbox 3301 5071 3467 5124; x_wconf 76' lang='lat' dir='ltr'><strong>caedi-</strong></span> 
     </span>
    </p>
   </div>
   <div class='ocr_carea' id='block_1_106' title="bbox 1894 5159 3467 5230">
    <p class='ocr_par' dir='ltr' id='par_1_106' title="bbox 1894 5159 3467 5230">
     <span class='ocr_line' id='line_1_106' title="bbox 1894 5159 3467 5230; baseline 0.001 -17"><span class='ocrx_word' id='word_1_727' title='bbox 1894 5159 2018 5225; x_wconf 91' lang='lat' dir='ltr'><strong>hus,</strong></span> <span class='ocrx_word' id='word_1_728' title='bbox 2052 5162 2279 5230; x_wconf 89' lang='lat' dir='ltr'><strong>rapinis,</strong></span> <span class='ocrx_word' id='word_1_729' title='bbox 2333 5160 2660 5229; x_wconf 81' lang='lat' dir='ltr'><strong>flagitiisque</strong></span> <span class='ocrx_word' id='word_1_730' title='bbox 2712 5176 2880 5215; x_wconf 90' lang='lat' dir='ltr'><strong>unum</strong></span> <span class='ocrx_word' id='word_1_731' title='bbox 2932 5173 2988 5215; x_wconf 86' lang='lat' dir='ltr'><strong>et</strong></span> <span class='ocrx_word' id='word_1_732' title='bbox 3048 5161 3236 5229; x_wconf 55' lang='lat' dir='ltr'><strong>viginti</strong></span> <span class='ocrx_word' id='word_1_733' title='bbox 3294 5174 3467 5214; x_wconf 89' lang='lat' dir='ltr'><strong>annos</strong></span> 
     </span>
    </p>
   </div>
   <div class='ocr_carea' id='block_1_107' title="bbox 1894 5250 3466 5320">
    <p class='ocr_par' dir='ltr' id='par_1_107' title="bbox 1894 5250 3466 5320">
     <span class='ocr_line' id='line_1_107' title="bbox 1894 5250 3466 5320; baseline 0.001 -15"><span class='ocrx_word' id='word_1_734' title='bbox 1894 5261 2163 5315; x_wconf 86' lang='lat' dir='ltr'><strong>vexasset,</strong></span> <span class='ocrx_word' id='word_1_735' title='bbox 2201 5250 2426 5320; x_wconf 90' lang='lat' dir='ltr'><strong>ipsaque</strong></span> <span class='ocrx_word' id='word_1_736' title='bbox 2462 5251 2558 5305; x_wconf 89' lang='lat' dir='ltr'><strong>Dei</strong></span> <span class='ocrx_word' id='word_1_737' title='bbox 2584 5252 2846 5320; x_wconf 89' lang='lat' dir='ltr'><strong>patientia</strong></span> <span class='ocrx_word' id='word_1_738' title='bbox 2873 5268 3029 5307; x_wconf 89' lang='lat' dir='ltr'><strong>versa</strong></span> <span class='ocrx_word' id='word_1_739' title='bbox 3067 5253 3285 5307; x_wconf 87' lang='lat' dir='ltr'><strong>tandem</strong></span> <span class='ocrx_word' id='word_1_740' title='bbox 3320 5262 3466 5307; x_wconf 85' lang='lat' dir='ltr'><strong>esset</strong></span> 
     </span>
    </p>
   </div>
   <div class='ocr_carea' id='block_1_108' title="bbox 1892 5343 3463 5414">
    <p class='ocr_par' dir='ltr' id='par_1_108' title="bbox 1892 5343 3463 5414">
     <span class='ocr_line' id='line_1_108' title="bbox 1892 5343 3463 5414; baseline 0 -17"><span class='ocrx_word' id='word_1_741' title='bbox 1892 5345 1949 5397; x_wconf 89' lang='lat' dir='ltr'><strong>in</strong></span> <span class='ocrx_word' id='word_1_742' title='bbox 1976 5343 2244 5408; x_wconf 88' lang='lat' dir='ltr'><strong>nemesin,</strong></span> <span class='ocrx_word' id='word_1_743' title='bbox 2277 5345 2443 5412; x_wconf 87' lang='lat' dir='ltr'><strong>periit</strong></span> <span class='ocrx_word' id='word_1_744' title='bbox 2474 5360 2619 5399; x_wconf 90' lang='lat' dir='ltr'><strong>anno</strong></span> <span class='ocrx_word' id='word_1_745' title='bbox 2646 5345 2769 5408; x_wconf 63' lang='lat'><strong>548,</strong></span> <span class='ocrx_word' id='word_1_746' title='bbox 2801 5346 2891 5399; x_wconf 92' lang='lat' dir='ltr'><strong>lue</strong></span> <span class='ocrx_word' id='word_1_747' title='bbox 2925 5346 3110 5399; x_wconf 87' lang='lat' dir='ltr'><strong>cancri</strong></span> <span class='ocrx_word' id='word_1_748' title='bbox 3162 5361 3361 5414; x_wconf 88' lang='lat' dir='ltr'><strong>corpus</strong></span> <span class='ocrx_word' id='word_1_749' title='bbox 3401 5345 3463 5398; x_wconf 90' lang='lat' dir='ltr'><strong>li-</strong></span> 
     </span>
    </p>
   </div>
   <div class='ocr_carea' id='block_1_109' title="bbox 1892 5434 3463 5506">
    <p class='ocr_par' dir='ltr' id='par_1_109' title="bbox 1892 5434 3463 5506">
     <span class='ocr_line' id='line_1_109' title="bbox 1892 5434 3463 5506; baseline 0 -18"><span class='ocrx_word' id='word_1_750' title='bbox 1892 5434 2174 5489; x_wconf 89' lang='lat' dir='ltr'><strong>bidinibus</strong></span> <span class='ocrx_word' id='word_1_751' title='bbox 2208 5434 2470 5490; x_wconf 71' lang='lat' dir='ltr'><strong>ftedatum</strong></span> <span class='ocrx_word' id='word_1_752' title='bbox 2505 5438 2521 5454; x_wconf 84' lang='lat'><strong><em>‘</em></strong></span> <span class='ocrx_word' id='word_1_753' title='bbox 2550 5436 2919 5505; x_wconf 89' lang='lat' dir='ltr'><strong>depascente;</strong></span> <span class='ocrx_word' id='word_1_754' title='bbox 2962 5446 3125 5506; x_wconf 84' lang='lat' dir='ltr'><strong>atque</strong></span> <span class='ocrx_word' id='word_1_755' title='bbox 3160 5436 3306 5490; x_wconf 90' lang='lat' dir='ltr'><strong>hunc</strong></span> <span class='ocrx_word' id='word_1_756' title='bbox 3346 5435 3463 5490; x_wconf 77' lang='lat' dir='ltr'><strong>exi-</strong></span> 
     </span>
    </p>
   </div>
   <div class='ocr_carea' id='block_1_110' title="bbox 1893 5527 3466 5598">
    <p class='ocr_par' dir='ltr' id='par_1_110' title="bbox 1893 5527 3466 5598">
     <span class='ocr_line' id='line_1_110' title="bbox 1893 5527 3466 5598; baseline -0.001 -16"><span class='ocrx_word' id='word_1_757' title='bbox 1893 5536 2005 5582; x_wconf 92' lang='lat' dir='ltr'><strong>tum</strong></span> <span class='ocrx_word' id='word_1_758' title='bbox 2047 5527 2236 5582; x_wconf 91' lang='lat' dir='ltr'><strong>sortita</strong></span> <span class='ocrx_word' id='word_1_759' title='bbox 2272 5538 2356 5582; x_wconf 89' lang='lat' dir='ltr'><strong>est</strong></span> <span class='ocrx_word' id='word_1_760' title='bbox 2394 5530 2606 5598; x_wconf 87' lang='lat' dir='ltr'><strong>impura</strong></span> <span class='ocrx_word' id='word_1_761' title='bbox 2636 5530 2852 5593; x_wconf 87' lang='lat' dir='ltr'><strong>mulier,</strong></span> <span class='ocrx_word' id='word_1_762' title='bbox 2891 5530 3064 5585; x_wconf 90' lang='lat' dir='ltr'><strong>hostis</strong></span> <span class='ocrx_word' id='word_1_763' title='bbox 3088 5538 3289 5584; x_wconf 70' lang='lat' dir='ltr'><strong>sanetre</strong></span> <span class='ocrx_word' id='word_1_764' title='bbox 3320 5528 3466 5593; x_wconf 88' lang='lat' dir='ltr'><strong>illius</strong></span> 
     </span>
    </p>
   </div>
   <div class='ocr_carea' id='block_1_111' title="bbox 1567 5678 2157 5736">
    <p class='ocr_par' dir='ltr' id='par_1_111' title="bbox 1567 5678 2157 5736">
     <span class='ocr_line' id='line_1_111' title="bbox 1567 5678 2157 5736; baseline 0.007 -4"><span class='ocrx_word' id='word_1_765' title='bbox 1567 5678 1887 5736; x_wconf 86' lang='lat' dir='ltr'><strong>SCllULle</strong></span> <span class='ocrx_word' id='word_1_766' title='bbox 1927 5680 2157 5736; x_wconf 78' lang='grc' dir='ltr'><strong>ΝΟΤᾸΞ.</strong></span> 
     </span>
    </p>
   </div>
   <div class='ocr_carea' id='block_1_112' title="bbox 271 5823 3322 5915">
    <p class='ocr_par' dir='ltr' id='par_1_112' title="bbox 271 5823 3322 5915">
     <span class='ocr_line' id='line_1_112' title="bbox 271 5823 3322 5915; baseline 0.006 -32"><span class='ocrx_word' id='word_1_767' title='bbox 271 5823 318 5855; x_wconf 80' lang='grc'><strong><em>⁸³</em></strong></span> <span class='ocrx_word' id='word_1_768' title='bbox 351 5828 570 5900; x_wconf 62' lang='grc' dir='ltr'><strong>Εηςτ..</strong></span> <span class='ocrx_word' id='word_1_769' title='bbox 601 5830 695 5885; x_wconf 87' lang='lat' dir='ltr'><strong>lib.</strong></span> <span class='ocrx_word' id='word_1_770' title='bbox 728 5847 783 5885; x_wconf 83' lang='grc' dir='ltr'><strong>υ.</strong></span> <span class='ocrx_word' id='word_1_771' title='bbox 859 5832 903 5865; x_wconf 76' lang='grc'><strong>⁸⁸</strong></span> <span class='ocrx_word' id='word_1_772' title='bbox 935 5834 989 5887; x_wconf 91' lang='lat' dir='ltr'><strong>in</strong></span> <span class='ocrx_word' id='word_1_773' title='bbox 1023 5833 1143 5889; x_wconf 74' lang='lat' dir='ltr'><strong>Vita</strong></span> <span class='ocrx_word' id='word_1_774' title='bbox 1183 5834 1238 5889; x_wconf 83' lang='lat' dir='ltr'><strong>S.</strong></span> <span class='ocrx_word' id='word_1_775' title='bbox 1273 5834 1485 5904; x_wconf 76' lang='lat' dir='ltr'><strong>Sabbar,</strong></span> <span class='ocrx_word' id='word_1_776' title='bbox 1522 5855 1641 5909; x_wconf 85' lang='lat' dir='ltr'><strong>cap.</strong></span> <span class='ocrx_word' id='word_1_777' title='bbox 1671 5840 1759 5895; x_wconf 84' lang='lat'><strong>95.</strong></span> <span class='ocrx_word' id='word_1_778' title='bbox 1833 5842 1877 5874; x_wconf 82' lang='grc'><strong><em>⁸⁸</em></strong></span> <span class='ocrx_word' id='word_1_779' title='bbox 1914 5841 2200 5911; x_wconf 74' lang='lat' dir='ltr'><strong>Evagrins,</strong></span> <span class='ocrx_word' id='word_1_780' title='bbox 2246 5844 2553 5909; x_wconf 82' lang='lat' dir='ltr'><strong>Liberatus,</strong></span> <span class='ocrx_word' id='word_1_781' title='bbox 2592 5846 2823 5915; x_wconf 83' lang='lat' dir='ltr'><strong>Procop.</strong></span> <span class='ocrx_word' id='word_1_782' title='bbox 2878 5845 2931 5899; x_wconf 90' lang='lat' dir='ltr'><strong>in</strong></span> <span class='ocrx_word' id='word_1_783' title='bbox 2960 5847 3092 5900; x_wconf 70' lang='lat' dir='ltr'><strong>Hist.</strong></span> <span class='ocrx_word' id='word_1_784' title='bbox 3129 5856 3322 5899; x_wconf 79' lang='lat' dir='ltr'><strong>Arcan.</strong></span> 
     </span>
    </p>
   </div>
  </div>
