4228 6446
754 411 851 475 175

1870 402 2245 463 ϐΜὶΧΕἰὶΙΙ
2285 401 2779 461 DISSIiItTATIO
2817 402 2862 457 I.

3900 389 3999 457 f76

748 524 964 596 synodi,
1008 538 1168 594 quam
1204 520 1541 575 nobilissima
1576 519 1837 588 Augusta,
1871 514 2319 582 sanetissimaque
2356 516 2388 565 Α
2423 528 2566 573 tiara",
2615 513 2803 565 statuit
2858 510 3107 563 maximis
3153 509 3410 563 Ecclesia:
3452 508 3677 563 sedibus
3722 507 4004 577 imponere

747 622 901 688 virgo
924 616 1213 672 Puleheria
1241 621 1515 683 coegerat.

824 709 1037 763 Mulieri
1092 706 1193 760 fuit
1249 706 1465 759 animus
1516 716 1711 772 genere
1755 700 1948 769 major,
2008 695 2103 751 sed
2149 696 2323 749 elatus

752 800 924 869 magis
966 813 1129 867 quam
1186 797 1455 857 excelsus,
1504 791 1818 847 dominandi
1879 788 2112 857 cupidus
2159 801 2323 854 supra

750 901 977 951 sortem,
1028 887 1426 942 incredibiliter
1466 892 1751 953 promptus
1798 879 2067 949 quidlibet
2109 876 2327 945 excogi-

700 1028 705 1031 _
754 992 867 1035 tare
917 992 971 1034 et
1031 979 1272 1049 aggredi,
1329 978 1593 1030 infractus
1643 975 1800 1027 malis
1846 980 1903 1025 et
1955 970 2129 1023 audax
2174 966 2325 1019 abuti

678 1110 681 1113 ‹
751 1075 973 1125 fortuna
1026 1072 1176 1123 velut
1220 1068 1514 1136 mancipio.
1552 1067 1652 1119 Par
1688 1064 1872 1117 animo
1904 1062 2205 1130 ingenium,
2237 1075 2328 1112 va-

752 1165 917 1226 frum,
956 1162 1260 1229 multiplex,
1308 1159 1616 1227 versipelle.
1660 1164 1831 1209 totum
1866 1170 1894 1207 a
1919 1162 2115 1208 natura
2146 1151 2331 1205 inimi-

754 1270 877 1308 (um
911 1270 924 1306 :
963 1261 1258 1320 utrumque
1288 1250 1579 1320 adjuvabat
1602 1248 1737 1300 mira
1764 1246 2012 1314 qutedam
2037 1242 2327 1311 eloquendi

754 1346 1005 1405 facilitas,
1061 1359 1167 1412 qua
1215 1342 1352 1396 nihil
1401 1356 1507 1393 non
1564 1348 1779 1408 poterat
1836 1338 2009 1393 cuivis
2059 1334 2326 1389 suadere:

755 1435 945 1488 aderat
986 1445 1041 1488 et
1077 1434 1323 1487 liberalis
1351 1431 1505 1500 quasi
1534 1429 1757 1482 avaritia
1784 1447 1797 1494 ;
1832 1443 2023 1482 aurum
2054 1428 2198 1480 enim
2232 1440 2329 1494 ap-

757 1526 995 1595 petebat,
1041 1535 1098 1579 ut
1138 1524 1445 1578 effunderet
1501 1524 1553 1575 in
1601 1523 1954 1576 consiliorum
2012 1519 2327 1572 ministros:

757 1617 947 1671 aderat
982 1619 1187 1686 pariter
1224 1629 1312 1668 ars
1355 1614 1619 1666 induendi
1671 1613 1907 1681 speciem
1963 1609 2202 1679 pietatis,
2238 1623 2335 1677 po—

756 1707 1060 1776 nendiquc,
1098 1722 1198 1775 pro
1224 1705 1577 1759 inclinatione
1621 1702 1782 1771 224
1829 1717 2010 1755 rerum
2047 1719 2057 1751 :
2101 1700 2197 1754 sed
2249 1700 2334 1752 his

760 1799 1019 1851 omnibus
1046 1814 1143 1865 per
1173 1812 1229 1850 se
1261 1794 1659 1864 potentissimis
1686 1793 1794 1845 vim
1835 1792 2218 1847 incredibilem
2239 1792 2335 1845 ad-

2426 603 2677 655 homines
2709 601 2961 655 factionis
2992 616 3124 662 sure,
3153 610 3211 653 ut
3234 614 3425 653 eorum
3452 598 3733 654 sententia
3762 608 4005 667 postmo-

2426 694 2554 746 dum
2612 692 2737 746 ﬁdei
2790 691 3202 755 defensionem,
3253 691 3608 745 constitutam
3636 688 4001 749 Chalcedone,

2425 793 2716 839 everteret.

2497 875 2563 929 X.
2616 878 2923 947 Epiphanio
2970 878 3136 948 igitur
3170 875 3321 930 urbis
3350 875 3509 944 regia:
3534 874 3790 944 episcopo
3816 869 4008 925 Antili—

2428 982 2575 1019 mum
2596 968 2831 1032 suffecit,
2849 984 2961 1022 suae
2979 968 3343 1037 Trapezuntis
3359 966 3616 1020 Ecclesiae
3641 964 4005 1022 desertorem,

2429 1059 2621 1112 aulicis
2671 1060 2884 1113 artibus
2940 1058 3186 1127 apprime
3239 1058 3543 1119 eruditum,
3603 1054 4008 1124 Acepbalorum

2431 1152 2754 1219 pessimum,
2801 1159 2857 1205 et
2893 1152 2981 1205 cui
3037 1159 3245 1203 tantum
3293 1148 3510 1217 pietatis
3558 1146 3610 1200 in
3654 1146 3890 1215 speciem
3940 1143 4010 1197 ad

2430 1242 2729 1295 fallendum
2758 1241 2879 1305 fuit,
2903 1250 3167 1311 quantum
3212 1238 3578 1308 improbitatis
3624 1236 3691 1290 ad
3740 1234 4015 1303 quidlibet

2432 1333 2569 1386 ciam
2604 1332 2937 1386 audendum.

2503 1420 2596 1475 XI.
2631 1422 2737 1476 Sua
2768 1431 2947 1475 tamen
2987 1437 3111 1490 spes
3139 1420 3421 1474 mulierem
3449 1417 3636 1471 fefellit
3662 1435 3674 1469 :
3715 1433 3837 1469 nam
3867 1431 4015 1469 sum-

2436 1531 2560 1569 mus
2582 1515 2827 1584 pontifex
2849 1517 3123 1583 Agapetus
3148 1514 3375 1566 veniens
3394 1510 3920 1578 Constantinopolim
3944 1508 4014 1568 ⁸⁸.

2437 1620 2620 1659 rerum
2674 1605 2983 1658 Italicarum
3040 1617 3224 1665 causa,
3279 1601 3592 1655 adulterum
3640 1600 3800 1668 225
3846 1599 4015 1660 hunc.

2437 1695 2810 1763 nequidquam
2860 1695 3144 1748 obnitente
3184 1709 3292 1763 qua
3342 1693 3526 1754 minis,
3580 1708 3685 1760 qua
3740 1690 4016 1760 precibus,

2440 1787 2669 1853 aurique
2700 1785 2978 1839 oblatione
3003 1786 3268 1854 Augusta,
3298 1799 3451 1837 suam
3475 1784 3711 1853 primum
3742 1783 3808 1835 ad
3831 1782 4020 1837 Eccle-

759 1889 926 1942 dcbat
952 1888 1137 1941 formae
1160 1887 1494 1956 praestantia,
1519 1892 1778 1953 quantam
1809 1899 1969 1937 nemo
2001 1884 2215 1944 artifex,
2249 1884 2332 1936 vel
2368 1858 2409 1912 Β
2440 1878 2572 1931 siam
2628 1879 2860 1941 remisit,
2923 1887 3037 1932 tum
3093 1879 3313 1949 penitus
3338 1877 3633 1941 abdicavit,
3672 1878 3898 1947 ipsoque
3925 1892 4022 1930 vo-

760 1979 1015 2047 penicillo
1054 1978 1233 2046 potuit
1279 1980 1362 2031 γει
1398 1978 1528 2031 melo
1575 1978 1918 2045 exprimere;
1964 1992 2125 2029 nemo
2162 1987 2330 2037 certe,

761 2070 889 2124 licet
919 2070 1229 2138 superbam,
1264 2085 1371 2121 non
1406 2069 1595 2121 coluit.

835 2162 968 2215 VIII.
1002 2161 1096 2214 IIis
1127 2161 1461 2230 adjumcntis
1508 2160 1799 2221 instructa,
1858 2159 2052 2211 marito
2102 2157 2337 2227 primum

761 2250 1032 2304 dominari
1080 2251 1272 2312 voluit,
1323 2265 1434 2319 quo
1487 2247 1700 2302 cancris
1749 2249 1939 2317 jugum
1991 2246 2336 2315 imponeret:

764 2348 931 2408 utque
996 2346 1228 2392 noverat
1271 2344 1545 2392 amantem
1596 2338 1732 2400 otii,
1791 2337 2100 2406 seholaequc
2160 2338 2342 2405 potius

762 2446 929 2499 quam
974 2447 1141 2501 regno
1164 2441 1374 2494 natum,
1402 2432 1661 2501 cupidum
1695 2432 1814 2485 auri
1840 2448 1901 2485 ac
1927 2432 2049 2485 vani
2080 2433 2338 2495 nominis,

764 2520 941 2591 ipsum
973 2538 1001 2575 a
1024 2524 1175 2592 regni
1196 2525 1346 2578 curis
1374 2524 1439 2576 ad
1469 2540 1557 2577 res
1581 2539 1764 2578 sacras
1788 2523 2099 2579 tractandas
2121 2525 2338 2588 avertit,

764 2614 1177 2683 scribendisque
1208 2616 1469 2684 applicuit
1507 2616 1739 2685 legibus,
1784 2615 1987 2685 quibus
2031 2624 2087 2670 et
2129 2616 2341 2685 opimas

766 2704 1121 2759 hereditates
1162 2707 1335 2768 adire,
1382 2708 1579 2776 etjura
1615 2708 1872 2770 vendere,
1911 2717 1966 2761 et
2003 2709 2342 2776 privatorum

765 2809 899 2864 opes
925 2796 1183 2849 invadere
1210 2797 1404 2851 liceret
1435 2814 1445 2848 :
1474 2796 1563 2851 ‘sic
1588 2799 1733 2852 enim
1762 2798 2088 2866 suppetebat
2115 2800 2341 2858 affatim.

766 2888 912 2955 quod
945 2887 999 2940 in
1026 2888 1206 2952 ludos,
1236 2889 1533 2957 pensiones
1560 2888 1942 2949 barbarorum,
1977 2889 2195 2942 insanas
2217 2889 2345 2942 sub-

766 2978 1119 3040 structiones,
1152 2988 1207 3031 et
1244 2978 1469 3031 bellicos
1498 2989 1750 3046 sumptus
1783 2978 2180 3032 effunderetur.
2218 2978 2347 3032 Citi-

766 3067 845 3120 xit
876 3068 1042 3137 igitur
1070 3069 1347 3123 hominem
1379 3068 1538 3123 valde
1569 3069 1796 3131 bonum,
1826 3069 2150 3123 clericorum
2173 3070 2343 3138 juris~

767 3159 1180 3227 peritorumquc
1223 3160 1501 3221 satellitio,
1550 3161 1642 3229 qui
1692 3160 1926 3228 scriptos
1975 3176 2003 3212 a
2059 3175 2116 3213 se
2174 3161 2415 3254 lihrosc

767 3258 1139 3317 supponerent
1159 3250 1453 3304 vanissimo
1484 3250 1735 3319 principi.

839 3344 909 3397 lit
938 3345 1099 3409 etiam
1126 3346 1359 3398 serviret
1381 3346 1559 3398 mariti
1586 3345 1895 3407 affectibus,
1920 3345 2053 3399 fovit
2079 3346 2343 3400 immensa

767 3434 987 3490 licentia
1014 3437 1364 3495 Prasinorum
1398 3437 1839 3507 Venetorumque
1861 3438 2345 3507 amphitheatrales

768 3528 1223 3590 concertationes,
1256 3543 1487 3598 quarum
1530 3529 1712 3582 studio
1751 3530 2055 3583 insaniebat
2079 3531 2343 3583 JUstinia-

768 3629 892 3667 nus.
919 3614 987 3668 Ut
1012 3614 1235 3668 vanitati
1264 3616 1624 3678 blandiretur,
1650 3618 1821 3671 suasit
1844 3618 2044 3686 ubique
2075 3626 2343 3671 terramm

766 3702 1115 3757 aedificandas
1144 3705 1329 3768 urbes,
1378 3707 1593 3775 aliaque
1636 3723 1803 3777 opera
1856 3710 2095 3776 publica,
2144 3711 2345 3777 quibus

768 3809 968 3847 nomen
1036 3810 1195 3847 suum
1248 3797 1592 3852 Justinianus
1645 3799 1967 3867 imponeret.
2022 3800 2161 3866 Quin
2220 3818 2343 3854 eum

767 3883 911 3937 bella
952 3884 1212 3953 gessisset
1241 3884 1476 3939 feliciter
1516 3886 1649 3941 orbe
1683 3894 1797 3939 toto
1830 3902 1928 3956 per
1969 3888 2341 3951 administros,

766 3989 833 4027 ex
867 3975 954 4029 his
993 3976 1110 4029 viro
1153 3976 1350 4029 stolide
1402 3977 1597 4045 ignavo
1635 3977 1844 4031 aflinxit
1879 3978 2197 4032 inanissima
2242 3994 2343 4031 no-

769 4066 935 4129 mina,
996 4066 1322 4133 Alemanici,
1381 4068 1620 4133 Gethici,
1674 4069 1946 4133 Franciei,
2008 4069 2339 4135 Germanici,

766 4156 971 4222 Antici,
1002 4160 1233 4221 Alanici,
1257 4160 1556 4223 Vandaliei,
1580 4160 1771 4226 Africi,
1806 4174 1911 4217 etc.

840 4248 935 4304 His
969 4252 1185 4305 artibus
1222 4252 1484 4307 illudebat
1512 4255 1903 4317 Justinianum,
1940 4255 2211 4324 simulque
2260 4265 2343 4308 to-

771 4340 881 4393 tius
928 4340 1078 4393 orbis
1126 4340 1414 4409 imperium
1460 4344 1681 4397 tenebat
1721 4344 2003 4415 tyrannica
2032 4352 2338 4412 potestate:

769 4445 896 4483 nam
920 4430 986 4483 ad
1014 4430 1324 4494 arbitrium,
1358 4442 1414 4486 et
1439 4433 1725 4502 praefectos
1756 4435 2075 4503 provinciis,
2104 4445 2159 4489 et
2188 4451 2345 4489 exer-

2436 1971 2582 2023 lente
2600 1972 2929 2037 Justiuiano,
2949 1973 3198 2026 Mennam
3215 1972 3394 2025 virum
3414 1972 3694 2026 meliorem
3714 1970 4021 2023 substituit.

2512 2062 2623 2115 XII.
2656 2064 2851 2117 Verum
2874 2080 3036 2132 quam
3059 2064 3673 2132 Constantinopolitanze
3695 2078 3801 2117 non
3822 2062 4021 2131 potuit,

2442 2154 2697 2210 Romana:
2751 2173 2874 2210 mox
2922 2157 3179 2210 Ecclesire
3230 2156 3533 2225 perniciem
3582 2154 3783 2209 inferre
3832 2153 4023 2207 molita

2440 2253 2541 2297 est.
2578 2246 2818 2315 Agapeto
2844 2246 3011 2309 enim,
3045 2260 3169 2299 cum
3205 2244 3258 2298 in
3303 2259 3369 2298 eo
3405 2251 3569 2309 esset,
3614 2253 3673 2296 ut
3722 2253 4029 2298 revertere-

2445 2343 2533 2387 tur
2580 2337 2635 2389 in
2686 2336 3038 2391 Occidentem
3065 2376 3079 2400 ,
3123 2336 3189 2389 ad
3248 2350 3477 2405 superos
3522 2336 3785 2389 translato
3812 2376 3825 2398 ,
3874 2336 4024 2405 Vigi-

2441 2426 2574 2479 lium
2620 2427 2846 2496 Agapcti
2878 2426 3319 2496 apocrisiarium,
3370 2442 3531 2496 quem
3570 2426 3683 2480 sedi
3714 2428 4029 2496 apostolica:

2445 2519 2657 2573 inhiare
2688 2528 2935 2582 noverat,
2973 2519 3258 2588 promissis
3292 2519 3623 2589 aggreditur.
3673 2518 3917 2588 Spondet
3966 2530 4029 2573 ut

2442 2611 2687 2665 Beiisarii
2742 2612 2969 2664 Romam
3021 2620 3152 2665 tunc
3200 2612 3440 2666 tenentis
3472 2627 3573 2681 ope
3598 2612 3843 2681 pontifex
3870 2628 4029 2665 erea-

2444 2711 2615 2763 rctur,
2638 2703 2679 2755 si
2703 2703 3049 2771 promitteret
3085 2711 3295 2756 tantum
3326 2718 3405 2768 se,
3428 2718 3552 2756 cum
3579 2704 3813 2772 primum
3838 2703 4027 2757 sedem

2446 2796 2798 2864 apostolicam
2822 2806 3165 2863 occupasset,
3195 2805 3250 2850 et
3270 2796 3478 2867 synodo
3495 2796 3603 2848 vim
3623 2796 4031 2862 detracturum,

2444 2892 2500 2936 et
2538 2883 2856 2947 Theodosii,
2891 2884 3160 2949 Anthimi,
3196 2884 3495 2953 Severique
3520 2885 3680 2938 fidem
3706 2886 3905 2940 litteris
3935 2886 4034 2940 fir-

2446 2983 2717 3028 maturum
2746 2993 2758 3026 :
2790 2974 3001 3028 addidit
3029 2975 3313 3044 promissis
3332 2975 3495 3039 dona,
3522 2976 3642 3029 auri
3665 2986 3871 3045 septem
3898 2993 4036 3032 cen-

2446 3066 2653 3119 tenaria
2688 3083 2702 3131 ;
2738 3066 2858 3119 auri
2892 3068 3105 3134 species
3144 3068 3463 3135 perstrinxit
3502 3067 3779 3121 hominem
3801 3084 4033 3122 avarum

2446 3158 2595 3224 juxta
2625 3167 2677 3209 et
2708 3156 3078 3210 ambitiosum.
3104 3156 3283 3222 Quare
3316 3157 3445 3210 dato
3469 3157 3834 3227 chirographo
3863 3160 4031 3213 fidem

2451 3247 2763 3315 obstringit,
2815 3256 2869 3300 et
2916 3248 2981 3300 ad
3030 3248 3265 3317 praedam
3318 3250 3505 3301 volat:
3556 3250 3649 3302 sed
3686 3250 4033 3321 Itomamap-

2451 3339 2643 3407 pulsus
2702 3337 2997 3391 Silverium
3061 3341 3266 3406 reperit
3312 3339 3421 3407 jam
3476 3339 3813 3393 ordinatum.
3848 3342 4037 3396 Monet

2451 3429 2517 3482 de
2545 3444 2603 3482 re
2637 3428 3001 3492 Theodoram,
3042 3428 3200 3496 jubet
3234 3428 3321 3480 illa
3356 3428 3672 3482 Belisarium
3704 3430 4039 3498 proditionis

2452 3521 2778 3573 calumniam
2812 3520 3044 3573 Silverio
3070 3521 3271 3579 facere,
3313 3529 3366 3573 et
3413 3520 3467 3572 in
3510 3522 3765 3574 exsilium
3806 3522 4035 3589 ejicere,

2451 3614 2624 3679 cjecto
2642 3612 2937 3681 subrogare
2954 3613 3229 3680 V'igiiium.
3260 3612 3409 3664 Fecit
3428 3613 3691 3680 imperata
3715 3612 4036 3676 Belisarius,

2453 3713 2679 3774 cogente
2727 3704 3001 3756 Antonina
3055 3719 3245 3767 uxore,
3304 3720 3411 3772 qua
3470 3704 3718 3758 ministra
3772 3705 4040 3758 utebatur

2454 3793 2763 3857 Theodora,
2794 3794 3093 3862 redemptis
3128 3794 3526 3847 adulteriorum
3551 3796 3901 3849 excusatione
3928 3798 4041 3849 Ini-

2452 3884 2713 3938 nisteriis.

2522 3973 2662 4029 XIII.
2691 3976 2921 4046 Ejicitur
2948 3992 3081 4046 ergo
3104 3978 3351 4031 Pataram
3381 3978 3432 4030 in
3464 3978 3718 4031 exsilium
3741 3978 4037 4039 Silvcrins;

2453 4072 2466 4087 '
2498 4068 2591 4121 sed
2625 4067 2935 4123 Patarensis
2974 4070 3217 4138 episcopi
3261 4070 3367 4123 viri
3417 4070 3747 4123 sanctissimi
3798 4072 4037 4130 monitu.

2448 4159 2603 4227 jubet
2665 4158 2793 4211 inde
2862 4159 3052 4212 reduci
3110 4161 3444 4228 imperator,
3498 4169 3557 4213 ut
3610 4172 4040 4229 cognosceretur

2452 4250 2637 4304 Romae
2668 4265 2851 4305 causa.
2891 4252 3003 4305 Ilac
3050 4260 3229 4305 tamen
3277 4252 3543 4315 inaudita,
3593 4268 3843 4307 summus
3898 4270 4042 4322 νοη-

2452 4342 2583 4396 tifex
2621 4342 2815 4411 Vigilio
2845 4343 3103 4397 venditur
3150 4344 3404 4397 ducentis
3449 4345 3569 4397 auri
3624 4344 3826 4412 pondo,
3876 4346 4040 4414 cujus

2451 4432 2707 4486 mandato
2728 4435 2781 4486 in
2815 4434 3047 4487 insulam
3069 4435 3349 4488 Palmariae
3368 4435 3667 4502 proximam
3687 4436 4035 4503 deportatus.

768 4520 971 4573 citibus
1004 4521 1189 4585 duces,
1247 4532 1302 4575 et
1352 4524 1610 4578 Ecclesiis
1664 4526 1937 4579 antistites
1986 4527 2338 4594 praeficiebat,
2376 4551 2419 4604 ι)
2450 4524 2819 4593 :erumnisque
2850 4533 2942 4577 aut
2990 4525 3169 4578 inedia
3210 4525 3534 4593 absumptus
3576 4526 3824 4596 martyrii
3878 4542 4039 4579 coro-

768 4626 928 4679 quos,
965 4612 1059 4664 ubi
1094 4613 1397 4677 colliberet,
1443 4614 1720 4680 redigebat
1752 4615 1805 4667 in
1833 4616 2101 4678 ordinem,
2155 4632 2342 4669 amans

767 4701 974 4753 arbitra
1027 4703 1193 4755 sortis
1231 4703 1441 4767 audire.
1488 4703 1705 4755 Nullum
1740 4703 1933 4757 habuit
1958 4704 2343 4773 obsequentio—

771 4808 886 4846 rem
924 4793 1119 4847 ducem
1165 4794 1447 4857 Belisario,
1480 4795 1572 4862 qui
1616 4795 1962 4848 serviendum
1998 4796 2213 4850 femina:
2240 4814 2343 4866 pn-

772 4885 927 4946 tavit,
955 4894 1014 4937 ut
1052 4883 1315 4939 Romanis
1346 4888 1679 4941 exercitibus
1724 4888 2015 4957 imperaret
2046 4908 2058 4953 ;
2108 4899 2165 4943 et
2215 4906 2345 4943 vero

769 4977 966 5045 dignus
996 4988 1113 5030 erat
1134 4986 1283 5031 tanto
1302 4979 1605 5043 dominatu,
1641 4980 1917 5049 gloriaque
1956 4981 2148 5034 bellica
2183 4993 2345 5050 atque

771 5068 1012 5135 politiea,
1063 5070 1168 5122 nisi
1227 5069 1514 5124 Antonium
1557 5072 1794 5139 eonjugi,
1850 5072 2178 5127 feminarum
2224 5084 2346 5143 post

769 5158 1109 5213 Theodoram
1138 5162 1504 5229 nequissimae,
1529 5162 1822 5231 nupsisset.

840 5249 930 5302 IX.
971 5251 1290 5319 Ilujusmodi
1320 5251 1519 5303 femina
1545 5267 1668 5303 cum
1693 5251 1957 5319 potiretur
1984 5267 2187 5310 rerum.
2214 5268 2342 5305 ausa

767 5346 851 5391 est
887 5346 1054 5391 totam
1100 5338 1426 5391 labefactare
1473 5339 1813 5391 Ecclesiam:
1857 5355 2092 5408 cumque
2144 5356 2344 5393 concc-

766 5440 921 5503 ptum
944 5430 1271 5501 jampridem
1312 5431 1603 5484 consilium
1636 5431 1703 5485 de
1730 5432 2083 5485 convcllenda
2114 5433 2340 5503 synodo,

768 5524 1054 5591 tribusque
1083 5522 1335 5591 capitulis
1364 5522 1689 5576 damnandis
1719 5525 1883 5577 vellet
1913 5525 2130 5577 tandem
2165 5526 2344 5593 expli-

2448 4631 2571 4667 nam
2606 4616 2837 4684 adeptus
2863 4625 2964 4669 est.

2520 4703 2653 4758 XIV.
2688 4707 2879 4759 Fertur
2914 4707 3141 4775 Vigilius
3170 4707 3388 4761 interim
3420 4708 3656 4771 dedisse,
3683 4725 3818 4777 quas
3842 4725 3929 4778 par
3949 4719 4037 4765 tus

2449 4809 2585 4858 erat,
2620 4812 2849 4850 arcanas
2878 4799 3109 4862 litteras,
3155 4807 3215 4852 ut
3259 4800 3457 4869 pignus
3492 4798 3691 4863 forent,
3733 4811 3827 4854 aut
3868 4802 4036 4855 arrha

2452 4889 2652 4957 potius,
2708 4889 2854 4953 fidei,
2911 4905 3035 4944 cum
3093 4899 3308 4959 tempus
3337 4893 3563 4955 sineret,
3608 4892 3941 4960 prodendte:
3980 4894 4035 4946 in

2453 4980 2520 5033 iis
2548 4980 2895 5034 Theodorum
2920 4982 3243 5035 nonninatim
3268 4992 3431 5051 atque
3455 4982 3863 5037 Theodorctum
3886 4984 4040 5036 dam-

2454 5072 2636 5132 nabat,
2687 5073 2974 5141 ipsumque
3030 5073 3268 5126 Leonem
3324 5074 3596 5141 Magnum,
3647 5083 3810 5141 atque
3868 5076 4038 5127 etiam

2453 5172 2695 5215 sanetam
2732 5164 3018 5232 synodum.

2525 5253 2665 5307 Sunt
2715 5255 2808 5323 qui
2849 5255 3059 5307 litteras
3112 5256 3334 5309 credant
3392 5258 3702 5324 suppositas
3747 5256 3815 5308 ab
3868 5257 4037 5319 Aliis,

2453 5345 2648 5413 Vigilio
2694 5346 3044 5416 impudenter
3072 5348 3300 5401 infensis
3330 5366 3343 5409 ;
3381 5364 3482 5400 nee
3518 5364 3653 5400 vana
3691 5348 4038 5401 credentium

2454 5438 2589 5491 fides
2619 5440 2838 5494 videtur
2876 5461 2887 5494 :
2922 5458 3047 5495 nam
3078 5445 3257 5510 primo
3290 5442 3432 5510 apud
3487 5442 3695 5495 nullum
3756 5451 4040 5495 auctorem

2454 5529 2730 5597 leguntur,
2769 5541 2968 5599 praeter
3018 5531 3178 5585 Afros
3232 5532 3373 5584 duos
3420 5531 3819 5595 sebismatieos,
3872 5531 4041 5587 Libe-

2156 5680 2329 5735 Stjlff‘
2346 5683 2473 5737 ιλιι
2514 5682 2743 5736 NOTAE.

842 5831 885 5861 ⁸
911 5836 1158 5892 Liberat.
1199 5836 1382 5902 Brem,
1430 5852 1548 5906 cap.
1582 5837 1644 5890 Si
1688 5848 1739 5890 et
1775 5837 1877 5901 92;
1915 5841 2101 5895 Auast.
2154 5842 2414 5899 Biblioth.
2452 5855 2503 5897 et
2537 5845 2764 5915 Proeop.
