4228 6446
156 397 247 462 m

1322 396 1682 456 HISTORIA
1721 391 2174 454 TIIEODORET
2185 398 2228 454 Ι.

3299 393 3401 457 173

153 516 318 561 ratum
344 514 401 560 et
428 506 708 560 Victorem
734 506 1120 560 Tunonensem
1151 524 1164 569 ;
1195 504 1394 559 deinde
1421 504 1567 557 nulla
1595 500 1723 556 alibi
1759 504 1799 558 A
1831 502 2354 575 Hierosolymorum,
2404 505 2633 573 aliisque
2681 517 2778 571 pro
2814 519 2961 555 more
2991 502 3282 571 episwpis.
3322 503 3401 557 Ab

153 594 355 663 uspiam
382 594 628 663 ipsarum
650 594 857 649 mentio
878 593 955 657 fit,
979 603 1343 663 praeterquam
1368 591 1453 645 vel
1482 592 1536 644 in
1569 589 1727 643 libris

153 685 387 740 Facundi
432 684 869 748 Hermianensis,
926 685 1140 747 eodem,
1189 699 1298 752 quo
1357 682 1646 747 Liberatus
1675 688 1729 733 et

154 775 352 838 Victor,
369 776 567 829 morbo
584 776 1004 837 laborantis,vel
1030 777 1172 846 apud
1196 776 1541 830 Anastasium
1566 772 1727 826 Afro-

154 883 267 919 rum
322 866 633 921 mendaciis
684 866 928 921 illusum.
980 868 1223 936 Dcnique
1262 865 1541 936 quomodo
1564 864 1731 918 Justi-

152 960 366 1019 uianus,
394 972 525 1011 cum
561 957 771 1011 fureret
812 958 865 1011 in
900 958 1179 1027 Vigilium,
1238 957 1499 1010 damnare
1552 955 1730 1023 capita

152 1048 570 1111 detrectantem,
614 1064 716 1102 suo
760 1048 1033 1101 hominem
1076 1047 1460 1115 chirographo,
1494 1054 1590 1099 aut
1621 1060 1730 1098 non

152 1139 305 1199 nrsit,
366 1147 466 1191 aut
520 1154 630 1192 non
688 1137 1014 1192 infamavit?
1054 1136 1170 1203 Qua
1205 1138 1413 1190 ratione
1446 1135 1733 1189 Theodora

155 1244 257 1283 non
297 1229 566 1283 convenit
602 1244 666 1283 ex
707 1230 1012 1299 syngrapha
1058 1228 1109 1281 id
1140 1237 1417 1296 priestare,
1459 1225 1604 1295 quod
1648 1241 1735 1279 ac-

155 1328 305 1386 cepto
332 1319 515 1386 pretio
548 1327 743 1387 pactus
766 1318 927 1371 erat?

218 1410 326 1463 Sed
354 1409 859 1478 quomodocunque
909 1409 1009 1463 ista
1059 1424 1117 1463 se
1165 1408 1481 1469 habuerint,
1522 1422 1628 1460 non
1669 1408 1736 1459 li-

154 1500 262 1552 cuit
288 1500 477 1569 impia:
500 1499 719 1554 feminae
749 1514 849 1554 suo
883 1499 1091 1553 scelere
1117 1499 1209 1552 diu
1248 1498 1352 1551 frui
1387 1518 1398 1550 :
1432 1513 1577 1559 nam,
1618 1513 1739 1567 qua:

160 1588 246 1645 Dei
284 1592 640 1661 providentia
683 1598 768 1644 est
807 1591 1103 1660 singularis
1147 1606 1272 1660 erga
1304 1590 1489 1644 sedem
1525 1600 1741 1658 aposto-

158 1682 336 1744 licam,
387 1680 576 1736 statim
625 1681 887 1736 defuncto
941 1681 1106 1752 226
1155 1680 1423 1742 Silverio,
1488 1680 1738 1749 Vigilius,

158 1782 385 1841 urgente
429 1774 649 1828 arcanis
682 1773 1035 1828 instinctibus
1074 1772 1328 1832 Numine,
1364 1773 1740 1841 episcopatum

159 1882 250 1935 per
305 1867 497 1920 scelus
576 1874 861 1935 acceptum
934 1874 1127 1934 sponte
1181 1864 1453 1932 deposuit.
1511 1862 1742 1915 Romani

163 1956 343 2009 clerici
385 1954 597 2009 factum
647 1954 851 2019 mirati,
880 1954 1239 2007 mutationem
1274 1952 1507 2005 dextera:
1532 1952 1743 2005 Excelsi

163 2047 461 2116 perfectam
507 2046 705 2102 merito
752 2047 876 2111 rati,
927 2046 981 2101 in
1008 2046 1155 2100 Petri
1184 2045 1444 2099 cathedra
1476 2052 1749 2114 reponunt

165 2136 471 2206 legitimum
497 2139 608 2205 jam
653 2135 993 2206 pontificem,
1034 2150 1197 2205 quem
1225 2134 1366 2188 Deus
1394 2150 1457 2188 ex
1494 2134 1622 2203 lupo
1655 2150 1747 2203 pa-

166 2239 364 2282 storem
407 2226 652 2282 fecisset.

231 2319 473 2372 Indutns
523 2318 611 2372 ille
659 2318 860 2371 Virtute
907 2332 975 2370 ex
1022 2317 1151 2374 alto.
1200 2315 1333 2369 etin
1364 2315 1531 2369 alium
1559 2331 1749 2369 versos

168 2409 364 2469 virum.
407 2407 465 2461 id
497 2408 630 2477 egit,
661 2406 810 2476 quod
840 2414 1003 2475 caput
1028 2404 1285 2460 Ecclesiae
1310 2403 1559 2467 decebat,
1588 2404 1747 2458 fidem

170 2498 414 2552 defendit
468 2499 772 2567 apostolico
822 2497 1025 2557 studio,
1076 2496 1334 2565 stetitque
1392 2510 1490 2564 pro
1542 2496 1749 2566 synodo

171 2598 427 2643 constans
461 2598 517 2643 et
562 2590 1009 2657 imperterritus;
1063 2602 1373 2656 quanquam
1433 2603 1532 2656 pro
1575 2587 1753 2642 tribus

172 2678 426 2747 mpitulis
480 2678 699 2732 videtur
733 2694 797 2733 ea
828 2678 1236 2747 dispensatione
1269 2695 1376 2731 non
1405 2679 1573 2733 semel
1598 2694 1749 2744 usus,

174 2789 274 2841 qua
299 2773 510 2828 Paulus
550 2773 666 2842 ipse
701 2774 980 2843 apostolus
1019 2773 1354 2842 aliquando:
1400 2790 1523 2828 nam
1567 2786 1753 2827 amore

176 2867 321 2931 pacis
372 2874 432 2918 et
481 2865 792 2919 animorum
823 2864 1131 2919 concordi:e
1163 2865 1459 2920 retinendae
1491 2879 1652 2919 causa
1688 2862 1754 2917 de

176 2956 353 3024 legum
383 2955 570 3022 rigore
605 2956 856 3009 nonnihil
887 2955 1117 3008 remisit.

239 3044 356 3097 XV.
413 3046 605 3099 Rebus
655 3045 914 3099 Ecclesia:
967 3045 1223 3098 Romana:
1279 3045 1353 3097 ita
1411 3045 1751 3106 constitutis,

1776 1831 1817 1885 Β

1830 596 1915 649 his
1961 606 2083 666 post
2119 596 2391 666 cognitam
2425 611 2639 649 causam
2673 605 2855 649 motus
2896 602 2979 648 cst
3017 597 3137 649 loco
3178 596 3399 660 Paulus,

1830 686 2015 740 Zoilus
2044 685 2425 740 Alexandrina:
2458 686 2712 739 Fecit-she
2742 685 3084 754 prmpositus.

1902 778 2063 831 XVII.
2094 780 2319 831 Pezacto
2345 779 2563 845 negotio
2599 778 2865 843 Pelagius,
2900 777 3030 827 dum
3079 774 3218 828 Gaza
3258 775 3403 829 Con-

1834 870 2246 939 stantinopolim
2302 869 2548 922 terrestri
2604 870 2687 920 via
2742 870 3052 929 revertitur,
3104 867 3295 919 incidit
3352 868 3404 920 in

1834 962 2138 1017 Palestinos
2182 965 2498 1025 monachos,
2545 965 2636 1032 qui
2688 965 2898 1017 libellos
2926 978 3145 1032 precum
3176 962 3408 1030 impera-

1837 1056 1942 1109 tori
1965 1054 2193 1116 ferrent,
2231 1057 2576 1124 po~.tulatnri,
2628 1066 2687 1108 ut
2732 1053 3164 1123 Origcnistarnm
3214 1052 3411 1105 tumul-

1840 1146 2110 1201 tuantium
2157 1146 2382 1198 audacia
2442 1147 2772 1199 retineretur
2822 1144 3201 1211 frcnolcgum,
3246 1150 3301 1195 et
3352 1151 3411 1193 ut

1840 1238 1954 1306 ipsa
2002 1235 2332 1288 tumultunm
2379 1252 2540 1286 causa
2584 1234 2886 1295 tolleretur,
2916 1231 3259 1300 dogmatibus
3292 1227 3411 1283 Ori—

1840 1329 1992 1397 gcnis
2021 1327 2199 1381 edicto
2227 1326 2375 1394 regio
2402 1326 2739 1393 proscriptis.

1911 1418 2070 1487 227
2124 1416 2322 1470 Didicit
2366 1415 2433 1467 ab
2484 1416 2548 1468 iis
2598 1414 2733 1467 duas
2781 1414 3122 1482 potissimum
3162 1410 3413 1479 Origcnis

1842 1510 2170 1578 qumstioncs
2202 1520 2327 1563 tunc
2356 1507 2616 1576 temporis
2638 1507 2977 1559 contentiose
3009 1504 3199 1573 agitari
3230 1521 3243 1567 ;
3276 1504 3414 1556 alte—

1844 1615 1956 1653 ram
1985 1599 2050 1652 de
2081 1599 2512 1668 praecxsistentia
2532 1598 2858 1658 animarum,
2886 1596 3110 1649 alteram
3133 1594 3199 1648 de
3229 1610 3412 1647 rerum

1845 1701 1964 1759 post
1994 1699 2141 1743 certa
2171 1689 2366 1743 saecula
2398 1688 2742 1741 restitutione
2778 1706 2787 1739 :
2825 1688 2889 1740 ad
2928 1687 3025 1739 has
3049 1694 3252 1748 tamen,
3287 1684 3415 1752 quia

1846 1780 2101 1833 Patribus
2148 1779 2476 1848 quihusdam
2522 1778 2651 1856 oliui
2701 1794 2807 1830 non
2863 1776 3190 1829 videbantur
3232 1775 3411 1844 perni-

1848 1873 2029 1933 ciosae,
2080 1872 2292 1925 additas
2326 1886 2443 1925 esse
2492 1871 2623 1923 alias
2670 1870 2875 1938 plures,
2906 1883 3027 1936 qua:
3051 1868 3307 1936 majorem
3336 1867 3415 1920 fa.-

1848 1972 2035 2018 ccrent
2095 1964 2301 2018 auctori
2362 1963 2641 2015 invidiam.
2692 1959 2931 2013 Rescivit
2972 1959 3135 2011 etiam
3178 1956 3419 2010 acriores

1848 2066 2071 2126 propter
2096 2056 2194 2109 ista
2222 2055 2472 2125 dogmata
2510 2054 2561 2106 in
2614 2050 2961 2106 monasteriis
3006 2048 3213 2112 turbas,
3255 2063 3416 2116 quam

1850 2148 1902 2200 in
1939 2145 2253 2199 civitatibus
2286 2141 2491 2195 moveri
2518 2160 2533 2207 ;
2558 2140 2719 2210 idque
2748 2157 2813 2193 ex
2845 2155 2911 2193 eo
2946 2137 3085 2203 fieri,
3112 2135 3257 2206 quod
3282 2136 3419 2191 Eva-

1850 2237 1949 2306 grii
1988 2236 2194 2289 Pontici
2222 2244 2275 2287 et
2305 2232 2517 2303 Didymi
2547 2232 2849 2302 presbyteri
2876 2232 2891 2249 ’
2925 2245 3110 2299 Opera,
3140 2230 3191 2282 in
3220 2228 3419 2298 quibus

1851 2330 2044 2382 lateret
2080 2326 2328 2396 Origenis
2376 2340 2666 2387 venenum,
2700 2332 2920 2392 propter
2948 2322 3235 2376 asceticam
3260 2322 3423 2375 disci-

1852 2419 2053 2488 plinam
2082 2433 2109 2471 a
2138 2415 2420 2469 monachis
2454 2414 2610 2468 avide
2640 2415 2968 2483 legerentur.

1922 2508 2145 2564 Audivit
2177 2506 2360 2570 simul,
2415 2505 2561 2574 quod
2618 2504 2831 2559 avidius
2879 2504 3112 2573 excepit,
3169 2510 3423 2557 auctores

1855 2602 2187 2656 tumultuum
2227 2600 2280 2651 in
2311 2612 2450 2651 nova
2496 2597 2797 2666 praesertim
2850 2595 3025 2648 Laara
3071 2595 3208 2648 duos
3262 2595 3427 2648 exsti-

1857 2692 1985 2743 tisse
2030 2689 2264 2751 nobiles,
2317 2686 2567 2740 Nonnum
2601 2693 2654 2739 et
2695 2684 3004 2745 Leontium,
3041 2698 3177 2751 quos
3206 2694 3428 2737 sanctus

1857 2779 2065 2835 Sahhas
2114 2793 2234 2832 eam
2260 2778 2330 2831 ob
2368 2792 2585 2831 causam
2615 2774 2738 2828 inde
2759 2774 3058 2843 expulisset
3086 2791 3101 2839 ;
3138 2773 3282 2842 ipsos
3308 2784 3428 2841 po-t

1856 2869 2028 2923 sancti
2072 2868 2174 2921 viri
2220 2868 2429 2921 obitum
2465 2864 2693 2919 rediisse
2741 2864 2805 2917 ad
2838 2863 3091 2928 Lauram,
3130 2862 3297 2915 fretos
3325 2876 3429 2930 ope

1858 2958 2132 3013 Theodori
2196 2968 2253 3012 et
2303 2956 2629 3018 Domitiani,
2680 2956 2999 3024 priusquam
3054 2954 3426 3022 episcopatum

1857 3051 2313 3120 adipiscerentur,
2369 3049 2456 3101 ille
2502 3046 2894 3101 Caesariensem
2916 3042 3291 3113 Cappadocim.
3329 3042 3429 3094 isto

178 3150 299 3202 spes
336 3142 461 3189 erat
515 3135 877 3190 diuturnioris
913 3135 1062 3205 pacis
1105 3153 1119 3200 ;
1150 3135 1420 3205 siquidem
1459 3151 1523 3188 ex
1550 3152 1616 3187 eo
1644 3152 1753 3189 uno
1781 3164 1823 3221 ϐ

1781 3164 1823 3221 c
1859 3147 2201 3213 Ancyranum
2253 3140 2471 3195 Galatiae
2500 3158 2513 3203 ;
2549 3149 2841 3208 utrumque
2869 3136 3313 3191 tumultuantium
3339 3151 3430 3205 pa-

180 3225 471 3280 videbatur
521 3226 786 3295 pendere,
835 3227 880 3280 si
934 3225 1251 3281 defensores
1302 3227 1492 3296 synodi
1551 3227 1756 3295 primos

181 3316 347 3369 totius
403 3316 667 3369 Ecclesiae
710 3315 939 3369 thronos
986 3314 1287 3384 primisque
1319 3330 1583 3384 suppares
1608 3324 1761 3370 tene-

182 3419 321 3462 rent.
370 3408 621 3463 Tenebat
654 3423 785 3463 vero
815 3408 1118 3462 Romanum
1152 3409 1401 3478 Vigilius.
1451 3408 1762 3463 Constanti-

182 3501 563 3568 nopolitanum
596 3499 836 3563 Mennas,
869 3500 1073 3553 Paulus
1097 3499 1547 3563 Alexandrinum,
1578 3499 1763 3555 Antio-

184 3591 417 3642 chenum
454 3589 805 3657 Ephremius,
827 3590 1023 3644 Petrus
1049 3588 1621 3659 Ilierosolymitanum,
1652 3589 1761 3661 Hy-

186 3680 363 3746 patius
383 3681 747 3749 Ephesinum,
777 3680 1099 3735 Theodorus
1126 3680 1515 3735 Caesariensem
1549 3681 1760 3753 Cappa-

186 3772 371 3833 docize,
396 3787 595 3825 omnes
640 3788 827 3826 revera
868 3773 1138 3837 catholici,
1183 3767 1379 3841 praeter
1403 3783 1759 3841 postremum,

189 3864 342 3930 ciujns
400 3862 541 3915 fides
598 3873 693 3917 aut
743 3863 911 3916 dubia
956 3863 1080 3923 fuit.
1130 3864 1763 3931 autforsannulla;sed

190 3954 462 4006 obstinata
492 3952 741 4021 placendi
772 3954 1113 4023 principibus
1144 3956 1397 4011 voluntas
1430 3957 1606 4023 potuit
1644 3972 1764 4011 esse

192 4058 287 4114 pro
332 4044 647 4098 constantia
685 4046 738 4097 in
790 4044 1184 4115 propugnanda
1225 4045 1455 4115 synodo,
1493 4046 1764 4115 siquidem

192 4131 438 4186 addictos
464 4132 564 4200 ipsi
589 4132 809 4186 videbat
832 4133 1127 4204 principes,
1159 4134 1523 4189 Iustinianum
1564 4138 1765 4208 reipsa,

191 4223 603 4276 dissimulanter
629 4222 994 4278 Theodoram.

259 4313 379 4367 Non
434 4313 630 4367 fuisset
672 4330 839 4383 porro
885 4317 1035 4385 pacis
1082 4325 1229 4370 tanta
1282 4332 1405 4387 spes
1451 4318 1625 4383 irrita,
1662 4322 1767 4376 nisi

196 4407 458 4474 Augusta,
486 4406 744 4460 Ecclesia:
766 4406 929 4471 furia,
963 4408 1168 4462 intenta
1194 4409 1246 4461 in
1272 4424 1488 4463 onmem
1512 4410 1770 4465 turbandi

1863 3244 2081 3289 tronum
2117 3248 2257 3295 esse,
2290 3242 2581 3301 utrumque
2612 3230 2832 3299 Origeni
2866 3230 3108 3299 apprime
3129 3227 3426 3287 addictum.

1863 3332 2159 3390 utrumque
2206 3320 2322 3375 suis
2363 3318 2575 3373 artibus
2600 3326 2840 3372 tentasse
2872 3316 3034 3371 fidem
3067 3312 3429 3368 monasterio--

1866 3428 2008 3472 rum,
2047 3411 2141 3465 sed
2174 3425 2325 3465 novae
2363 3408 2661 3479 praesertim
2691 3407 2905 3470 Laurea,
2933 3406 3022 3461 cui
3048 3420 3157 3459 sua:
3184 3402 3432 3457 factionis

1863 3503 2138 3558 hominem
2210 3498 2617 3570 praeficiendum
2700 3505 3028 3561 curassent;
3081 3491 3431 3548 Theodorum

1862 3593 2391 3661 Constantinopolim
2419 3591 2633 3645 venisse
2662 3597 2786 3643 ante
2815 3588 3026 3657 aliquot
3060 3600 3251 3643 annos,
3288 3582 3433 3637 suis—

1864 3702 1969 3755 que
2025 3684 2313 3755 praestigiis
2367 3683 2421 3736 in
2468 3682 2694 3751 gratiam
2742 3679 3092 3749 principum,
3154 3676 3435 3745 ipsiusque

1865 3777 2072 3831 Hennae
2126 3774 2431 3843 irrepsisse,
2477 3788 2574 3826 sua
2626 3770 2869 3841 potentia
2915 3768 3165 3823 effecisse
3221 3774 3431 3835 postea,

1863 3883 1931 3921 ne
1967 3867 2183 3924 Gelasio
2215 3881 2314 3935 pro
2354 3863 2702 3919 monasteriis
2724 3872 2990 3930 questura
3016 3867 3228 3929 pateret
3253 3858 3435 3912 aditus

1865 3957 1930 4011 ad
1955 3955 2345 4016 Iustinianum,
2390 3953 2499 4021 jam
2552 3964 2682 4004 vero
2734 3947 2992 4002 Ecclesia:
3041 3945 3359 4001 Ctesariensi
3404 3960 3435 3998 a

1866 4048 2059 4102 Menna
2078 4044 2297 4115 quidem
2315 4051 2368 4097 ct
2386 4040 2691 4097 Iustiniano
2711 4053 2806 4106 per
2821 4052 3087 4098 errorem,
3107 4050 3137 4087 a
3152 4032 3439 4087 Theodora

1868 4147 2095 4209 propter
2119 4136 2470 4188 consiliorum
2506 4129 2821 4185 societatem
2848 4136 2903 4181 et
2927 4140 3215 4180 commune
3245 4124 3438 4195 synodi

1868 4226 2075 4285 odium,
2109 4224 2421 4294 praefectum
2472 4236 2590 4275 esse
2622 4236 2633 4272 :
2692 4217 2745 4272 id
2790 4216 2982 4286 jactari
3010 4216 3149 4269 fama
3180 4215 3234 4268 in
3260 4215 3437 4286 Syria.

1872 4315 2033 4384 idque
2070 4328 2208 4382 :egre
2255 4312 2417 4375 ferre,
2468 4316 2736 4379 quotquot
2779 4321 2965 4376 parem
3010 4304 3218 4376 angelis
3272 4305 3442 4358 vitam

1872 4415 2065 4461 asceta:
2106 4404 2388 4457 ducerent.

194 4498 565 4560 occasionem,
600 4497 837 4551 oblatam
877 4499 1221 4568 arripuisset,
1249 4509 1303 4553 ct
1334 4514 1399 4553 ex
1430 4500 1663 4556 scintilla
1687 4502 1770 4556 fe-
1806 4504 1846 4557 D
1943 4496 2128 4552 XVIII.
2157 4495 2237 4548 Ad
2258 4495 2372 4547 haec
2400 4490 2666 4563 gestiebat
2689 4489 2872 4544 animo
2898 4486 3166 4557 Pelagius,
3199 4493 3445 4538 ntzemu-

196 4588 357 4640 (isset
391 4587 590 4656 ingens
620 4588 785 4643 totius
828 4587 979 4642 orbis
1033 4589 1367 4643 incendium.
1410 4589 1604 4661 Operte
1644 4609 1774 4665 pre-

198 4678 331 4732 tium
354 4689 443 4732 est
471 4694 607 4741 rem,
664 4694 783 4748 quae
824 4683 1067 4735 omnium
1114 4686 1567 4752 consequentium
1611 4686 1775 4741 cardo

198 4770 317 4832 fuit,
348 4770 520 4839 paulo
552 4770 717 4825 altius
740 4772 932 4827 ordiri.

267 4858 407 4913 XVI.
471 4859 673 4913 Paulus
704 4860 926 4929 quidam
974 4877 1040 4915 ex
1084 4863 1374 4932 przeposito
1404 4864 1776 4921 Tabennesio-

202 4959 376 5002 tarum
405 4948 806 5004 monachorum
829 4950 1093 5005 suffectus
1116 4952 1293 5005 fuerat
1318 4953 1371 5006 in
1398 4953 1576 5007 locum
1602 4954 1780 5010 Theo-

201 5041 363 5103 dosii,
405 5055 573 5109 quem
605 5041 720 5095 suis
748 5042 997 5111 partibus
1025 5043 1304 5098 addictum
1336 5044 1626 5100 Theodora
1658 5047 1779 5100 Ale-

204 5132 489 5186 xandrina:
522 5132 779 5187 Ecclesiae
816 5148 915 5202 per
949 5131 1087 5188 ﬁdos
1121 5135 1401 5190 ministros
1439 5136 1773 5205 praafecerat.

202 5224 459 5279 Nondum
490 5224 583 5278 ille
617 5239 819 5279 annum
849 5234 1021 5280 totum
1049 5238 1304 5297 exegerat
1341 5229 1393 5281 in
1435 5229 1773 5298 episcopatu,

203 5330 327 5367 cum
383 5314 696 5384 postulatus
750 5322 835 5371 est
889 5317 1033 5386 apud
1087 5317 1467 5387 imperatorem
1518 5320 1585 5373 de
1633 5322 1779 5376 caede

206 5405 425 5460 diaconi
459 5424 474 5459 :
507 5421 628 5460 eam
650 5407 722 5461 ob
757 5423 871 5462 rem
900 5409 968 5461 ab
998 5409 1281 5479 Augustali
1310 5412 1515 5478 eiectus
1546 5412 1780 5466 Alexan-

206 5497 349 5558 dria,
396 5496 599 5550 Gazam
653 5496 951 5552 Palatstina:
986 5498 1041 5552 in
1066 5499 1316 5553 exsilium
1338 5500 1490 5554 venit
1521 5518 1533 5553 :
1564 5501 1637 5555 ihi
1661 5503 1780 5571 jus-

206 5602 301 5639 sus
330 5598 412 5641 est
454 5603 675 5642 causam
716 5587 900 5643 dicere
928 5604 1112 5644 coram
1149 5590 1427 5660 iudicibus
1451 5592 1518 5646 ab
1549 5593 1783 5663 impera-

208 5688 329 5730 tore
350 5679 514 5740 dalis,
536 5680 751 5751 Pelagio
784 5698 981 5751 nempe
1026 5683 1203 5752 Vigilii
1228 5683 1599 5752 apocrisiario,
1649 5684 1784 5739 duo-

210 5770 421 5842 busque
482 5774 825 5842 patriarchis,
886 5775 1177 5844 Ephremio
1238 5776 1560 5842 Antiochizc,
1621 5778 1782 5834 Petro

1874 4590 1959 4643 lus
2006 4588 2238 4657 quisque
2279 4584 2436 4647 solet,
2483 4597 2606 4635 cum
2659 4578 2900 4634 occurrit
2944 4578 3160 4635 occasio
3211 4576 3444 4630 faciendi

1875 4677 2188 4733 adversario
2211 4674 2444 4743 negotii:
2477 4671 2708 4741 spondet
2741 4668 3024 4723 monachis
3057 4666 3442 4737 patrocinium.

1875 4786 1975 4826 suo
2005 4779 2251 4837 tempore
2294 4764 2471 4820 audiri
2527 4762 2595 4816 ab
2645 4763 2973 4831 imperatore
3019 4766 3216 4812 curat:
3269 4756 3445 4825 impe-

1877 4869 2045 4923 rator,
2092 4858 2295 4912 furiose
2326 4861 2589 4925 appetens
2611 4852 2802 4906 audire
2836 4850 3142 4919 theologus,
3173 4846 3286 4901 edit
3317 4863 3446 4900 san-

1877 4952 2112 5007 ctionem
2162 4950 2333 5003 instar
2382 4943 2603 5015 grandis
2662 4941 2977 5001 voluminis.
3030 4954 3135 5009 qua
3196 4938 3448 5007 dogmata

1876 5042 2126 5113 Origenis
2171 5039 2413 5109 exponit,
2461 5035 2681 5097 refutat,
2730 5032 3043 5104 proscribit,
3078 5043 3132 5084 et
3164 5028 3308 5098 quod
3340 5027 3446 5079 mi—

1882 5134 2126 5196 rabilius,
2156 5146 2392 5186 canones
2412 5127 2620 5191 condit,
2647 5124 3084 5181 contradicentes
3105 5122 3448 5175 anathemate

1880 5225 2152 5296 percellit,
2209 5222 2365 5291 jubet
2420 5234 2611 5272 omnes
2647 5215 3005 5287 patriarchas,
3046 5214 3211 5267 etiam
3250 5213 3449 5266 Itoma-

1879 5334 2033 5381 num,
2065 5324 2119 5370 et
2161 5313 2265 5369 sibi
2301 5310 2574 5372 assentiri,
2608 5318 2662 5363 et
2698 5317 2887 5363 coacto
2912 5305 3164 5361 dimcesis
3193 5303 3448 5360 concilio.

1882 5423 2011 5464 suos
2063 5419 2297 5461 canones
2350 5402 2742 5457 subscribere:
2793 5399 2927 5469 quin
2986 5408 3039 5452 et
3080 5406 3226 5452 vetat
3278 5384 3449 5451 ullum

1883 5500 2094 5569 uspiam
2142 5504 2432 5555 terrarum,
2477 5493 2559 5546 vel
2591 5490 2831 5545 ordinari
2856 5490 3191 5559 episcopum,
3222 5488 3305 5541 vel
3336 5504 3453 5540 mos

1883 5590 2137 5648 nasteriis
2192 5597 2403 5657 patrem
2447 5585 2670 5655 praefici,
2698 5584 2789 5654 qui
2821 5598 2919 5638 suo
2943 5580 3304 5651 chirographo
3333 5579 3453 5633 edi-

1886 5692 2030 5739 ctum
2054 5696 2163 5734 non
2184 5678 2499 5748 reccpisset.

1957 5772 2097 5829 XIX.
2123 5771 2451 5827 Rcclamavit
2482 5785 2638 5824 nemo
2667 5768 2859 5838 palam,
2904 5768 3055 5839 cujus
3093 5772 3235 5820 esset
3269 5761 3448 5831 aliqua
