4228 6446
791 396 893 462 179

1911 400 2287 461 GARNERII
2329 398 2822 465 DlSSERTATIO
2859 407 2908 466 Ι.

3932 406 4037 471 I80

788 505 847 562 in
899 506 1139 561 Ecclesia
1164 510 1483 564 auctoritas.
1513 512 1584 567 Ut
1610 512 1755 566 enim
1777 513 1855 567 rei
1886 513 2137 585 gerendae
2164 512 2360 567 modus
2388 515 2428 569 Δ
2460 514 2672 579 suadet,
2723 518 3030 588 Acepbalos
3073 534 3183 572 non
3221 529 3327 573 tam
3362 519 3523 575 facile
3548 520 3812 589 debellari
3849 535 4033 591 posse,

787 595 1125 666 displiceret,
1181 614 1272 653 res
1317 608 1497 656 tamen
1541 601 1655 672 ipsa
1706 619 2006 674 paucorum
2055 605 2355 658 intererat:

786 687 1059 758 siquidem
1092 689 1198 744 hoc
1216 690 1284 746 de
1309 690 1527 762 Origine
1560 694 1765 748 bellum
1799 696 1854 749 in
1877 695 2110 749 desertis
2135 694 2358 764 potissi-

784 794 934 833 mum
977 779 1114 834 locis
1161 781 1301 835 inter
1347 784 1647 839 monachos
1686 786 1969 855 agebatur.
2015 784 2118 852 Qui
2172 794 2357 840 autem

783 870 928 941 stylo
953 870 1317 942 imperatoris,
1339 888 1450 942 quo
1475 873 1729 946 Pelagius
1766 876 2043 942 utebatur,
2090 876 2355 947 peteban-

786 968 877 1015 tur
899 962 1139 1031 episcopi
1170 962 1300 1026 duo,
1345 964 1672 1021 Theodorus
1716 977 1773 1021 et
1825 966 2188 1030 Domitianus,
2236 981 2357 1021 ser-

705 1050 708 1053 ’
782 1053 1007 1107 viebant
1046 1068 1142 1122 pro
1180 1069 1331 1108 more
1364 1070 1466 1109 suo
1498 1058 1750 1126 tempori,
1786 1058 2047 1127 tacitique
2076 1057 2244 1127 228
2269 1072 2356 1111 se-

786 1144 1094 1212 quebantur
1158 1144 1501 1215 imperatoris
1560 1156 1746 1213 nutus,
1805 1150 1907 1203 etsi
1955 1158 2360 1219 aucuparentur

787 1236 1129 1290 occasionem
1176 1238 1394 1308 Pelagio
1441 1239 1632 1309 synodi
1666 1241 1913 1294 studioso
1946 1240 2244 1310 reponendi
2273 1240 2355 1293 νὶ-

786 1338 923 1376 cem,
960 1324 1187 1379 Occasio
1219 1327 1494 1394 quomodo
1526 1344 1583 1382 se
1612 1330 1846 1393 dederit,
1872 1346 1995 1383 mox
2022 1330 2354 1395 narrabitur,

786 1412 878 1467 ubi
906 1413 974 1468 de
1001 1417 1211 1469 ratione
1242 1418 1504 1486 temporis
1535 1435 1705 1487 pauca
1753 1420 2000 1489 quaedam
2049 1420 2229 1476 obiter
2269 1424 2355 1475 di-

785 1505 1043 1558 xerimus.
2328 1568 2331 1570 _

858 1594 1166 1651 Obscurum
1209 1609 1314 1662 est,
1359 1617 1467 1667 quo
1501 1618 1644 1654 anno
1672 1612 1819 1669 gesta
1850 1603 1977 1663 sint,
2009 1619 2129 1670 qua:
2162 1605 2356 1657 retuli—

788 1700 931 1748 mus,
979 1703 1197 1756 quoque
1242 1689 1366 1742 data
1407 1691 1701 1745 Justiniani
1754 1692 1995 1760 Epistula
2029 1695 2129 1763 (sic
2155 1694 2356 1747 librum

787 1777 903 1841 ipse
935 1776 1223 1847 nominat).
1254 1763 1561 1833 Obscurum
1608 1796 1739 1834 vero
1780 1781 2005 1847 ideirco,
2035 1783 2180 1852 quod
2210 1784 2355 1838 nulla

790 1865 1051 1932 temporis
1096 1876 1245 1931 nota,
1294 1877 1389 1922 aut
1428 1870 1481 1923 in
1510 1871 1736 1939 epistola
1761 1873 2131 1943 consignctur.
2168 1883 2356 1931 contra

786 1969 995 2009 morem
1050 1955 1360 2023 Sacrarum,
1408 1970 1502 2014 aut
1541 1962 1609 2014 ab
1657 1963 1932 2018 historicis
1974 1965 2075 2018 hac
2124 1966 2177 2017 in
2205 1974 2356 2033 parte

787 2044 1078 2100 incuriosis
1121 2047 1365 2102 tradatur
1398 2068 1411 2103 :
1463 2052 1629 2105 certis
1658 2062 1837 2106 tamen
1860 2055 2195 2123 argumentis
2223 2070 2356 2109 con-

785 2138 1000 2191 clusum
1042 2146 1127 2193 est
1176 2140 1231 2194 in
1263 2141 1647 2198 dissertatione
1685 2145 1753 2199 de
1789 2148 1979 2214 quinta
2010 2146 2237 2217 synodo,
2270 2146 2358 2201 Li-

784 2225 962 2280 berati
998 2228 1278 2283 Breviario
1303 2232 1613 2300 subjuncta,
1674 2233 1811 2287 Zoili
1863 2236 2083 2302 quidem
2132 2235 2355 2289 ordina-

786 2316 990 2372 tionem
1021 2335 1165 2373 anno
1188 2321 1311 2387 540,
1331 2323 1599 2391 judicium
1630 2340 1762 2378 vero
1813 2327 2161 2394 imperatoris
2213 2342 2357 2381 anno

786 2417 1049 2477 sequente
1098 2413 1415 2482 contigisse.
1470 2414 1604 2468 Nam
1652 2416 1822 2484 quod,
1862 2417 2172 2486 Nicephoro
2216 2416 2359 2472 Con-

785 2501 1270 2572 stantinopolitano
1294 2515 1536 2571 auctore,
1579 2523 1609 2560 a
1642 2506 1971 2576 quibusdam
2022 2508 2224 2562 dicitur
2273 2525 2360 2561 se-

784 2600 934 2662 ptem
968 2609 1140 2649 annos
1176 2605 1385 2651 tantum
1422 2598 1628 2653 sedisse
1685 2599 1889 2664 Zoilus,
1938 2617 2101 2668 quem
2146 2610 2359 2654 constat

785 2697 930 2736 anno
982 2684 1075 2737 551
1133 2684 1464 2753 depositum,
1493 2687 1701 2739 minimi
1729 2696 1812 2741 est
1842 2703 1951 2756 prae
1984 2688 2105 2741 aliis
2135 2689 2377 2756 rationi“

788 2772 891 2825 bus
942 2776 1224 2827 momenti.
1278 2776 1619 2845 Nicephorus
1666 2780 1833 2839 enim,
1887 2791 1947 2833 ut
1984 2779 2051 2833 de
2085 2780 2198 2832 suis
2219 2778 2358 2833 Con-

787 2862 1311 2931 stantinopolitanis,
1338 2865 1513 2934 iisque
1535 2883 1646 2920 sua:
1660 2869 1804 2921 aetati
1826 2869 2202 2933 vicinioribus,
2225 2871 2359 2922 certi

785 2950 994 3021 aliquid
1044 2955 1345 3023 scripserit,
1392 2956 1460 3010 de
1509 2958 1633 3012 aliis
1687 2968 1834 3013 certe
1879 2961 2105 3013 aliarum
2144 2960 2356 3013 sedium

787 3043 1115 3111 patriarchis
1163 3046 1365 3115 ubique
1410 3048 1522 3102 fere
1589 3050 1876 3104 manifeste
1931 3050 2064 3106 falsa
2114 3050 2355 3116 tradidit,

790 3142 849 3187 ut
880 3133 933 3188 in
954 3136 1267 3204 praefatione
1290 3138 1355 3192 ad
1386 3138 1701 3194 Liberatum
1732 3141 2163 3195 demonstratum
2186 3150 2287 3195 est.

1351 3247 1575 3305 CAPUT
1630 3250 1790 3304 XVII.

794 3340 833 3392 I.
865 3339 1053 3412 §cribit
1079 3342 1368 3412 imperator
1390 3342 1640 3412 adversus
1684 3342 1970 3411 Acepltalos
2025 3360 2120 3412 pro
2166 3345 2363 3412 synodo

860 3407 1286 3463 Chalcedonensi.
1318 3411 1381 3463 II.
1415 3410 1668 3465 Scribenti
1694 3407 1875 3465 auctor
1924 3422 1999 3465 est
2025 3407 2362 3476 'Tlteodorns,

862 3487 921 3552 ut
949 3482 1150 3552 _sty_lum
1176 3490 1457 3552 convertat
1500 3483 1557 3533 in
1591 3483 1694 3535 tria
1721 3484 1918 3550 capita,
1945 3483 2127 3550 quibus
2159 3483 2364 3552 favebat

861 3547 1130 3621 Pelagius.
1176 3550 1287 3621 III._
1309 3547 1496 3604 Scribit
1524 3547 1831 3620 imperator,
1862 3547 2214 3621 scriptumque
2238 3554 2366 3604 reei-

860 3618 1012 3691 piunt
1059 3619 1333 3672 orientalis
1370 3618 1907 3691 imperiilantistites.
1946 3618 2032 3675 IV.
2070 3618 2257 3691 licjicit
2281 3621 2366 3676 Vi—

859 3685 1016 3760 gilius
1047 3705 1182 3760 cum
1226 3685 1545 3760 occidentali
1598 3689 1855 3754 Ecclesia,
1909 3685 2177 3760 frendente
2209 3691 2367 3744 Theo-

862 3757 1014 3808 doro.
1141 3757 1343 3827 Pelagii
1380 3758 1603 3812 Romam
1630 3762 1869 3826 reditus;
1908 3757 1967 3813 eo
2002 3761 2213 3813 absente
2244 3777 2368 3829 pro-

862 3834 967 3878 stat
999 3828 1236 3900 edictum
1291 3828 1355 3880 de
1390 3831 1684 3900 recipiendo
1727 3833 1939 3900 scripto.
1986 3830 2072 3883 VI.
2111 3828 2368 3900 [adicitur

863 3894 1139 3969 concilium
1197 3898 1443 3969 generale
1488 3894 1544 3951 in
1593 3917 1753 3953 causa
1803 3894 1961 3953 trium
2015 3899 2366 3969 capitulorum

862 3962 1683 4039 Constantinopolihabendum.
1743 3970 1853 4023 VII.
1913 3962 2128 4039 Cogitur
2179 3985 2238 4039 e_o
2290 3970 2369 4039 ire

864 4035 1120 4108 pontifex.
1157 4035 1291 4089 VIII.
1316 4037 1384 4108 gln
1416 4041 1510 4108 viai
1553 4048 1721 4091 tentat
1760 4035 2061 4108 eﬂirereﬂtt
2096 4040 2149 4092 in
2185 4037 2367 4093 Sicilia

864 4104 1121 4178 habeatur
1159 4106 1407 4174 synodus.
1446 4107 1536 4160 IX.
1572 4104 2079 4178 Constantiimpolim
2108 4110 2370 4176 ingressus

865 4173 1086 4247 damnat
1107 4173 1212 4247 eos,
1240 4178 1329 4245 qui
1352 4177 1573 4230 edictum
1594 4173 1930 4247 receperant,
1943 4179 2101 4231 etiam
2122 4173 2371 4231 Hennam

867 4244 1194 4315 regiwiurbis
1245 4248 1561 4315 episcopum.
1595 4246 1664 4300 Χ.
1710 4244 1915 4302 Nititur
1958 4249 2224 4301 T/tcodora
2272 4251 2372 4301 hac

867 4314 1137 4386 occasione
1160 4314 1465 4369 Anthimum
1488 4333 1751 4380 revocare,
1793 4319 1880 4371 sed
1911 4318 2130 4386 frustra.
2164 4316 2254 4370 XI.
2289 4316 2374 4371 Vi-

867 4381 1054 4456 gilium
1083 4385 1376 4456 imperator
1401 4397 1538 4456 metu
1559 4402 1740 4456 cogere
1773 4381 1996 4440 conatur
2019 4388 2086 4439 ad
2114 4389 2373 4456 recipien-

869 4451 1016 4526 dum_
1031 4451 1275 4526 edictum.
1312 4451 1793 4526 Xll.Habet'suum
1818 4458 2094 4510 concilium
2118 4451 2370 4526 pontifex,

871 4528 920 4571 et
980 4519 1289 4575 Judicatum
1322 4525 1519 4585 scribit,

869 4588 1029 4670 salvis
1043 4594 1296 4660 personis.
1313 4592 1451 4647 XIII.
1468 4588 1780 4649 Reluctatur
1796 4595 2094 4651 Facundos.
2112 4588 2249 4650 XIV:
2268 4588 2375 4651 Alii

869 4668 1029 4712 etiam
1060 4673 1468 4716 commoventur.

1199 4772 1277 4823 Ab
1294 4787 1423 4823 anno
1446 4774 1622 4825 Christi
1646 4775 1731 4825 5H
1771 4778 1831 4825 ad
1865 4777 1972 4824 διε.

872 4874 913 4928 I.
949 4873 1240 4944 Postquam
1267 4878 1612 4934 Justinianus
1640 4896 1802 4936 suum
1826 4881 1893 4936 de
1921 4882 2155 4952 Origene
2175 4884 2383 4938 librum

801 4966 873 5019 ab
925 4967 1183 5022 omnibus
1232 4970 1525 5038 probatum
1565 4972 1828 5039 vidisset,
1885 4973 2065 5037 simile
2117 4975 2377 5044 quiddam

804 5059 1102 5114 meditatus
1156 5070 1239 5113 est
1288 5062 1557 5117 adversus
1608 5065 1935 5134 Acephalos,
1991 5080 2101 5133 quo
2150 5067 2381 5135 perinde

808 5151 1039 5216 probato
1084 5150 1401 5218 ﬁnirentur,
1451 5164 1512 5209 ut
1568 5156 1794 5224 quidem
1819 5156 2096 5225 sperabat,
2125 5158 2380 5213 Ecclesia:

804 5244 967 5307 bella,
997 5250 1303 5314 omnesque
1329 5245 1382 5298 in
1407 5247 1737 5301 sententiam
1758 5248 1949 5318 synodi
1981 5249 2377 5319 conspirarent.

873 5333 941 5388 II.
976 5332 1114 5388 Cum
1146 5343 1293 5390 totus
1318 5337 1375 5390 in
1401 5352 1467 5392 eo
1495 5348 1661 5403 esset,
1680 5339 1954 5410 simulque
1978 5341 2168 5411 synodi
2196 5341 2383 5396 defen-

806 5425 1013 5479 sionem
1063 5434 1256 5480 contra
1292 5428 1599 5498 Acephalos
1644 5446 1784 5500 pene
1824 5432 2169 5497 absolvisset,
2200 5433 2382 5487 Theo-

807 5514 977 5570 dorus
1027 5515 1386 5572 Ctesariensis
1439 5519 1735 5588 episcopus
1781 5522 2200 5577 communicatis
2257 5536 2382 5578 cum

806 5606 1048 5675 Augusta
1075 5608 1340 5674 consiliis,
1372 5611 1635 5664 utendum
1671 5621 1823 5666 ratus
1840 5622 1924 5668 est
1952 5613 2382 5684 opportunitate,

808 5713 915 5764 qua
949 5698 1167 5769 Pelagio
1200 5702 1453 5764 diacono,
1481 5702 1746 5772 synodum
1774 5703 2019 5773 apprime
2043 5704 2381 5769 observanti,

812 5802 910 5855 par
938 5787 1183 5844 referret.
1225 5790 1546 5853 Imperatori
1583 5807 1716 5863 ergo
1742 5793 1981 5848 scribere
2010 5793 2223 5848 ardenti
2254 5809 2385 5865 per-

2387 3162 2430 3219 c
2464 3170 2608 3217 cum,
2640 3154 2806 3207 etiam
2830 3162 2954 3221 post
2977 3152 3345 3206 Ecclesiarum
3369 3166 3557 3219 pacem

2460 621 2624 674 quam
2674 606 3031 679 Origenistas,
3077 624 3203 663 cum
3241 611 3318 664 illi
3352 611 3406 665 in
3432 612 3749 666 civitatibus
3779 611 4037 666 domina-

2461 708 2674 765 rentur,
2730 701 2821 756 isti
2859 702 3096 756 laterent
3146 703 3200 756 in
3241 704 3413 758 lauris
3455 712 3553 758 aut
3573 703 3858 771 mandris;
3890 704 4037 759 Ace-

2460 787 2651 855 phalos
2708 806 2740 845 a
2785 790 2952 861 229
3009 792 3216 862 synodo
3267 793 3383 863 ipsa
3436 793 3873 849 Chalcedonensi
3920 808 4037 847 non

2460 878 2780 945 abhorrere,
2827 881 2923 937 sed
2981 882 3050 936 ab
3112 884 3180 938 iis
3227 894 3439 939 tantum
3480 884 3818 950 hominibus,
3868 899 4032 954 quos,

2458 969 2708 1023 Nestorio
2740 986 2849 1025 non
2876 972 3090 1027 sincere
3112 975 3343 1044 cjurato,
3380 974 3697 1043 recepisset,
3720 975 4037 1044 quibusque

2460 1059 2711 1128 receptis,
2739 1059 2914 1114 videri
2950 1070 3183 1130 poterat,
3221 1078 3346 1117 cum
3387 1061 3640 1115 Nestorio
3686 1061 4037 1131 aliquatenus

2459 1149 2708 1216 sentire;
2766 1152 2924 1205 unica
2978 1152 3081 1207 hac
3136 1152 3500 1207 confessionis
3546 1152 3729 1221 specie
3762 1151 4037 1221 plurimos

2459 1240 2705 1303 offendi,
2764 1243 2966 1313 alioqui
3015 1244 3344 1308 Catholicos,
3393 1254 3449 1298 et
3498 1244 3669 1313 pacis,
3727 1258 3836 1313 qua
3895 1242 4037 1298 ﬁdes

2461 1341 2573 1385 tuta
2609 1333 2701 1396 sit,
2735 1333 3353 1389 amantes:CathoIicos
3398 1334 3689 1404 ejusmodi,
3735 1333 3879 1388 facto
3925 1332 4039 1389 sibi

2458 1420 2858 1489 Acephalorum
2902 1423 3145 1487 nomine,
3202 1424 3389 1477 testari
3429 1423 3562 1478 satis
3595 1437 3655 1478 se
3696 1438 3877 1492 neque
3915 1423 4035 1476 Eu-

2460 1513 2678 1583 tychen,
2704 1529 2883 1583 neque
2906 1514 3217 1568 Nestorium
3257 1516 3435 1584 sequi,
3496 1523 3661 1583 atque
3702 1514 3775 1568 ita
3812 1523 4037 1583 paratos

2460 1605 2711 1659 assentiri
2744 1606 2951 1676 synodo
2972 1615 3266 1675 utrumque
3296 1605 3576 1660 danmanti
3605 1621 3620 1670 ;
3646 1604 3781 1674 quin
3812 1617 3909 1657 eos
3938 1618 4037 1672 pa-

2458 1696 2563 1749 lam
2596 1711 2909 1751 asscverare
2950 1697 3276 1765 sincereque
3327 1697 3593 1766 profiteri,
3644 1696 3688 1750 si
3736 1693 4035 1768 proscripti

2461 1784 2665 1839 fuerint
2689 1784 3073 1840 haereticorum
3107 1787 3351 1857 magistri
3391 1802 3456 1841 ac
3484 1786 3823 1850 defensores,
3865 1793 4035 1853 atque

2460 1876 2597 1929 adeo
2634 1885 2835 1930 sancta:
2874 1875 3063 1946 synodi
3104 1876 3392 1945 Ephesium
3414 1875 3712 1947 Cyrillique
3733 1876 4038 1930 calumnia-

2460 1974 2624 2031 tores,
2649 1980 3015 2022 consensuros
3044 1981 3101 2021 se
3146 1966 3385 2020 libenter
3425 1966 3480 2021 in
3531 1982 3693 2021 unam
3743 1965 3869 2020 fidei
3915 1963 4035 2017 for-

2458 2074 2647 2113 mam:
2684 2074 2903 2113 causam
2950 2060 3115 2113 trium
3164 2058 3470 2120 hominum.
3520 2059 3685 2113 etiam
3733 2058 4032 2118 bonorum,

2459 2164 2566 2201 non
2619 2162 2740 2203 esse
2789 2148 2946 2211 tanti,
2982 2147 3115 2216 quin
3154 2148 3337 2216 sperni
3365 2148 3537 2217 possit
3562 2162 3673 2216 pra:
3698 2145 3848 2200 orbis
3875 2160 4032 2214 pace.

2530 2239 2667 2295 Tres
2695 2241 2837 2305 illos,
2872 2241 2940 2294 de
2971 2241 3173 2309 quibus
3210 2240 3413 2310 agitur,
3453 2255 3562 2292 non
3612 2253 3734 2292 esse
3781 2238 4028 2307 integros

2458 2335 2635 2399 fam-.P,
2672 2347 2774 2388 nec
2807 2326 3104 2386 criminum
3153 2346 3354 2401 puros;
3406 2330 3762 2384 Theodorum
3791 2328 3884 2383 diu
3924 2342 4035 2382 no-

2461 2425 2626 2479 minis
2660 2425 2744 2479 sui
2782 2423 2975 2477 umbra
3004 2422 3203 2478 texisse
3228 2422 3479 2476 infandas
3502 2423 3762 2480 hmreses.
3787 2432 4026 2490 quarum

2461 2530 2623 2570 causa
2654 2515 2827 2569 fuerit
2859 2532 2889 2569 a
2914 2514 3120 2586 Cyrillo
3150 2514 3374 2584 scriptis
3422 2513 3579 2568 libris
3624 2511 4035 2580 reprehensus;

2460 2624 2606 2673 eum,
2641 2608 2771 2661 dum
2802 2608 3035 2670 viveret,
3061 2616 3311 2659 coactum
3362 2603 3668 2659 Antiochia:
3696 2598 4036 2672 palinodiam

2459 2698 2752 2768 aliquando
2778 2712 2999 2760 canere,
3046 2704 3169 2766 post
3194 2704 3426 2750 mortem
3465 2710 3495 2748 a
3544 2694 3716 2748 sacris
3756 2687 4039 2761 diptychis

2468 2801 2802 2861 expunctum
2825 2791 2989 2844 etiam
3015 2805 3044 2843 a
3069 2790 3204 2842 suis.

2533 2883 2942 2937 Theodoretum
2990 2880 3369 2949 Pentalogium
3418 2880 3706 2947 scripsisse
3770 2875 4038 2929 adversus

2461 2974 2793 3043 Ephesinam
2860 2972 3151 3044 synodum,
3190 2971 3457 3041 Cyrillum
3509 2970 3661 3025 velut
3711 2968 4037 3022 haereticum

2462 3061 3065 3126 traduxisseJaudasse
3133 3060 3447 3115 Nestorium
3480 3069 3738 3127 tanquam
3790 3055 4042 3111 Catholi-

3602 3167 3615 3202 :
3656 3150 3834 3202 virum
3866 3147 4042 3200 exsti—

2468 3245 2597 3298 tisse
2623 3242 2837 3297 factiosi
2869 3242 3092 3311 ingenii,
3125 3240 3219 3310 qui
3253 3241 3509 3295 debuerit
3539 3240 3888 3311 imperatoris
3917 3252 4045 3291 san-

2466 3336 2647 3389 ctione
2668 3332 2940 3387 eontineri
2966 3331 3108 3401 Cyro
3135 3332 3289 3400 quasi
3324 3343 3566 3393 carcere,
3619 3344 3689 3383 ne
3716 3326 4044 3381 tumultuari

2466 3433 2748 3495 pergeret;
2770 3425 2915 3493 juste
2942 3422 3168 3491 Ephesi,
3189 3423 3317 3477 licet
3346 3421 3413 3475 ab
3434 3422 3661 3491 injusto,
3701 3418 4043 3487 depositum,

2466 3532 2569 3569 nec
2600 3515 2669 3569 ab
2698 3512 3148 3569 Occidentalibus
3185 3513 3502 3567 restitutum
3543 3528 3610 3565 ex
3658 3511 3833 3564 forma
3878 3524 4050 3562 cano-

2466 3621 2634 3660 num:
2692 3606 3036 3660 renuntiasse
3075 3604 3297 3675 quidcm
3347 3604 3601 3658 Nestorio
3657 3602 4044 3665 Chalcedone,

2471 3699 2565 3753 sed
2588 3698 2758 3753 verbo
2781 3708 2968 3763 tenus;
2993 3697 3201 3767 Syriam
3227 3696 3611 3759 commovisse,
3632 3694 3763 3749 dum
3794 3694 4044 3757 viveret;

2469 3791 2681 3855 orbem,
2723 3798 2847 3859 post
2880 3796 3135 3843 mortem.

2538 3882 2657 3936 Jam
2688 3896 2818 3935 vero
2848 3880 2995 3934 Ibam
3034 3878 3253 3947 iudiciis
3276 3878 3494 3932 duobus
3541 3876 3877 3945 postulatum
3912 3873 4054 3925 fuis-

2471 3990 2528 4026 se
2572 3972 2640 4026 de
2697 3971 3047 4035 criminibus,
3081 3984 3317 4039 quorum
3368 3968 3609 4038 suspicio
3644 3966 3867 4020 infamia
3923 3973 4049 4029 est;

2474 4063 3009 4134 eausamjudicatam
3040 4078 3148 4115 non
3176 4077 3318 4125 esse,
3336 4060 3430 4114 sed
3461 4058 3878 4114 dissimulanter
3898 4070 4054 4111 com-

2475 4152 2741 4222 positam:
2768 4152 2986 4207 Edcssa:
3015 4150 3257 4204 scholam
3285 4148 3667 4202 Nestorianam
3707 4145 3775 4199 ab
3822 4159 3909 4207 eo,
3939 4158 4054 4211 qua

2474 4245 2581 4296 late
2610 4259 2708 4313 per
2743 4242 2973 4311 populos
3002 4241 3174 4310 pestis
3238 4246 3607 4308 spargeretur,
3643 4235 3729 4289 vel
3780 4245 4054 4303 apertam,

2476 4336 2563 4390 vel
2599 4323 2768 4389 totum
2788 4351 2803 4398 ;
2824 4320 2901 4387 ab
2931 4348 2998 4392 eo
3027 4331 3316 4402 Ephesium
3360 4328 3572 4399 synodo
3616 4336 3918 4395 sanctoque
3941 4326 4055 4395 Cy-

2478 4427 2603 4480 rillo
2632 4425 2837 4479 illatam
2861 4422 3156 4494 injuriam;
3185 4420 3373 4476 eadem
3408 4420 3587 4489 ipsum
3615 4432 3741 4472 cum
3798 4415 4059 4470 Theodo-

1581 4508 1684 4594 quo
1714 4508 2129 4595 damno-mf
2162 4508 2371 4595 capita;
2405 4516 2451 4571 Β
2482 4529 2600 4573 reto
2625 4516 2947 4587 pertinacia,
2972 4525 3029 4569 et
3054 4513 3127 4568 hu
3141 4513 3278 4567 resis
3298 4519 3554 4565 auctores
3607 4508 3910 4563 honoriﬁce
3950 4522 4057 4577 ap-

2479 4607 2732 4680 pellasse,
2762 4612 2818 4660 et
2847 4602 3120 4674 sprevisse
3153 4600 3278 4655 ﬁdei
3323 4599 3665 4654 defensores.
3724 4618 3725 4621 η

2548 4697 2627 4751 Ad
2684 4697 2802 4751 haec
2851 4709 3072 4754 causam
3121 4690 3314 4763 synodi
3369 4687 3833 4744 Chalcedonensis
3892 4700 4060 4755 posse

2477 4788 2686 4844 facilea
2708 4800 2875 4841 causa
2896 4785 3065 4839 trium
3093 4782 3379 4836 hominum
3437 4778 3686 4849 sejungi;
3729 4777 3876 4831 illam
3928 4776 4061 4831 fidei

2479 4896 2624 4942 esse,
2658 4880 2818 4933 istam
2850 4890 3247 4947 personarum;
3296 4872 3461 4927 ﬁdem
3493 4881 3612 4925 tum
3664 4869 3888 4924 demum
3911 4868 4062 4923 inte-
4094 4934 4097 4937 _

2482 4987 2636 5041 gram
2674 4966 2908 5033 servari,
2951 4981 3076 5020 cum
3104 4964 3396 5020 anathema
3419 4962 3646 5027 dicitur,
3677 4975 3788 5014 non
3815 4958 4060 5013 homini-

2481 5060 2586 5114 bus
2609 5067 2829 5115 tantum
2860 5056 3092 5111 haeresin
3116 5052 3508 5126 professis,sed
3531 5051 3667 5122 ipsis
3693 5051 3860 5105 etiam
3887 5050 4063 5105 haere-

2484 5154 2563 5208 sis
2599 5151 2823 5205 nomine
2846 5148 3135 5219 suspectis.

2556 5242 2801 5309 Denique
2824 5239 3067 5300 futuram
3096 5237 3237 5291 hanc
3285 5234 3545 5289 omnibus
3588 5231 4064 5301 consequentibus

2457 5334 2701 5389 saeculis
2727 5331 3059 5401 singularem
3088 5326 3438 5397 imperatoris
3475 5325 3741 5408 -gloriam,
3780 5324 3826 5377 si
3860 5337 4061 5392 repur-

2484 5435 2665 5499 gasset
2691 5424 2958 5497 synodum
2993 5438 3024 5477 a
3050 5420 3301 5485 maculis,
3345 5435 3484 5490 quas
3531 5416 3891 5472 humanitatis
3952 5416 4065 5469 fato

2486 5516 2882 5579 contraxisset;
2911 5513 2956 5567 si
2994 5511 3240 5566 dedisset
3274 5524 3463 5579 pacem
3491 5507 3747 5565 Ecclesite
3802 5504 4067 5587 omnibus

2490 5608 2651 5665 bonis
2675 5605 3006 5677 optabilem;
3048 5603 3093 5658 si
3130 5602 3376 5657 omnium
3434 5600 3747 5653 voluntates
3776 5596 3829 5650 in
3894 5610 4063 5649 unam

2490 5700 2679 5762 fidem,
2710 5697 2940 5754 sublatis
2969 5695 3291 5766 opinionum
3336 5692 3603 5754 dissidiis,
3651 5690 3983 5745 adunassct:
4013 5686 4064 5741 id

2490 5793 2561 5850 ab
2591 5792 2923 5864 imperatore.
2941 5788 3113 5843 Deum
3145 5800 3456 5860 reposcere,
3491 5792 3779 5855 postquam
3822 5780 4063 5838 Africam
