4228 6446
199 371 292 436 181

1370 363 1735 424 HISTORIA
1769 359 2276 422 THEODORETI.

3361 353 3460 418 i8?-

195 479 359 550 230
380 486 575 540 tutam,
608 475 958 542 Siciliamque
986 481 1041 526 et
1070 472 1282 526 Italiam
1315 487 1438 525 cum
1476 472 1648 526 Roma
1687 485 1780 523 ve-
1813 474 1852 530 Α
1883 464 2159 534 dorusque
2210 465 2614 534 subripuissent
2653 483 2665 517 :
2719 465 3036 520 metuebant
3091 464 3304 519 scilicet
3350 481 3417 518 ne
3443 505 3459 529 ,

198 579 310 623 tere
335 569 396 621 in
423 567 598 637 ipsius
627 566 892 619 ditionem
925 563 1226 633 redegerit:
1260 562 1313 616 id
1352 578 1519 615 unum
1553 562 1781 631 rependi

200 673 366 728 posse
389 674 420 710 a
455 657 710 727 piissimo
745 655 1015 726 principe,
1040 671 1138 722 pro
1187 662 1266 706 tot
1322 653 1568 708 victoriis
1593 669 1622 707 a
1673 653 1782 707 Nu-

197 749 346 802 mine
378 749 630 813 indultis,
665 747 796 800 dare
824 761 1015 815 pacem
1065 745 1349 807 Ecclesiae,
1381 760 1503 813 qua:
1557 744 1651 797 Dei
1695 759 1778 798 re—

195 855 366 909 gnum
396 847 504 902 est,
529 852 693 908 quam
748 837 896 892 Deus
935 835 1095 889 dedit
1120 833 1268 897 orbi,
1307 833 1456 903 quod
1488 834 1782 890 Iustiniani

196 930 527 997 imperium.

266 1018 362 1072 III.
397 1017 498 1071 IIis
518 1017 752 1086 aliisque
784 1016 1104 1084 imperator,
1141 1025 1202 1068 ut
1245 1023 1367 1068 erat
1408 1014 1573 1068 homo
1626 1017 1784 1068 valde

195 1109 402 1172 bonus,
438 1122 636 1177 passus
668 1117 752 1161 est
775 1107 1011 1175 primum
1052 1121 1110 1160 se
1170 1105 1412 1158 amoveri
1468 1121 1499 1158 a
1530 1114 1785 1174 suscepto

196 1197 475 1252 adversus
531 1196 844 1265 Acephalos
893 1211 1093 1265 opere,
1159 1203 1272 1247 tum
1325 1194 1525 1248 deinde
1582 1194 1783 1249 librum

197 1286 483 1340 Theodori
511 1286 696 1340 studio
721 1284 1129 1346 elucubratum,
1176 1299 1277 1338 suo
1326 1286 1549 1339 nomine
1587 1285 1786 1340 inscri-

198 1379 309 1447 psit
327 1386 504 1447 atque
525 1378 734 1432 edidit:
771 1376 1013 1431 edictum
1040 1385 1252 1446 postea,
1289 1377 1437 1444 quod
1489 1377 1786 1432 voluminis

196 1469 376 1524 instar
399 1470 512 1532 sit,
565 1485 597 1522 a
639 1467 1041 1523 Theodorianis
1097 1468 1464 1537 compositum
1522 1467 1787 1522 adversus

197 1561 300 1616 tria
329 1561 576 1630 capitula
601 1561 810 1615 edidit:
841 1561 1076 1629 denique
1122 1560 1404 1614 mandavit
1430 1558 1635 1628 ubique
1677 1567 1787 1614 ter-

196 1669 411 1716 rarum,
470 1655 542 1708 ab
604 1654 862 1709 omnibus
910 1668 1063 1708 suam
1119 1651 1303 1707 edicto
1326 1651 1786 1720 subscriptionem

197 1759 464 1812 supponi.

1848 581 1854 587 -
1885 565 1993 620 qua
2022 550 2235 605 valebat
2255 551 2396 620 apud
2428 552 2816 620 imperatorem
2858 553 3049 620 gratia,
3082 567 3302 622 quoque
3345 553 3463 608 ani-

1887 659 1976 697 mo
2027 653 2144 696 erat
2185 659 2310 712 erga
2347 651 2588 695 sanctam
2637 642 2930 713 synodum,
2978 643 3277 712 prmstigias
3335 656 3463 696 suas

1887 734 2231 792 dissolveret,
2267 733 2656 788 etJastiniazio
2694 733 2937 795 fraudes,
2963 749 3085 801 qua:
3129 735 3228 802 ipsi
3261 732 3453 787 tende-

1888 827 2109 886 bantur,
2143 826 2511 894 factionisque
2545 825 2779 879 infanda:
2808 825 3103 879 consilium
3131 825 3393 893 aperiret.

1954 918 2172 985 Pelagio
2199 919 2370 985 igitur
2394 917 2583 986 procul
2627 918 2824 985 posito,
2878 919 3221 986 suffectaque
3264 917 3319 970 in
3346 917 3466 985 ejus

1889 1009 2067 1062 locum
2101 1009 2402 1077 Stephano,
2436 1008 2658 1062 homine
2686 1010 2833 1078 paris
2880 1011 3103 1078 quidem
3158 1009 3328 1064 studii
3365 1024 3463 1079 pro

1891 1099 2014 1159 fide,
2047 1100 2143 1152 sed
2168 1099 2466 1168 imparisin
2503 1100 2625 1154 θυι..
2657 1100 2844 1167 gratia:
2881 1110 3045 1169 atque
3087 1102 3460 1164 auctoritatis,

1889 1192 2133 1260 prestitit
2162 1190 2639 1260 Constantinopoli
2666 1191 2943 1253 edictum,
3001 1193 3344 1261 missumque
3393 1194 3462 1247 ad

1889 1301 2084 1339 omnes
2132 1285 2287 1339 orbis
2319 1286 2629 1354 episcopos.
2682 1286 2922 1340 concivit
2966 1301 3108 1345 eam,
3145 1303 3266 1355 qua:
3313 1288 3463 1343 dicta

1889 1385 1993 1436 est,
2034 1377 2460 1430 commotionem
2508 1379 2836 1431 animorum.
2886 1378 3011 1432 Haec
3065 1387 3124 1431 ut
3152 1379 3460 1445 sedaretur,

1890 1470 2298 1523 convocandam
2357 1471 2528 1524 totius
2582 1470 2840 1524 Ecclesiae
2905 1471 3171 1540 synodum
3204 1472 3465 1528 Justinia-

1889 1575 1994 1614 nus
2021 1561 2279 1623 credidit,
2307 1563 2418 1631 ipsa
2444 1572 2768 1632 perurgente
2804 1563 3070 1632 Augusta,
3105 1565 3201 1618 sed
3245 1577 3466 1620 contra-

1890 1653 1974 1706 rio
2001 1655 2257 1709 consilio.
2290 1655 2592 1708 Videbatur
2617 1655 2764 1709 enim
2813 1654 2916 1708 sibi
2952 1670 3146 1709 secura
3195 1656 3460 1720 victoriae,

1893 1753 1946 1796 et
1968 1743 2035 1798 de
2054 1745 2263 1814 synodo
2307 1745 2745 1799 Chalcedonensi
2787 1746 2993 1800 certius
3036 1748 3461 1816 triumphatum,

267 1834 332 1888 Id
367 1833 507 1888 fecit
538 1835 863 1902 imperator,
901 1833 1193 1902 Accpltalis
1245 1825 1653 1903 gratulantibus
1678 1834 1785 1889 sibi
1823 1842 1859 1893 Β
1892 1834 2175 1902 siquando
2208 1846 2428 1890 coactos
2457 1836 2512 1889 in
2541 1836 2732 1890 urbem
2764 1837 2969 1906 regiam
3004 1839 3157 1894 orbis
3188 1840 3465 1896 antistites

197 1932 415 1992 partam
441 1924 549 1978 hac
576 1934 694 1978 arte
726 1923 1034 1977 victoriam.
1096 1923 1323 1978 Mennas
1350 1940 1474 1978 cum
1523 1927 1639 1980 suis
1670 1926 1788 1995 epi—

197 2017 383 2085 scopis
408 2016 663 2070 edictum
687 2017 918 2086 recepit,
952 2032 1014 2071 ea
1053 2028 1234 2074 tamen
1268 2018 1548 2083 cautione,
1567 2018 1614 2072 si
1635 2034 1787 2073 sum-

197 2123 321 2162 mus
346 2108 605 2177 pontifex
637 2109 929 2178 probaret:
959 2109 1049 2164 alii
1092 2118 1205 2165 tres
1238 2108 1538 2164 Orientalis
1566 2109 1784 2178 imperii

197 2200 531 2270 patriarcha:
561 2200 820 2254 reluctari
851 2214 962 2254 non
989 2209 1120 2256 sunt
1149 2201 1289 2264 ausi,
1323 2208 1474 2254 metu
1528 2199 1790 2254 amitten-

196 2288 278 2344 dae
300 2289 618 2360 dignitatis,
647 2287 794 2360 quod
832 2289 1136 2360 contigerat
1187 2290 1600 2354 decessoribus,
1637 2290 1792 2360 priu-

197 2381 334 2450 cipis
369 2381 626 2435 animum
650 2380 934 2436 ollendere
959 2395 1069 2436 non
1098 2381 1309 2437 veritis.

272 2475 367 2528 IV.
395 2472 667 2529 Itestabat
697 2489 842 2543 unus
866 2473 1039 2528 instar
1059 2474 1308 2529 omnium
1357 2488 1608 2527 summus
1651 2487 1794 2542 pon-

199 2564 351 2628 tifex,
378 2581 549 2634 quem
581 2564 871 2622 Theodora
896 2564 963 2618 ad
982 2563 1458 2627 consentiendum,
1483 2563 1786 2633 urgendum

197 2656 435 2724 putavit,
470 2655 670 2724 partim
695 2654 873 2708 uxorii
905 2655 1274 2723 imperatoris,
1317 2655 1517 2723 partim
1535 2655 1788 2710 Belisarii

197 2745 522 2800 famulantis
576 2747 863 2816 potentia:
898 2747 977 2802 sic
1005 2747 1153 2802 enim
1204 2747 1493 2800 videbatur
1555 2747 1788 2801 convelli

199 2853 359 2904 posse
416 2837 674 2891 funditus
724 2837 1194 2892 Chalcedonensis
1251 2837 1521 2908 synodus,
1564 2838 1610 2892 si
1667 2853 1790 2908 qua:

197 2930 389 2998 prima:
418 2929 572 2983 sedis
603 2931 929 2983 auctoritate
974 2929 1278 2992 nitebatur,
1347 2928 1594 2998 ejusdem
1639 2929 1789 2985 sedis

197 3022 540 3075 auctoritate
569 3019 877 3076 labeﬁerct.
935 3021 1042 3075 Sua
1089 3036 1215 3090 spes
1251 3020 1512 3074 feminam
1559 3019 1782 3074 fefellit:

200 3127 325 3164 nam
362 3110 617 3180 \"igilius,
654 3114 668 3129 ‘
701 3110 901 3164 Leonis
920 3112 1095 3181 Magni
1150 3119 1371 3182 sumpto
1411 3112 1628 3181 spiritu,
1664 3111 1784 3168 edi-

1893 1924 2120 1980 haberet
2142 1927 2194 1981 in
2235 1943 2330 1981 sua
2364 1935 2654 1997 potestate.

1966 2015 2052 2070 VI.
2082 2017 2349 2072 Indieitur
2378 2033 2511 2090 ergo
2539 2020 2781 2090 synodus
2802 2020 3332 2092 ConstantinOpolim
3383 2025 3458 2090 ⁸⁸;

1888 2116 2116 2161 vocatur
2165 2109 2279 2177 ipse
2332 2111 2560 2175 Vigzilius
2620 2126 2720 2180 pro
2766 2126 2918 2166 more
2947 2127 3070 2181 per
3117 2113 3465 2183 imperatoris

1891 2196 2113 2250 Sacram
2139 2217 2150 2251 :
2179 2201 2271 2251 sed
2296 2201 2459 2254 datur
2482 2201 2641 2255 simul
2667 2216 2697 2254 a
2727 2201 3016 2256 Tlteodora
3066 2205 3204 2257 clam
3234 2206 3463 2260 manda-

1890 2298 2002 2344 tum
2032 2292 2096 2344 ad
2128 2292 2478 2353 Belisarium.
2511 2307 2621 2362 quo
2644 2293 2959 2362 pontificem
3010 2298 3195 2351 venire
3243 2305 3463 2367 cogeret

1887 2383 1972 2436 vel
1999 2383 2253 2436 invitum.

1964 2473 2072 2526 VII.
2104 2473 2304 2526 Verum
2333 2473 2426 2528 diu
2455 2488 2512 2528 se
2549 2474 2792 2543 pontifex
2825 2479 3106 2533 excusavit
3149 2479 3313 2534 allato
3341 2495 3462 2536 ma-

1883 2565 2066 2633 jorum
2117 2565 2388 2634 exemplo,
2437 2566 2531 2634 qui
2579 2581 2758 2636 neque
2806 2568 3063 2634 Nicaeam,
3113 2572 3289 2625 accitu
3321 2571 3465 2626 C0n~

1889 2653 2136 2716 stantini,
2184 2671 2364 2724 neque
2389 2656 2669 2724 Ephesum
2713 2669 2808 2711 aut
2851 2658 3277 2725 Chalcedonem,
3312 2661 3462 2717 elIIa-

1889 2747 2192 2816 gitantibus
2218 2749 2346 2800 licet
2375 2748 2688 2806 Theodosio
2733 2751 2954 2821 juniore
2978 2761 3034 2806 et
3076 2753 3342 2808 Martiano
3365 2769 3460 2808 ac-

1890 2839 2186 2893 cessissent
2218 2857 2231 2893 :
2261 2840 2523 2893 atl'erebat
2551 2841 2748 2896 deinde
2781 2843 2907 2904 loci,
2968 2845 3035 2897 ad
3080 2861 3242 2913 quem
3271 2847 3463 2900 condi-

1889 2941 2038 2985 ctum
2070 2939 2207 2995 erat,
2240 2933 2778 3000 incommoditatem;
2805 2935 3050 3000 alterius,
3077 2946 3205 3006 puta
3235 2939 3457 3003 Sicilia,

1887 3025 2354 3092 opportunitatem
2395 3026 2555 3095 longe
2591 3027 2882 3096 majorem;
2919 3044 2986 3083 eo
3036 3031 3280 3099 undique
3314 3031 3454 3085 faci-

1888 3115 1996 3170 lius
2017 3117 2276 3171 advenire
2311 3117 2502 3174 Patres
2528 3135 2709 3188 posse,
2748 3123 3081 3191 paribusque
3125 3123 3322 3179 studiis
3360 3123 3463 3179 Oc-

199 3211 348 3256 ctmn
370 3201 560 3270 rejcci'.
587 3219 601 3266 ;
635 3201 686 3255 id
719 3212 996 3265 causatus,
1031 3202 1177 3270 qttod
1206 3212 1428 3257 sanctus
1452 3204 1581 3256 olim
1599 3203 1786 3258 deces-
1815 3195 1858 3252 ε
1893 3207 2171 3264 cidentem
2221 3209 2610 3280 Orientcmque
2657 3212 2714 3266 in
2775 3229 2938 3267 unam
2971 3215 3299 3269 sententiam
3326 3231 3459 3270 con-

199 3308 312 3354 ser,
341 3291 604 3362 religiose
635 3292 981 3346 retinendam
1025 3293 1172 3346 omni
1200 3309 1266 3346 ex
1287 3302 1441 3361 parte
1481 3294 1747 3364 synodum
1773 3313 1782 3346 :

209 3383 392 3450 iQuia
440 3399 626 3452 neque
675 3383 938 3452 perfectio
984 3384 1405 3449 incrementum,
1461 3401 1638 3454 neque
1689 3385 1787 3439 ad-

196 3475 500 3544 iectionem
533 3474 822 3544 plenitudo
857 3474 1054 3544 recipit
1087 3475 1152 3528 ⁸⁷.
1198 3493 1216 3526 ο

269 3567 477 3622 Secuta
498 3577 584 3620 cst
617 3569 702 3621 sui
726 3567 922 3637 capitis
951 3569 1263 3636 exemplum
1297 3568 1576 3622 Ecclesia:
1611 3569 1787 3623 sicubi

203 3678 306 3714 non
340 3660 625 3716 serviebat
664 3660 900 3728 turpiter
933 3661 1189 3728 principi,
1241 3660 1344 3713 hoc
1374 3668 1478 3724 est,
1533 3661 1588 3714 in
1629 3660 1787 3716 Occi—

204 3754 366 3807 dente
391 3760 452 3805 et
490 3753 543 3805 in
570 3751 778 3815 Africa,
812 3753 904 3806 sed
933 3753 1242 3822 praesertim
1293 3753 1345 3805 in
1381 3751 1619 3823 Illyrico,
1658 3753 1788 3808 Dal-

209 3848 373 3900 matia
404 3862 474 3900 ac
513 3845 728 3908 Galliis,
770 3847 1001 3915 aliisque
1061 3847 1454 3900 remotioribus
1502 3847 1571 3901 ab
1630 3848 1784 3903 Italia

204 3940 540 4006 provinciis:
594 3948 760 4007 atque
820 3939 944 3993 inde
1004 3939 1109 3993 fuit
1162 3949 1361 4002 metus,
1424 3956 1493 3994 nc
1547 3939 1786 3995 schisma

205 4027 522 4080 ilormisda:
549 4028 891 4095 temporibus
931 4029 1262 4083 exstinctum
1311 4029 1701 4084 revivisceret:
1735 4018 1825 4084 et—

202 4119 428 4185 quidem
465 4127 619 4171 tanto
642 4119 1030 4172 vehementius
1058 4129 1319 4190 tantoque
1345 4121 1682 4189 pertinacius
1707 4121 1794 4175 fu-

204 4222 411 4274 turum,
475 4220 686 4278 quanto
721 4225 884 4263 causa
944 4211 1236 4264 videbatur
1281 4211 1586 4275 honestior,
1629 4227 1791 4283 syno-

205 4303 330 4355 dum
368 4301 780 4355 meumenicam
816 4302 1158 4371 tueri,quam
1194 4303 1454 4357 Acacium
1503 4304 1783 4360 damnare.

273 4394 335 4446 ἲ.
369 4392 504 4445 Ilaec
539 4393 838 4445 commotio
885 4393 1132 4462 contigit,
1181 4409 1292 4462 quo
1337 4410 1481 4448 anno
1540 4396 1790 4465 Pelagius

204 4486 476 4539 diaconus
512 4485 744 4536 Romam
768 4485 948 4538 rediit.
981 4484 1230 4553 Suntqni
1261 4495 1581 4540 revocatum
1627 4503 1657 4540 a
1690 4488 1785 4541 Vi-

201 4575 330 4643 gilio
357 4573 619 4635 credant,
647 4581 769 4641 post
792 4573 1032 4628 edictmn
1060 4575 1420 4643 publicatum,
1456 4591 1544 4639 ne,
1585 4586 1646 4630 ut
1667 4586 1786 4632 erat

203 4663 486 4728 gratiosus
513 4660 874 4729 principibus,
911 4662 1181 4717 ineorum
1234 4664 1562 4718 sententiam
1592 4681 1789 4721 conce-

203 4756 377 4806 deret.
428 4753 574 4805 Sunt
611 4752 703 4819 qui
733 4753 1028 4820 conjiciant
1058 4769 1089 4807 a
1118 4754 1429 4810 Iustiniano
1469 4757 1781 4819 remissum,

204 4853 264 4896 ut
288 4843 636 4913 periclitanti
678 4841 861 4896 Roma:
889 4858 1048 4910 Opem
1095 4842 1288 4908 ferret,
1317 4845 1462 4914 quod
1493 4856 1548 4900 et
1583 4848 1791 4915 [mesti-

207 4935 295 4996 tit,
329 4933 600 5002 pecunia,
631 4948 793 5001 quam
820 4947 1068 5002 magnam
1096 4945 1382 5004 acceperat
1429 4937 1498 4990 ab
1552 4938 1788 5007 impera-

208 5035 345 5082 tore.
397 5038 527 5075 cum
589 5021 922 5084 discederet,
978 5023 1044 5075 ad
1097 5023 1384 5079 levandam
1436 5027 1786 5082 obsessorum

207 5112 458 5181 inopiam
489 5114 710 5166 collata.
747 5111 928 5182 Longe
980 5113 1320 5178 credibilius,
1354 5117 1604 5180 rediisse,
1636 5119 1790 5187 prius

204 5221 370 5271 quam
398 5205 651 5258 edictum
682 5206 950 5260 adversus
999 5205 1106 5259 tria
1147 5207 1383 5276 capitula
1437 5209 1698 5264 ederetur
1733 5211 1788 5264 in

205 5294 427 5359 lucem;
468 5297 637 5366 idque
675 5299 901 5360 factum,
939 5301 1251 5351 autsummi
1283 5301 1558 5367 pontificis
1599 5303 1789 5364 solius,

205 5397 308 5438 aut
372 5389 551 5440 solius
646 5386 1031 5455 imperatoris,
1086 5398 1179 5442 aut
1233 5391 1520 5459 utriusqoe
1585 5393 1793 5460 jus-sio-

203 5492 316 5538 ne,
371 5493 540 5544 quam
607 5478 724 5532 suis
773 5479 989 5536 artibus
1067 5482 1308 5550 Augusta
1386 5482 1541 5550 23],
1617 5482 1793 5536 Theo-

1892 3301 2119 3369 spirare.
2147 3301 2515 3356 Nihilominus
2540 3305 2822 3358 annitente
2851 3305 3126 3358 Antonina
3159 3305 3461 3360 Theodore

1892 3391 2140 3446 ministra
2166 3391 2460 3448 Belisarius
2489 3393 2801 3462 pontificem
2830 3411 2896 3449 ex
2932 3395 3083 3450 Italia
3126 3397 3276 3451 exire
3315 3413 3462 3452 com-

1894 3482 2051 3551 pulit,
2084 3490 2139 3534 et
2162 3497 2304 3552 pene
2333 3499 2430 3551 per
2464 3484 2573 3536 vim
2610 3485 2791 3554 ejccit.

1962 3572 2099 3625 VIII.
2136 3574 2304 3627 Roma
2358 3573 2544 3640 igitur,
2592 3583 2878 3643 postquam
2923 3591 2951 3630 a
3022 3578 3196 3632 Totila
3249 3579 3462 3650 direpta

1891 3671 1995 3723 est,
2049 3678 2304 3732 egressus
2351 3662 2608 3733 Vigiiius,
2671 3663 2760 3718 die
2821 3664 2891 3718 22
2949 3665 3274 3720 Novembris
3319 3683 3464 3721 anno

1895 3754 1998 3807 546
2023 3755 2234 3821 traiecit
2264 3756 2317 3807 in
2349 3754 2611 3815 Siciliam,
2645 3754 2737 3808 ubi
2762 3764 2817 3808 et
2839 3755 3221 3810 ordinationes
3254 3759 3466 3827 aliquot

1893 3857 2080 3896 meum
2113 3841 2397 3894 Decembri
2432 3842 2644 3904 habuit,
2703 3853 2759 3896 et
2787 3843 3114 3912 legationem
3167 3844 3305 3898 Zoili
3338 3846 3464 3901 Aleo

1893 3934 2141 3990 xaudrini
2171 3935 2406 4003 excepit,
2441 3944 2497 3989 et
2517 3950 2546 3989 a
2571 3935 2725 3989 Datio
2753 3935 3139 3990 Mediolanensi
3161 3945 3466 3994 conventus

1891 4027 2104 4087 didicit,
2133 4042 2242 4094 quo
2272 4033 2416 4079 statu
2457 4041 2544 4079 res
2575 4025 2700 4079 fidei
2744 4026 2923 4080 forent
2965 4027 3458 4098 Constantinopoli,

1896 4126 1952 4172 et
1978 4118 2047 4170 ab
2089 4118 2238 4170 Afris
2266 4116 2562 4186 Sardisque
2594 4133 2692 4186 per
2725 4117 2933 4187 legatos
2959 4130 3176 4186 rogatus
3202 4127 3306 4181 est,
3337 4135 3464 4188 pro-

1891 4207 2080 4260 videre
2110 4222 2176 4261 ne
2218 4205 2349 4276 quid
2393 4207 2711 4260 detrimenti
2735 4207 2980 4278 synodus
3003 4207 3466 4264 Chalcedonensis

1893 4308 2195 4367 pateretur;
2231 4307 2286 4353 et
2312 4300 2525 4353 litteras
2558 4299 2624 4352 ad
2652 4299 3039 4368 imperatorem
3064 4301 3237 4363 dedit,
3263 4302 3464 4370 quibus

1895 4391 2095 4445 ibidem
2124 4390 2311 4443 haberi
2337 4390 2626 4443 concilium
2665 4388 2952 4458 ﬂagitaret.
3004 4391 3108 4445 Sed
3138 4392 3308 4447 irrita:
3343 4393 3465 4449 fue-

1897 4488 2024 4534 runt
2057 4494 2280 4548 preces:
2311 4494 2479 4548 quare
2508 4479 2781 4533 Natalitiis
2811 4480 2965 4534 festis
3001 4483 3256 4550 peractis,
3285 4495 3465 4539 trans-

1899 4574 2047 4627 misit
2077 4572 2132 4626 in
2159 4573 2556 4635 continentem,
2598 4572 2852 4641 factoque
2879 4589 2975 4641 per
3001 4573 3278 4628 IIcIladcm
3299 4585 3467 4645 atque

1895 4665 2171 4737 Illyricum
2205 4664 2423 4728 itinere,
2447 4664 2984 4733 Constantinopolim
3022 4667 3301 4734 ingressus
3357 4677 3460 4732 est,

1896 4755 1986 4809 die
2029 4756 2285 4809 vicesima
2327 4755 2515 4824 quinta
2561 4755 2806 4810 Januarii
2833 4770 2976 4810 anno
3018 4757 3142 4821 557,
3204 4774 3329 4814 cum
3368 4776 3466 4814 cx-

1899 4855 2084 4899 oratus
2110 4845 2299 4901 fuisset
2323 4845 2390 4898 a‘.)
2422 4845 2650 4914 Illyricis
2672 4845 2738 4900 de
2773 4844 2879 4908 via,
2917 4859 2984 4899 ne
3017 4845 3184 4900 trium
3224 4847 3464 4916 capitum

1898 4938 2232 4992 damnationi
2268 4937 2648 4991 assentiretur.

1970 5029 2060 5082 IX.
2090 5029 2159 5083 Ut
2192 5028 2243 5081 in
2275 5030 2415 5081 hanc
2468 5029 2806 5098 Iiiyricorum
2850 5032 3175 5084 sententiam
3226 5038 3334 5083 tota
3367 5046 3464 5084 vo-

1901 5119 2135 5174 Iuntatis
2164 5119 2514 5172 inclinatione
2547 5119 2847 5184 ferebatur,
2885 5121 2956 5175 ita
2980 5121 3161 5175 statim
3218 5129 3381 5191 atque
3411 5124 3465 5176 in

1902 5211 2091 5265 urbem
2127 5211 2328 5278 regiam
2364 5211 2534 5275 venit,
2560 5211 2822 5281 iudicium
2876 5213 3130 5267 exercuit
3153 5213 3221 5266 de
3250 5213 3465 5277 Mentis,

1901 5300 2130 5367 aliisque
2176 5301 2646 5370 subscriptoribus
2673 5304 2948 5373 episcopis
2986 5323 2996 5356 :
3035 5319 3204 5372 quare
3263 5303 3466 5358 factum

1904 5392 2160 5460 Stephani
2182 5394 2518 5462 apocrisiarii
2545 5395 3106 5458 sui,connnunionem
3129 5395 3289 5465 232
3319 5395 3468 5460 Men—

1903 5499 1984 5537 nte
2020 5485 2308 5542 exsecrati.
2346 5486 2602 5555 probans,
2629 5488 2779 5541 urbis
2812 5488 2968 5559 regia:
3016 5487 3339 5552 antistitem,
3379 5486 3466 5569 vi-

1569 5643 1882 5700 SCIIULZEI
1927 5645 2129 5699 NUIAL

277 5769 321 5788 ”
356 5775 526 5845 Epist.
571 5776 789 5830 Leonis.
873 5776 913 5801 ἐ
959 5777 1113 5834 Anno
1141 5777 1262 5844 546,
1302 5779 1406 5834 sub
1437 5779 1670 5834 initium.
