4228 6446
755 382 853 447 133

1877 388 2250 449 GARNERII
2291 389 2783 455 DISSERTATIO
2822 394 2871 454 I.

3898 388 4004 454 I85

751 499 916 553 dente
944 496 1270 567 imperatore
1319 506 1375 551 et
1405 496 1773 567 nequidquam
1804 500 2093 555 obnitente
2140 500 2323 555 Theo-
2354 506 2397 561 Α
2426 519 2513 559 sas
2539 514 2597 559 ut
2624 505 2974 576 produceret,
3016 502 3188 557 videri
3243 510 3425 572 potest
3486 500 3656 558 libros
3701 502 4000 558 duodecim

750 587 908 652 dora,
936 587 1109 641 sacris
1154 587 1455 651 abstinuit;
1511 587 1721 641 Zoilum
1766 588 1982 661 [Egypti
2015 591 2325 659 primatem,

758 674 904 744 quod
940 675 1297 744 approbasset
1346 675 1607 739 edictum,
1659 678 1896 745 graviter
1958 678 2325 748 objurgatum,

750 765 819 819 ad
851 765 1229 834 paenitentiam
1263 764 1476 834 adegit;
1503 765 1792 836 dignisque
1821 783 2035 821 summo
2072 769 2329 836 pontiﬁce

756 856 956 911 studiis
1008 872 1226 910 rursum
1271 855 1589 920 contendit,
1636 869 1689 911 ut
1740 859 1792 911 in
1850 859 2035 911 Sicilia
2087 858 2329 930 synodus

757 958 1080 1017 cogeretur:
1123 962 1225 1009 ne,
1291 946 1436 1016 quod
1489 950 1666 1018 reipsa
1713 950 1917 1012 evenit,
1973 948 2328 1004 Orientalium

756 1038 1032 1092 serviliter
1065 1038 1411 1092 adulantium
1448 1040 1680 1109 principi
1712 1040 2030 1105 nntltitudo,
2057 1039 2327 1096 Occiden-

757 1126 951 1180 talium
1002 1124 1184 1179 eidcm
1241 1141 1505 1196 generose
1568 1127 1936 1182 obnitentiunt
2000 1131 2327 1199 paucitatem

756 1217 1039 1272 obrueret.

829 1308 896 1361 X.
931 1308 1125 1364 Annus
1146 1312 1358 1379 integer
1386 1311 1512 1375 fuit,
1542 1312 1671 1367 dum
1704 1315 1909 1366 mutuis
1945 1316 2045 1369 hac
2076 1316 2143 1369 de
2176 1333 2327 1385 qua:-

755 1402 933 1456 stione
970 1402 1268 1457 dissidiisa
1290 1404 1551 1472 pontiﬁce
1585 1414 1640 1458 et
1683 1408 2014 1475 imperatore
2047 1417 2287 1461 certatur
2314 1427 2325 1461 ε

755 1511 865 1563 quo
896 1504 1141 1565 tempore
1169 1495 1484 1561 Theodora,
1520 1512 1645 1551 cum
1673 1497 1922 1552 Mennatn
1960 1500 2170 1554 videret
2191 1502 2329 1555 male

755 1596 1042 1658 acceptum
1086 1604 1115 1642 a
1151 1588 1381 1658 Vigilio,
1436 1589 1505 1644 de
1562 1591 1822 1645 Anthimo
1872 1608 1973 1646 suo
2027 1594 2332 1647 revocando

756 1678 1036 1747 cogitavit.
1075 1678 1335 1747 Vigilium
1364 1694 1494 1747 ergo
1516 1679 1853 1749 aggreditur,
1879 1685 1893 1699 '
1929 1698 2035 1751 qua
2062 1696 2217 1753 parte
2231 1699 2329 1752 po-

757 1777 917 1831 terat,
948 1769 1225 1837 precibus,
1259 1770 1567 1838 promissis,
1602 1781 1655 1825 et
1684 1772 1875 1837 minis;
1914 1774 2007 1827 sed
2034 1775 2328 1837 incassum,

2430 594 2698 649 adversus
2740 592 3037 649 Iustiniani
3080 591 3321 646 edictum
3372 591 3680 662 scripsisse.
3724 592 3835 646 llos
3868 608 4006 648 vero

2429 699 2570 753 pene
2594 694 2725 740 tunc
2750 685 3079 749 absolverat,
3107 699 3217 753 quo
3269 692 3514 752 tempore
3543 683 3775 753 Vigilius
3818 685 4005 738 conci-

2429 776 2562 829 lium
2581 775 2874 830 contraxit.

2502 866 2755 920 Actiones
2778 867 2994 919 concilii
3031 866 3214 935 plures
3246 862 3540 925 exstitisse.
3581 879 3647 917 ex
3685 880 3752 917 eo
3788 875 4008 918 constat

2429 957 2575 1026 quod
2603 973 2660 1011 se
2710 957 2766 1010 in
2800 956 2961 1011 tertia
2986 956 3279 1011 Facundus
3297 964 3487 1009 narrct
3514 970 3613 1024 pro
3635 955 3743 1009 lbze
3769 957 4007 1024 cpistola

2430 1046 2575 1118 apud
2596 1048 2854 1119 Vigilium
2882 1048 3193 1103 vehementi
3220 1049 3466 1102 oratione
3494 1047 3699 1101 dixisse
3725 1064 3739 1100 :
3767 1068 3786 1096 ‹
3816 1049 3948 1101 Peto
3974 1065 4010 1102 a

2424 1137 2638 1209 justitia
2659 1146 2861 1203 vestra,
2894 1146 3081 1193 utrum
3121 1147 3377 1207 suscepta
3417 1138 3491 1191 sit
3523 1153 3552 1191 a
3607 1138 3816 1207 synodo
3841 1136 4010 1191 Chal—

2430 1228 2724 1283 cedonensi
2747 1229 2979 1298 epistola
3008 1229 3135 1295 lbte,
3167 1244 3288 1299 qua:
3318 1229 3469 1283 velut
3498 1229 3822 1282 Nestoriana
3849 1227 4012 1281 dam-

2431 1328 2556 1374 nata
2582 1328 2685 1384 est,
2718 1327 2779 1373 ut
2804 1319 3133 1389 inquiratis;
3165 1328 3220 1373 et
3242 1320 3373 1374 dum
3420 1320 3730 1374 constiterit
3770 1335 3879 1372 non
3907 1320 4015 1373 ob—

2431 1428 2549 1467 esse
2580 1413 2807 1484 synodo,
2830 1411 2977 1482 quod
3010 1427 3137 1481 pars
3185 1411 3413 1465 adversa
3443 1412 3511 1466 de
3552 1410 3831 1465 Theodori
3876 1425 4010 1479 per-

2434 1519 2567 1557 sona
2590 1505 2868 1574 proponit,
2903 1503 2983 1558 sic
3005 1519 3065 1557 ea
3124 1518 3245 1572 qtzzc
3270 1502 3505 1572 proferri
3564 1503 3773 1563 volunt,
3834 1501 4012 1571 relegi

2434 1596 2784 1666 permittatis,
2822 1612 2891 1649 ne
2913 1594 3052 1649 forte
3090 1611 3211 1663 qua:
3244 1604 3503 1661 aguntur,
3538 1593 3607 1646 ad
3655 1592 4009 1646 retractatio—

2435 1702 2559 1740 nem
2612 1686 2906 1740 vidcantur
2946 1694 3262 1737 memoratae
3311 1683 3504 1753 synodi
3553 1682 3859 1752 pertinere.
3892 1680 4013 1749 Ego

2435 1780 2582 1834 enim
2611 1778 2783 1832 fateor
2802 1777 3126 1846 simpliciter
3155 1775 3483 1829 beatitudini
3502 1783 3719 1837 vestrze,
3751 1789 3859 1827 non
3908 1789 4015 1841 pro

756 1861 1027 1929 siquidem
1064 1861 1203 1915 mori
1231 1876 1396 1931 quam
1430 1862 1660 1932 obsequi
1688 1866 1925 1919 malebat
1957 1867 2227 1935 pontifex,
2259 1868 2333 1922 ita
2367 1862 2410 1918 Β
2440 1870 2713 1924 Theodori
2763 1868 3129 1938 Mopsuesteni
3190 1866 3543 1921 damnatione
3594 1881 3681 1919 me
3718 1880 3748 1918 a
3792 1874 4019 1920 contra-

756 1952 1075 2021 apostolicis
1100 1952 1294 2022 plenus
1326 1962 1447 2006 erat
1495 1955 1694 2008 animis
1729 1972 1742 2008 :
1773 1966 1957 2024 atque,
2004 1966 2063 2011 ut
2115 1973 2334 2014 onmem

755 2044 1018 2114 Augusta:
1043 2060 1195 2115 spem
1230 2045 1520 2109 adimeret,
1557 2046 1806 2100 Mennam
1861 2048 1915 2102 in
1971 2052 2198 2118 gratiam
2244 2069 2333 2108 re-

756 2146 979 2206 ceptum
1002 2136 1300 2192 interdicto
1330 2138 1515 2201 solvit,
1542 2149 1597 2193 et
1624 2138 1692 2193 ab
1722 2155 1789 2194 eo
1825 2142 2067 2196 vicissim
2099 2146 2329 2214 accepit,

756 2229 895 2297 grati
935 2229 1105 2283 animi
1145 2245 1297 2299 ergo,
1332 2241 1391 2285 ut
1428 2232 1627 2283 summi
1677 2232 1954 2299 pontificis
1996 2250 2195 2290 nomen
2246 2238 2333 2289 di-

757 2319 979 2389 ptychis
1020 2319 1641 2389 Constantinopolitanae
1684 2322 1938 2377 Ecclesiae
1972 2326 2210 2393 primunt
2247 2327 2332 2380 in-

758 2412 1096 2466 scriberetur
1122 2412 1188 2464 δ’.

828 2503 923 2557 XI.
957 2504 1077 2558 Non
1101 2505 1174 2558 ita
1204 2504 1361 2559 facile
1395 2522 1451 2561 se
1498 2507 1780 2576 expedivit
1828 2509 2117 2563 conatibus
2160 2510 2332 2565 Justi-

756 2596 909 2649 niani
939 2595 1210 2649 instanter
1236 2598 1499 2666 urgentis,
1536 2608 1594 2651 ut
1618 2600 1885 2668 scriptum
1928 2600 1996 2654 de
2038 2601 2214 2655 tribus
2240 2617 2332 2655 ca-

757 2686 948 2756 pitulis
980 2685 1225 2741 edictum
1250 2687 1538 2755 probaret:
1567 2704 1690 2742 eam
1719 2688 1869 2744 enim
1896 2691 2005 2742 vim
2056 2691 2335 2746 reluctans

758 2792 950 2845 passus
996 2788 1101 2841 est,
1148 2792 1277 2846 qua,
1310 2776 1360 2831 si
1392 2780 1669 2833 credimus
1704 2780 2013 2843 Anastasio,
2058 2781 2333 2835 exclama-

759 2876 845 2921 ret
889 2868 1222 2935 aliquando:
1279 2870 1442 2923 «Non
1479 2886 1509 2923 a
1561 2871 1877 2925 Iustiniano
1933 2881 1990 2925 et
2047 2871 2333 2925 Thcodora

758 2958 1020 3026 piissimis
1075 2958 1419 3027 principibus
1462 2960 1766 3015 accersitus
1798 2961 1946 3025 veni,
1980 2961 2075 3016 sed
2109 2962 2163 3014 in
2217 2962 2337 3015 Dio-

758 3048 1053 3103 cletianum
1075 3060 1131 3104 et
1160 3050 1533 3105 Eleutheriam
1568 3052 1757 3106 incidi.
1789 3074 1806 3105 ι

828 3141 942 3195 Xll.
977 3142 1128 3196 Fecit
1154 3157 1216 3196 ea
1244 3143 1346 3206 vis,
1387 3152 1447 3196 ut
1477 3144 1621 3211 apud
1654 3160 1713 3198 se
1772 3147 2065 3199 concilium
2112 3156 2334 3215 septua-

759 3234 910 3302 ginta
934 3233 1321 3302 episcoporum
1354 3233 1601 3297 haberet,
1636 3236 1983 3304 provisurus,
2018 3237 2062 3290 si
2094 3252 2201 3305 qua
2246 3252 2333 3289 ra-

763 3325 914 3379 tione
936 3323 1023 3395 ‘fas
1046 3333 1214 3387 esset,
1243 3326 1449 3379 salvam
1480 3335 1739 3394 praestare
1786 3326 1980 3396 synodi
2033 3326 2337 3382 Chalcedo—

759 3414 950 3469 nensis
980 3416 1385 3479 auctoritatem,
1417 3426 1472 3470 et
1503 3416 1888 3486 simulaliquid
1907 3417 1973 3471 de
1990 3434 2153 3472 causa
2173 3420 2337 3472 trium

764 3503 1049 3557 hominum
1084 3504 1399 3567 remittere,
1436 3504 1490 3557 id
1522 3514 1627 3562 est.
1660 3505 1897 3575 benigna
1948 3506 2184 3576 quadam
2220 3507 2329 3561 dis-

764 3595 1089 3663 pensatione
1131 3594 1441 3651 concedere
1481 3597 1753 3659 nonnihil,
1794 3613 1902 3666 qua
1951 3608 2006 3652 et
2046 3597 2340 3667 imperato-

765 3687 843 3739 ris
861 3686 1060 3741 honori
1082 3696 1424 3755 parceretur,
1443 3696 1497 3739 et
1524 3688 1910 3743 oceluderetur
1941 3705 2002 3744 os
2023 3688 2334 3759 Acephalis:

764 3786 925 3831 erant
970 3779 1117 3832 enim
1174 3778 1442 3831 invidiose
1484 3779 1782 3842 causaturi,
1840 3781 1944 3835 sibi
1995 3790 2127 3835 tunc
2171 3783 2338 3837 fuisse

765 3870 1021 3925 clausum
1043 3870 1253 3925 aditum
1277 3870 1342 3924 ad
1380 3870 1699 3936 Ecclesiam,
1757 3888 1881 3927 cum
1942 3876 2338 3929 instantissime

768 3970 1017 4031 peterent
1042 3963 1280 4017 admitti.

839 4052 1135 4107 Coetusillc
1167 4054 1388 4109 Patrmn
1414 4073 1481 4110 ex
1504 4057 1571 4109 iis
1585 4066 1809 4110 coactus
1830 4067 1914 4110 est
1935 4057 2029 4125 qui
2058 4073 2338 4126 nunquam

769 4152 1089 4197 eurvassent
1112 4161 1287 4214 genua
1321 4160 1501 4200 coram
1529 4145 1718 4209 Belial,
1738 4146 1831 4200 sed
1869 4162 2132 4215 generose
2154 4149 2340 4202 stetis-

766 4242 888 4287 sent
920 4235 1183 4288 hactenus
1211 4252 1310 4304 pru
1332 4251 1495 4291 causa
1520 4238 1638 4291 Dei.

837 4322 977 4378 Xlll.
1009 4324 1231 4379 Patrum
1279 4343 1421 4381 unus
1450 4327 1554 4381 fuit
1604 4328 1896 4383 Facundus
1934 4329 2343 4385 llcrmianeusis

765 4416 821 4468 'rn
856 4415 1039 4470 Africa
1090 4418 1404 4487 episcopus,
1456 4420 1694 4474 celebris
1738 4421 1827 4474 ille
1876 4420 2042 4474 trium
2100 4422 2339 4490 capitum

2437 1961 2736 2017 dicentium
2770 1960 3158 2015 communione
3197 1957 3533 2012 subtraxisse
3560 1973 3573 2021 ;
3606 1955 3713 2010 hoc
3743 1955 3892 2009 enim
3924 1955 4014 2008 vel

2435 2055 2481 2107 si
2510 2051 2925 2122 approbandum
2953 2066 3063 2104 non
3088 2051 3179 2114 sit,
3211 2049 3499 2104 ferendum
3530 2063 3712 2104 tamen
3732 2047 4013 2109 existimo,

2436 2161 2536 2200 nec
2562 2154 2764 2199 tantam
2790 2159 2910 2199 esse
2949 2158 3166 2198 causam
3184 2143 3392 2213 judico,
3430 2158 3531 2211 pro
3552 2157 3660 2211 qua
3680 2140 4020 2195 deberemus

2436 2257 2464 2294 a
2499 2237 2887 2293 communione
2943 2235 3317 2289 multitudinis
3358 2234 3656 2303 segregari.
3714 2232 3820 2287 Sed
3881 2230 4018 2301 quia

2434 2347 2501 2386 ex
2542 2344 2774 2399 persona
2831 2326 3106 2382 Theodori
3154 2325 3440 2394 epistolam
3480 2324 3586 2379 lbae
3628 2323 4013 2378 Nestorianam

2438 2423 2668 2494 probare
2696 2420 2874 2476 conati
2910 2427 3058 2482 sunt,
3095 2429 3149 2473 et
3172 2434 3238 2473 ex
3275 2416 3508 2488 epistola
3530 2414 3636 2471 lbte
3660 2414 3955 2488 synodum,
3980 2431 4017 2468 a

2437 2533 2543 2586 qua
2573 2526 2826 2583 suscepta
2863 2523 2965 2575 est,
3004 2512 3338 2580 improbare,
3381 2529 3397 2560 ι
3439 2518 3548 2564 etc.

2513 2605 2749 2660 Fat-undi
2790 2604 2954 2656 verba
2987 2602 3208 2665 docent,
3235 2602 3481 2655 animose
3515 2600 3700 2654 minus
3727 2608 3859 2653 tunc
3882 2606 4017 2651 tem-

2443 2699 2594 2769 poris
2617 2694 2897 2748 Theodori
2927 2693 3395 2761 Theodoretique,
3432 2708 3597 2761 quam
3630 2692 3739 2746 lbae
3787 2705 4016 2744 causam

2438 2788 2718 2842 defensam
2771 2799 2929 2838 esse:
2968 2798 3094 2836 nam
3137 2780 3486 2836 Chalcedone
3514 2780 3657 2835 lecta
3694 2780 3875 2833 fuerat
3904 2778 4019 2831 lli-.L-

2438 2877 2701 2946 cpistola,
2736 2889 2841 2925 non
2894 2874 3022 2926 item
3065 2871 3234 2924 ullum
3281 2870 3507 2924 alterius
3544 2868 3833 2937 utriusque
3870 2867 4019 2920 scri-

2440 2973 2625 3034 ptum;
2669 2977 2771 3015 nec
2825 2961 2966 3015 lecta
3013 2959 3190 3013 solum
3244 2959 3479 3026 epistola
3513 2966 3618 3020 est,
3681 2956 3779 3010 sed
3838 2954 4021 3009 videri

2441 3054 2619 3123 potuit
2657 3069 2685 3105 a
2715 3050 2968 3105 Patribus
2989 3057 3085 3102 aut
3111 3049 3428 3117 approbata,
3454 3058 3549 3102 aut
3586 3057 3735 3101 certe
3766 3061 3875 3099 non
3907 3046 4021 3099 im-

2388 3201 2405 3216 ‘
2440 3146 2709 3214 probata:
2767 3158 2875 3194 non
2918 3140 3097 3209 potuit
3149 3139 3315 3209 igitur
3347 3139 3411 3192 ad
3464 3153 3692 3192 examen
3765 3137 4021 3190 revocari

2440 3232 2559 3285 sine
2589 3229 2892 3283 offensione
2925 3228 3167 3290 Patrum,
3199 3227 3318 3280 sine
3335 3243 3440 3294 qua
3490 3236 3672 3280 tamen
3712 3224 4021 3279 examinari

2440 3324 2522 3378 fas
2551 3330 2671 3377 erat
2697 3321 2823 3385 alia,
2853 3335 2975 3390 qum.
3016 3318 3363 3374 Chalcedone
3393 3334 3460 3373 ne
3485 3320 3767 3389 proposita
3787 3318 4019 3386 quidem

2442 3416 2681 3476 fuerant,
2709 3422 2918 3468 tantum
2939 3412 3097 3466 abest
3132 3422 3193 3465 ut
3227 3413 3495 3481 probata;
3557 3412 3668 3463 imo
3702 3426 3825 3478 qua:
3856 3425 4022 3463 erro-

2441 3522 2557 3560 rem
2582 3506 2864 3559 continere
2898 3502 3135 3574 Cyrillus
3174 3503 3546 3572 impugnaudo
3582 3502 3868 3558 docuerat.

2510 3598 2813 3652 Causarum
2865 3594 3137 3666 ejusmodi
3180 3593 3463 3647 distinctio
3513 3609 3622 3646 non
3686 3594 3924 3662 primum
3963 3593 4024 3645 in

2444 3688 2620 3759 Vigilii
2663 3685 2899 3741 concilio
2927 3686 3197 3748 innotuit,
3235 3684 3330 3738 sed
3377 3685 3488 3753 jam
3542 3682 3756 3752 pridem
3800 3682 3868 3736 ab
3891 3696 4028 3735 eru-

2442 3781 2572 3834 ditis
2618 3786 2906 3848 perspecta
2952 3777 3131 3830 fuerat
3164 3794 3177 3828 :
3218 3790 3344 3828 nam
3378 3776 3546 3829 ltoma
3571 3775 3825 3843 Pelagius
3846 3814 3860 3836 ,
3892 3781 4027 3825 ante

2442 3872 2744 3925 discessum
2805 3868 3115 3937 pontificis,
3171 3866 3513 3921 Ferrandum
3568 3865 4029 3935 Carthagincnsis

2444 3964 2699 4018 Ecclesia:
2745 3962 3059 4022 diaconum,
3110 3978 3173 4014 ea
3229 3968 3559 4029 tempestate
3608 3958 3903 4019 celebrem,
3953 3956 4029 4012 de

2443 4056 2555 4108 sola
2580 4055 2687 4108 Iba:
2708 4054 2938 4122 cpistola
2963 4052 3292 4106 sententiam
3346 4058 3669 4119 rogaverat:
3708 4048 4031 4103 Fcrrandts

2443 4152 2592 4199 certe
2622 4144 2690 4197 de
2731 4145 2845 4197 sola
2903 4142 3207 4211 respondit,
3240 4150 3297 4194 et
3347 4141 3415 4195 de
3440 4141 3612 4194 solius
3638 4140 3844 4210 judicio
3882 4154 4025 4194 eon-

2443 4245 2738 4307 querentes
2754 4234 3232 4293 Chalcedonenscs
3260 4232 3452 4287 Patres
3476 4231 3817 4303 exaggeratis
3839 4231 4029 4285 verbis

2446 4328 2675 4383 inducit.
2722 4349 2738 4378 ι
2767 4327 2823 4381 ln
2878 4327 3195 4388 novissima,
3250 4324 3449 4393 inquit,
3490 4323 3896 4379 resurrectione
3942 4322 4030 4376 di-

2445 4429 2572 4476 cant
2599 4421 2700 4473 viri
2726 4418 2964 4488 religiosi
2987 4435 2999 4470 :
3027 4417 3140 4472 Cur
3164 4415 3452 4485 epistolam
3477 4415 3837 4485 reprobastis,
3863 4415 4031 4483 cujus

764 4507 1042 4571 defensor,
1098 4524 1379 4579 nunquam
1411 4512 1544 4565 satis
1586 4510 1897 4565 laudandus
1925 4553 1939 4576 ,
1988 4513 2032 4565 si
2073 4512 2332 4581 Vigilium
2372 4530 2414 4582 ι)
2444 4510 2769 4566 catholicam
2799 4525 2920 4564 esse
2949 4508 3247 4562 dictionem
3304 4508 3598 4569 sensimus,
3634 4504 3889 4567 diximus,
3937 4506 4031 4574 ju-

763 4597 961 4652 ducem
985 4599 1139 4668 sequi
1173 4601 1475 4665 maluisset,
1502 4618 1625 4656 eum
1662 4602 1813 4672 pacis
1842 4618 2005 4656 causa
2038 4604 2341 4673 prudenter

761 4690 970 4757 aliquid
992 4690 1061 4745 de
1082 4691 1314 4759 pristino
1347 4694 1525 4763 rigore
1580 4693 1818 4757 remisit,
1856 4709 2020 4763 quam
2050 4709 2175 4747 cum
2224 4694 2339 4749 suis

763 4780 911 4834 Afris
943 4796 1217 4835 summum
1244 4782 1585 4851 pontiﬁcem,
1642 4784 1784 4838 ultra
1834 4786 2158 4839 reverentia:
2218 4800 2337 4840 mo-

764 4871 920 4936 dum,
952 4887 1203 4941 arguere.

833 4962 954 5029 Quo
980 4973 1224 5033 tempore
1250 4966 1478 5035 Vigilius
1510 4967 1804 5021 concilium
1858 4970 2154 5034 contraxit,
2200 4972 2340 5041 jam~

765 5051 972 5105 dudum
1025 5053 1116 5107 ille
1167 5053 1643 5126 Constantinopoli
1688 5058 2031 5122 morabatur,
2068 5075 2237 5129 agens
2284 5062 2340 5115 in

766 5144 933 5199 rebus
965 5146 1226 5202 Ecclesia:
1281 5146 1575 5212 Africanae,
1632 5166 1993 5220 magnamque
2035 5152 2239 5208 ibidem
2289 5166 2343 5208 et

767 5234 925 5304 apud
943 5249 1073 5289 suos
1100 5238 1394 5307 collegerat
1417 5239 1684 5295 doctrinae
1734 5241 2071 5310 opinionem,
2108 5259 2215 5313 qua
2239 5243 2343 5297 fre-

770 5331 857 5375 tus
877 5323 1219 5377 conﬁdenter
1242 5340 1300 5379 se
1342 5340 1469 5379 cum
1507 5326 1810 5396 Stephano,
1839 5327 1987 5382 sedis
2028 5331 2344 5398 apostolica:

768 5413 1146 5480 apocrisiario,
1187 5415 1298 5484 jam
1364 5425 1478 5469 tum
1524 5415 1923 5471 abstinuerata
1954 5418 2343 5475 communione

768 5501 978 5559 Henna:
1006 5504 1247 5559 edictum
1281 5506 1622 5576 recipientis.
1655 5506 1815 5577 233
1846 5508 2206 5563 Abstinentiae
2224 5524 2347 5563 cau~

2440 4602 2767 4666 dicavimus,
2796 4609 2853 4655 et
2892 4599 3158 4670 judicium
3192 4607 3441 4652 nostrum
3496 4594 3896 4651 subscribendo
3932 4593 4031 4647 ﬁr-

2443 4691 2748 4747 mavimus?
2776 4691 2859 4745 An
2909 4690 3038 4758 quia
3091 4687 3423 4744 venerabilis
3475 4687 3599 4741 lbas
3644 4684 4031 4740 Alexandrina:

2442 4782 2700 4837 Ecclesiae
2721 4781 3034 4849 pontificem
3064 4786 3316 4833 sanctum
3346 4776 3719 4846 vituperavit?
3742 4774 3850 4829 Sed
3875 4775 4028 4828 idem

2443 4883 2633 4928 sancto
2653 4871 2857 4941 Cyrillo
2880 4878 3069 4941 postea
3102 4886 3160 4925 se
3202 4869 3635 4923 communicasse
3677 4866 4027 4937 signiﬁcavit.

2447 4962 2501 5017 Si
2536 4962 2850 5016 merebatur
2870 4976 2969 5031 pro
2991 4961 3135 5015 beati
3158 4958 3763 5031 Cyrillivituperationc
3786 4957 4028 5027 culpam,

2446 5055 2765 5110 merebatur
2794 5070 2893 5123 pro
2939 5061 3244 5107 restaurata
3289 5052 3680 5106 communione
3706 5066 3817 5104 non
3866 5050 4034 5102 mini-

2452 5161 2591 5199 mam
2622 5146 2871 5214 gratiam.
2909 5145 2976 5199 L’t
3029 5144 3203 5198 sancti
3258 5143 3444 5214 Cyrilli
3490 5141 3749 5212 capitula,
3806 5151 4035 5211 propter

2451 5238 2864 5307 ambiguitatem
2937 5246 2993 5291 et
3060 5236 3357 5290 locutionis
3414 5235 3846 5295 obscuritatem,
3904 5247 4032 5285 cum

2450 5328 2820 5383 Orientalibus
2840 5329 3113 5397 episcopis
3144 5343 3339 5397 parum
3362 5327 3716 5397 intelligendo
3755 5326 4030 5394 culparet,

2455 5419 2707 5473 humana:
2738 5419 2837 5473 fuit
2862 5417 3226 5472 inﬁrmitatis:
3262 5416 3424 5488 234
3455 5425 3515 5470 ut
3566 5417 3710 5471 dicta
3734 5432 3735 5439 ‘
3758 5431 3858 5469 sua
3886 5416 4032 5467 bene

2454 5509 2835 5578 interpretanti
2866 5509 3078 5563 facilius
3098 5508 3371 5571 crederet,
3404 5522 3467 5561 ac.
3505 5506 3867 5563 libentissime
3896 5521 4036 5560 cen-

2092 5668 2270 5723 SCIIU
2285 5668 2411 5722 Lle
2452 5667 2684 5723 NOTll‘Z.

840 5804 887 5839 "
919 5806 1105 5861 Anast.
1144 5807 1196 5860 in
1236 5806 1352 5861 Vita
1380 5806 1575 5877 Vigilii.

1656 5808 1701 5838 °°
1724 5804 1880 5861 Praef.
1917 5805 1982 5859 ad
2025 5806 2120 5861 lib.
2148 5821 2220 5861 xn
2251 5816 2303 5861 et
2342 5805 2397 5861 in
2430 5806 2575 5863 libro
2601 5804 2799 5863 Contra
2829 5803 3148 5861 Mocimum.
