4228 6446
234 385 333 450 185

1401 388 1763 449 HISTORIA
1800 392 2305 453 TilEUDJilETI.

3394 392 3490 455 186

231 496 503 561 sentiret,
565 498 793 553 omnino
842 499 1201 555 sacerdotalis
1263 500 1441 554 fuerat
1500 502 1813 566 charitatis,
1846 509 1887 561 A
1917 505 2046 573 quid
2081 522 2109 558 a
2143 505 2399 574 pontiﬁce
2428 506 2494 559 de
2524 504 2829 559 constantia
2861 505 3123 559 hactenus
3153 505 3207 559 in
3229 506 3495 573 capitibus

239 587 357 641 sine
390 588 510 642 ullo
552 590 845 659 dispendio
878 592 1144 646 veritatis.
1195 592 1307 647 Cur
1360 594 1647 662 epistolam
1680 609 1779 648 nos
1801 598 1817 614 ‘

232 677 652 745 damnaremus,
678 682 769 735 ubi
809 692 1065 753 tanquam
1096 686 1367 752 praeterita
1399 696 1527 739 sunt
1581 695 1814 755 utraque

231 778 478 831 narrata,
514 785 615 838 per
666 770 813 825 illius
843 773 1018 825 sancti
1060 772 1249 843 Cyrilli
1287 773 1476 827 ﬁdeles
1545 774 1818 843 interpre-

232 859 505 913 tationes?
547 861 688 930 Ipse,
729 863 843 931 ipse
873 873 1095 917 sanctus
1131 864 1365 934 Cyrillus
1398 881 1507 918 non
1546 867 1637 918 uni
1690 866 1813 928 Ibaa,

229 949 325 1002 sed
367 951 630 1018 pluribus
655 950 1027 1008 Orientalibus
1066 957 1359 1025 episcopis,
1407 956 1624 1011 auferre
1662 971 1817 1011 scan-

228 1039 413 1094 dalum
448 1043 609 1097 malae
644 1043 1014 1113 intelligentia:
1067 1048 1413 1115 properavit,
1459 1048 1596 1100 bene
1639 1048 1811 1100 inter-

228 1135 507 1201 pretando
552 1136 792 1204 capitula
830 1155 961 1191 sua:
1003 1148 1056 1192 et
1102 1155 1203 1193 nos
1256 1156 1354 1207 pro
1401 1139 1621 1209 injuriis
1674 1141 1815 1209 ejus,

230 1224 479 1277 historias
516 1226 699 1287 modo,
728 1242 851 1295 quae
898 1230 1275 1298 contigerant,
1309 1237 1673 1298 exponentem
1731 1246 1819 1285 re-

229 1314 603 1382 probaremus
630 1317 939 1385 epistolam.
975 1320 1028 1373 Si
1070 1320 1349 1374 contraria
1378 1336 1520 1375 vera:
1572 1321 1697 1374 ﬁdei
1731 1337 1817 1375 re-

227 1408 370 1469 gulis
399 1408 457 1461 in
488 1409 581 1462 illa
604 1412 834 1479 epistola
860 1414 1189 1466 venerabilis
1212 1413 1336 1467 Ibas
1360 1414 1650 1482 episcopus
1670 1414 1819 1466 locu-

232 1508 318 1550 tus
345 1500 520 1553 fuisse
557 1500 829 1565 ﬁrmatur,
855 1513 1080 1572 propter
1111 1505 1393 1573 aliquanta
1417 1506 1503 1558 vel
1541 1505 1817 1574 ambigua,

232 1587 313 1639 vel
353 1588 621 1651 obscura,
651 1606 773 1659 quas
800 1592 1009 1645 faciunt
1034 1593 1139 1646 hoc
1163 1594 1375 1657 videri;
1414 1605 1604 1648 nostra
1653 1595 1810 1649 debet

227 1692 344 1730 esse
384 1682 664 1734 sententia
694 1682 933 1736 melior:
971 1684 1100 1753 quia
1131 1700 1232 1738 nos
1292 1702 1360 1738 cx
1401 1700 1495 1739 ore
1543 1687 1681 1756 ejus,
1721 1688 1815 1755 qui

228 1766 461 1821 dictavit
491 1768 806 1837 epistolam,
870 1789 1093 1828 sensum
1148 1775 1426 1829 valuimus
1482 1778 1813 1845 investigare

231 1857 553 1913 verborum.
617 1862 904 1917 Postremo
943 1880 1115 1934 quare
1167 1875 1486 1935 putaremus
1526 1843 1812 1936 epistolam
1855 1843 1899 1902 Β

231 1954 412 2005 lavere
438 1954 718 2017 Nestorio,
764 1956 921 2025 cujus
960 1966 1176 2020 auctor,
1216 1958 1376 2013 nobis
1428 1958 1812 2028 praesentibus,

226 2043 574 2110 iubentibus,
612 2046 986 2112 audientibus,
1017 2065 1149 2104 voce
1192 2051 1313 2103 viva
1344 2048 1567 2103 minime
1593 2048 1815 2103 dubita-

230 2134 303 2189 rit
332 2137 808 2194 anathematizare
853 2141 1192 2203 Nestorium,
1252 2141 1561 2209 suscipiens
1606 2150 1813 2194 tomum

232 2240 380 2296 papae
402 2227 634 2294 Leonis,
672 2240 729 2285 et
748 2230 1152 2286 confessionem
1186 2247 1329 2286 veras
1366 2232 1492 2287 ﬁdei
1526 2231 1813 2287 nobiscum

231 2317 634 2374 subscribendo
654 2322 1026 2377 conﬁrmans?
1070 2342 1087 2374 ι
1124 2323 1247 2377 llaec
1275 2322 1601 2377 Ferrandus.

294 2409 437 2464 XIV.
479 2410 620 2467 Cum
649 2429 737 2469 res
771 2424 1032 2485 ageretur
1055 2418 1108 2469 in
1137 2416 1348 2487 synodo
1369 2415 1552 2486 Vigilii
1583 2422 1815 2470 conten-

230 2501 429 2557 tiosius
450 2519 621 2573 quam
655 2506 870 2573 utilius,
898 2522 1000 2561 nec
1022 2508 1311 2577 allulgeret
1331 2521 1456 2576 spes
1483 2506 1811 2571 concordiaa,

229 2595 438 2663 placuit
488 2596 761 2667 pontiﬁci,
821 2608 883 2653 ut
932 2601 1169 2670 quisque
1219 2600 1549 2654 sententiam
1610 2600 1816 2669 scripto

229 2686 480 2742 traderet
502 2688 645 2743 intra
674 2700 886 2760 septem
910 2690 1051 2755 dies,
1078 2706 1314 2761 quorum
1343 2690 1454 2745 duo
1484 2699 1665 2745 tamen
1690 2688 1815 2744 festi

227 2787 407 2833 erant.
435 2780 499 2834 Id
527 2790 717 2836 monet
774 2783 1086 2847 Facundus,
1136 2799 1312 2854 eoque
1356 2792 1571 2853 tempus
1616 2782 1816 2836 habitte

229 2872 424 2940 synodi
457 2887 573 2926 non
600 2874 838 2929 obscure
891 2876 1092 2930 innuit.
1143 2875 1277 2929 Nam
1320 2890 1445 2929 cum
1485 2873 1815 2927 sententiam

229 2976 384 3014 suam
434 2962 555 3031 ipse
598 2963 844 3032 pontifex
895 2965 1159 3035 scriptam
1209 2964 1425 3019 dederit
1481 2963 1814 3026 Iustiniano,

231 3061 353 3121 post
385 3053 528 3107 alias
566 3054 803 3108 aliorum
858 3056 1018 3124 paulo
1063 3065 1189 3109 ante
1238 3055 1503 3118 traditas,
1549 3069 1816 3124 suamque

232 3140 481 3196 Sabbato
527 3151 718 3197 sancto
762 3144 1101 3207 exhibuerit,
1150 3142 1203 3196 id
1245 3152 1331 3197 est
1379 3142 1467 3197 die
1527 3142 1815 3195 undecima

232 3232 477 3299 Aprilis;
520 3246 647 3286 nam
692 3232 899 3287 Pascha
928 3233 1021 3287 illo
1062 3206 1211 3286 anno
1267 3233 1319 3286 in
1376 3232 1521 3287 diem
1560 3232 1820 3286 duodeci~
1848 3206 1887 3263 ί)

231 3338 382 3377 mum
433 3323 645 3393 Aprilis
706 3324 987 3378 incidebat
1023 3341 1036 3377 :
1072 3339 1297 3378 necesse
1358 3332 1442 3378 est
1502 3324 1820 3379 inchoatam

232 3416 401 3471 fuisse
424 3415 702 3487 synodum
728 3417 818 3471 die
843 3417 1058 3472 decima
1099 3426 1249 3471 sexta
1278 3416 1479 3479 Martii,
1520 3432 1641 3485 qnzc
1684 3415 1820 3469 feria

232 3508 503 3572 secunda,
531 3508 971 3579 productamque
1000 3509 1181 3563 tribus
1226 3516 1322 3562 aut
1371 3520 1611 3577 quatu::r
1653 3507 1822 3561 actio-

233 3601 399 3656 nibus
439 3600 512 3655 ad
554 3601 804 3670 quintam
843 3616 1017 3670 usque
1069 3607 1164 3653 aut
1229 3609 1436 3653 sextam
1484 3600 1695 3652 feriam.
1733 3597 1823 3650 Sic

233 3696 378 3752 enim
400 3695 463 3751 in
486 3694 800 3765 septiduum
821 3694 931 3749 duo
955 3694 1077 3748 festi
1104 3693 1222 3747 dies
1256 3692 1521 3752 incident,
1575 3690 1821 3743 Domini-

234 3802 331 3842 cus
361 3795 421 3842 et
452 3786 890 3856 Εὐαγγελισμὲς,
914 3794 1080 3855 atque
1107 3787 1248 3840 intra
1273 3785 1529 3840 idoneum
1564 3784 1824 3853 temporis

236 3878 487 3949 spatium
526 3875 955 3943 concludentur,
998 3893 1120 3947 quae
1162 3886 1313 3947 gesta
1358 3890 1482 3930 esse
1530 3874 1825 3929 Facundus

234 3977 421 4023 narrat
450 3968 518 4021 ’¹.

299 4060 469 4128 Quod
498 4068 684 4115 autem
711 4060 915 4130 scripto
948 4060 1195 4130 pontifex
1224 4060 1542 4130 imperatori
1576 4058 1821 4121 tradidit,

233 4152 510 4208 famosum
545 4152 681 4206 illud
703 4162 787 4207 est
806 4151 1132 4213 ludicatum,
1154 4152 1299 4221 quod
1333 4168 1455 4204 emn
1484 4152 1826 4203 .Instinianns

234 4253 439 4313 praeter
465 4252 739 4299 conventa
765 4243 1061 4313 vulgasset,
1084 4242 1399 4297 Occidentis
1420 4243 1661 4295 Ecclesia
1689 4258 1825 4310 pene

236 4345 347 4391 tota
378 4337 441 4390 in
462 4334 752 4406 Vigilium,
799 4336 950 4391 velut
1001 4336 1053 4388 in
1108 4335 1303 4405 synodi
1363 4334 1827 4389 Chalcedonensis

234 4428 567 4481 violatorem
590 4424 830 4496 ﬁdeique
860 4425 1224 4489 desertorem,
1259 4434 1531 4479 commota
1563 4436 1667 4477 est.
1698 4424 1821 4479 Non

1925 597 2172 650 tuendis:
2207 596 2467 665 Acephali
2492 596 2792 664 agebantur
2838 597 2890 648 in
2940 596 3129 657 furias,
3168 611 3293 649 cum
3333 612 3495 651 suum

1920 695 2207 739 cernerent
2232 686 2297 739 de
2327 685 2518 756 synodi
2546 686 2765 739 statutis
2810 684 3205 739 labefactandis
3232 695 3490 739 conatum

1920 778 2049 831 hinc
2100 777 2272 841 eludi,
2322 777 2467 830 unde
2495 777 2797 845 juvandum
2841 777 3203 846 jactaverant.

1989 870 2183 922 Parum
2208 879 2325 923 erat
2346 869 2566 938 quidem
2593 868 2883 921 Justiniani
2917 868 3344 936 indignationem
3378 884 3494 920 mo-

1918 959 2082 1021 visse,
2114 969 2233 1011 erat
2271 960 2323 1012 in
2370 960 2525 1012 lucro
2557 957 2815 1011 etl‘crasse
2850 957 3155 1025 Acephalns
3191 975 3202 1009 :
3236 967 3290 1010 at
3334 959 3496 1010 mise-

1919 1065 2039 1103 rum
2082 1049 2185 1102 fuit.
2231 1064 2500 1101 summum
2526 1049 2839 1117 pontiﬁcem
2864 1062 2891 1099 a
2913 1046 3208 1101 Catholicis
3236 1048 3493 1100 invidiam

1918 1143 2027 1210 pati
2074 1142 2288 1195 violatae
2332 1142 2544 1211 synodi,
2580 1142 2737 1208 cujus
2782 1140 3081 1208 integritati
3116 1149 3303 1193 contra
3339 1141 3495 1192 inva-

1918 1234 2162 1288 dentinm
2213 1235 2510 1303 impetum,
2563 1249 2669 1301 qua
2719 1248 2822 1285 una
2876 1232 3087 1286 ratione
3138 1232 3250 1293 fas,
3296 1248 3496 1285 consu-

1918 1325 2081 1378 lebat.

2478 1414 2701 1470 CAPUT
2742 1414 2926 1469 XVIII.

1920 1530 1957 1583 I.
2009 1528 2164 1582 Scrvit
2208 1531 2497 1592 imperator
2556 1530 2609 1581 in
2664 1528 2929 1595 Vigilium.
2982 1528 3046 1581 11.
3096 1528 3155 1580 In
3203 1545 3353 1595 quem
3388 1529 3495 1581 dra

1992 1600 2238 1654 Ecclesia:
2278 1600 2528 1652 Romamn
2567 1599 2739 1651 clerici
2778 1598 3054 1659 rebellant,
3096 1609 3308 1666 propter
3342 1599 3496 1651 Jttdi-

1989 1679 2189 1723 catum.
2232 1671 2321 1723 111.
2372 1669 2585 1734 Ηζιὶιὶιεε
2629 1677 2929 1721 constanter
2968 1673 3135 1721 multa
3182 1670 3401 1735 patitur,
3446 1677 3494 1719 et

1990 1757 2210 1792 censura
2257 1739 2490 1807 percellit
2538 1740 2844 1807 imperatori
2891 1740 3137 1807 faceutcs.
3179 1738 3263 1790 IV.
3296 1736 3494 1804 Synodi

1996 1811 2049 1861 in
2082 1805 2315 1877 Illyrico,
2356 1809 2536 1877 Africa
2582 1805 2629 1859 ct
2666 1806 2872 1861 Galliis.
2908 1807 2967 1859 V.
3001 1805 3238 1875 Synodus
3272 1807 3491 1874 Illyrici.

2000 1880 2086 1933 VI.
2118 1876 2325 1946 African
2360 1880 2468 1931 \‘ll.
2499 1876 2659 1946 Cujus
2685 1878 2935 1945 primates
2962 1886 3213 1929 vocantur
3238 1876 3497 1930 Constan-

1996 1949 2288 2019 tinopolim.
2338 1949 2472 2001 V'III.
2526 1946 2766 2014 Synodus
2816 1946 3200 2019 Mopsuesteua,
3238 1948 3292 1999 in
3333 1963 3497 2000 causa

1994 2018 2244 2074 TlieOdori
2274 2035 2335 2071 es:
2364 2019 2616 2088 diptycliis
2647 2018 2913 2087 expuncti.

2332 2123 2406 2174 Ab
2432 2136 2562 2171 anno
2585 2122 2761 2172 Christi
2785 2121 2876 2170 518
2905 2120 2964 2170 ad
2983 2122 3090 2170 $553.

1995 2231 2032 2284 Ι.
2060 2232 2195 2285 (lum
2233 2230 2409 2283 tribus
2434 2231 2544 2283 fere
2579 2237 2701 2297 post
2729 2228 3008 2282 mensibus
3031 2228 3289 2297 periisset
3315 2227 3496 2282 Theo-

1921 2323 2053 2377 dora
2089 2325 2176 2377 lue
2213 2322 2418 2386 cancri,
2451 2322 2617 2390 coepit
2656 2321 2809 2375 orbis
2848 2322 3157 2384 universus,
3189 2321 3345 2390 quasi
3377 2338 3496 2375 ma—

1920 2416 2068 2487 ligno
2101 2414 2385 2469 morientis
2416 2414 2611 2484 spiritu
2646 2413 2878 2477 atllatus,
2916 2413 2969 2474 in
3003 2414 3283 2484 Vigilium,
3314 2421 3497 2482 spreta

1920 2507 2068 2562 sedis
2096 2505 2409 2575 apostolicae
2440 2505 2771 2567 reverentia,
2803 2503 3063 2557 insanire.
3093 2503 3227 2558 Nam
3259 2502 3497 2572 impera-

1922 2608 2007 2653 tor
2041 2600 2161 2653 dira
2201 2613 2433 2669 quaeque
2472 2596 2736 2662 minatur;
2786 2596 2915 2661 nisi,
2939 2596 3194 2650 cautione
3234 2594 3497 2659 detracta,

1918 2693 2227 2747 Judicatum
2257 2691 2325 2745 ad
2352 2691 2585 2745 formam
2617 2689 2783 2744 edicti
2815 2689 3043 2744 reﬁciat.

1993 2786 2057 2839 Il.
2095 2786 2319 2855 Ipsimet
2351 2784 2582 2839 comites
2619 2782 2801 2852 Vigilii
2841 2791 3004 2851 atque
3046 2780 3354 2845 domestici,
3380 2780 3499 2834 ani-

1923 2876 2028 2929 mis
2082 2891 2181 2945 pro
2232 2882 2476 2943 tempore
2529 2873 2909 2937 commutatis,
2964 2870 3300 2935 Judicatum,
3354 2870 3501 2940 quod

1923 2967 2088 3036 paulo
2119 2974 2245 3020 ante
2271 2965 2625 3019 laudaveram
2655 2972 2715 3017 ut
2740 2963 2983 3034 prudens
3008 2962 3135 3016 mali
3173 2962 3500 3023 remedium,

1925 3074 2049 3112 mox
2078 3057 2373 3111 traducunt
2400 3065 2656 3125 tanquam
2681 3062 2925 3126 apertam
2958 3053 3082 3109 ﬁdei
3113 3052 3499 3123 proditionem.

1924 3149 2122 3203 Clerici
2151 3149 2261 3202 duo
2283 3148 2542 3201 Ecclesia:
2570 3148 2848 3210 Romanae,
2877 3146 3135 3200 Rusticus
3154 3154 3209 3199 et
3232 3144 3502 3199 Sebastia-

1922 3254 2047 3301 nus,
2077 3253 2311 3305 quorum
2343 3252 2486 3290 unus
2522 3236 2797 3307 pontiﬁcis
2830 3252 2897 3291 ex
2935 3236 3102 3289 fratre
3131 3246 3321 3303 nepos,
3354 3232 3503 3286 ludi-

1924 3332 2029 3383 τινπί
2065 3329 2310 3398 exempla
2345 3327 2636 3398 perﬁdiose
2674 3328 2919 3397 vulgant,
2950 3326 3282 3393 mittuntque
3317 3323 3370 3376 in
3402 3321 3502 3377 Oe-

1924 3422 2195 3475 eidcntem
2259 3420 2326 3473 ad
2391 3418 2766 3474 sollicitandos
2818 3417 3051 3471 animos.
3110 3415 3241 3469 Inde
3299 3413 3501 3477 Africa,

1924 3511 2108 3574 Italia,
2155 3511 2371 3575 Galliae,
2418 3509 2726 3580 Illyricum,
2774 3506 3072 3570 Dalmatia,
3116 3504 3345 3573 aliaeque
3380 3519 3505 3573 pro-

1924 3604 2115 3656 vincize
2147 3610 2566 3661 commoventur
2598 3601 2651 3655 in
2683 3599 2962 3670 Vigilium,
2999 3612 3237 3667 eumque
3276 3595 3505 3666 prodita

1928 3696 2051 3748 liihi
2093 3704 2186 3749 aut
2222 3701 2502 3757 accusant,
2535 3700 2630 3746 aut
2668 3706 2822 3745 reum
2858 3697 3147 3761 peragunt.

1998 3790 2083 3843 III.
2121 3789 2251 3854 Quae
2278 3795 2401 3857 post
2430 3792 2637 3840 tantam
2678 3784 3100 3839 commotionem
3143 3794 3332 3837 secuta
3371 3779 3500 3843 sint,

1926 3897 2155 3952 quaeque
2182 3879 2423 3951 pontifex
2448 3887 2543 3933 aut
2565 3876 2739 3948 egerit
2764 3875 2916 3946 pacis
2939 3874 3142 3938 studio,
3164 3881 3259 3927 aut
3284 3887 3312 3926 a
3338 3870 3505 3926 Justi-

1927 3977 2092 4029 niano
2143 3981 2432 4041 tyrannum
2481 3969 2671 4023 induto
2703 3982 2898 4037 passus
2942 3965 3014 4020 sit
3039 3965 3119 4030 ";
3150 3979 3257 4034 qua
3294 3962 3505 4017 ratione

1922 4069 2029 4135 jam
2068 4065 2341 4136 pmnitens
2379 4062 2446 4116 de
2488 4061 2641 4115 irrita
2673 4056 3102 4128 dispensatione,
3137 4054 3383 4108 Judicato
3420 4068 3506 4106 re-

1928 4166 2108 4226 Cepto,
2145 4154 2366 4207 redierit
2404 4152 2469 4205 ad
2514 4150 2801 4221 pristinam
2841 4147 3007 4201 trium
3046 4146 3284 4214 capitum
3314 4147 3330 4163 ‘
3361 4144 3503 4198 inte-

1928 4262 2077 4313 gram
2101 4243 2507 4305 defensionem;
2533 4237 2807 4307 quomodo
2835 4234 3164 4305 templorum
3191 4232 3341 4303 ason
3363 4232 3504 4286 tueri

1929 4353 2008 4400 se,
2042 4336 2274 4404 fugaque
2306 4339 2363 4385 et
2398 4330 2653 4384 altarium
2685 4325 2974 4395 complexu
3014 4332 3236 4378 coactus
3262 4323 3365 4386 sit;
3398 4337 3505 4391 qua

1931 4432 2164 4484 militum
2207 4424 2410 4479 ferocia
2438 4439 2468 4477 a
2503 4435 2655 4477 sacra
2684 4433 2872 4473 mensa
2914 4415 3081 4471 fuerit
3113 4414 3360 4479 avulsus;
3399 4429 3507 4482 qua

236 4519 337 4575 fuit
371 4529 566 4574 tamen
592 4533 692 4573 cur
713 4526 1175 4580 commoveretur,
1211 4516 1400 4571 audito
1436 4516 1669 4569 Judicati
1719 4532 1819 4570 no—
1856 4539 1897 4592 ι)
1934 4520 2188 4572 [trinitate
2222 4514 2391 4570 animi
2421 4521 2478 4568 et
2499 4510 2852 4565 Theodorum
2876 4506 3266 4563 Caesariensem
3296 4514 3351 4558 et
3379 4519 3508 4557 suos

238 4614 431 4667 mine:
486 4611 598 4665 hoc
646 4612 798 4666 enim
843 4610 1076 4681 Vigilius
1122 4625 1324 4664 nomen
1374 4610 1581 4677 scripto
1624 4618 1825 4679 praeter

237 4719 451 4760 morem
491 4702 743 4768 fecerat,
798 4718 911 4772 quo
949 4711 1160 4758 vetaret
1198 4717 1529 4772 quemquam
1577 4700 1822 4763 credere,

240 4794 565 4869 synodicam
588 4808 711 4849 esse
760 4791 1161 4856 deﬁnitionem,
1188 4793 1281 4847 sed
1314 4794 1585 4862 privatum
1630 4790 1827 4844 dunta-

238 4896 332 4941 xat
362 4883 781 4957 praejudicium.

303 4976 717 5033 Continebatnr
734 4974 982 5029 Judicato
1020 4975 1187 5028 trium
1217 4974 1458 5043 capitum
1508 4973 1819 5028 damnatio:

243 5068 340 5125 sed
365 5068 477 5122 hac
502 5066 784 5129 cautione,
819 5074 885 5120 nt
915 5065 984 5121 de
1013 5065 1269 5136 personis
1313 5066 1595 5128 sileretur,
1647 5073 1701 5119 et
1737 5065 1823 5118 in-

245 5172 401 5233 tegra
465 5167 655 5215 essent
696 5158 889 5228 synodi
952 5167 1179 5215 statuta.

310 5251 514 5308 Cautio
558 5249 929 5305 Iustinianum
976 5248 1243 5313 oﬁ‘cndit,
1274 5247 1558 5302 damnatio
1630 5248 1824 5310 bonos,

246 5354 486 5415 utraque
519 5342 819 5413 Augustam
842 5358 905 5396 ac
936 5341 1262 5411 Acephalos.
1311 5340 1707 5411 Indignabatur
1735 5340 1827 5395 Ju-

246 5435 521 5491 stinianus
560 5434 822 5497 edictum,
859 5447 970 5503 quo
1006 5431 1370 5487 invehebatur
1400 5432 1455 5485 in
1493 5430 1652 5501 235
1701 5446 1826 5500 per-

247 5545 433 5593 sonas,
498 5525 829 5595 reprehendi
865 5544 876 5578 :
920 5524 1178 5580 dolebant
1232 5524 1380 5587 boni,
1416 5522 1703 5577 remissum
1732 5522 1829 5575 ali-

1926 4612 2188 4666 diaconos
2232 4606 2403 4661 sacris
2454 4601 2830 4664 interdixerit,
2879 4597 3240 4666 Mennamque
3280 4603 3336 4649 et
3371 4594 3510 4648 alios

1924 4700 2212 4769 episcopos
2253 4696 2543 4766 ipsumque
2584 4689 2935 4745 Theodorum
2977 4687 3045 4742 ad
3080 4687 3295 4740 veniam
3336 4685 3510 4752 culpa:

1925 4789 2256 4845 exorandam
2302 4784 2578 4857 adegerit;
2625 4781 2757 4852 quid
2800 4796 2926 4835 cum
2977 4777 3316 4849 Illyricianis,
3349 4775 3511 4852 236

1927 4883 2105 4947 Afris,
2152 4880 2356 4944 Gallis,
2400 4874 2758 4931 oﬂ‘ensionem
2798 4872 2975 4941 passis
3014 4870 3274 4941 gesserit;
3309 4867 3511 4936 quibus

1927 4972 2221 5029 Justiniani
2258 4968 2515 5041 perjuriis
2553 4967 2745 5020 illusus
2781 4963 2873 5029 sit,
2909 4978 3127 5034 quaque
3174 4960 3341 5015 animi
3380 4973 3509 5011 con-

1931 5066 2151 5127 stantia,
2182 5072 2373 5132 etquo
2398 5061 2523 5114 vita:
2550 5064 2866 5126 contemptu
2909 5054 3071 5110 morti
3111 5068 3210 5122 pro
3247 5050 3509 5119 religione

1933 5174 1992 5211 se
2032 5153 2328 5217 obtulerit;
2373 5164 2533 5220 quam
2572 5149 2825 5202 luctuosa
2860 5146 3098 5214 denique
3132 5140 3299 5196 fuerit
3338 5153 3509 5193 anno-

1934 5264 2055 5300 rum
2084 5256 2319 5315 quatuor
2349 5241 2577 5295 historia
2609 5256 2621 5292 :
2648 5247 2833 5293 narrat
2866 5238 2981 5307 ipse
3013 5234 3255 5305 pontifex
3283 5232 3335 5285 in
3366 5230 3505 5283 litte-

1934 5338 2029 5401 ris,
2061 5337 2263 5405 quihus
2300 5332 2493 5403 partim
2533 5329 2880 5385 Theodorum
2907 5328 3273 5394 diaconosque
3295 5336 3500 5376 excom-

1934 5427 2209 5488 municat,
2274 5424 2493 5494 partim,
2533 5418 2900 5475 communiter
2942 5416 3262 5476 Ecclesium,
3306 5411 3509 5466 amicos

1936 5521 2213 5590 privatim,
2251 5518 2317 5572 de
2354 5515 2466 5569 suis
2504 5514 2669 5567 rebus
2698 5512 2878 5567 docet.
2917 5512 3149 5565 Narrant
3189 5506 3352 5561 etiam
3397 5504 3508 5556 cle-

1626 5657 1947 5712 SClIL‘IlSI
1990 5653 2213 5710 ΝΟΤᾹῖ.

321 5761 363 5790 ⁹¹
395 5760 451 5815 lu
486 5758 582 5812 lib.
618 5757 698 5812 Art
724 5758 948 5813 Hociau.
1031 5761 1074 5792 θ’
1109 5755 1305 5815 Paucis
1343 5771 1406 5812 ea
1472 5754 1788 5825 complexus
1823 5761 1904 5809 est
1948 5751 2263 5811 Carnerius.
2313 5764 2431 5817 qua!
2484 5745 2803 5800 memoriam
2865 5740 3040 5810 “Silii
3066 5738 3204 5793 mal?
3234 5736 3298 5791 ad
3325 5744 3505 5804 ῐνθδίε·

252 5846 341 5887 ros
369 5828 841 5887 commendarunt.
