4228 6446
756 378 854 444 [ST

1878 388 2254 450 GARNERII
2298 391 2790 452 DISSERTATIO
2832 391 2878 449 Ι.

3926 402 4025 464 188

754 491 851 543 rici
905 489 1071 543 Italia:
1094 530 1107 550 ,
1161 490 1361 544 libellis
1414 491 1488 543 ad
1538 491 1746 560 legatos
1800 492 2139 550 Cbildeberti
2194 500 2337 569 regis
2368 509 2407 560 Α
2440 498 2583 551 enim
2621 512 2747 565 pars
2777 512 2970 565 magna
2998 495 3325 549 miserabilis
3363 504 3686 558 conventus,
3718 497 3811 563 qui
3848 496 4024 551 demi-

753 582 1086 635 l"rancorum
1118 583 1279 638 datis.

825 671 913 726 IV.
948 673 1104 727 [lisce
1134 674 1335 728 litteris
1356 673 1666 744 libellisque
1702 684 1938 739 constat,
1969 678 2038 732 ab
2061 680 2338 750 episcopis

752 764 973 836 Illyrici,
1004 766 1302 819 Galliarum
1348 775 1406 819 et
1438 766 1635 822 Africa:
1668 768 1905 837 synodos
1938 771 2243 827 celebratas
2282 773 2335 827 in

751 873 914 911 causa
961 858 1125 911 trium
1176 859 1455 928 capitum;
1508 860 1601 914 sed
1654 860 1707 913 in
1752 860 1819 914 iis
1865 862 2111 918 modeste
2159 863 2336 933 egisse

748 946 954 1012 Gallos,
994 950 1313 1004 iracundius
1357 952 1589 1022 lllyrios,
1614 952 1775 1006 Afros
1805 968 1904 1022 pro
1943 956 2102 1024 genio
2135 958 2333 1026 gentis.

749 1038 1105 1095 Stomachum
1151 1041 1351 1112 Illyriis
1392 1043 1585 1103 movit,
1621 1043 1770 1112 quod
1812 1059 1938 1098 suas
1972 1061 2163 1114 preces
2194 1047 2338 1116 Vigi-

748 1129 857 1185 lius
897 1130 1147 1201 factaque
1172 1134 1523 1202 precantibus
1568 1135 1838 1204 promissa
1879 1137 2152 1204 sprevisse
2187 1138 2337 1192 video

749 1231 905 1275 retur
937 1240 950 1276 :
980 1223 1139 1278 Afros
1163 1233 1357 1279 natura
1385 1225 1632 1281 fervidos
1653 1229 1907 1282 accendit
1932 1227 2173 1282 Facundi
2203 1230 2338 1285 alio-

748 1328 983 1385 rumque
1032 1317 1243 1380 relatio,
1298 1334 1408 1372 non
1457 1318 1686 1388 simplex
1735 1328 1791 1373 et
1832 1320 2069 1383 sincera,
2113 1322 2231 1385 scd,
2277 1329 2337 1376 ut

747 1404 889 1458 solet
922 1405 992 1458 ab
1022 1406 1195 1469 iratis,
1227 1407 1553 1462 invidiosius
1590 1408 1797 1478 scripta
1834 1426 1845 1461 :
1880 1408 2154 1463 Gallorum
2195 1418 2337 1465 tem-

749 1498 996 1565 perantia
1026 1514 1091 1551 ex
1117 1514 1185 1552 eo
1211 1499 1411 1561 elucet,
1442 1500 1587 1569 quod
1624 1500 1691 1554 de
1723 1500 1856 1569 ipsis
1882 1501 2121 1569 capitum
2149 1500 2336 1555 defen-

749 1600 902 1639 sores
933 1587 1070 1639 nihil
1116 1588 1393 1642 memoriae
1436 1589 1803 1657 prodiderint,
1840 1589 2107 1658 prodituri
2143 1593 2332 1659 procul

750 1674 938 1739 dubio,
964 1676 1009 1730 si
1044 1677 1173 1746 quid
1214 1680 1470 1736 acerbius
1499 1689 1713 1749 gestum
1743 1689 1908 1734 esset.

818 1767 896 1821 De
944 1768 1243 1825 Galliarum
1294 1771 1503 1842 synodo
1543 1774 1706 1826 silent
1751 1773 2015 1843 temporis
2057 1783 2329 1837 auctores,

2440 591 2557 642 nari
2594 589 2765 642 voluit
2794 590 2847 641 in
2883 597 3045 657 caput
3077 589 3347 643 universae
3374 588 3650 642 Ecclesize.
3691 608 3708 639 ε
3748 589 3872 643 Post
3896 606 4021 644 con-

2439 680 2677 733 sulatum
2723 678 2928 739 Basilii,
2959 678 3159 745 inquit,
3189 677 3292 730 viri
3316 677 3605 731 clarissimi
3631 692 3759 730 ann.
3790 694 3842 737 ι,
3877 678 4027 733 Afri-

2438 772 2560 824 cani
2597 771 2871 824 antistites
2901 771 3159 839 V'igilium
3190 771 3497 823 Romanum
3529 769 3846 838 episcopum
3873 770 4030 825 dam—

2438 870 2688 916 natorem
2731 863 2897 916 trium
2936 862 3300 930 capitulorum
3330 860 3666 932 synodaliter
3694 876 3722 915 a
3748 860 4025 917 catholica

2439 954 2847 1016 communione,
2890 963 3170 1007 reservato
3207 955 3259 1007 ei
3300 953 3640 1023 pamitentia:
3666 953 3808 1017 loco,
3846 954 4029 1008 reclu~

2438 1044 2609 1109 dunt;
2644 1054 2700 1099 et
2732 1060 2833 1114 pro
2866 1045 3185 1099 defensione
3226 1054 3649 1099 memoratorum
3682 1045 3847 1099 trium
3876 1047 4028 1114 capi-

2437 1136 2678 1190 tulorum
2728 1136 2943 1190 litteras
2988 1136 3119 1190 satis
3170 1136 3395 1189 idoneas
3434 1136 3743 1190 Justiniano
3782 1136 4027 1206 principi

2438 1239 2536 1294 per
2560 1225 2869 1295 Olympium
2900 1225 3309 1295 Magistrianum
3340 1226 3586 1279 mittunt.
3621 1244 3639 1275 ι

2512 1311 2802 1381 Postquam
2846 1327 2913 1366 eo
2947 1328 3123 1381 usque
3155 1312 3390 1366 vesaniae
3430 1313 3670 1367 Africam
3712 1312 3847 1367 falsa
3897 1314 4025 1368 reli-

2436 1403 2615 1473 gionis
2651 1404 2843 1457 umbra
2897 1404 3207 1473 mentisque
3239 1406 3456 1459 caecitas
3487 1405 3722 1474 impulit,
3753 1404 4025 1459 Constan-

2437 1494 2663 1563 tinopoli
2700 1494 3009 1557 Facundos,
3035 1494 3216 1564 specie
3238 1496 3607 1563 respondendi
3632 1496 3878 1551 Mociano
3904 1498 4025 1551 cui-

2398 1606 2401 1609 λ
2436 1582 2561 1636 dam
2588 1593 2921 1638 conventum
2953 1584 3218 1653 culpanti,
3249 1584 3425 1653 reipsa
3452 1585 3507 1638 in
3535 1585 3792 1653 Vigilium
3820 1585 4025 1641 acerbe

2437 1670 2597 1723 simul
2638 1680 2693 1725 et
2740 1673 3079 1726 ealunmiose
3129 1674 3382 1728 invectus
3426 1684 3545 1739 est,
3597 1674 3805 1744 scripto
3847 1674 4018 1741 libro,

2438 1776 2546 1829 quo
2592 1763 2776 1818 nullus
2815 1774 2911 1819 aut
2956 1765 3284 1819 virulentior
3319 1781 3442 1819 esse
3474 1774 3658 1834 queat,
3696 1776 3793 1819 aut
3838 1767 4023 1836 impu-

745 1872 849 1911 nec
899 1860 1036 1912 certi
1088 1860 1388 1930 quidquam
1438 1863 1579 1917 seire
1625 1864 1785 1929 licet,
1830 1866 1945 1920 sive
1993 1884 2061 1922 ex
2109 1868 2328 1935 litteris,
2365 1832 2406 1888 Β
2435 1849 2674 1905 demim-

746 1960 885 2015 quas
924 1948 1250 2003 Aurelianus
1284 1950 1639 2013 Arelatensis,
1673 1954 1767 2020 qui
1808 1956 2075 2025 synodum
2115 1958 2327 2024 habuit,

745 2052 843 2105 per
883 2040 1229 2093 Auastasinm
1277 2041 1429 2095 dedit
1469 2042 1534 2096 ad
1586 2045 1925 2112 pontiﬁcem,
1983 2050 2096 2104 sive
2142 2066 2207 2105 ex
2249 2067 2331 2106 rc-

743 2130 951 2199 scripto
980 2133 1254 2200 pontificis
1285 2152 1296 2187 :
1336 2151 1458 2189 nam
1489 2137 1772 2205 perierunt
1802 2140 2079 2196 Aureliani
2112 2145 2330 2208 litterae,

744 2228 803 2272 et
844 2235 1168 2289 responsum
1217 2223 1523 2291 pontiﬁcis,
1577 2227 1724 2293 quod
1774 2227 2030 2292 habetur,
2079 2247 2147 2286 ex
2195 2248 2333 2302 pra:-

742 2311 950 2379 scripto
987 2312 1303 2367 Graecorum
1348 2314 1661 2370 confectum
1709 2317 1899 2384 fuisse,
1938 2322 2105 2377 Italiae
2144 2323 2331 2377 clerici

742 2416 1099 2473 queruntur:
1137 2407 1412 2477 conjicere
1458 2417 1637 2462 tamen
1680 2425 1748 2464 ex
1792 2428 2055 2482 responso
2103 2414 2185 2468 fas
2226 2424 2330 2481 est,

744 2496 929 2551 missis
975 2513 1005 2552 a
1040 2498 1267 2552 Rustico
1304 2506 1361 2553 et
1396 2499 1721 2555 Sebastiano
1760 2504 1813 2556 in
1846 2504 2051 2559 Gallias
2087 2507 2331 2576 scriptis,

743 2598 995 2642 vocatum
1029 2590 1196 2644 fuisse
1225 2591 1480 2659 Vigilium
1506 2591 1562 2646 in
1590 2594 1959 2663 suspicionem
1984 2608 2330 2669 oppugnatae,

743 2696 854 2733 non
895 2680 1360 2737 Chalcedonensis
1409 2692 1643 2748 tantum,
1688 2687 1785 2740 sed
1833 2688 1998 2740 etiam
2045 2690 2334 2758 Ephesinte

743 2774 962 2842 synodi,
997 2775 1107 2827 imo
1143 2785 1200 2829 et
1237 2776 1483 2845 epistola:
1522 2776 1724 2831 Leonis
1763 2778 1830 2831 ad
1871 2779 2186 2835 Flavianum
2220 2798 2234 2834 :
2277 2782 2332 2835 in

744 2862 850 2918 hoc
880 2866 1029 2919 enim
1058 2868 1291 2921 crimine
1325 2869 1660 2922 removendo
1686 2878 1831 2924 totus
1853 2880 1954 2925 est.
1982 2873 2119 2927 lllud
2150 2882 2333 2929 autem

743 2952 978 3006 nefanda
1020 2954 1209 3008 fraude
1241 2956 1492 3010 scelerati
1531 2958 1785 3013 homines
1824 2963 2158 3029 persuadere
2186 2964 2332 3019 nite-

742 3043 964 3107 bantur,
999 3055 1128 3099 tunc
1155 3064 1280 3101 cum
1311 3048 1616 3103 Judicatum
1657 3051 1711 3104 in
1755 3055 2066 3121 provincias
2105 3057 2332 3113 missum

742 3130 1033 3186 laudarent
1080 3151 1091 3185 :

743 3239 870 3278 nem
911 3226 1159 3281 criminis
1203 3243 1266 3281 ea
1318 3238 1510 3297 parte,
1552 3248 1660 3299 qua
1707 3235 2038 3303 parcebatur
2083 3240 2335 3306 personis

746 3318 1079 3371 Theodoreti
1130 3328 1189 3372 et
1231 3320 1366 3383 lbae;
1417 3321 1711 3376 artiﬁciose
1749 3325 1897 3378 enim
1942 3328 2213 3393 parcitum
2251 3328 2331 3381 id—

745 3408 916 3471 circo,
938 3410 1102 3477 'quod
1131 3419 1363 3478 uterque
1404 3411 1724 3467 crederetur
1757 3430 1786 3467 a
1827 3415 2043 3485 Vigilio,
2076 3433 2186 3471 non
2216 3419 2335 3472 sine

742 3499 886 3571 iusta
931 3515 1115 3559 causa,
1158 3509 1215 3553 et
1251 3500 1607 3556 Theodorum
1649 3506 2084 3571 commendasse,
2130 3518 2187 3563 et
2234 3509 2336 3580 Cy-

749 3591 933 3643 rillum
968 3591 1279 3645 danmasse.

821 3682 881 3734 ν.
918 3684 992 3735 De
1035 3683 1378 3753 Illyricorum
1419 3696 1693 3741 conventu
1734 3687 1783 3741 id
1818 3690 1977 3743 tradit
2010 3691 2194 3745 Victor
2223 3692 2335 3747 Tu-

747 3772 1012 3824 nonensis
1049 3791 1061 3824 :
1101 3792 1117 3822 ‹
1153 3774 1275 3827 Post
1308 3775 1657 3830 consulatum
1690 3777 1870 3831 Basilii
1908 3780 2009 3832 viri
2046 3781 2334 3835 clarissimi

748 3879 892 3917 anno
919 3880 992 3925 ix,
1025 3864 1389 3934 lllyrieianam
1421 3866 1687 3937 synodum
1724 3869 1776 3921 in
1814 3870 2133 3926 defensione
2172 3873 2335 3927 trium

747 3957 989 4024 capitum
1023 3957 1336 4011 Iustiniano
1372 3956 1619 4026 Augusto
1658 3960 1963 4027 scripsisse,
2000 3971 2055 4015 et
2090 3963 2335 4018 Benena-

750 4057 866 4101 tum
898 4048 1088 4116 primre
1115 4048 1435 4103 Justiniana:
1463 4050 1779 4119 episcopum
1804 4051 2222 4109 obtrectatorem
2248 4074 2339 4109 eo-

752 4140 1002 4193 rumdem
1034 4140 1195 4194 trium
1226 4142 1466 4209 capitum
1494 4143 1908 4197 condemnasse.
1948 4163 1964 4193 ι
2000 4144 2193 4201 Annus
2223 4149 2335 4213 ille,

751 4246 915 4297 quem
948 4246 1101 4284 more
1132 4246 1232 4283 suo
1266 4246 1474 4285 nonum
1514 4240 1692 4297 vocat,
1723 4241 1777 4286 et
1818 4234 1871 4286 in
1912 4250 2022 4302 quo
2062 4236 2336 4293 Theodori

750 4322 963 4377 obitum
998 4322 1184 4385 refert,
1227 4323 1404 4392 reipsa
1440 4332 1667 4378 octavus
1701 4324 1826 4387 fuit,
1858 4342 1965 4393 qua
2003 4328 2215 4382 ratione
2246 4330 2336 4385 alii

753 4429 1048 4467 numerare
1098 4414 1308 4475 solent,
1357 4424 1521 4482 atque
1571 4414 1645 4467 ita
1686 4415 2159 4484 quingentesimus
2201 4434 2338 4487 qua-

1141 3134 1361 3189 aiebant
1408 3137 1679 3205 siquidem
1722 3142 1995 3198 contineri
2031 3146 2330 3201 eonvictio-
2360 3170 2401 3226 ο

2505 1943 2562 1996 ld
2606 1960 2737 1997 vero
2786 1948 3018 1999 maxime
3060 1948 3114 1999 in
3162 1962 3230 2000 eo
3275 1947 3573 2003 defendere
3606 1948 3825 2011 nititur,
3870 1949 4021 2018 quod

2434 2032 2812 2091 incredibilem
2862 2038 3098 2092 habebat
3144 2038 3429 2101 invidiam,
3474 2056 3747 2095 summum
3801 2040 4026 2110 pontiﬁ-

2434 2140 2554 2179 cem
2599 2127 2668 2181 ab
2708 2129 2986 2183 Africanis
3039 2132 3425 2185 communione
3484 2148 3594 2186 non
3646 2149 3768 2188 esse
3827 2136 4025 2189 exclu-

2434 2235 2555 2274 sum
2586 2238 2599 2273 :
2631 2222 2917 2276 contendit
2954 2224 3103 2277 enim
3144 2240 3174 2277 a
3212 2225 3393 2293 seipso
3438 2226 3743 2291 exclusum,
3782 2244 3908 2281 cum
3966 2229 4025 2284 in

2432 2312 2677 2367 Judicato
2709 2330 2811 2370 suo
2846 2316 3136 2369 anathema
3177 2317 3411 2382 diceret,
3445 2328 3505 2373 ut
3538 2319 3653 2388 ipse
3683 2320 3907 2388 quidem
3939 2324 4029 2375 in-

2436 2413 2791 2475 terpretatur,
2828 2407 3083 2461 Patribus
3112 2407 3457 2464 Chalcedone
3494 2412 3858 2480 congregatis,
3896 2414 4027 2467 toti-

2434 2514 2540 2566 que
2574 2498 2832 2553 Ecelesia:
2863 2501 3164 2563 catholicae,
3191 2511 3357 2571 atque
3388 2503 3526 2557 adeo
3550 2503 3839 2559 Africanae.

2506 2587 2633 2643 Post
2654 2589 2822 2641 multa
2854 2589 3021 2658 igitur
3058 2592 3387 2661 impotenter
3414 2593 3626 2648 effutita
3660 2620 3674 2647 .-
3718 2616 3734 2645 ι
3766 2596 3910 2660 llaze,
3939 2597 4026 2651 in-

2434 2678 2575 2748 quit,
2612 2679 2945 2743 snllicerent,
2982 2681 3025 2735 si
3058 2683 3381 2746 adversarii,
3411 2702 3551 2754 quos
3583 2696 3639 2741 et
3669 2687 3783 2755 ipse
3813 2690 4024 2757 culpat.

2435 2785 2545 2823 non
2595 2771 2895 2826 inferentes
2936 2774 3227 2827 anathema
3273 2773 3708 2833 Chalcedonensi
3761 2782 4023 2843 concilio,

2436 2877 2615 2930 neque
2654 2863 2707 2915 in
2764 2879 2863 2917 nos
2904 2880 3117 2926 omnes,
3152 2867 3168 2883 ‘
3213 2864 3308 2919 sed
3360 2866 3566 2934 aliquid
3604 2868 3868 2923 adversus
3903 2872 4029 2937 ejus

2436 2953 2813 3006 auctoritatem
2850 2963 3123 3023 gerentes,
3167 2954 3267 3022 ipsi
3298 2956 3481 3023 potius
3511 2972 3541 3009 a
3575 2957 3735 3009 nobis
3758 2958 3861 3011 sul)
3892 2975 4027 3013 ana-

2438 3046 2676 3099 themate
2712 3046 3107 3100 damnarentur
3142 3065 3154 3099 :
3186 3064 3332 3102 nunc
3372 3056 3555 3102 autem
3597 3050 3704 3103 illis
3730 3050 3894 3119 impie
3926 3067 4026 3120 ge-

2438 3138 2706 3201 rentibus,
2737 3147 2793 3191 ct
2825 3154 2926 3191 nos
2954 3153 3017 3191 ac
3044 3139 3233 3193 Patres
3267 3149 3486 3195 nostros
3514 3142 4031 3196 auathematizanti-

2438 3226 2561 3288 bus,
2604 3242 2832 3294 seseque
2880 3243 2978 3296 per
3022 3228 3125 3281 hoc
3168 3228 3460 3283 anathema
3502 3231 3916 3298 segregantibus
3956 3234 4031 3285 ah

2438 3319 2692 3373 universa
2721 3318 2927 3373 Christi
2968 3320 3240 3385 Ecclesia;
3279 3335 3379 3373 nos
3416 3321 3511 3389 qui
3544 3321 3656 3375 Deo
3691 3333 3932 3391 regente,
3971 3326 4028 3377 in

2436 3421 2664 3480 paterna
2702 3411 2973 3466 sententia
3016 3421 3071 3465 et
3114 3414 3501 3468 communione
3534 3425 3869 3483 perstanius;
3901 3432 4029 3481 nos,

2438 3504 2681 3572 inquam,
2712 3503 2765 3556 in
2792 3505 3033 3559 Ecclesia
3054 3506 3362 3569 constituti,
3385 3506 3472 3559 cui
3503 3506 3762 3560 dixerunt
3794 3508 4031 3563 anathe-

2438 3608 2544 3653 ma,
2562 3592 2853 3646 statuimus
2874 3593 3177 3647 seeundum
3192 3594 3518 3650 Christianae
3538 3598 3817 3665 religionis
3836 3598 3969 3651 obse
3980 3616 4033 3651 r-

2435 3685 2699 3747 vantiam,
2717 3701 2824 3738 non
2845 3686 3252 3739 communicare
3274 3687 3596 3741 ahEcelesia
3615 3689 3963 3758 segregatis“
3978 3735 3988 3743 .
4006 3712 4022 3740 ι

2508 3776 2648 3841 Quid
2700 3777 2855 3845 plura
2905 3777 3176 3845 proferam
3229 3794 3292 3830 ex
3347 3778 3508 3840 libro,
3546 3795 3657 3846 quo
3708 3796 3816 3832 uno
3861 3781 4032 3833 rolle-

2438 3876 2580 3922 ctam
2617 3867 2907 3938 duodecim
2937 3868 3062 3921 aliis
3098 3868 3361 3922 doctrinae
3405 3877 3569 3937 atquc
3603 3870 3767 3923 etiam
3805 3870 4033 3938 pietatis

2450 3937 2657 4012 famam.
2697 3960 3191 4026 inquinavit?Qu:e
3241 3958 3455 4012 felicior
3494 3960 3815 4015 exstitisset.
3859 3968 4032 4030 atque

2440 4048 2605 4102 etiam
2650 4047 2993 4117 prudentior,
3032 4048 3076 4099 si
3123 4046 3409 4099 cltaritatis
3452 4046 3723 4114 impulsu,
3767 4047 4030 4115 Vigitium

2440 4148 2663 4193 secutus
2703 4138 2895 4192 fuisset
2929 4138 3242 4191 studentem
3290 4139 3431 4206 paci,
3475 4154 3576 4192 nec
3618 4138 4031 4193 Donatistarum

2440 4247 2594 4284 more
2625 4229 2866 4283 Africam
2898 4229 3018 4282 orbi
3050 4230 3401 4297 praetulisset.

2512 4324 2626 4377 VII.
2654 4323 2947 4391 Postquam
2978 4320 3225 4374 auditum
3250 4330 3333 4373 est
3364 4321 3419 4374 in
3446 4321 3585 4373 urbe
3618 4322 3765 4390 regia
3791 4322 3857 4374 de
3885 4321 4034 4375 Afri-

2442 4431 2575 4469 cana
2622 4412 2849 4482 synodo,
2899 4413 3149 4480 lectaque
3198 4412 3581 4479 episcoporum
3624 4411 3691 4464 ad
3736 4413 4037 4480 imperato.

753 4503 1096 4573 dragesimus
1136 4513 1364 4557 octavus
1409 4504 1651 4569 Christi,
1702 4507 1998 4561 Iustiniani
2045 4510 2339 4564 vicesimus
2372 4509 2415 4565 D
2447 4522 2558 4560 rem
2604 4506 2793 4557 relatio
2838 4519 2937 4572 per
2974 4503 3384 4572 Magistrianum
3425 4501 3611 4562 missa,
3654 4502 3857 4569 placuit
3899 4502 4033 4557 inde

752 4595 1052 4657 secundus,
1078 4610 1107 4648 a
1132 4596 1386 4648 Kalendis
1409 4596 1631 4665 Aprilis.
1661 4597 1889 4665 Oportet
1916 4599 2081 4667 igitur
2105 4601 2334 4670 Illyrios,

752 4686 936 4739 statim
968 4685 1158 4738 audito
1188 4686 1381 4738 nuntio
1414 4686 1481 4740 de
1516 4686 1749 4739 Judicali
1788 4688 2050 4741 missione
2090 4689 2156 4742 ad
2191 4690 2348 4753 Men:

754 4792 913 4839 nam,
960 4775 1306 4829 concurrisse
1347 4776 1415 4835 ad
1458 4777 1617 4846 237
1648 4778 1939 4847 synodum,
2002 4780 2120 4842 sed,
2165 4791 2223 4834 ut.
2255 4792 2339 4836 est

756 4868 836 4921 ira
870 4881 1112 4935 praeceps
1142 4881 1204 4919 ac
1240 4866 1577 4929 turbulenta,
1611 4869 1949 4923 tumultuose
1982 4880 2037 4923 et
2073 4871 2337 4939 iajuriose

755 4973 869 5010 rem
920 4957 1124 5025 egisse;
1171 4973 1329 5019 nam,
1363 4967 1419 5010 et
1466 4958 1536 5010 ab
1588 4958 1743 5014 iratis
1786 4960 2060 5029 episcopis
2092 4979 2339 5016 summus

755 5048 1001 5116 pontifex
1040 5048 1262 5117 indigna
1302 5064 1494 5117 passus
1522 5057 1628 5113 est,
1664 5058 1719 5104 et
1747 5050 2056 5105 Benenatus
2089 5069 2118 5106 a
2147 5053 2337 5107 subdi-

755 5140 828 5193 tis
860 5139 1184 5201 damnatus,
1228 5148 1285 5193 et
1331 5139 1629 5208 imperator
1677 5142 1747 5196 ab
1795 5142 2021 5211 ingratis
2058 5145 2197 5198 male
2236 5146 2332 5199 ba-

755 5228 925 5282 bitus.

828 5322 915 5374 Vl.
948 5321 1055 5375 Sed
1084 5337 1227 5375 anno
1257 5331 1522 5391 sequente
1546 5322 1763 5391 longius
1788 5324 2040 5378 Afrorum
2075 5326 2344 5394 impoten-

756 5416 829 5469 tia
867 5414 1137 5482 prorupit,
1166 5416 1216 5467 id
1250 5433 1401 5476 ausa,
1434 5414 1583 5483 quod
1616 5431 1644 5468 a
1681 5418 1897 5469 nemine
1928 5418 2193 5472 hactenus
2222 5427 2339 5471 ten-

758 5516 952 5559 tatum.
990 5508 1183 5561 Narret
1217 5508 1400 5561 Victor
1442 5508 1556 5576 ipse
1601 5509 1715 5561 suis
1759 5509 1967 5563 facinus
2012 5526 2199 5574 suum;
2240 5510 2343 5564 fuit

2445 4610 2676 4649 evocare
2708 4594 3012 4662 praecipuos
3043 4591 3324 4660 prmsules,
3357 4592 3507 4641 \elnt
3534 4590 3599 4642 ad
3631 4591 4031 4644 tectnnenieam

2444 4683 2734 4752 synodum.
2759 4683 3038 4735 Venerunt
3066 4681 3329 4748 primates
3362 4680 3525 4747 238
3561 4677 3692 4740 duo,
3726 4677 4036 4746 ltrparatus

2446 4774 2949 4831 Procousularium.
2984 4772 3199 4825 Firmus
3234 4770 3624 4833 Numidarum;
3665 4770 3861 4837 reliqui
3901 4787 4034 4838 pro-

2446 4865 2750 4919 vinciarum
2811 4864 3061 4916 seniores
3110 4863 3381 4915 miserunt
3434 4862 3658 4929 legatos.
3711 4859 3852 4923 Quid
3898 4877 4033 4913 ιρι-υ

2442 4956 2915 5025 Constantinopoli
2952 4956 3185 5023 egerint,
3214 4970 3321 5023 qua
3351 4953 3651 5022 pertinacia
3683 4950 3907 5005 tulerint
3936 4953 4030 5004 alii

2443 5049 2657 5109 exsilia,
2690 5048 2781 5101 alii
2823 5063 3076 5100 carceres
3124 5062 3221 5115 pro
3268 5047 3445 5098 tribus
3486 5044 3761 5112 capitulis,
3794 5060 3900 5111 qua
3944 5059 4035 5097 ra—

2446 5139 2867 5209 tionequidam,
2897 5138 3008 5191 sive
3036 5137 3296 5205 prmmiis,
3329 5137 3441 5189 sive
3468 5136 3677 5190 sedinm
3703 5133 4027 5201 cupiditate,

2446 5233 2773 5285 recesserint
2808 5232 2861 5284 in
2900 5239 3081 5298 partes
3109 5227 3426 5289 Justiniani,
3467 5234 3651 5279 narrat
3694 5225 3879 5278 Victor
3920 5223 4033 5277 Tu~

2445 5323 2727 5386 nonensis,
2772 5340 2874 5375 nec
2910 5340 2966 5375 se
3014 5320 3333 5375 illaudatum
3382 5334 3503 5373 esse
3547 5318 3706 5382 sinit;
3756 5317 3797 5370 si
3843 5334 4033 5371 tamen

2447 5416 2619 5485 ipsius
2641 5424 2725 5467 est
2754 5430 2879 5482 pars
2897 5423 3138 5465 extrema
3161 5410 3439 5471 Cbronici,
3466 5408 3612 5478 quod
3634 5425 3740 5461 non
3775 5425 3919 5460 reor.

2522 5506 2652 5559 Vlil.
2688 5506 2823 5559 Dum
2863 5504 2977 5557 lucc
3014 5501 3067 5555 in
3103 5500 3270 5556 variis
3300 5500 3489 5554 mundi
3536 5499 3786 5570 partibus
3826 5513 4033 5567 gerun-

2105 5645 2416 5702 SCllULZl
2454 5643 2681 5698 δυτλσὶ.

836 5730 877 5758 ’³
911 5736 1027 5799 Qua
1064 5740 1287 5794 ratione,
1324 5747 1429 5789 etc.
1461 5736 1789 5790 llaneanimi
1830 5739 2101 5793 levitatem
2144 5750 2370 5794 testatur
2399 5739 2771 5792 Consulatum.
2808 5737 2874 5791 de
2923 5748 3029 5803 ςυο
3058 5732 3165 5787 th-
3194 5745 3436 5799 ερρυοηε
3461 5738 3617 5797 UP“!
3661 5727 3739 5781 ‘9'

773 5806 1012 5860 facundi
1044 5807 1135 5862 lib.
1170 5811 1298 5861 Adv.
1350 5806 1665 5862 Marianum.

3817 5724 3857 5755 °"
3901 5724 4029 5780 Vid.
