4228 6446
225 387 325 454 189

1404 395 1764 456 HISTORIA
1802 395 2155 455 TllEODOll
2167 398 2304 456 E'l'l.

3381 398 3479 463 190

224 514 336 569 tur,
386 502 816 575 Hcpsuestiam,
860 521 982 576 qua:
1029 507 1222 563 civitas
1266 505 1471 564 Cilicia:
1518 507 1806 571 secundae,
1835 510 1882 565 Α
1909 521 2111 561 annum
2147 509 2269 571 £90,
2300 518 2391 562 aut
2414 510 2577 562 etiam
2609 508 2733 572 480,
2762 504 3109 562 intercessit:
3141 524 3265 562 nam
3295 510 3477 565 Theo-

219 597 486 652 convcnit
510 613 657 651 anno
680 598 803 664 550,
830 598 919 654 die
958 599 1022 652 l7
1050 598 1220 665 Junii,
1246 600 1484 670 synodus
1512 598 1804 655 Justinlani

218 688 429 744 litteris
469 699 699 744 evocata
746 708 759 743 :
812 690 1103 746 evocanda:
1146 706 1309 745 causa
1362 706 1497 761 non;
1526 692 1634 746 alia
1680 690 1803 754 fuit,

220 796 390 848 quam
434 789 500 836 ut
565 780 863 851 provinciae
915 781 1083 835 totius
1131 782 1521 850 senidrumque
1571 780 1807 834 civitatis

223 872 549 925 testimonio
579 880 875 935 constaret,
909 870 1257 926 Theodorum
1301 871 1641 941 Mopsuestia;
1676 870 1806 924 olim

221 965 577 1033 episcopum,
600 963 924 1033 jamdudum
958 963 1011 1017 in
1040 964 1155 1033 ipsa
1185 978 1281 1017 sua
1316 963 1560 1017 Ecclesia
1584 962 1807 1016 damna-

223 1064 341 1108 tum
375 1056 572 1118 fuisse,
613 1055 845 1124 ideoque
870 1071 938 1110 ex
965 1056 1138 1110 sacris
1159 1054 1431 1125 diptychis
1451 1062 1804 1123 expunctum.

223 1144 280 1199 ld
309 1146 601 1215 satagebat
631 1147 952 1215 imperator,
990 1144 1185 1215 partim
1216 1152 1278 1198 ut
1302 1142 1639 1198 satisfaceret
1672 1155 1808 1212 pon-

225 1236 359 1290 tifici
398 1237 623 1306 neganti
666 1252 725 1291 se
761 1251 921 1306 posse
952 1228 1315 1291 Theodorum"
1339 1235 1616 1298 damnare,
1652 1234 1808 1304 cujus

226 1328 279 1382 in
311 1328 580 1383 Ecclesia:
609 1344 741 1397 pace
772 1328 1018 1383 defuncti
1062 1327 1326 1381 memoria
1362 1342 1429 1381 eo
1467 1340 1637 1395 usque
1671 1324 1810 1379 infa-

226 1427 371 1471 mata
401 1432 517 1471 non
547 1417 751 1482 fuerat;
780 1420 979 1486 partim
1011 1423 1071 1471 ut
1098 1415 1287 1480 edicti,
1324 1430 1434 1484 quo
1458 1413 1807 1468 Theodorum

224 1507 457 1575 perinde
496 1516 662 1577 atque
690 1505 980 1577 Origenem
1016 1504 1415 1576 proscribebat,
1457 1504 1682 1558 formam
1714 1502 1809 1557 de-

224 1597 509 1663 fenderet;
545 1599 746 1667 partim
786 1599 922 1654 alias
958 1598 1029 1653 ob
1056 1612 1269 1661 causas,
1302 1612 1440 1667 quas
1467 1610 1568 1651 suo
1598 1595 1652 1650 in
1685 1594 1808 1651 loco

223 1688 615 1743 discessimus.

291 1781 611 1835 Adfuerunt
650 1794 842 1834 omnes
876 1780 1175 1851 provincia:
1207 1779 1449 1850 episcopi
1475 1779 1541 1832 ".
1586 1776 1808 1832 Praefuit

222 1872 466 1928 Joannes
507 1872 806 1937 Anazarbi,
855 1888 951 1929 seu
996 1872 1497 1941 Justinianopoleos
1538 1870 1803 1924 antistes:

224 1966 402 2020 vocati
439 1981 635 2020 omnes
673 1966 741 2018 de
785 1966 954 2028 clero,
990 1966 1347 2035 senioresque
1372 1965 1693 2035 Optimatum
1730 1961 1807 2017 ci-

230 2055 411 2110 vitatis
434 2074 448 2109 :
473 2056 686 2125 prolata
703 2055 959 2127 diptyeha
983 2056 1149 2111 trium
1175 2070 1434 2126 generum
1458 2070 1524 2109 ex
1551 2053 1806 2107 Ecclesia:

222 2148 465 2204 cimelic.
510 2148 788 2212 Constitit,
836 2157 947 2203 tum
994 2147 1305 2203 testimonio
1347 2147 1647 2209 seniorum,
1691 2153 1804 2198 tum

226 2239 617 2311 diptychornm
664 2241 1035 2310 inspectione,
1086 2254 1191 2294 nec
1255 2238 1586 2308 appellatum
1638 2235 1805 2290 fuisse

226 2338 349 2382 ante
399 2331 687 2395 Sexaginta
738 2343 945 2392 annos,
989 2342 1092 2383 nec
1149 2327 1474 2396 inscriptum
1532 2322 1806 2395 diptychis

228 2420 504 2475 Theodori
544 2437 765 2485 nomen,
812 2422 906 2476 sed
942 2421 1061 2492 ejus
1089 2420 1210 2475 loco
1240 2419 1594 2474 substitutum
1629 2415 1805 2488 Cyril-

227 2511 337 2564 lum
366 2510 752 2565 Alexandrina:
780 2510 1035 2564 Ecclesia:
1061 2508 1369 2579 prresulem.
1400 2508 1473 2562 De
1503 2523 1561 2561 re
1588 2515 1697 2560 tota
1722 2522 1801 2560 re-

228 2601 395 2656 latum
430 2609 517 2655 est
554 2600 828 2672 synodieis
865 2600 1083 2664 litteris,
1119 2609 1176 2653 et
1209 2597 1276 2654 ad
1316 2599 1714 2666 imperatorem,
1750 2602 1807 2651 et

230 2695 293 2747 ad
332 2709 616 2748 summum
660 2691 977 2762 pontiﬁcem
1016 2709 1028 2744 :
1070 2690 1124 2745 id
1165 2692 1309 2745 enim
1352 2690 1604 2743 tractoria
1635 2688 1804 2743 Justi-

230 2788 425 2843 nianus
456 2786 733 2855 expressis
760 2784 945 2838 verbis
973 2790 1219 2848 caverat,
1248 2797 1354 2851 qua
1382 2781 1493 2835 sive
1531 2788 1666 2843 arte,
1692 2779 1807 2832 sive

232 2880 441 2942 fraude,
478 2879 532 2932 id
570 2885 811 2941 cautum,
838 2877 971 2931 alias
995 2875 1366 2946 exposuimus.

294 2969 551 3025 Mirabile
598 2983 768 3038 porro
816 2976 901 3021 est
946 2967 1219 3037 primum,
1271 2964 1517 3019 seniores
1570 2965 1809 3022 civitatis

228 3065 463 3127 nescire,
496 3077 608 3131 quo
645 3070 889 3131 tempore
928 3059 1102 3112 deleri
1136 3073 1335 3111 nomen
1369 3057 1642 3112 Theodori
1679 3074 1810 3113 con-

1909 598 2153 660 doretus,
2177 599 2415 668 quandiu
2445 599 2599 661 vixit,
2621 615 2727 668 qua
2758 608 2878 652 erat
2905 599 3047 666 apud
3072 598 3267 654 Cilices
3290 612 3479 655 aucto-

1911 688 2090 751 ritate,
2123 705 2340 758 quoque
2382 703 2510 757 erga
2554 688 2901 743 Theodorum
2937 689 3141 754 studio,
3180 692 3479 747 obstitissd

1908 780 2109 832 acriter
2165 788 2271 832 tam
2325 780 2591 849 injurioso
2642 780 2903 834 adversus
2952 781 3188 835 amicum
3237 784 3474 835 conatui.

1906 868 2027 923 Non
2061 885 2191 939 ergo
2218 870 2495 940 diptycbis
2527 870 2801 924 sublatum
2842 887 3042 926 nomen
3084 871 3358 927 Theodori
3395 885 3479 929 est

1908 968 2033 1013 ante
2061 977 2263 1015 annum
2296 962 2419 1025 458,
2450 976 2629 1031 neque
2661 961 2827 1014 etiam
2863 971 2985 1031 post
3017 962 3155 1028 490;
3186 979 3311 1017 nam
3342 964 3481 1019 Mar-

1909 1051 2082 1122 tyrius
2109 1052 2413 1122 presbyter,
2439 1053 2533 1123 qui
2565 1054 2689 1124 jure
2725 1052 3091 1122 interrogatus
3125 1064 3231 1116 est,
3260 1065 3480 1126 octogee

1907 1144 2098 1196 narius
2124 1153 2242 1197 erat
2271 1159 2413 1197 anno
2439 1144 2561 1208 550,
2590 1160 2714 1198 cum
2751 1144 2804 1198 in
2841 1145 3049 1214 synodo
3091 1156 3386 1200 testaretur
3420 1162 3479 1202 se

1908 1242 2034 1286 ante
2071 1234 2347 1303 sexaginta
2377 1249 2548 1288 annos
2580 1233 2837 1288 Ecclesia:
2867 1233 3259 1303 Mopsuestenm
3299 1236 3478 1289 inser-

1909 1327 2026 1382 vire
2065 1328 2328 1397 ccepisse,
2366 1342 2468 1382 nec
2501 1328 2774 1382 audivisse
2828 1342 3092 1395 unquam,
3132 1327 3275 1381 inter
3324 1343 3479 1383 sacra

1908 1420 2160 1490 diptyeha
2191 1418 2440 1489 legenda,
2469 1420 2795 1488 appellatum
2831 1418 3128 1479 Theodori,
3164 1417 3257 1472 sed
3289 1417 3477 1487 Cyrilli

1909 1527 2137 1576 nomen;
2169 1514 2278 1565 imo
2303 1526 2427 1564 cum
2455 1525 2562 1563 non
2589 1510 2881 1563 admodum
2913 1524 3101 1563 recens
3124 1524 3243 1563 esse
3274 1509 3481 1562 debue—

1908 1603 1983 1657 rit
2022 1602 2246 1665 factum,
2280 1618 2390 1670 quo
2426 1610 2671 1671 tempore
2707 1617 2874 1656 senex
2902 1602 2991 1656 ille
3022 1602 3074 1653 in
3104 1601 3311 1654 clerum
3341 1602 3481 1655 asci-

1911 1702 1998 1745 tus
2032 1700 2135 1755 est,
2162 1692 2405 1760 alioquin
2445 1691 2513 1746 de
2552 1707 2608 1745 re
2645 1702 2797 1745 tanta
2834 1691 3087 1746 nonnihil
3121 1692 3386 1755 audisset,
3410 1692 3478 1745 ad

1909 1783 2231 1847 delendam,
2283 1793 2376 1837 aut
2437 1785 2629 1837 saltem
2697 1785 3091 1837 obscurandam
3159 1785 3476 1838 memoriam

1908 1890 2046 1945 opus
2090 1876 2193 1930 fuit
2244 1876 2428 1945 aliquo
2478 1885 2756 1946 tempore,
2797 1887 2925 1945 puta
2971 1876 3237 1931 decennio
3270 1893 3283 1928 :
3314 1886 3479 1945 atque

1908 1966 1982 2020 ita
2029 1966 2369 2037 probabilius
2417 1968 2553 2021 nihil
2597 1967 2706 2023 dici
2748 1976 2957 2037 potest,
3000 1981 3162 2036 quam
3207 1966 3474 2036 ejusmodi

1906 2059 2294 2115 obductionem
2320 2059 2517 2113 factam
2549 2067 2676 2113 ante
2706 2075 2907 2113 annum
2938 2060 3061 2112 480.
3090 2058 3195 2112 Sed
3221 2074 3331 2127 quo
3362 2068 3479 2110 tan-

1905 2149 2030 2203 dem
2067 2150 2240 2203 anno?
2275 2150 2395 2204 Non
2425 2150 2553 2211 alio,
2586 2149 2802 2217 opinor,
2840 2164 3000 2217 quam
3041 2164 3149 2217 quo
3184 2148 3481 2202 Basiliscus

1910 2241 2248 2312 tyrannidem
2274 2241 2561 2310 occupavit
2590 2240 2658 2310 (is
2679 2249 2763 2294 est
2787 2239 2931 2309 475),
2963 2256 3182 2309 quoque
3208 2239 3474 2300 edictum,

1907 2332 2171 2387 suadente
2216 2331 2494 2385 Zenonide
2540 2345 2733 2393 uxore,
2766 2330 3027 2384 adversus
3069 2329 3479 2384 Chalcedonen-

1907 2440 2021 2479 sem
2046 2424 2309 2494 synodum
2341 2424 2396 2475 in
2430 2422 2739 2492 provincias
2768 2421 2932 2474 misit.

1978 2516 2133 2581 Quod
2164 2515 2208 2569 si
2235 2530 2419 2568 verum
2450 2514 2596 2568 istud
2623 2521 2728 2575 est,
2758 2520 2818 2565 ut
2845 2522 2991 2565 certe
3016 2520 3259 2579 apparet,
3292 2511 3477 2564 mirari

1906 2608 2175 2677 quispiam
2231 2608 2353 2675 jure
2407 2612 2606 2673 queat,
2662 2602 3091 2672 improbissimas
3151 2601 3475 2655 feminarum

1909 2707 2019 2752 tres
2066 2708 2257 2751 contra
2299 2695 2649 2750 Theodorum
2699 2709 3001 2764 pugnasse,
3054 2709 3395 2762 pugnamque
3447 2709 3477 2747 a

1908 2790 2184 2843 Zenonide
2230 2788 2561 2849 inchoatam,
2592 2803 2620 2840 a
2666 2785 2952 2839 Tbcndora
2997 2794 3324 2847 consertam,
3358 2800 3481 2854 per-

1908 2889 2081 2935 actam
2118 2878 2296 2948 Vigilii
2338 2877 2465 2932 odio
2507 2877 2575 2930 ab
2607 2876 2900 2939 Antonina,
2934 2875 3328 2928 famulantibus
3370 2877 3480 2929 sin—

1907 2973 2151 3043 gularum
2176 2969 2507 3038 impotentia:
2532 2967 2738 3021 uxoriis
2762 2966 2992 3029 maritis,
3018 2966 3296 3027 Basilisco,
3314 2968 3426 3021 Just
3439 2968 3481 3020 i-

1908 3064 2091 3123 niano,
2127 3071 2181 3115 et
2216 3059 2498 3113 Belisario.
2550 3058 2654 3112 Sed
2704 3059 2817 3111 haec
2856 3057 3008 3119 alias,
3051 3065 3109 3110 ut
3137 3056 3271 3120 dixi,
3305 3057 3479 3112 fusius

228 3156 440 3227 tigerit;
475 3153 674 3208 deinde
700 3152 911 3206 nullum
936 3151 991 3204 in
1016 3149 1287 3221 diptychis
1315 3149 1493 3203 litura:
1518 3150 1803 3218 vestigium
1833 3166 1874 3222 ο
1912 3154 2154 3223 exposita
2187 3161 2334 3205 sunt.

224 3247 525 3307 exstitisse,
560 3251 653 3297 aut
687 3244 731 3297 si
776 3242 897 3305 fuit,
940 3242 995 3294 in
1030 3240 1310 3310 Aeta_non
1354 3241 1584 3294 relatum
1613 3258 1625 3295 :
1653 3241 1806 3296 deni-

224 3356 328 3409 que
373 3337 645 3410 Cyrillum
697 3351 797 3405 pro
843 3333 1131 3388 Theodoro
1177 3332 1486 3386 sulfectum.
1535 3333 1804 3398 Mirabile,

226 3432 475 3501 inquam,
522 3438 628 3488 est,
678 3443 803 3481 cum
844 3423 1137 3495 aliquando
1173 3424 1497 3479 Theodorus
1529 3426 1672 3479 inter
1722 3441 1809 3479 sa-

224 3540 313 3580 cra
364 3522 630 3594 mysteria
682 3517 1021 3589 coepiscopis
1053 3526 1442 3571 annumeratus
1478 3518 1549 3572 sit
1588 3536 1600 3571 :
1630 3533 1810 3572 annu-

226 3618 549 3671 merabatur
630 3622 812 3673 certe,
871 3626 995 3664 cum
1067 3608 1358 3663 Historiam
1431 3600 1809 3664 Theodbretus

224 3707 539 3760 absolveret
597 3716 741 3755 anno
788 3698 909 3762 450,
938 3698 1271 3766 summisque
1330 3698 1582 3753 laudibus
1624 3699 1806 3752 virum

224 3797 362 3850 fama
396 3796 679 3849 celebrem
713 3798 950 3845 ornaret.
980 3787 1266 3853 Quomodo
1300 3788 1467 3859 igitur
1498 3790 1633 3844 tanti
1665 3798 1808 3844 tam-

224 3904 327 3957 que
370 3886 667 3941 insolentis
714 3882 837 3937 faeti
882 3882 1029 3937 nulla
1077 3882 1339 3937 remansit
1372 3883 1657 3944 memoria,
1686 3899 1810 3937 cum

223 3976 373 4032 orbis
416 3977 535 4031 fere
584 3976 751 4030 totius
796 3976 1192 4031 celeberrimus
1235 3976 1507 4043 interpres
1559 3972 1809 4043 Scriptu-

226 4085 298 4125 ra:
362 4076 575 4124 sancte
647 4068 971 4124 Theodorus
1044 4066 1292 4125 audiret?
1345 4065 1630 4132 Quomodo
1702 4074 1810 4118 tam

225 4163 470 4218 recentia
538 4161 764 4217 fuerunt
833 4162 1227 4232 Mopsuestenaa
1300 4160 1559 4214 Ecclesiae.
1630 4158 1811 4229 dipty-

225 4255 347 4318 cba,
380 4270 510 4323 qua:
548 4255 603 4307 in
648 4254 1069 4324 quibuseunque
1114 4254 1234 4307 aliis
1280 4251 1542 4307 Ecclesiis
1588 4260 1814 4321 propter

226 4355 567 4401 vetustatem
620 4346 675 4399 in
728 4346 909 4415 pretio
960 4345 1339 4399 habebantur?
1384 4341 1669 4409 Quomodo
1714 4356 1812 4410 pa—

230 4440 603 4494 triarcharum
636 4452 800 4503 unus,
827 4446 884 4492 et
918 4439 972 4491 in
1000 4438 1177 4491 aliena
1218 4436 1464 4498 dioecesi,
1486 4445 1541 4489 et
1570 4435 1812 4488 minores

228 4530 370 4585 inter
386 4530 692 4599 episcopos
719 4529 1083 4583 censebatur?
1110 4527 1273 4597 239
1293 4525 1576 4592 Quomodo
1608 4524 1675 4578 ad
1701 4523 1807 4595 Cy-

228 4620 327 4674 rilli
374 4633 586 4672 nomen
637 4625 746 4671 tam
791 4618 1053 4672 inusitato
1098 4617 1262 4671 modo
1306 4616 1592 4670 recitatum
1644 4630 1807 4671 nemo

229 4711 404 4774 haesit,
433 4719 492 4765 et
534 4711 751 4764 curiose
795 4725 992 4765 causas
1019 4709 1167 4773 facti,
1193 4725 1300 4763 non
1339 4707 1630 4762 admodum
1661 4718 1808 4762 vete-

229 4801 318 4866 ris,
352 4800 647 4871 quaesivit?
683 4799 808 4853 llaec
846 4810 901 4853 et
937 4800 1063 4864 alia,
1099 4806 1160 4851 ut
1196 4797 1607 4851 admirationem
1638 4798 1806 4851 velte-

228 4900 509 4954 mentem,
588 4889 667 4943 sic
732 4889 1051 4943 nonnullam
1129 4887 1526 4942 dubitationem
1587 4903 1808 4943 movere

228 4989 443 5052 queunt
482 4980 696 5034 homini
738 4995 845 5033 non
884 4979 1237 5033 vehementer
1278 4977 1523 5041 credulo,
1557 4993 1627 5032 ne
1668 4977 1810 5034 forte

232 5072 307 5138 id,
330 5071 605 5143 quidquid
632 5079 735 5133 est,
760 5071 976 5126 concilii
1001 5087 1031 5125 a
1050 5069 1356 5125 Iustiniano
1382 5069 1623 5138 pontifici
1661 5069 1809 5123 frau-

232 5164 351 5217 dem
380 5163 675 5227 moliente,
700 5163 1061 5233 excogitatum
1096 5162 1186 5224 sit,
1216 5171 1270 5215 et
1308 5178 1405 5231 per
1444 5162 1811 5231 obsequentes
1840 5157 1859 5167 ’

235 5257 521 5309 ministros
547 5262 847 5324 peractum.

300 5346 455 5411 Quod
486 5346 533 5400 si
563 5344 750 5399 nullus
777 5345 849 5399 sit
876 5344 1201 5398 dubitationi
1237 5345 1409 5408 locus,
1443 5352 1663 5413 oportet
1696 5360 1813 5397 mtt-

236 5444 340 5491 tata
371 5438 547 5492 fuisse
574 5436 831 5507 diptycha
855 5453 920 5492 eo
949 5438 1211 5508 temporis
1238 5438 1546 5501 intervallo,
1572 5437 1716 5507 quod
1746 5437 1814 5491 ab

237 5528 385 5583 obitu
414 5527 888 5597 Tlteodoreti,qui
922 5530 1145 5600 contigit
1173 5546 1316 5584 anno
1349 5531 1449 5585 4-37
1479 5540 1572 5585 aut
1602 5528 1723 5592 458,
1746 5528 1811 5583 ad

2490 3260 2715 3316 CAPUT
2751 3259 2892 3314 XIX.

1907 3357 1949 3411 1.
1989 3355 2208 3424 Vigilius
2247 3353 2499 3406 consentit
2540 3353 2593 3404 in
2633 3352 3029 3405 celebrationem
3074 3349 3297 3413 concilii,
3330 3350 3482 3424 modo

1979 3422 2088 3479 tota
2127 3425 2207 3478 illi
2240 3440 2400 3476 causa
2441 3424 2797 3489 permittatur;
2837 3424 2974 3491 quod
3007 3423 3294 3488 imperator
3316 3422 3479 3489 jura-

1979 3506 2059 3547 tus
2099 3495 2372 3563 promittit.
2414 3492 2480 3545 ll.
2522 3491 2816 3563 Theodorus
2856 3490 3364 3563 Cap_pndo.1_:_au_¢_'tor
3404 3499 3481 3543 est

1980 3559 2306 3633 imperatori,
2334 3570 2398 3633 fut
2447 3563 2629 3633 datant
2669 3560 2828 3627 ﬁdem
2876 3560 3063 3633 fallat.
3099 3560 3187 3633 11]ἐ
3234 3559 3481 3633 Edictum

1978 3629 2230 3686 adrersus
2274 3632 2377 3684 tria
2420 3630 2661 3698 ,capitula
2692 3633 3002 3700 proponitur
3046 3629 3098 3682 in
3139 3629 3391 3700 Ecclesia,
3433 3638 3481 3681 et

1982 3705 2250 3766 recipitur.
2281 3703 2367 3756 IV.
2404 3701 2615 3769 Vigilius
2655 3698 2707 3751 in
2751 3698 3051 3768 recipientes
3089 3698 3481 3769 animadvertit.

1982 3776 2044 3828 ν.
2080 3765 2283 3826 Manna:
2312 3765 2534 3824 succedit
2574 3765 2877 3839 Eutychius,
2908 3778 2955 3821 et
2992 3768 3311 3839 l’igilioidat
3337 3765 3481 3819 litte-

1982 3861 2070 3909 ras
2101 3858 2208 3896 sua?
2237 3842 2377 3908 ﬁdei,
2410 3837 2874 3909 synodum‘haberi
2910 3837 3243 3909 rogans._Yl.
3281 3837 3484 3909 Annuit

1984 3908 2215 3978 Vigilius.
2237 3905 2355 3964 'Vll.
2396 3905 2650 3963 Indicitur
2674 3910 2900 3979 synodus
2926 3905 3112 3979 adleA
3129 3907 3305 3959 Nonas
3330 3905 3481 3979 Maii.

1982 3974 2114 4036 V'l'll.
2159 3981 2391 4034 Habetur
2432 3988 2535 4031 toto
2576 3996 2680 4033 uno
2704 3974 2918 4032 'mense.
2954 3977 3043 4031 IX.
3082 3976 3284 4041 Quarta
3318 3974 3485 4027 colla-

1984 4054 2121 4105 tione
2152 4061 2205 4105 et
2232 4059 2383 4115 parte
2416 4050 2610 4116 quinta:
2644 4065 2803 4102 causa
2843 4048 3091 4101 Theodori
3140 4043 3484 4116 Mopsuestcni

1984 4124 2179 4188 agitur.
2210 4114 2277 4173 Χ.
2320 4114 2500 4174 Altera
2541 4127 2692 4188 parte
2726 4120 2920 4188 quinta'
2959 4133 3118 4188 causa
3163 4114 3480 4188 Theodoreti.

1983 4184 2075 4246 XI.
2111 4190 2238 4256 Qua:
2269 4192 2367 4259 ipsi
2400 4184 2620 4259 objecta.
2652 4184 2987 4259 XIILScribit
3016 4185 3367 4259 Constitutum
3398 4184 3477 4259 lfi'

1984 4253 2160 4332 gilius,
2188 4262 2241 4332 in
2283 4253 2383 4332 quo
2410 4253 2719 4332 nominatim
2750 4256 3051 4332 Theodoreti
3083 4270 3361 4332 personant
3385 4253 3484 4332 de-

1986 4324 2168 4401 fendit,
2200 4324 2494 4401 doctrinam
2521 4329 2760 4401 da_n_mat_.
2791 4326 2930 4401 Xlll.
2971 4324 3486 4401 Anathema‘d‘icitur

1986 4393 2017 4454 a
2050 4399 2266 4454 cbucilio
2305 4398 2541 4467 operibus
2575 4396 2900 4467 Theodoreti,
2937 4406 2984 4447 et
3024 4411 3202 4449 eorum
3245 4393 3485 4461 defenso-

1987 4471 2143 4524 ribus.
2386 4467 2524 4521 XIV.
2574 4465 2910 4539 Quwiopera
2950 4467 3268 4539 datnnentur
3288 4481 3332 4539 ξι
3362 4479 3489 4539 φη.-

1984 4530 2234 4611 σέιὶοηαῖ
2263 4530 2400 4611 Sola:
2438 4530 2859 4605 reprehensiones
2892 4534 3244 4604 capitulorum
3270 4530 3486 4602 Cyrilli,

1984 4609 2054 4664 an
2083 4609 2192 4663 alia
2220 4610 2380 4662 etiam
2404 4622 2585 4677 Opera.

2318 4697 2394 4747 Ab
2418 4709 2545 4745 anno
2566 4692 2742 4743 Christi
2768 4694 2858 4741 35l8
2883 4694 2941 4741 ad

1984 4805 2023 4857 l.
2056 4804 2348 4871 Postquam
2378 4801 2519 4855 duos
2554 4800 2668 4854 fere
2703 4806 2846 4851 totos
2877 4812 3049 4850 annos
3076 4810 3321 4850 summus
3350 4809 3480 4871 pon-

1915 4894 2043 4948 tifex
2073 4903 2128 4946 ct
2162 4868 2460 4959 imperator
2494 4888 2877 4946 dimicassent,
2910 4884 2999 4938 ille
3040 4884 3343 4953 apostolico
3380 4868 3492 4951 Spi-

1915 4986 2046 5045 ritu,
2070 4983 2161 5036 bic
2203 4981 2487 5053 tyrannica
2535 4977 2737 5034 animo,
2774 4975 3113 5030 celebratum
3151 4983 3234 5027 est
3271 4972 3489 5026 tandem

1916 5076 2168 5146 quintum
2211 5073 2525 5133 concilium,
2558 5067 2754 5137 Vigilio
2787 5066 2983 5135 partim
3019 5066 3255 5125 volente,
3291 5064 3489 5133 partim

1918 5166 2108 5220 invito.
2139 5164 2256 5218 .lam
2290 5163 2414 5216 inde
2439 5160 2657 5229 quidem
2685 5158 2753 5212 ab
2786 5156 2943 5210 initio
2977 5154 3164 5207 haberi
3199 5169 3490 5208 consense-

1914 5267 2017 5321 rat,
2048 5257 2141 5310 sed
2172 5256 2224 5308 in
2250 5253 2456 5314 Sicilia,
2486 5266 2594 5320 quo
2622 5248 2963 5304 commodius
2989 5244 3275 5313 utriusque
3305 5243 3492 5317 Eccle-

1911 5350 2005 5404 sia:
2029 5349 2286 5417 pnesules
2308 5344 2692 5406 convenirent;
2720 5340 2990 5409 repulsam
3014 5352 3227 5405 passus,
3247 5348 3491 5388 assense-

1918 5449 2002 5494 rat
2028 5439 2144 5509 cogi
2176 5439 2228 5492 in
2262 5438 2398 5490 urbe
2428 5435 2596 5505 regia,
2628 5432 2789 5485 modo
2820 5431 3028 5499 integra
3056 5427 3221 5480 trium
3251 5426 3489 5494 capitu’m

1918 5546 2105 5593 causa,
2142 5528 2388 5582 rescissis
2431 5525 2687 5579 omnibus
2720 5524 2983 5577 hactenus
3022 5535 3083 5573 ca
3113 5518 3179 5572 de
3217 5534 3272 5572 re
3302 5520 3487 5588 gestis,

1582 5683 1893 5739 SCIIULZII
1942 5680 2171 5738 ΝΟΤᾹΞ.

294 5766 353 5798 ⁸⁸
381 5776 500 5832 Yid.
540 5776 704 5841 intra,
744 5775 959 5831 dissert.
997 5777 1061 5832 ad
1104 5777 1292 5848 synod.
1325 5794 1376 5846 ν,
1413 5794 1532 5848 cap.
1570 5779 1671 5834 ult.
