4228 6446
766 382 855 447 191

1888 383 2263 442 GAliNERlI
2305 378 2798 438 DI'SSER'I'ATIO
2837 380 2885 437 Ι.

3916 378 4017 443 192

751 489 962 544 ςγιιιὶάο
991 491 1421 559 permitteretur.
1457 490 1536 543 Ad
1575 489 1626 541 id
1657 500 2002 543 sacramento
2036 491 2332 559 imperator
2364 510 2399 560 Α
2434 486 2526 552 qui
2555 486 2665 539 Deo
2698 487 2927 554 placeat,
2958 496 3013 541 ct
3051 496 3363 542 sanctarum
3398 497 3633 557 quatuor
3679 490 4012 560 synodornm

749 594 807 632 se
838 580 1196 650 obligaverat,
1231 580 1582 647 stetissetque
1626 580 1917 647 promisso,
1951 595 2045 647 spe
2080 577 2327 646 potiundi

750 672 884 736 νιιιὶ,
920 673 1026 726 nisi
1074 671 1397 725 Theodorus
1434 670 1747 740 Cappadox,
1784 670 1989 723 humile
2025 670 2157 722 illud
2192 667 2328 721 aulae

752 764 1106 832 mancipium,
1134 762 1448 832 frangendae
1476 761 1599 816 ﬁdei
1635 770 1826 816 auctor
1854 760 2067 815 fuisset.

821 854 884 907 ll.
928 854 1119 907 Aiebat
1154 854 1265 917 ille,
1306 868 1431 907 cum
1472 853 1767 925 abjecisset
1799 854 1880 907 sui
1917 850 2207 907 sacerdotii
2241 867 2328 905 re-

746 946 1069 1009 verentiam,
1106 945 1388 1014 indignum
1432 962 1644 1000 summa
1692 954 1981 1015 potestate,
2018 952 2165 1014 gesta
2205 960 2233 996 a
2268 959 2324 997 se

746 1036 1062 1091 rescindere
1093 1036 1161 1090 ad
1194 1036 1424 1091 alterius
1451 1036 1739 1089 arbitrium
1775 1055 1786 1088 :
1814 1052 1920 1089 non
1946 1050 2067 1089 esse
2093 1034 2325 1103 impera-

744 1124 903 1187 toris,
940 1125 1090 1195 leges
1137 1125 1407 1195 accipere,
1444 1126 1536 1179 sed
1580 1126 1711 1179 dare
1748 1144 1759 1177 :
1798 1125 2199 1179 intolerandum
2244 1126 2323 1177 vi-

745 1215 885 1280 deri,
921 1216 1221 1281 hominem,
1252 1219 1342 1287 qui
1374 1218 1623 1287 captivus
1654 1218 1745 1281 sit,
1775 1226 1829 1271 et
1863 1218 2069 1272 servire
2103 1217 2319 1280 debeat,

743 1306 1017 1361 dominari
1043 1310 1181 1363 velle
1204 1310 1259 1363 in
1290 1310 1425 1364 urbe
1452 1311 1597 1379 regia
1626 1330 1636 1362 :
1666 1325 1977 1379 supremam
2003 1318 2125 1378 post
2151 1310 2319 1364 Deum

742 1401 1083 1470 majestatem
1130 1417 1238 1453 non
1288 1400 1491 1455 debere
1538 1402 1791 1463 aliorum,
1828 1402 2079 1469 quamvis
2118 1402 2321 1469 episco-

744 1503 962 1557 porum,
992 1490 1146 1559 sequi
1177 1491 1404 1560 judicia,
1467 1492 1561 1545 sed
1604 1502 1833 1544 cunctos
1868 1493 2131 1560 cujusque
2172 1491 2318 1544 modi

743 1578 808 1630 ad
838 1578 1159 1647 obsequium
1194 1595 1415 1649 cogere;
1451 1580 1680 1633 Romani
1713 1579 1985 1648 pontiﬁcis
2017 1582 2319 1635 auctorita-

744 1677 850 1720 tem
876 1669 1276 1738 suspiciendam
1299 1671 1535 1739 populis,
1575 1672 1673 1725 scd
1695 1671 1762 1724 ab
1789 1671 1881 1723 illo
1902 1670 2107 1738 despici
2134 1686 2313 1740 posse,

740 1760 897 1827 cujus
930 1762 1243 1816 sanctiones
1279 1763 1477 1818 divinm
1517 1764 1712 1817 merito
1751 1764 2010 1817 dicuntur
2034 1773 2089 1818 et
2116 1781 2313 1829 sacrae;

742 1858 959 1918 paratos
1002 1866 1122 1904 esse
1173 1849 1530 1905 Orientalium
1579 1853 1792 1906 animos
1817 1852 1883 1906 ad
1940 1853 2313 1916 serviendum,

742 1942 904 1994 modo
932 1943 1218 1997 videantur
1248 1944 1365 2012 cogi
1396 1959 1409 1996 :
1440 1944 1668 2013 cogendi
1701 1944 1921 1999 modum
1950 1944 2311 2013 aptissimum,

738 2035 783 2087 si
830 2035 1210 2099 restituantur,
1242 2051 1363 2104 quae
1402 2036 1636 2090 rescindi
1679 2036 1812 2089 velit
1852 2035 2127 2105 pontifex,
2168 2046 2222 2090 et
2260 2037 2314 2091 in

739 2126 979 2182 Ecclesia
1015 2138 1412 2197 preponantur,
1441 2130 1497 2182 in
1531 2145 1695 2198 quam
1736 2130 2029 2183 convenire
2071 2130 2312 2199 episcopi

736 2220 1153 2288 compellantur,
1199 2230 1260 2274 ut
1304 2237 1405 2291 pro
1454 2222 1784 2291 imperatore
1828 2238 2019 2291 preces
2068 2238 2313 2277 commu-

736 2310 879 2364 niter
927 2310 1183 2376 fundant;
1241 2328 1435 2367 omnes
1476 2328 1823 2377 assensuros,
1863 2322 2061 2383 praeter
2107 2330 2311 2383 paucos

733 2403 827 2471 qui
873 2404 1056 2472 sperni
1097 2406 1249 2458 nullo
1294 2405 1494 2459 damno
1538 2416 1743 2475 queant
1784 2424 1796 2459 :
1835 2421 2116 2461 assensum
2167 2407 2311 2477 ejus-

731 2494 880 2548 modi
920 2494 1165 2549 futurum
1205 2496 1425 2551 arrbam
1460 2498 1751 2567 praestandi
1782 2513 1810 2550 a
1841 2498 2166 2567 patriarcbis
2194 2514 2310 2552 om-

730 2586 894 2639 nibus
918 2587 1187 2657 obsequii,
1214 2597 1270 2641 ct
1294 2590 1446 2657 quasi
1484 2589 1889 2658 prtejudicatam
1923 2592 2112 2661 synodi
2140 2593 2308 2647 totius

729 2679 1057 2733 sententiam
1095 2699 1106 2732 :
1141 2697 1250 2733 non
1290 2681 1486 2734 decere
1530 2681 1813 2735 dominum
1836 2682 2013 2745 orbis,
2044 2682 2307 2736 adhibitis

729 2771 1080 2824 cautionibus
1124 2780 1416 2839 pricsmre,
1460 2773 1605 2841 quod
1644 2772 1888 2842 jussione
1936 2775 2107 2841 possit
2144 2791 2156 2826 :
2198 2791 2303 2829 non

729 2859 871 2913 lianc
905 2861 1071 2914 fuisse
1109 2862 1248 2915 diva:
1286 2862 1585 2916 Tbeodora:
1626 2870 1886 2925 mentem,
1921 2879 2043 2917 cum
2074 2864 2302 2929 diceret,

727 2950 1134 3018 imperatoriam
1160 2952 1495 3019 majestatem
1520 2950 1632 3004 sola
1654 2950 1836 3004 divina
1860 2950 2127 3004 minorem
2150 2966 2299 3005 esse:

728 3040 1123 3109 parentandum
1165 3042 1421 3111 Augusta:
1458 3042 1732 3106 manibus,
1756 3057 1868 3111 quo
1906 3043 2140 3095 maxime
2181 3059 2304 3098 ave-

727 3132 837 3194 bat,
875 3133 1224 3187 inimicorum
1261 3134 1636 3202 depressione.

796 3225 882 3278 Ill.
915 3226 1009 3279 llis
1036 3226 1200 3279 aulici
1227 3225 1469 3295 episcopi
1496 3224 1797 3280 mendaciis
1823 3224 2093 3279 abductus
2121 3241 2149 3277 a
2178 3241 2302 3294 pro-

725 3314 1287 3383 posito_Justinianus,
1313 3326 1498 3385 spreto
1524 3324 1888 3379 sacramento,
1912 3315 2042 3369 fecit
2064 3324 2302 3384 potesta-

726 3414 833 3458 tem
865 3406 1191 3466 restituendi
1218 3407 1273 3461 in
1300 3407 1598 3478 integrum,
1620 3406 1764 3476 quod
1790 3407 1952 3475 paulo
1978 3416 2105 3459 ante
2138 3407 2303 3459 resd—

723 3497 897 3549 derat.
934 3497 1190 3552 Edictum
1232 3499 1420 3570 igitur,
1455 3514 1565 3568 quo
1605 3499 1839 3568 quisque
1869 3499 2165 3567 jubebatur
2200 3500 2301 3552 tria

723 3590 959 3658 capitula
991 3589 1274 3654 damnare,
1305 3591 1649 3661 proponitur,
1681 3599 1736 3645 et
1767 3590 1987 3659 quidem
2024 3589 2077 3642 in
2110 3589 2298 3643 Eccle-

722 3680 823 3743 sia,
855 3698 965 3750 quo
998 3682 1308 3751 religiosius
1342 3683 1641 3738 videretur.

792 3770 879 3827 IV.
916 3772 1163 3827 Pontifex
1197 3783 1306 3827 tam
1330 3771 1684 3842 perﬁdiosum
1714 3772 1927 3827 facinus
1959 3781 2296 3835 exsecratus,

721 3862 977 3933 prohibet
1013 3863 1235 3928 acriter,
1277 3880 1343 3918 ne
1391 3865 1516 3933 quis
1554 3872 1743 3933 pareat
1781 3882 1793 3917 :
1831 3863 1925 3933 qui
1968 3864 2121 3928 faxit,
2155 3874 2300 3918 vetat

721 3955 829 4009 frui
878 3956 1262 4010 connnunione
1303 3956 1451 4011 sedis
1498 3956 1829 4024 apostolicm,
1873 3965 1930 4010 et
1968 3954 2053 4009 sui
2089 3956 2299 4010 ordinis

720 4046 920 4115 gradu;
961 4046 1318 4102 denuntiatur
1357 4047 1676 4117 prohibitio,
1713 4056 1775 4100 ut
1813 4056 2051 4116 oportet,
2081 4048 2295 4116 episco-

720 4138 805 4208 pis
833 4156 845 4191 :
878 4138 1019 4193 trabi
1068 4149 1245 4194 tamen
1277 4155 1334 4195 se
1364 4139 1645 4205 patiuntur
1673 4155 1703 4193 a
1727 4139 2019 4193 Theodoro
2051 4139 2105 4193 in
2138 4139 2298 4193 obse-

720 4231 931 4299 quium,
956 4247 1066 4300 quo
1088 4232 1281 4301 polluti
1301 4231 1367 4285 ad
1387 4247 1541 4285 sacra
1562 4246 1686 4285 mox
1706 4231 1966 4301 mysteria
1989 4246 2111 4285 cum
2136 4230 2293 4302 24],

721 4323 980 4377 facinoris
1015 4334 1238 4378 auctore
1268 4322 1557 4378 accedunt.
1587 4323 1947 4379 Recrudescit
1979 4324 2181 4378 bellum
2207 4324 2298 4378 Vi-

719 4416 908 4485 gilium
934 4416 1076 4469 inter
1100 4425 1155 4470 et
1179 4415 1580 4479 Justinianum;
1623 4415 1949 4470 Theodorus
1976 4430 2005 4469 a
2040 4414 2296 4485 pontiﬁce

2434 575 2849 630 deﬁnitionibus
2878 587 3145 647 congruat
3176 595 3187 630 :
3225 580 3504 647 quoniam,
3540 580 3738 649 inquit,
3781 581 3847 635 ad
3892 597 4021 653 aug—

2432 677 2675 721 mentum
2714 668 2862 735 paeis
2883 677 2939 721 et
2961 669 3308 723 concordiam
3342 670 3710 725 Ecclesiarum
3751 674 4009 742 pertinet,

2431 770 2490 812 ut
2513 760 2658 812 omni
2696 767 2763 813 de
2791 760 2975 814 medio
3018 762 3358 816 dissensione
3393 762 3625 825 sublata,
3656 779 3775 832 quae
3814 780 3841 817 a
3869 780 4004 834 prac-

2428 850 2589 903 dictis
2610 861 2847 919 quatuor
2870 854 3074 906 sanctis
3099 853 3348 907 conciliis
3376 852 3600 907 deﬁnita
3634 865 3780 918 sunt,
3813 856 4008 909 incon-

2430 955 2586 993 cussa
2613 953 2925 1003 serventur,
2972 952 3285 995 sanctarum
3328 942 3663 1015 synodorum
3702 946 4009 999 revetentia

2428 1029 2482 1083 in
2511 1031 2770 1085 omnibus
2790 1032 3082 1086 custodita.
3120 1052 3136 1083 ι

2497 1122 2586 1175 VI.
2618 1122 2869 1192 Acceptm
2910 1132 3039 1177 sunt
3068 1123 3323 1194 Eutychii
3356 1125 3553 1178 littera:
3604 1125 3721 1194 ipso
3764 1127 4007 1196 Epipha-

2425 1207 2641 1261 niorum
2676 1209 2764 1263 die
2804 1229 2817 1261 :
2850 1218 3018 1280 utque
3045 1220 3203 1265 erant
3233 1213 3540 1267 reverentia
3569 1223 3622 1268 et
3653 1215 3853 1283 pietate
3894 1218 4006 1285 ple-

2423 1314 2525 1361 nae,
2556 1300 2798 1353 animum
2829 1302 3008 1371 Vigilii
3048 1302 3337 1358 infractum
3367 1306 3543 1368 malis,
3577 1317 3629 1359 et
3668 1308 4009 1362 tumultuan-

2424 1392 2494 1445 tis
2518 1393 2773 1448 Ecclcsiae
2810 1406 3128 1465 pertzesum,
3162 1398 3213 1450 in
3242 1406 3427 1466 partes
3461 1400 3785 1463 clementire,
3820 1403 3903 1456 vel
3936 1418 4006 1456 eo

2423 1482 2677 1544 maxime,
2710 1482 3062 1550 inﬁcxerunt,
3093 1486 3238 1555 quod
3261 1502 3608 1543 communem
3639 1490 3885 1543 omnium
3909 1507 4003 1559 pa-

2422 1571 2785 1627 triarcharum
2820 1575 2981 1629 ﬁdem
3004 1578 3390 1641 continerent,
3435 1578 3625 1649 illique
3674 1582 3788 1635 suis
3819 1582 4002 1637 nomi-

2420 1659 2584 1714 nibus
2629 1662 2957 1733 subscriptis
2987 1676 3172 1720 sancte
3192 1668 3442 1736 jurarent
3477 1684 3533 1723 se
3563 1678 3800 1738 quatuor
3832 1687 3999 1741 syno-

2420 1751 2519 1805 dos
2563 1755 2711 1808 omni
2743 1771 2807 1809 ex
2850 1765 3005 1827 parte
3047 1760 3325 1827 amplecti,
3360 1774 3462 1814 nec
3489 1762 3629 1816 velle
3661 1762 3810 1816 aliud
3837 1763 4001 1831 quid-

2354 1843 2389 1893 B
2422 1844 2565 1909 piam
2614 1845 2841 1900 omnino
2888 1855 3097 1903 tentare
3149 1865 3315 1919 quam
3357 1852 3503 1921 quod
3552 1853 3700 1907 salva
3754 1855 3998 1924 ipsarum

2421 1935 2725 1988 reverentia
2759 1935 2931 1990 ﬁeret.

2486 2023 2756 2096 Eutycbio
2790 2027 2955 2097 igitur
2980 2030 3224 2100 pontifex
3256 2033 3521 2101 postridie
3552 2034 3828 2100 rescribit,
3869 2035 3999 2092 fide-

2414 2134 2521 2187 que
2559 2118 2731 2187 ipsius
2762 2120 3003 2188 laudata,
3042 2125 3257 2187 annuit,
3300 2133 3360 2179 ut
3392 2124 3460 2179 de
3504 2126 3685 2181 tribus
3714 2127 3997 2197 capitulis,

2413 2224 2477 2261 ex
2504 2210 2707 2277 quibus
2734 2214 2964 2281 quasstio
2987 2223 3113 2268 nata
3141 2223 3246 2277 est,
3278 2215 3420 2271 facto
3441 2218 3676 2287 regulari
3695 2229 3996 2285 conventu,

2411 2300 2668 2368 :equilate
2710 2311 2947 2368 servata,
3008 2307 3206 2361 mediis
3266 2309 3629 2365 sacrosanctis
3684 2309 3996 2381 Evangeliis

2411 2393 2630 2446 collatio
2652 2409 2777 2447 cum
2810 2395 2976 2451 unitis
3003 2396 3265 2453 fratribus
3297 2398 3587 2455 habeatur.
3626 2421 3643 2454 ι

2481 2485 2591 2540 VII.
2628 2487 2757 2540 Post
2795 2487 2936 2543 banc
2974 2491 3189 2543 veniam
3238 2490 3501 2546 indicitur
3541 2493 3610 2548 ab
3657 2493 3996 2565 imperatore

2408 2577 2651 2646 synodus
2700 2579 2766 2633 ad
2806 2590 3062 2649 quartum
3097 2584 3297 2639 abbinc
3328 2601 3592 2650 mensem,
3625 2588 3719 2657 qui
3762 2588 3937 2644 Maius
3976 2608 3991 2644 :

2411 2668 2694 2732 indicitur,
2734 2669 2978 2739 inquam,
3031 2674 3361 2729 celebranda
3390 2693 3445 2730 ιιι
3473 2677 3677 2737 Nonas.
3707 2695 3830 2748 quae
3851 2679 3992 2735 feria

2409 2758 2668 2820 secunda,
2701 2772 2819 2827 post
2856 2764 3083 2817 alteram
3108 2782 3138 2819 a
3164 2766 3257 2836 νέᾳ
3282 2772 3516 2840 κυριακῇ
3546 2769 3888 2825 Dominicam
3920 2773 3988 2826 ’⁸,

2408 2850 2593 2918 Neque
2623 2852 2770 2904 enim
2817 2854 2971 2921 prius
3018 2855 3217 2910 habere
3254 2858 3449 2911 licuit:
3487 2875 3610 2912 nam
3647 2861 3827 2929 primo
3861 2871 3991 2917 ante

2399 2942 2628 3011 jejunio,
2655 2960 2889 3012 quorum
2921 2947 3138 3000 initium
3186 2950 3377 3003 incidit
3412 2967 3558 3005 anno
3588 2953 3692 3007 555
3734 2954 3790 3008 in
3840 2955 3989 3009 diem

2405 3033 2658 3101 quintum
2704 3035 2911 3095 Martii,
2948 3038 3139 3092 Patres
3186 3041 3389 3094 vocari
3424 3044 3832 3114 convenireque
3874 3062 3988 3101 non

2408 3130 2694 3189 poterant;
2733 3124 2930 3179 deinde
2978 3126 3319 3195 jejuniorum
3366 3140 3615 3200 tempore
3653 3150 3771 3188 mos
3802 3136 3987 3189 eccle-

2406 3211 2661 3267 siasticus
2688 3215 2907 3270 vetabat
2939 3217 3204 3270 celebrari
3232 3218 3488 3288 synodos,
3521 3224 3986 3291 quemadmodum

2404 3313 2460 3358 et
2489 3305 2642 3360 festis
2686 3307 3074 3370 I’ascbalibus,
3111 3325 3349 3378 quorum
3391 3312 3709 3369 Dominicus
3753 3316 3988 3384 contigit

2404 3394 2491 3448 die
2514 3394 2583 3447 20
2610 3396 2833 3465 Aprilis,
2867 3407 3032 3467 atque
3064 3400 3133 3452 ita
3157 3399 3251 3452 νέα
3274 3402 3533 3472 κυριακὴ,
3558 3419 3663 3471 qua
3697 3405 3830 3458 festa
3863 3422 3987 3475 per-

2403 3496 2639 3555 aguntur
2663 3529 2676 3550 ,
2708 3487 2798 3543 die
2834 3489 2901 3542 27
2947 3490 3190 3557 ejusdem
3228 3493 3465 3555 mensis;
3502 3493 3743 3564 denique
3787 3512 3988 3551 conce-

2403 3573 2566 3628 detuli
2602 3578 2816 3631 fuerant
2870 3579 3124 3634 Patribus
3159 3582 3279 3635 dies
3318 3582 3605 3637 minimum
3655 3594 3860 3652 septem
3913 3588 3985 3640 ad

2402 3666 2863 3731 conveniendum,
2896 3668 3197 3737 synodiquc
3222 3670 3289 3723 de
3327 3687 3478 3723 more
3511 3671 3818 3725 faciendum
3847 3674 3984 3730 feria

2401 3757 2640 3811 secunda
2681 3758 2920 3811 initium.
2965 3759 3323 3813 Sutﬁciebant
3350 3778 3517 3829 porro
3556 3765 3715 3832 pauci
3754 3765 3830 3817 illi
3861 3765 3985 3821 dies

2401 3851 2798 3919 congregandis
2849 3851 3104 3905 Patribus
3136 3871 3147 3904 :
3185 3868 3311 3905 nam
3363 3863 3419 3906 et
3480 3856 3713 3908 maxima
3751 3872 3876 3924 pars
3925 3856 3982 3909 in

2402 3940 2535 3995 urbe
2572 3951 2710 4005 erat,
2745 3952 2800 3996 et
2831 3942 2962 3996 ﬁdes
2994 3943 3344 4011 praesentium
3387 3946 3700 4014 imperatori
3733 3946 3976 4017 obligata

2399 4030 2521 4095 fuit,
2546 4042 2601 4086 et
2629 4032 2987 4105 advenarum,
3020 4034 3065 4087 si
3095 4036 3281 4103 plures
3310 4036 3472 4106 longe
3503 4038 3849 4098 accederent,
3892 4037 3979 4091 af-

2400 4122 2565 4177 fectio
2594 4124 2773 4176 timeri
2804 4123 3002 4193 potuit.

2472 4211 2630 4281 242
2659 4212 2789 4265 VIII.
2815 4212 3108 4267 Inchoatur
3130 4230 3260 4284 ergo
3277 4214 3571 4268 concilium
3599 4215 3687 4268 die
3712 4232 3742 4268 v
3768 4216 3889 4270 Maii
3907 4219 3979 4283 ’7,

2401 4301 2634 4355 habetur
2664 4302 2876 4371 integro
2900 4304 3014 4359 fere
3047 4320 3231 4359 mense
3266 4324 3277 4358 :
3312 4312 3439 4359 octo
3466 4306 3854 4360 collationibus
3881 4307 3982 4362 ab-

2398 4393 2629 4447 solvitur
2660 4394 2725 4447 ad
2762 4394 2907 4448 diem
2954 4413 2987 4449 ιι
3022 4396 3171 4450 Junii
3201 4415 3212 4450 ε
3247 4397 3567 4451 collationes
3604 4408 3717 4452 tres
3762 4400 3979 4468 priores

720 4482 743 4526 ἶ
777 4507 1099 4562 nominatim
1152 4508 1220 4562 de
1272 4508 1442 4577 gradu
1494 4507 1770 4577 dejicitur,
1822 4507 2004 4562 caeteri
2040 4482 2294 4575 episcopi
2327 4504 2370 4560 D
2400 4483 2599 4577 l’f‘f_li"‘_
2633 4482 3344 4577 Ψξθυίίίῗ-γίΨίιδΨίιΨθτίδ
3375 4485 3442 4577 ad
3492 4486 3781 4556 δὶήοάυιην
3808 4487 3980 4558 El”!-

721 4598 1124 4653 interdicuntur
1148 4600 1340 4662 sacris,
1366 4599 1543 4653 donec
1568 4601 1941 4663 consentiant;
1968 4614 2090 4653 cum
2119 4598 2296 4668 capite

720 4691 977 4745 Ecclesia:
1000 4692 1243 4745 animose
1272 4700 1542 4760 pugnatur
1564 4691 1693 4743 hinc
1720 4700 1776 4744 et
1806 4691 1951 4753 inde,
1982 4690 2076 4743 sed
2110 4704 2137 4742 a
2163 4702 2315 4759 pon-'

723 4782 883 4835 tiﬁcis
917 4792 1092 4851 parte,
1129 4782 1279 4836 velut
1310 4798 1339 4835 ιι
1379 4782 1710 4851 martyribus
1743 4781 1902 4844 solet,
1947 4780 2150 4833 ab'alia
2183 4787 2300 4832 tan-

715 4888 879 4941 quam
914 4888 943 4925 a
975 4873 1442 4941 persecutoribus.

791 4964 851 5014 V.
878 4962 1099 5016 Interim
1143 4963 1364 5015 Mcnnas
1400 4962 1653 5023 moritur,
1700 4961 1945 5016 succedit
1989 4963 2292 5033 Eutychius

720 5051 802 5102 vir
846 5061 1088 5114 sanctus,
1120 5051 1212 5120 qui
1238 5066 1365 5104 mox
1394 5051 1459 5104 ad
1506 5050 1817 5119 pontificem
1858 5066 1970 5104 sua:
2016 5051 2140 5104 fidei
2176 5052 2289 5106 for-

720 5154 860 5191 mam
904 5139 970 5191 de
1011 5154 1162 5193 more
1220 5138 1882 5200 mittit,communionem
1918 5138 2243 5207 deprecatus
2276 5159 2289 5193 :

717 5226 973 5295 elllagitat
997 5227 1155 5280 simul
1194 5243 1291 5296 per
1324 5227 1576 5295 Vigilium
1619 5236 1943 5295 potestatem
1987 5226 2105 5280 fieri
2147 5228 2289 5281 cele-

722 5314 943 5368 brandm
984 5314 1196 5382 synodi,
1232 5332 1249 5362 ι
1293 5314 1344 5366 ἱιι
1376 5330 1503 5382 qna,
1544 5320 1604 5364 ut
1633 5313 1726 5374 ait,
1756 5313 2082 5381 prmsidente
2110 5314 2294 5383 ponti-

723 5401 842 5463 fice,
872 5401 974 5453 sub
1014 5401 1409 5470 tranquillitate
1436 5408 1492 5454 et
1514 5401 1956 5463 mansuetudine,
1997 5402 2295 5470 propositis

720 5489 925 5543 sanctis
980 5488 1307 5557 Evangeliis,
1355 5488 1629 5542 comnmni
1667 5496 1921 5551 tractatu,
1962 5488 2198 5557 capitula
2228 5489 2294 5541 ad

720 5597 945 5633 examen
974 5590 1270 5635 vocentur:
1297 5591 1345 5632 et
1376 5581 1659 5649 qnzcstioni
1695 5582 2005 5649 imponatur
2037 5581 2123 5633 ille
2152 5580 2293 5645 linis,

2398 4573 2508 4626 chii
2536 4572 2601 4627 ad
2638 4573 2915 4643 Vigilium,
2941 4575 3122 4644 Vigilii
3158 4576 3224 4631 ad
3246 4576 3572 4647 Eutychium
3597 4577 3826 4643 litteris;
3850 4592 3981 4648 par-

2396 4665 2493 4719 tim
2524 4665 2577 4719 in
2605 4666 2773 4731 variis
2795 4666 2861 4719 ad
2895 4683 3168 4720 summum
3213 4668 3528 4736 pontificem
3575 4669 3973 4739 legationibus,

2396 4758 2599 4828 quibus
2672 4767 2959 4826 rogaretur
3022 4775 3253 4827 pneesse
3323 4761 3608 4826 concilio;
3665 4762 3866 4830 partim
3921 4761 3978 4816 in

2397 4849 2659 4903 vocandis
2694 4849 2890 4902 Africa:
2916 4859 2972 4903 et
3006 4850 3207 4918 Iliyrici
3254 4852 3552 4921 episcopis,
3607 4852 3702 4922 qui
3745 4852 3801 4906 in
3830 4852 3979 4909 urbe

2398 4952 2586 5003 erant;
2635 4943 2829 5009 partim
2862 4941 3099 5011 denique
3127 4943 3183 4995 in
3229 4944 3352 4998 ﬁdei
3382 4944 3746 5014 professione,
3794 4953 3851 5000 et
3889 4962 3980 5002 rc-

2399 5052 2519 5091 rum
2551 5035 2882 5106 agendarum
2911 5037 3306 5106 propositione.

2469 5127 2560 5182 IX.
2615 5126 2790 5183 Causa
2840 5127 3114 5183 Theodori
3194 5129 3565 5200 Mepsuesteni
3620 5133 3976 5188 collationem

2390 5227 2640 5286 quartam
2688 5218 2866 5271 tenuit
2896 5218 2984 5272 die
3026 5218 3091 5272 I2
3123 5219 3267 5283 Maii,
3298 5230 3353 5274 et
3377 5222 3623 5291 quintam
3655 5223 3744 5277 die
3782 5239 3979 5278 conse-

2392 5316 2612 5377 quente.
2642 5306 2914 5361 Producta
2946 5322 3075 5362 sunt
3107 5324 3173 5362 ex
3214 5309 3382 5364 variis
3417 5311 3594 5375 libris,
3624 5326 3745 5380 quae
3779 5312 3981 5365 Nesto—

2396 5400 2479 5453 rio
2509 5399 2786 5452 faverent:
2816 5399 2977 5453 allata
3015 5411 3286 5455 momenta
3316 5417 3513 5466 causae,
3547 5403 3780 5457 diversis
3804 5404 3974 5458 etiam

2393 5506 2458 5543 ex
2483 5490 2636 5553 locis,
2672 5499 2785 5543 tum
2820 5489 3004 5561 Cyrilli
3056 5502 3112 5546 et
3148 5493 3346 5558 Procli,
3396 5505 3559 5563 atque
3591 5496 3756 5548 etiam
3793 5495 3979 5549 Theo-

2396 5580 2590 5642 doreti,
2624 5587 2678 5633 et
2706 5578 2971 5645 aliorum,
3019 5590 3130 5633 tum
3174 5580 3415 5636 historia:
3455 5582 3838 5640 ecclesiastica:
3866 5583 3976 5637 lle-

2106 5711 2410 5765 Siilll'illl
2458 5710 2682 5765 .‘iOlrE.

790 5800 831 5828 ’⁸
864 5807 1027 5859 Sarra
1053 5808 1116 5864 ad
1157 5807 1440 5886 quodam.
1513 5807 1555 5837 "
1594 5806 1709 5862 Ytd.
1752 5809 1879 5861 Acta
1910 5806 2099 5880 synodi
2139 5820 2187 5856 ν.
