4228 6446
250 421 368 483 τᾯδ

1422 410 1780 470 HISTORIA
1818 406 2323 469 TilliJDOllE'i‘l.

3415 419 3515 485 104

246 527 425 596 syghii
482 524 798 595 presbyteri
828 565 842 585 .
876 532 931 576 et
980 522 1151 575 libeili
1211 521 1279 574 ab
1327 520 1600 573 Armeniis
1645 514 1839 572 Proclo
1872 522 1909 574 Α
1942 526 2115 583 putet,
2147 519 2243 572 has
2270 536 2396 572 vero
2429 532 2485 573 ut
2510 521 2724 574 divinas
2747 521 2847 575 Soli
2872 523 3013 590 Deo;
3045 528 3331 584 anathema
3367 536 3457 589 sit.
3488 556 3505 587 θ

241 617 459 682 oblati;
490 617 708 671 releetze
748 616 959 685 pariter
994 614 1288 669 Theodosii
1338 614 1485 683 leges
1514 611 1656 674 duae,
1688 609 1840 663 velut

241 708 607 762 Theodorum
661 707 997 772 attinerent;
1057 720 1385 775 responsum
1440 704 1547 768 iis,
1592 704 1708 757 sive
1739 700 1833 770 qui

239 800 516 869 epistolas
545 799 856 869 proferrent
899 799 952 851 in
995 798 1212 851 laudem
1259 795 1557 859 Theodori,
1596 795 1709 848 sive
1742 792 1837 862 qui

228 891 533 945 neminem
581 890 638 944 in
683 905 815 960 pace
866 890 1185 943 defunctum
1237 888 1485 942 damnari
1526 902 1686 955 posse
1717 901 1838 939 eon-

232 982 590 1037 tenderent:
626 982 899 1036 recensita
951 982 1174 1035 tandem
1207 981 1399 1051 synodi
1441 980 1837 1049 Mopsuestena:

237 1080 441 1135 gesta;
495 1071 737 1140 denique
783 1071 1186 1125 conclamatum
1230 1087 1259 1124 a
1306 1069 1516 1141 synodo
1569 1069 1838 1123 adversus

236 1161 726 1231 Mopsuestenum.

312 1253 385 1307 Χ.
417 1253 628 1307 Eadem
662 1254 954 1308 collatione
1004 1254 1216 1323 quinta.
1272 1269 1395 1322 quae
1438 1254 1713 1307 celebrata
1756 1254 1838 1306 di-

235 1345 393 1399 citur
417 1362 473 1399 tn
510 1345 640 1400 ldus
671 1346 862 1409 Maias,
889 1354 1070 1398 actum
1099 1344 1273 1398 estde
1306 1344 1670 1398 Thcodoreto.
1709 1344 1835 1399 Jus-

236 1433 316 1487 sit
366 1435 616 1505 synodus
658 1436 881 1488 recitari
913 1449 1010 1491 ea.
1056 1454 1074 1483 α
1122 1449 1244 1503 quae
1291 1435 1520 1488 collecta
1568 1443 1726 1488 erant
1769 1449 1835 1487 ex

236 1522 588 1577 Theodoreti
630 1523 955 1592 conscriptis
985 1532 1175 1578 contra
1220 1533 1424 1578 rectam
1458 1525 1619 1578 ﬁdem
1664 1541 1833 1593 expo-

233 1613 385 1677 sitis,
413 1625 472 1668 et
500 1624 691 1669 contra
718 1622 921 1669 sancta:
946 1615 1223 1668 memoriae
1258 1612 1520 1684 Cyrillum
1549 1626 1606 1669 et
1628 1615 1836 1670 duode-

235 1705 349 1758 cim
388 1708 513 1775 ejus
535 1708 735 1775 capita,
772 1722 988 1760 necnon
1028 1721 1127 1775 pro
1153 1705 1444 1759 Theodoro
1477 1713 1531 1759 et
1560 1706 1830 1769 Nestor-io,

235 1805 295 1849 et
324 1811 526 1850 eorum
558 1797 936 1865 hlaSphemiis.
974 1816 991 1847 ι
1028 1795 1167 1850 Sunt
1197 1805 1381 1849 autem
1436 1796 1685 1857 recitata,
1715 1814 1834 1867 qua:

1944 605 2186 675 Denique
2225 610 2327 661 ista
2373 609 2729 664 duodecimi:
2774 631 2792 662 ι
2844 612 2938 666 Dei
3000 615 3236 671 Verbum
3288 636 3511 689 passum

1941 713 2125 762 carne,
2158 709 2207 750 et
2239 700 2559 754 cruciﬁxum
2584 719 2703 757 esse
2728 719 2916 767 carne,
2936 712 2991 758 et
3016 718 3245 761 mortem
3264 723 3511 779 gustasse

1941 807 2129 853 carne,
2158 794 2360 846 factum
2397 797 2562 847 etiam
2597 796 3017 865 primogenitum
3042 813 3107 851 ex
3147 802 3396 865 mortuis,
3418 819 3509 858 se-

1940 886 2178 943 cundum
2199 886 2343 954 quod
2375 887 2483 939 vita
2512 896 2614 949 est,
2643 889 2982 953 etviviﬁcus,
3016 899 3077 943 ut
3106 890 3270 945 Deus.
3308 911 3326 943 ›

2009 976 2137 1040 Qua:
2161 992 2289 1030 vero
2314 977 2717 1047 objiciebantur
2745 979 3114 1037 'l‘heodurcto.
3153 998 3221 1036 eo
3254 984 3378 1050 plus
3413 984 3508 1037 hac

1940 1065 2393 1131 bebantinvidim,
2426 1084 2535 1136 quo
2578 1069 2685 1122 illis
2731 1071 3070 1138 temporibus
3102 1086 3154 1130 et
3194 1074 3508 1128 exsecrabi—

1938 1155 2044 1209 lius
2075 1166 2193 1211 erat
2224 1158 2459 1211 Nestorii
2494 1175 2713 1220 nomen.
2746 1169 2802 1214 et
2828 1158 3016 1229 Cyrilli
3050 1165 3222 1232 major
3271 1165 3512 1217 auctori-

1940 1255 2019 1299 tas
2041 1247 2180 1314 apud
2208 1256 2391 1315 partes
2415 1248 2707 1303 Ecclesiam
2734 1250 3101 1305 distrahentcs
3126 1270 3138 1304 :
3164 1253 3253 1307 ille
3274 1256 3419 1308 enim
3439 1256 3510 1310 ab

1937 1339 2192 1392 omnibus
2213 1342 2575 1393 communiter
2593 1342 2895 1396 habebatur
2925 1344 3073 1397 velut
3096 1343 3297 1398 Christi
3314 1346 3507 1411 hostis,

1936 1440 1991 1484 et
2042 1434 2189 1485 orbis
2236 1434 2400 1486 totius
2432 1435 2630 1502 pestis:
2665 1438 2763 1489 iste
2814 1437 3097 1490 colebatur
3132 1448 3391 1507 tanquam
3423 1439 3509 1492 vir

1936 1522 2149 1575 eximim
2184 1523 2401 1590 pietatis
2423 1564 2435 1586 ,
2485 1523 2742 1579 Ecclesiae
2776 1526 3051 1594 magister,
3093 1536 3148 1581 et
3181 1538 3330 1581 certa
3362 1537 3507 1582 recte

1938 1611 2208 1665 Sentiendi
2241 1613 2444 1681 regula.

2003 1702 2113 1755 Huc
2138 1718 2299 1770 porro
2329 1705 2381 1757 in
2402 1704 2521 1757 loco
2545 1706 2729 1760 mirari
2747 1706 3015 1775 quispiam
3041 1708 3234 1777 possit,
3261 1715 3317 1762 et
3331 1709 3510 1763 Theo-

1936 1792 2111 1846 doreti
2143 1796 2525 1861 voluntariam,
2564 1800 2605 1851 si
2659 1798 2739 1851 fas
2778 1800 2849 1852 ita
2881 1800 3052 1869 loqui,
3089 1802 3423 1866 cmcitatem,
3452 1812 3509 1856 et

238 1887 634 1943 Theodoretus
664 1897 853 1943 contra
896 1899 1143 1943 sanctum
1173 1890 1434 1959 Cyrillum
1459 1930 1472 1951 ,
1510 1899 1565 1943 et
1599 1889 1652 1943 in
1701 1906 1832 1942 ana-
1866 1884 1907 1937 Β
1938 1884 2192 1947 hominis,
2223 1887 2313 1953 qui
2346 1903 2407 1939 ex
2455 1889 2672 1956 scriptis
2710 1888 3041 1943 Theodoreti
3077 1891 3349 1961 decerpsit
3386 1909 3508 1962 qute

237 1976 622 2032 thematismis
645 1979 1022 2047 reprehendit,
1056 1987 1113 2032 et
1134 1979 1189 2031 in
1221 1979 1649 2032 allocutionibus
1675 1978 1830 2043 dixit,

236 2076 297 2122 et
329 2069 561 2138 scripsit
587 2069 641 2122 in
668 2069 897 2123 litteris.

307 2159 401 2219 XI.
455 2159 687 2231 Obiecta
748 2172 879 2215 sunt
925 2168 1127 2230 prater
1181 2159 1556 2215 defensionem
1609 2161 1831 2216 Diodori

233 2250 554 2315 Tarsensis,
598 2260 655 2305 et
700 2252 973 2306 Theodori
1013 2251 1408 2321 Mopsuesteni,
1436 2253 1831 2322 Ephesincequc

234 2342 432 2414 synodi
458 2344 953 2412 oppugnationem,
983 2342 1086 2396 tria
1124 2342 1240 2396 haec
1286 2357 1416 2397 sane
1462 2345 1824 2412 gravissima:

232 2434 384 2502 quod
438 2433 708 2504 Cyrillum
778 2435 1176 2490 contumeliose
1228 2436 1629 2505 appellaverit;
1681 2437 1829 2505 quod

232 2528 488 2597 ejusdem
517 2528 830 2582 doctrinam
854 2529 1004 2582 velut
1049 2529 1292 2597 impiam,
1326 2538 1382 2583 et
1423 2530 1636 2584 tradita:
1663 2547 1693 2584 a
1728 2532 1829 2585 Pa-

237 2617 421 2670 tribus
455 2616 582 2670 ﬁdei
615 2629 947 2685 pugnantem
977 2618 1321 2683 traduxerit;
1355 2619 1521 2686 quod,
1559 2637 1684 2673 cum
1722 2620 1828 2692 Cy-

236 2706 364 2760 rillo
410 2707 846 2771 contradiceret,
883 2722 1040 2761 reum
1066 2722 1125 2762 se
1153 2709 1532 2764 consensionis
1562 2725 1687 2765 cum
1720 2712 1827 2765 Pio-.-

234 2798 410 2852 storio
446 2798 776 2867 prodiderit.

304 2889 560 2942 Primum
604 2904 671 2942 ex
700 2904 768 2943 eo
797 2889 1213 2955 conﬁciebatur,
1245 2893 1393 2962 quod
1416 2909 1445 2947 a
1474 2894 1825 2950 Theodoreto

232 2980 476 3050 Cyrillus
509 2982 692 3035 dictus
712 2982 785 3034 sit
806 2982 851 3012 ⁸⁸
881 3000 898 3032 t
934 2983 1121 3045 miser,
1157 2999 1415 3053 nequam,
1465 2986 1689 3056 impius,
1740 2989 1826 3041 in-

232 3070 417 3132 1nidus,
452 3070 769 3133 haereticus,
797 3072 1176 3136 antichristus,
1196 3076 1213 3092 '
1237 3073 1829 3141 Theomacbus,Theo—

233 3161 513 3230 paschita,
548 3162 748 3214 Asterii
787 3163 961 3215 ariani
985 3164 1311 3233 discipulus,
1344 3167 1665 3236 Apollinarii
1692 3185 1821 3239 pro-

228 3250 336 3316 les,
362 3253 541 3321 peStis
571 3252 846 3315 Ecclesiae,
890 3263 1083 3309 auctor
1116 3259 1447 3312 tumultuum
1476 3261 1626 3315 orbis
1655 3270 1822 3316 terra-

235 3360 381 3400 rum.
414 3364 434 3395 ι

315 3438 577 3492 Alterum
612 3436 741 3492 inde
786 3437 1135 3492 manifestum
1168 3441 1477 3507 videbatur,
1512 3447 1657 3514 quod
1716 3447 1822 3519 Cy-

236 3529 349 3582 rilli
382 3529 701 3583 doctrinam
760 3531 1062 3584 nominarit
1106 3533 1150 3562 ”
1192 3551 1209 3581 ‹
1250 3534 1633 3591 haereticorum
1682 3540 1825 3592 ziza-

232 3620 458 3674 niorum
500 3621 767 3689 germina,
808 3621 1128 3690 Apollinarii
1161 3604 1575 3696 “propaginem,
1624 3630 1822 3686 Asterii

232 3710 612 3781 disciplinam,
646 3712 1040 3781 blaSphetniam
1077 3715 1190 3768 Arii
1226 3725 1281 3770 et
1328 3718 1602 3785 Eunomii,
1629 3722 1825 3777 Valen-

235 3804 359 3868 tini,
385 3805 620 3858 Manetis
643 3815 697 3859 et
728 3806 1018 3860 Marcionis
1048 3808 1339 3861 insaniam.
1378 3830 1394 3859 ι

302 3896 653 3949 Postremum
684 3912 751 3950 ex
795 3912 862 3950 co
904 3900 1187 3951 constabat
1229 3900 1399 3968 quod,
1434 3916 1557 3955 cum
1594 3903 1822 3957 ἥξω-(κείς

232 3987 479 4041 NeStorii
516 3987 604 4041 his
628 3998 868 4056 quatuor
891 3990 1127 4042 maxime
1174 3992 1464 4044 sententiis
1508 3994 1821 4048 continere-

234 4089 324 4131 tur
350 4095 363 4129 :
397 4078 562 4131 beata
591 4078 755 4147 Virgo
782 4095 893 4131 non
926 4079 1096 4131 Deum
1126 4082 1334 4149 genuit,
1364 4085 1458 4136 sed
1486 4085 1764 4139 hominem
1793 4104 1820 4140 a

232 4169 346 4223 Deo
368 4168 604 4233 factum;
634 4178 845 4223 natura:
871 4170 924 4222 in
945 4169 1165 4223 Christo
1185 4172 1306 4225 dum.
1331 4174 1443 4227 sola
1468 4175 1625 4245 243
1644 4178 1821 4245 σχέσει

230 4264 689 4331 coniunguntur;
715 4262 855 4315 alius
882 4271 1001 4324 est,
1041 4263 1129 4316 cui
1168 4264 1406 4318 humiles
1450 4282 1631 4329 voces,
1681 4270 1822 4321 alius

230 4355 319 4408 cui
346 4353 930 4418 divinae-tribuuntur;
960 4355 1102 4407 Deus
1127 4372 1235 4408 non
1259 4366 1339 4409 est
1366 4372 1559 4426 passus
1584 4376 1596 4409 :
1629 4374 1818 4412 earum

230 4445 484 4498 omnium
528 4445 928 4497 sententiarum
966 4444 1344 4499 Theodoretus
1372 4447 1733 4514 professorem
1763 4466 1818 4501 se

1937 1974 2329 2044 objicerentur,
2369 1977 2794 2046 ineogitantiam.
2830 1978 3115 2044 Quomodo
3138 1983 3285 2034 enim
3324 1983 3506 2038 Theo-

1935 2068 2179 2129 doretns,
2206 2084 2311 2136 qua
2339 2078 2457 2122 erat
2500 2070 2872 2140 intelligentia:
2919 2073 3003 2135 vi,
3037 2076 3347 2143 perspicere
3395 2093 3505 2131 non

1933 2157 2131 2226 potuit,
2160 2172 2281 2225 qum
2302 2167 2447 2212 esset
2474 2159 2730 2213 Ecclesiae
2764 2160 2920 2226 ﬁdes,
2948 2179 3223 2234 quamque
3268 2182 3508 2222 consona

1936 2247 2057 2301 ﬁdei
2086 2247 2269 2318 Cyrilii
2306 2251 2611 2313 sententia,
2660 2251 2941 2305 dissonum
2988 2255 3226 2309 Nestorii
3270 2257 3509 2326 dogma?

1931 2339 2218 2405 Quomodo
2243 2341 2448 2409 pariter
2498 2350 2791 2411 excerptor
2837 2359 2900 2398 ea
2928 2346 3158 2414 protulit
3199 2362 3264 2399 ex
3310 2348 3508 2402 litteris

1933 2430 2266 2485 Theodoreti
2302 2432 2367 2484 ad
2418 2435 2770 2499 monasteria,
2808 2436 2964 2503 queis
3016 2452 3111 2504 per
3157 2452 3403 2491 errorem
3443 2456 3508 2493 ea

1934 2520 2255 2573 tribuuntur
2311 2520 2543 2591 Cyrillo,
2603 2523 2806 2591 quibus
2867 2511 3245 2580 contradicere
3300 2529 3510 2581 nullius

1929 2620 2049 2665 erat
2094 2612 2344 2679 negotii?
2377 2612 2515 2666 adeo
2554 2620 2683 2667 sunt
2728 2614 2947 2669 infanda
2982 2615 3142 2670 simul
3177 2625 3232 2672 ct
3256 2634 3286 2673 a
3315 2618 3504 2691 Cyrilli

1930 2710 2110 2755 mente
2137 2704 2334 2756 aliena.

2003 2805 2116 2859 XII.
2150 2807 2471 2875 Priusquam
2497 2807 2793 2861 haberetur
2824 2819 2972 2863 sexta
2996 2811 3234 2875 collatio,
3267 2829 3372 2881 qua
3396 2815 3503 2870 lba:

1929 2910 2090 2948 causa
2140 2896 2356 2964 cognita
2394 2906 2497 2959 est,
2547 2896 2775 2966 Vigilius
2814 2914 2937 2951 cum
2985 2901 3192 2969 synodo
3238 2903 3502 2959 interesse

1928 2986 2216 3049 noluisset,
2248 2986 2559 3040 Justiniauo
2600 2988 2747 3040 misit
2782 2988 3155 3053 Constitutum,
3189 3008 3299 3061 quo
3331 2994 3504 3049 iuter-
3564 3036 3567 3041 -

1935 3088 2160 3145 rogatus
2193 3078 2260 3132 de
2295 3079 2473 3133 tribus
2496 3079 2751 3149 capitulis
2790 3096 3108 3150 responsum
3134 3083 3304 3138 dedit.
3543 3070 3546 3075 ’

2002 3169 2434 3238 interrogaverat
2479 3170 2780 3239 imperator
2814 3172 3161 3240 pontiﬁcem,
3211 3176 3341 3244 quid
3375 3192 3496 3231 sen—

1931 3258 2059 3312 tiret
2103 3259 2170 3313 de
2220 3260 2613 3328 quaestionibus
2670 3262 2967 3329 propositis
3016 3280 3027 3314 :
3074 3264 3504 3335 interrogaverat

1927 3360 2059 3399 vero
2088 3361 2226 3414 pene
2263 3347 2490 3400 tortoris
2544 3346 2597 3401 in
2639 3348 2859 3401 modum
2894 3367 2907 3403 :
2941 3366 3063 3405 nam
3112 3368 3236 3407 eum
3267 3355 3504 3409 misisset

1927 3436 2134 3491 homini
2190 3438 2405 3493 inﬁrma
2458 3441 2771 3495 valetudine
2819 3442 3018 3497 atilicto
3070 3445 3273 3513 grande
3318 3446 3502 3515 potius

1925 3529 2181 3583 volumen
2215 3545 2375 3599 quam
2398 3532 2917 3596 commonitorium,
2957 3551 3063 3588 non
3102 3537 3395 3605 ampliores
3434 3538 3501 3593 ad

1928 3621 2371 3687 respondendum
2400 3622 2668 3685 inducias,
2700 3641 2862 3693 quam
2894 3626 3087 3696 viginti
3114 3627 3326 3682 dierum
3364 3646 3499 3684 con--

1927 3714 2109 3764 cessit.
2161 3713 2464 3781 Respondit
2511 3725 2690 3769 tamen
2726 3716 2978 3787 Vigilius,
3019 3735 3125 3788 qua
3158 3720 3369 3775 ratione
3408 3722 3503 3775 dc-

1925 3804 2083 3856 cebat
2111 3805 2255 3859 sedis
2279 3808 2590 3874 apostolicae
2632 3812 2916 3877 praesulem
2952 3828 2963 3862 :
2989 3811 3282 3880 siquidem,
3310 3823 3499 3869 coacta

1924 3894 2134 3949 scilicet
2164 3896 2459 3965 auditaque
2496 3913 2719 3951 suorum
2743 3901 2951 3975 synodo
2970 3942 2982 3966 ,
3016 3904 3356 3971 praescripsit
3383 3906 3499 3973 pri-

1926 4001 2071 4038 mum
2110 3986 2256 4056 leges
2304 3990 2617 4057 inquirendi
2654 3991 2722 4044 de
2766 3992 2941 4045 tribus
2972 3994 3247 4062 capitulis.
3290 3997 3497 4051 Deinde

1926 4076 1977 4128 id
2021 4077 2164 4144 quod
2194 4088 2523 4146 prchostere
2554 4095 2615 4131 ac
2654 4096 2911 4148 perverse
2953 4079 3020 4134 de
3073 4080 3177 4134 ﬁde
3207 4097 3236 4135 a
3272 4082 3510 4152 singulis

1923 4168 2133 4245 tribus,
2175 4184 2407 4236 quorum
2456 4184 2618 4223 causa
2668 4170 2949 4237 agebatur,
2983 4171 3077 4223 sed
3134 4188 3164 4224 a
3209 4156 3498 4227 Theodoro

1923 4260 2223 4328 prmsertim
2254 4268 2308 4312 et
2331 4259 2676 4314 Theodoreto
2702 4260 2865 4330 244
2904 4262 3167 4330 scriptum
3195 4262 3494 4322 ferebatur.

1923 4351 2102 4402 inusta
2133 4365 2377 4403 censum
2429 4357 2556 4402 nota
2617 4349 2961 4418 proscripsit,
3015 4351 3264 4418 personis
3315 4361 3494 4406 tamen

1923 4440 2158 4495 intactis.
2193 4441 2375 4494 Edixit
2403 4442 2638 4509 denique
2668 4442 2923 4509 graviter,
2954 4442 3341 4496 interminatus
3364 4444 3491 4497 abs-

230 4536 536 4605 prmstitit,
575 4550 699 4588 cum
744 4534 1005 4606 Cyrillum
1066 4537 1294 4607 singulis
1351 4538 1817 4594 contradicente":
1852 4548 1896 4602 ι)
1930 4532 2249 4593 ιειιῑίοηεῐην
2304 4548 2372 4584 "‘3
2415 4531 2941 4611 quis-ecclesiastici
2983 4531 3193 4586 ordinis
3238 4536 3397 4588 amor
3427 4535 3493 4588 d0

228 4629 456 4696 arguit,
518 4626 1055 4694 contradicentisquc
1106 4628 1407 4681 sententias
1467 4631 1817 4697 reprehendit

228 4718 386 4771 velut
409 4716 575 4769 falsas
599 4724 759 4786 atque
777 4718 941 4770 etiam
973 4719 1275 4772 haereticus.
1295 4720 1670 4788 chrehendit
1687 4740 1813 4777 vero

236 4812 352 4862 haec
409 4807 853 4861 anathematismi
893 4808 1053 4876 primi
1111 4810 1280 4864 verba
1319 4829 1331 4863 :
1372 4830 1390 4860 ‹
1431 4812 1594 4881 Virgo
1630 4825 1815 4868 sancta

228 4899 429 4969 genuit
460 4898 756 4952 carnaliter
777 4897 1281 4953 Verbumdivinum
1310 4917 1525 4955 carnem
1556 4903 1807 4957 factum.»

230 4991 341 5044 ista
386 4991 618 5044 secundi
653 5010 665 5042 :
710 5009 728 5040 ‹
762 4989 927 5044 Carni
961 4994 1262 5045 secundum
1298 4994 1658 5047 substantiam
1698 4996 1818 5048 uni-

231 5088 353 5133 tum
402 5089 489 5134 est
535 5080 777 5135 Verbum
829 5080 1099 5134 divinum.
1140 5101 1157 5133 ι
1193 5082 1318 5136 [hec
1374 5086 1536 5137 etiam
1588 5087 1815 5154 quarti:

240 5190 261 5221 ι
301 5170 359 5225 Si
388 5170 517 5240 quis
544 5171 792 5241 personis
817 5172 1031 5225 duabus
1057 5173 1169 5227 sive
1205 5174 1574 5227 subsistentiis
1605 5175 1817 5243 disper-

233 5262 337 5315 tiat
385 5276 574 5323 voces,
608 5276 731 5330 quae
757 5268 886 5315 sunt
934 5261 988 5313 in
1018 5262 1344 5331 Evangeliis,
1390 5264 1474 5315 vel
1509 5264 1821 5331 apostolicis

234 5351 563 5422 Scripturis,
608 5368 839 5421 quaeque
869 5354 1008 5407 vela
1035 5354 1238 5407 sanctis
1263 5353 1330 5406 de
1366 5353 1587 5408 Christo
1624 5355 1819 5409 dicun-

232 5453 351 5507 tur,
390 5444 476 5498 vel
521 5444 592 5498 ab
636 5445 755 5514 ipso
786 5444 855 5498 de
873 5445 1076 5513 seipse,
1120 5454 1175 5499 et
1226 5444 1326 5512 has
1356 5445 1580 5513 quidem
1627 5455 1685 5498 ut
1723 5446 1820 5498 ho-

233 5536 401 5601 mini,
426 5535 523 5607 qui
551 5544 752 5606 praeter
781 5535 1021 5591 Verbum
1067 5536 1293 5589 scorsim
1326 5536 1679 5606 intelligatur,
1722 5538 1818 5589 tle-

1924 4640 1980 4676 re
2008 4633 2139 4684 tota,
2165 4639 2324 4692 quam
2359 4623 2493 4691 ipse,
2524 4631 2804 4677 statueret.

1989 4715 2125 4767 Xlll.
2157 4713 2309 4778 Quod
2353 4714 2416 4765 all
2452 4714 2857 4767 Theoderetum
2896 4715 3214 4767 nominatim
3261 4724 3489 4783 spectat,

1923 4807 2203 4874 respondit
2236 4805 2475 4874 pontifex
2524 4806 2804 4857 innoxium
2846 4806 2994 4858 illum
3020 4805 3232 4859 censeri
3265 4806 3489 4869 debere,

1920 4899 2120 4967 quippe
2150 4913 2315 4965 quem
2354 4906 2539 4949 saneta
2586 4896 2824 4965 synodus
2860 4896 3176 4963 recepisset,
3226 4911 3488 4965 suamque

1924 5000 2043 5059 post
2066 4992 2337 5059 ejuratum
2362 4987 2673 5041 Nestorium
2702 5002 2824 5039 cum
2856 4986 2971 5039 suis
3004 4986 3274 5055 dogmatis
3304 4987 3487 5040 sedem

1922 5082 2121 5135 habere
2176 5081 2473 5141 voluisset;
2526 5094 2625 5131 nec
2669 5078 2721 5129 in
2768 5093 2834 5130 eo
2868 5076 3167 5145 quidquam
3218 5077 3487 5147 synodum

1919 5172 2296 5241 imprudenter
2321 5171 2533 5229 fecisse,
2567 5168 2835 5235 siquidem
2876 5169 3081 5221 imitata
3131 5169 3198 5220 sit
3227 5168 3487 5237 Cyrillum

1918 5261 2030 5328 qui,
2056 5260 2184 5311 dum
2220 5276 2320 5327 pax
2349 5258 2599 5319 iniretur,
2624 5256 2853 5327 injurias
2882 5257 2983 5309 sibi
3017 5258 3486 5325 contumeliasque.

1919 5353 2093 5405 illatas
2131 5350 2476 5403 Theodoreto
2508 5348 2579 5402 ita
2612 5347 2961 5410 condonavit,
2988 5356 3068 5408 ut,
3099 5364 3220 5416 qua:
3243 5349 3489 5417 scripsis-

1917 5452 2019 5503 set,
2056 5459 2161 5495 non
2184 5440 2401 5509 petierit
2440 5439 2668 5491 aboleri.
2702 5437 2813 5490 lloc
2845 5453 3107 5505 responso
3140 5438 3380 5506 pontifex
3410 5420 3490 5489 lv-

1918 5535 1991 5588 cit
2017 5535 2150 5587 satis
2181 5531 2458 5601 prioribus
2495 5528 2708 5583 duobus
2744 5526 3091 5583 Thcodurcto
3132 5527 3378 5598 objectis.
3419 5531 3491 5583 fle.

1617 5677 1928 5745 SCliUL‘le
1970 5688 2192 5742 NOTAE.

297 5834 342 5860 ’³⁸
380 5832 435 5884 lu
479 5840 641 5902 CptSl.
682 5830 745 5885 ad
794 5830 1142 5883 monasteria.
1219 5828 1265 5860 ⁵³
1297 5826 1425 5879 ibid.
