4228 6446
222 428 316 497 197

1394 416 1489 475 DE
1528 414 1785 475 LIBRIS
1822 413 1993 471 ΤΗΕέ
2009 412 2333 473 lDORETI.

3389 407 3483 473 198

222 540 356 606 qui:
396 550 524 588 nam
573 542 630 586 et
679 528 829 600 quod
882 526 1085 582 dicitur
1142 522 1399 581 exsilium
1461 519 1762 576 decennale
1791 560 1806 581 ,
1843 527 1881 579 ρ,
1912 529 2084 580 motu,
2127 520 2220 588 qui
2266 518 2332 571 ad
2372 519 2507 573 alias
2547 519 2775 587 Europae
2829 518 3142 587 provincias
3188 517 3276 570 vix
3320 520 3497 586 perti-

220 629 457 683 onmino
500 622 941 679 commentitium
983 627 1067 673 est
1092 658 1106 681 ,
1140 626 1217 689 ,ει
1247 614 1480 684 epistola
1535 612 1600 666 ad
1644 612 1811 680 Euty-

218 719 412 795 chium
441 714 842 786 suppositionis
876 716 892 731 ‘
924 709 1237 780 suspicione
1262 721 1370 759 non
1391 713 1563 769 caret.
1594 704 1814 756 Utrum-

223 826 330 881 que
373 806 860 863 observationibus
881 804 949 858 ad
982 820 1013 856 v
1045 799 1315 871 synodum
1332 796 1575 850 Liberali
1602 796 1815 847 brevia-

222 902 306 955 rio
335 898 655 968 subjunctis
671 896 1109 951 demonstratum
1131 898 1215 943 est
1238 892 1278 939 ι.

289 992 388 1046 IIl.
426 992 486 1045 Id
523 998 707 1043 tamen
747 986 1021 1040 affirmare
1060 981 1439 1035 indubitanter
1475 977 1627 1038 licet,
1664 976 1811 1044 Vigi-

220 1082 385 1147 iium,
426 1098 556 1136 cum
594 1081 822 1134 Romam
854 1075 1094 1136 rediret,
1124 1071 1318 1125 calculi
1352 1068 1663 1122 confectum
1712 1066 1814 1129 do-

222 1176 446 1229 loribus
482 1174 539 1227 in
568 1171 757 1227 Sicilia
814 1166 1022 1221 obiisse
1059 1178 1204 1217 anno
1224 1162 1348 1223 555,
1391 1174 1598 1226 suaque
1640 1164 1815 1209 morte

222 1266 416 1320 sedem
454 1264 814 1334 apostolicam
834 1257 1074 1327 Pelagio,
1100 1269 1223 1316 suo,
1263 1252 1393 1305 dum
1435 1250 1666 1310 viveret,
1696 1247 1817 1299 dia-

223 1374 391 1421 cono,
421 1355 734 1423 reliquisse.

293 1447 389 1500 IV.
428 1444 685 1514 Pelagius
703 1456 833 1495 vero
870 1438 1096 1493 scissam
1128 1434 1184 1488 in
1208 1442 1413 1504 partes,
1446 1439 1674 1500 propter
1714 1427 1817 1480 tria

224 1539 507 1607 capitula,
566 1532 885 1589 Occidentis
933 1528 1232 1584 Ecclesiam
1284 1536 1547 1578 revocare
1587 1532 1819 1573 conatus

225 1630 291 1685 ad
316 1626 703 1689 concordiam,
744 1638 936 1693 parum
969 1618 1263 1674 admodum
1298 1613 1551 1683 profecit.
1581 1612 1694 1664 lmo
1719 1626 1818 1663 nec

226 1726 641 1787 consequentes
695 1712 790 1768 alii
855 1712 966 1765 duo
1034 1707 1324 1777 pontiticcs
1381 1702 1710 1756 Benedictus
1764 1707 1819 1753 ct

223 1813 495 1873 Joannes,
527 1810 703 1861 donec
732 1798 1270 1872 Pelagiussecundns
1303 1805 1511 1849 tantum
1537 1792 1813 1861 negotium
1861 1839 1875 1847 ,

1915 619 2113 663 nucrat
2132 627 2143 660 :
2159 608 2456 678 Gregorius
2472 609 2537 661 ad
2555 608 2799 678 illyricos
2822 608 3116 674 Ilicrosque
3136 606 3376 675 scripsit,
3399 610 3493 660 Sed

1916 700 1981 753 ad
2017 700 2262 771 ~tllvricos
2278 699 2740 753 adhucdiaconns
2761 708 2816 751 et
2850 697 3052 766 Pelagii
3084 697 3129 750 II
3152 698 3396 759 nomine,
3425 694 3494 750 ad

1919 791 2105 843 Iberos
2123 790 2367 857 pontifex
2403 788 2617 851 factus;
2664 788 2903 857 scripsit,
2946 787 3193 854 inquam,
3233 783 3496 852 epistolas

1916 881 2181 934 librorum
2215 881 2405 943 instar,
2423 878 2626 948 quibus
2650 887 2704 931 et
2727 878 2994 947 synodum
3026 875 3272 944 quintam
3300 872 3493 927 defen-

1917 969 2017 1031 dit,
2054 979 2109 1021 et
2144 969 2246 1021 tria
2292 968 2493 1037 capita,
2522 966 2687 1020 salvis
2713 965 3043 1018 Theodoreti
3088 971 3144 1016 et
3176 963 3281 1015 Iba:
3309 975 3498 1030 perso-

1918 1059 2023 1113 nis.
2066 1058 2363 1120 damnavit,
2401 1067 2458 1110 et
2487 1056 2638 1125 pacis
2687 1054 2939 1109 ineunda:
2975 1053 3199 1107 modum
3244 1048 3497 1121 praescri~

1917 1150 2045 1217 psit.

1991 1242 2075 1293 Vl.
2107 1238 2268 1292 :uvat
2302 1253 2369 1292 ex
2392 1236 2622 1305 epistola
2650 1236 2837 1306 priore
2867 1234 2975 1287 huc
3004 1234 3320 1295 transferre,
3345 1230 3493 1302 quod

1919 1332 2085 1386 habet
2113 1330 2181 1384 de
2206 1328 2556 1383 Theodoreto
2584 1346 2597 1380 :
2625 1337 2997 1396 opportunum
3036 1325 3181 1377 enim
3224 1333 3310 1377 est
3348 1323 3499 1389 loco,

1921 1423 1975 1475 in
2002 1437 2112 1490 quo
2128 1434 2342 1483 sumus,
2373 1433 2476 1472 nec
2502 1417 2723 1471 aliunde
2768 1417 2966 1470 melius
3001 1414 3145 1469 (iniri
3192 1422 3371 1483 potest
3407 1414 3497 1467 hi-

1919 1515 2109 1576 storia,
2135 1528 2298 1582 quam
2320 1511 2660 1580 scripsimus.
2687 1530 2704 1562 ‹
2734 1509 2866 1575 Quis
2890 1524 2996 1561 non
3021 1548 3035 1571 ,
3073 1507 3284 1577 inquit,
3315 1504 3501 1560 videat

1920 1613 2123 1674 quanta
2168 1602 2478 1657 temeritate
2518 1600 2740 1670 plenum
2787 1599 2876 1664 sit,
2914 1596 3249 1651 Theodoreti
3296 1595 3501 1665 scripta

1921 1693 2289 1764 superbiendo
2306 1690 2621 1752 defendere,
2641 1704 2762 1758 qua:
2787 1687 3038 1742 eumdem
3059 1686 3237 1755 ipsum
3259 1693 3501 1750 constat,

1922 1797 2067 1841 recta
2102 1793 2225 1855 post
2252 1781 2582 1854 profitendo.
2624 1780 2945 1834 damnasse?
2979 1780 3115 1833 Dum
3140 1792 3271 1831 vero
3296 1777 3417 1845 ejus
3446 1784 3502 1829 et

228 1900 469 1954 feliciter
508 1896 773 1964 suscepit,
821 1867 968 1960 quod
1026 1902 1317 1943 successor
1354 1881 1654 1951 Gregorius
1699 1880 1813 1933 Ma~
1850 1875 1890 1927 Β
1919 1893 2210 1948 personam
2245 1874 2567 1942 recipimus,
2587 1882 2643 1927 et
2676 1889 2759 1933 ca,
2800 1888 2921 1940 qua:
2950 1869 3158 1923 dudum
3200 1867 3498 1929 latuerant,

226 2008 371 2062 guns
399 1990 554 2046 omni
592 1989 707 2043 fere
726 2002 794 2040 ex
812 1991 966 2053 parte
986 1980 1244 2036 absolvit.

298 2085 363 2138 ν.
408 2084 548 2137 Nam
590 2095 715 2135 cum
750 2077 851 2132 soli
892 2075 1062 2129 ferme
1109 2068 1307 2141 Illyrici
1339 2066 1674 2136 Ilispanique
1697 2076 1823 2130 per-

228 2177 492 2232 tinaciter
566 2173 678 2227 huc
743 2182 918 2238 usque
973 2163 1334 2223 restitissent,
1380 2158 1494 2212 Afri
1545 2154 1820 2226 siquidem

226 2269 389 2324 facile
417 2270 814 2321 concesserant
843 2261 895 2313 in
928 2267 1110 2329 partes
1138 2253 1355 2325 synodi,
1388 2250 1609 2303 vivente
1642 2246 1824 2300 adhuc

229 2360 456 2429 Vigilio,
530 2364 590 2411 et
635 2353 810 2409 Gallia
853 2366 964 2405 non
1005 2348 1240 2402 multum
1309 2355 1574 2397 concussa
1645 2337 1826 2391 fuerat

234 2536 1597 2573 ____________________._.

1601 2517 3219 2547 Μ

1922 1984 2086 2038 prava
2122 1966 2325 2035 scripta
2360 1964 2740 2033 reprobamus,
2784 1960 2839 2013 in
2872 1959 3025 2013 nullo
3065 1973 3094 2009 a
3133 1964 3334 2010 sanctae
3371 1970 3502 2025 syn-

1923 2060 2015 2114 odi
2045 2057 2259 2112 aetione
2281 2056 2567 2110 deviamus
2592 2071 2603 2106 :
2636 2052 2764 2123 quia
2790 2051 2903 2106 sola
2933 2052 3052 2121 ejus
3073 2047 3330 2103 haeretica
3361 2045 3503 2100 scri-

1924 2157 2015 2219 pta
2060 2152 2406 2216 respuentes,
2434 2152 2489 2198 et
2544 2158 2669 2197 cum
2701 2139 2913 2212 synodo
2961 2139 3143 2193 adhuc
3183 2135 3497 2191 Nestorium

1923 2238 2290 2308 insequimur,
2321 2244 2521 2289 etcum
2556 2232 2763 2305 synodo
2797 2229 3205 2285 Theodoretum
3236 2225 3500 2297 proﬁten-

1930 2341 2038 2387 tem
2077 2340 2225 2383 recta
2254 2341 2605 2380 veneramur.
2646 2345 2663 2375 ι

1279 2696 2237 2818 DISSERTATIO
2333 2693 2479 2805 II.

1029 2935 1128 2997 DE
1165 2930 1425 2994 LIBRIS
1457 2921 1947 2988 THEODORETI
1987 2916 2354 2979 CYRENSIS
2386 2913 2742 2973 EPISCOPI.

743 3220 903 3294 247
941 3214 1327 3275 PREFATIO.

303 3365 348 3419 I.
383 3362 566 3419 Nemo
614 3359 761 3413 inter
809 3355 1049 3417 Graecos,
1094 3350 1486 3420 Chrysostomo
1523 3354 1577 3398 et
1627 3342 1829 3415 Cyrillo

237 3454 524 3526 exceptis,
579 3452 739 3522 plura
797 3446 1086 3526 scripsisse
1132 3440 1445 3497 censendus
1512 3445 1597 3492 est
1666 3450 1829 3506 quam

241 3522 659 3607 Theodoretus,
725 3541 770 3596 si
807 3522 1076 3610 judicium
1104 3536 1312 3591 feratur
1338 3548 1405 3586 ex
1437 3529 1699 3600 Operibus
1735 3542 1831 3580 ve-

242 3650 457 3699 terum,
490 3650 615 3706 qua:
649 3633 714 3688 ad
740 3648 842 3687 nos
878 3637 1269 3701 pervenerunt.
1299 3626 1574 3679 Feruntur
1611 3619 1832 3689 quidem

242 3727 505 3785 nonnulli
532 3727 693 3797 plura
724 3723 902 3777 tribus
946 3721 1033 3774 his
1075 3718 1333 3780 edidisse,
1385 3714 1479 3769 sed
1515 3720 1576 3767 ut
1602 3709 1834 3765 mendax

241 3822 391 3876 fama
442 3832 559 3872 non
613 3814 804 3877 fuerit,
846 3811 995 3883 quod
1032 3820 1215 3865 tamen
1271 3802 1538 3874 suspicari
1591 3810 1696 3864 est,
1724 3809 1833 3853 tam

243 3912 585 3973 immensos,
638 3905 733 3976 qui
781 3906 1099 3975 jactantur,
1166 3896 1387 3952 codices
1432 3894 1570 3950 edax
1621 3901 1837 3962 tempus

242 4000 561 4071 absumpsit
592 4016 606 4051 :
643 3998 733 4051 vix
765 3995 914 4050 enim
948 3992 1247 4061 quidquam
1280 3986 1645 4056 πολυγράφων
1684 3984 1832 4054 ejus-

245 4093 400 4148 modi
430 4090 723 4146 hominum
753 4092 1027 4155 superest,
1058 4089 1258 4151 przetcr
1289 4077 1631 4133 memoriam.

317 4205 388 4260 11.
426 4199 763 4258 Theodoreti
804 4210 970 4266 opera
1021 4196 1423 4248 recensuerunt
1458 4195 1677 4241 veteres
1703 4198 1838 4253 qua-

246 4306 401 4359 tuor,
451 4291 838 4347 Tbeodoretus
877 4288 1033 4356 ipse,
1081 4282 1425 4343 Gennadius,
1487 4277 1735 4340 Photius,
1784 4283 1839 4329 et

245 4386 602 4456 NicephOrus
655 4381 918 4436 Callistus
956 4396 968 4430 :
1012 4381 1409 4431 recensuerunt
1447 4373 1611 4426 etiam
1643 4383 1836 4423 recen-

246 4482 426 4537 tiores
458 4475 653 4546 aliqui,
682 4471 1059 4532 Hebeddesu,
1088 4466 1525 4526 Centuriatores,
1549 4460 1836 4523 Baronius,

1860 3080 1931 3094 ρ-

1852 3210 1895 3269 c
1929 3202 2146 3265 habeat,
2179 3201 2293 3256 sive
2314 3198 2493 3270 quoad
2517 3198 2733 3268 dogma,
2762 3195 2878 3250 sive
2911 3194 3089 3264 quoad
3125 3192 3286 3248 aliam
3313 3208 3506 3263 quant-

1930 3296 2068 3350 Iibet
2131 3293 2458 3347 doctrinam.

2012 3385 2237 3450 V.Quze
2282 3396 2449 3451 porro
2507 3388 2800 3435 censentur
2850 3393 3037 3447 opera,
3087 3384 3217 3431 sunt
3264 3376 3506 3445 quinque

1932 3474 2157 3530 omnino
2178 3487 2440 3542 generum
2473 3488 2485 3524 :
2515 3470 2734 3539 scripsit
2771 3468 2919 3523 enim
2956 3466 3334 3521 Theodoretus
3354 3479 3509 3518 cornu

1932 3566 2232 3621 mentarios
2253 3564 2307 3617 in
2340 3564 2507 3617 Vetus
2525 3563 2953 3623 Testamentum,
2982 3568 3037 3612 et
3066 3558 3119 3611 in
3146 3571 3340 3610 omnes
3356 3558 3507 3625 Apo-

1940 3657 2065 3713 stoli
2096 3653 2685 3725 Epistolas,-historias
2705 3652 2859 3713 duas,
2892 3648 3317 3704 ecclesiasticam
3336 3655 3393 3699 et
3424 3661 3510 3700 re-

1934 3748 2180 3818 ligiosam
2192 3787 2205 3809 ,
2220 3745 2495 3809 bomilias,
2509 3751 2772 3798 tractatus
2789 3742 3143 3812 dogmaticos,
3156 3748 3212 3793 et
3229 3738 3507 3808 epistolas.

2005 3838 2093 3893 VI.
2136 3838 2461 3906 Priusquam
2519 3835 2725 3905 singula
2776 3840 3196 3903 pertractentur,
3256 3828 3504 3900 praemit-

1936 3930 2102 3985 tenda
2145 3929 2401 3984 videntur
2445 3927 2554 3982 duo
2590 3945 2603 3980 :
2664 3926 2897 3980 alterum
2938 3925 3007 3979 de
3057 3933 3340 3991 tempore,
3400 3936 3510 3990 quo

1938 4020 2317 4074 Theodoretus
2342 4018 2497 4082 vixit;
2529 4018 2762 4071 alterum
2790 4015 2921 4084 quid
2952 4013 3019 4068 de
3048 4013 3309 4083 operibus
3330 4012 3505 4066 Theo.

1938 4111 2117 4167 doreti
2164 4118 2381 4164 veteres
2432 4108 2696 4178 scriptum
2735 4105 3077 4174 reliquerint.
3113 4101 3325 4158 Valebit
3371 4100 3512 4154 illud

1940 4201 2007 4256 ad
2043 4201 2363 4255 statuendas
2398 4198 2637 4269 epochas
2682 4204 3010 4264 temporum,
3047 4192 3247 4262 quibus
3273 4191 3384 4245 vita
3424 4189 3512 4243 di—

1939 4293 2255 4363 stinguitur,
2298 4300 2357 4346 et
2396 4289 2771 4359 unusquisque
2820 4286 2961 4341 liber
2990 4284 3172 4339 editus
3205 4292 3289 4338 est
3325 4300 3337 4336 :
3367 4282 3512 4336 istud

1940 4385 2007 4440 ad
2048 4382 2355 4439 faciendam
2408 4380 2660 4437 dicendis
2709 4378 2904 4442 fidem;
2953 4385 3248 4445 utrumque
3295 4374 3362 4429 ad
3391 4374 3515 4443 epi-

1941 4476 2137 4531 niones
2181 4473 2445 4544 quasdam
2499 4472 2799 4542 populares
2844 4465 3229 4523 convellendas
3267 4482 3283 4518 :
3334 4464 3516 4534 magni

248 4571 644 4631 Bellarminus,
678 4562 1031 4625 Possevinus,
1067 4560 1254 4615 Sixtus
1289 4556 1569 4619 Senensis,
1604 4562 1660 4609 et
1704 4552 1834 4616 alii;
1874 4570 1915 4624 ι)
1943 4566 2091 4621 enim
2118 4565 2382 4618 momenti
2408 4571 2512 4626 est,
2540 4560 2711 4631 probe
2751 4560 2925 4623 scire,
2975 4555 3219 4627 quandi“
3259 4552 3519 4625 Cyrensis

246 4664 346 4719 sed
371 4662 463 4716 bis
479 4658 739 4714 omnibus
754 4654 960 4710 eminet
977 4651 1214 4707 Iacobus
1235 4646 1580 4710 Sirmondus,
1598 4645 1691 4715 qui
1713 4659 1836 4713 quae

246 4754 442 4808 Graece
471 4751 704 4819 reperit,
728 4754 966 4816 quatuor
998 4743 1162 4797 tomis
1181 4739 1363 4795 omnia
1380 4737 1697 4807 complexus
1729 4741 1832 4788 est.

321 4862 419 4917 III.
448 4859 686 4926 Quintus
710 4871 857 4910 nunc
879 4863 1060 4908 tomus
1083 4850 1305 4905 additur
1328 4843 1833 4905 velutAuetarium,

249 4969 367 5026 quo
397 4950 760 5005 continentur
802 4946 959 5017 plura
1014 4942 1099 4996 vel
1132 4939 1376 4995 nondum
1407 4937 1555 4991 edita
1575 4975 1589 5000 ,
1618 4934 1703 4988 vcl
1736 4948 1838 4988 suo

251 5024 521 5104 suum
557 5038 770 5094 auctori
795 5056 809 5091 ε
834 5036 1113 5091 adduntur
1142 5032 1306 5086 etiam
1342 5029 1410 5083 ad
1441 5026 1684 5096 singulos
1721 5024 1841 5080 Sir-

253 5135 448 5193 mondi
483 5141 662 5187 tomos
693 5138 748 5184 et
793 5128 860 5183 ad
910 5124 1227 5181 Auctarium
1285 5121 1464 5191 ipsum
1500 5114 1837 5171 observatio-

255 5244 383 5291 nes,
417 5240 545 5297 quae
583 5221 814 5277 materia
848 5219 979 5273 huic
1001 5212 1373 5271 dissertationi
1398 5210 1664 5278 subjecta.

317 5334 411 5389 ιγ.
440 5335 503 5388 In
550 5327 1029 5387 observationibus
1062 5321 1427 5394 respondetur
1457 5318 1524 5372 ad
1577 5318 1837 5387 qurestio-

255 5444 365 5484 nes
388 5435 631 5497 quatuor
676 5422 745 5477 de.
788 5433 1121 5489 unoquoque
1165 5429 1334 5484 opere
1368 5430 1380 5466 :
1434 5427 1503 5465 an
1546 5410 1616 5464 sit
1652 5409 1847 5479 genui-

1944 4657 2139 4711 illnsus
2170 4654 2337 4708 fuerit
2380 4652 2514 4708 falsa
2548 4650 2666 4706 veri
2708 4648 2913 4720 specie,
2967 4656 3023 4703 et
3062 4662 3183 4717 quae
3208 4684 3224 4710 ,
3265 4643 3516 4715 quandiu

1944 4746 2137 4800 illusus
2167 4752 2270 4809 est,
2294 4741 2680 4813 composuerit.

2348 4856 2514 4929 248
2550 4853 2775 4910 CAPUT
2817 4849 3102 4908 PRIMUM.

1944 4949 2060 5016 Quo
2090 4964 2231 5003 anno
2283 4947 2628 5002 Theodoretus
2645 4944 3033 5065 depiscopatum
3070 4938 3269 5002 inierit,
3320 4945 3371 4991 et
3414 4952 3518 5008 quo

2581 5030 2642 5065 or
2682 5021 2882 5065 mante.

2581 5021 2882 5067 ordinante.

2012 5130 2160 5185 Inter
2185 5123 2536 5197 quzerendam
2578 5122 2867 5192 epocham,
2887 5135 3007 5189 qua:
3033 5118 3211 5172 valeat
3238 5114 3305 5169 ad
3328 5128 3517 5183 qualn-

1941 5223 2079 5277 Iibet
2112 5217 2449 5273 Theodoreti
2485 5215 2611 5269 vita:
2646 5221 2853 5284 partem
2877 5226 2979 5265 suo
3007 5206 3240 5277 tempori
3290 5208 3516 5274 alligen-

1941 5313 2085 5375 dam,
2143 5310 2495 5378 episcopatus
2540 5303 2764 5359 memini
2816 5302 3034 5372 potius,
3074 5312 3238 5367 quam
3289 5295 3518 5349 alterius

1945 5407 2322 5474 cujuscunque
2348 5409 2529 5453 notze:
2561 5395 2819 5467 quoniam
2871 5391 3052 5444 omnia
3099 5404 3220 5458 qua:
3251 5387 3520 5456 aliquate-

258 5534 419 5582 num,
442 5516 669 5585 quando
692 5514 922 5575 editum,
949 5526 1056 5580 qua
1088 5508 1156 5562 dc
1185 5502 1525 5573 causa,quid
1542 5501 1847 5557 notandum
1945 5512 2050 5551 nus
2088 5494 2369 5564 pertinent
2390 5491 2456 5545 ad
2493 5499 2704 5558 tempus
2735 5502 2843 5555 quo
2884 5481 3265 5537 Theodoretus
3296 5478 3382 5531 vel
3419 5491 3518 5530 na-

1624 5638 1933 5693 SCHULZII
1976 5632 2196 5690 NOTAE.

338 5776 359 5803 ¹
397 5774 626 5827 Omnem
660 5767 879 5837 quidem
911 5781 1130 5837 operam
1163 5762 1313 5816 dedit
1346 5759 1665 5837 Garnerjns,
1707 5768 1765 5809 ut
1797 5756 2035 5835 cpistolar
2062 5754 2209 5837 illius
2246 5750 2455 5837 velisfa'v
2480 5747 2796 5828 .evinccret,
2826 5743 2917 5797 sed
2947 5756 3045 5794 nec
3076 5738 3222 5791 illam
3265 5731 3520 5804 probare,

268 5859 373 5898 nec
403 5818 751 5908 vailium‘ab
795 5818 1173 5890 inconstantiae
1210 5842 1263 5887 et
1299 5844 1523 5885 summze
1555 5828 1792 5883 levitatis
1832 5818 2065 5879 crimine
2090 5824 2321 5877 liberare
2350 5818 2536 5871 valuit.
