4228 6446
720 436 816 500 199

1842 426 2215 488 GARNElilI
2259 422 2752 486 DlSSERTATlO
2792 429 2869 487 Il.

3867 433 3974 496 200

719 559 803 603 tus
827 556 932 609 est,
962 546 1047 599 vel
1072 544 1296 614 dignum
1326 543 1585 613 quiddam
1629 541 2008 597 observatione
2054 538 2183 608 egit,
2224 534 2291 589 ad
2324 540 2366 592 Α
2398 537 2535 590 stola
2564 538 2631 591 ad
2669 538 3028 593 Eutrechium
3057 539 3397 611 prazfectum,
3424 541 3568 611 apud
3588 557 3751 611 quem
3773 544 3973 599 eodem

715 640 1066 706 episcopatus
1106 634 1226 688 initi
1253 650 1455 689 annum
1498 634 1830 697 referuntur,
1888 649 1955 687 ex
1982 644 2158 698 eoque
2198 643 2293 682 co-

720 727 944 799 gnito,si
979 743 1087 780 non
1123 727 1450 787 indubitata,
1476 726 1667 778 saltem
1702 722 1975 794 probabili
2001 720 2295 773 admodum

719 820 926 874 ratione
957 820 1210 873 concludi
1238 828 1490 889 possunt.
1544 816 1792 871 Proderit
1837 830 1966 867 vero
2005 812 2295 881 quaestioni

717 916 848 969 huic
896 916 1049 984 quasi
1098 911 1371 983 primariae
1416 910 1640 965 alteram
1692 908 1849 962 istam
1887 906 2219 976 adjungere,
2265 920 2292 957 a

717 1019 827 1071 quo
857 1003 1145 1055 ordinatus
1175 1001 1244 1053 sit
1280 1017 1292 1053 :
1331 999 1473 1052 valet
1499 997 1645 1051 enim
1670 1004 1725 1050 et
1761 996 1875 1066 ipsa
1922 994 1989 1049 ad
2027 994 2294 1049 rationem

718 1092 976 1161 temporis
1009 1090 1374 1145 statuendam.

784 1225 814 1295 §
850 1227 889 1281 l.
938 1225 1051 1291 Quo
1083 1242 1224 1278 anno
1252 1224 1600 1278 Theodoretus
1644 1223 2002 1292 episcopatum
2029 1219 2229 1272 inierit.

786 1358 827 1412 1.
856 1358 1064 1422 Annus,
1096 1373 1259 1426 quem
1303 1354 1649 1423 inquirimus,
1698 1367 1729 1405 a
1777 1352 1994 1405 nemine
2023 1358 2293 1412 veterum,

717 1467 786 1505 ne
834 1466 863 1504 a
919 1449 1266 1503 Theodoreto
1318 1441 1562 1513 qnidem,
1610 1444 1831 1497 definite
1882 1442 2175 1512 proditur:
2229 1457 2296 1495 ex

717 1543 965 1611 epistolis
990 1551 1171 1594 tamen
1212 1537 1551 1607 deprehendi
1600 1544 1802 1606 potest,
1870 1536 1963 1589 sed
1999 1550 2105 1588 non
2136 1533 2297 1587 nisia

719 1634 956 1688 curiosis
993 1633 1426 1701 indagatoribus.
1464 1630 1595 1696 Qum
1615 1630 1761 1684 enim
1791 1630 1963 1698 prima
1996 1628 2176 1681 fronte
2200 1642 2295 1680 oc-

721 1731 990 1783 currunt,
1032 1722 1149 1774 haec
1193 1722 1452 1789 quoniam
1494 1721 1755 1773 attentius
1798 1718 2144 1771 considerata
2186 1731 2295 1769 non

720 1825 867 1876 sunt,
931 1813 1240 1867 fefellerunt
1300 1810 1597 1880 aliquando
1645 1812 1794 1880 ipsos
1837 1810 2003 1864 etiam
2047 1807 2294 1863 eruditos

718 1904 1020 1959 doctissimi
1051 1904 1341 1957 Annalium
1373 1904 1661 1972 scriptoris
1694 1903 1904 1957 oculos.

793 1992 855 2044 II.
896 1990 1166 2043 Baronius
1191 1989 1603 2043 Theodoretum
1632 1990 1890 2059 opinatur
1940 1988 2164 2058 Cyrensi
2197 1988 2299 2041 Ec-

720 2084 898 2138 clesia:
947 2082 1263 2152 praefectum
1318 2080 1487 2135 fuisse
1554 2096 1697 2134 anno
1769 2082 1892 2135 425.
1969 2080 2296 2150 Opinionem

721 2175 916 2245 probat
948 2174 1029 2228 his
1050 2173 1295 2244 epistola:
1332 2173 1398 2226 ad
1420 2182 1670 2226 sanctum
1717 2172 1955 2227 Leonem
1984 2173 2124 2226 datm
2176 2188 2299 2225 ver-

722 2265 808 2321 bis
845 2283 857 2319 :
918 2285 934 2316 ι
970 2264 1077 2319 Sex
1119 2274 1175 2319 et
1219 2264 1413 2335 viginti
1469 2264 1629 2319 annis
1670 2265 2014 2321 commissam
2052 2265 2185 2319 mihi
2229 2264 2297 2319 ab

723 2357 1107 2412 universorum
1151 2356 1262 2409 Deo
1316 2356 1655 2419 Ecclesiam,
1711 2372 1937 2425 precum
1987 2363 2295 2410 vestrarum

719 2449 925 2504 auxilio
957 2463 1082 2502 cum
1106 2447 1361 2512 rexerim,
1391 2459 1496 2502 etc.
1527 2449 1543 2479 ⁸
1574 2467 1593 2500 ι
1621 2446 1848 2503 Constat
1876 2449 2018 2503 enim
2036 2448 2295 2517 scriptam

720 2557 841 2597 esse
856 2541 1143 2611 epistolam
1162 2540 1265 2595 sub
1289 2540 1449 2593 finem
1477 2539 1603 2594 anni
1622 2542 1745 2605 449,
1762 2557 1871 2611 quo
1888 2557 2029 2595 anno
2049 2541 2296 2595 habitum

722 2644 808 2690 est
865 2634 1186 2687 latrocinale
1224 2634 1518 2687 concilium
1565 2634 1902 2703 Ephesinum
1948 2634 2037 2688 die
2088 2634 2153 2687 10
2191 2637 2300 2688 Au-

721 2726 887 2797 gusti.
920 2727 973 2780 in
996 2742 1171 2795 eoque
1203 2725 1585 2781 Theodoretus
1623 2742 1653 2780 a
1686 2726 1949 2779 Dioscoro
1992 2726 2292 2795 depositus.

722 2818 834 2872 llac
859 2818 925 2871 de
959 2817 1159 2887 injuria
1187 2819 1440 2887 queritur
1474 2818 1618 2888 apud
1654 2833 1926 2871 summum
1962 2818 2294 2887 pontificem,

722 2910 871 2965 sedis
921 2908 1235 2979 apostolica:
1279 2909 1546 2979 judicium
1583 2911 1885 2979 appellans.
1928 2909 2085 2976 Quod
2130 2910 2174 2963 si
2232 2925 2299 2963 ex

723 3015 993 3053 annorum
1032 2999 1134 3053 449
1165 3016 1376 3053 summa
1404 3000 1763 3054 detrahantur
1792 3001 1981 3071 viginti
2017 3016 2131 3063 sex,
2178 3016 2297 3053 om-

725 3093 856 3143 nino
881 3090 1076 3159 reliqui
1110 3099 1272 3144 erunt
1324 3090 1449 3155 $9.5,
1490 3107 1599 3159 quo
1630 3100 1874 3160 tempore
1920 3091 2298 3146 Theodoretus

723 3182 1017 3254 Cyrensem
1044 3183 1345 3237 Ecclesiam
1374 3183 1666 3253 regendam
1691 3184 2011 3254 susceperit.

793 3274 981 3328 Ill.lta
1014 3272 1125 3327 fere
1170 3273 1435 3327 Baronius
1476 3273 1804 3327 sententiam
1848 3272 2134 3327 conﬁrmat
2178 3290 2301 3328 ver-

727 3366 813 3420 bis
863 3365 1109 3436 epistolae
1159 3365 1389 3419 alterius
1424 3363 1619 3418 eodem
1667 3380 1811 3418 anno
1838 3365 1977 3419 datae
2008 3367 2049 3427 ',
2102 3366 2302 3434 quibus

727 3456 873 3527 apud
890 3455 1147 3509 'llilarum
1176 3455 1435 3510 Ecclesia:
1465 3457 1722 3509 Romanae
1775 3454 2069 3509 diaconum
2107 3454 2300 3509 eadem

730 3546 956 3616 querela
976 3545 1296 3613 deploratur
1322 3562 1334 3597 :
1383 3564 1402 3597 ι
1426 3544 1555 3598 Post
1577 3560 1671 3601 sex
1702 3553 1759 3598 et
1798 3545 1991 3615 viginti
2022 3545 2304 3614 episcopa-

729 3650 823 3695 tus
855 3653 1049 3703 annos,
1081 3646 1189 3691 etc.
1224 3638 1265 3690 ³.
1310 3655 1327 3687 ι

800 3730 1105 3799 Utrumque
1144 3728 1520 3783 testimonium
1573 3728 1791 3782 videtur
1829 3728 1883 3781 in
1917 3731 2153 3798 speciem
2191 3728 2304 3783 cla-

729 3837 889 3885 rum;
921 3828 1124 3873 tantam
1175 3820 1537 3874 nihilominus
1606 3820 1907 3874 claritatem
1940 3820 2199 3873 obscurat
2226 3819 2305 3873 lo-

731 3928 831 3965 cus
863 3913 1002 3965 alter
1028 3912 1187 3981 longe
1220 3912 1426 3965 certior
1460 3929 1473 3964 :
1504 3911 1693 3965 scribit
1728 3911 1872 3964 enim
1925 3910 2305 3965 Theodoretus

729 4001 904 4055 Nomo
950 4000 1162 4053 consuli
1216 4000 1269 4053 in
1314 3999 1429 4053 bzec
1473 3999 1641 4053 verba
1686 3999 1755 4051 ’δε
1813 4018 1829 4049 ι
1875 3999 1936 4052 ιιι
1970 3999 2303 4052 monasterio

732 4100 972 4159 tempus,
1001 4090 1148 4158 quod
1180 4090 1556 4159 episcopatum
1583 4091 1880 4159 praecessit,
1922 4105 2047 4143 cum
2089 4090 2304 4159 exegis-

732 4196 876 4247 sem,
914 4180 1118 4233 invitus
1171 4179 1463 4248 episcopus
1496 4180 1783 4233 ordinatus
1816 4195 1956 4233 sum.
1999 4180 2187 4233 Annos
2219 4180 2303 4233 vi-

731 4271 864 4340 ginti
893 4271 1135 4339 quinque
1162 4271 1237 4324 ita
1277 4272 1407 4332 vixi,
1444 4280 1503 4325 ut
1537 4287 1714 4340 neque
1744 4272 1796 4324 in
1824 4273 1914 4342 jus
1945 4281 2170 4326 vocatus
2202 4272 2304 4326 sim

730 4378 762 4415 a
796 4378 1097 4431 quoquam,
1128 4378 1305 4431 neque
1339 4362 1454 4431 ipse
1496 4379 1821 4431 quemquam
1859 4363 2143 4428 vocarim;
2179 4364 2304 4417 nul-

731 4453 819 4506 lus
851 4454 1386 4521 religiosissimorum
1419 4454 1767 4516 clericorum,
1790 4454 1885 4523 qui
1912 4454 2075 4525 249
2091 4471 2302 4508 mecum

732 4543 975 4605 fuerunt,
1008 4550 1085 4595 tot
1110 4543 1270 4595 annis
1300 4544 1594 4597 tribunalia
1626 4544 2012 4613 frequentavit.
2035 4565 2052 4595 ι

804 4634 868 4688 V.
896 4634 1025 4688 Inde
1054 4634 1264 4703 liquido
1298 4646 1467 4704 patet,
1504 4636 1762 4690 vicesimo
1798 4639 1991 4706 quinto
2025 4639 2307 4707 episcopa-

730 4734 822 4779 tus
854 4741 997 4777 anno
1031 4725 1435 4780 Thcodoretum
1480 4728 1581 4780 ista
1638 4730 1878 4783 scribere
1934 4747 1946 4782 :
1998 4747 2124 4785 cum
2174 4748 2307 4801 ergo

732 4816 1023 4878 scriberet,
1050 4814 1223 4869 Nonio
1252 4819 1596 4873 consulatum
1633 4829 1877 4889 gerente,
1907 4830 1962 4875 et
2005 4831 2125 4890 post
2153 4838 2310 4875 acce-

732 4916 884 4976 ptum
914 4908 981 4961 ab
1021 4908 1347 4977 imperatore
1378 4911 1693 4964 mandatum
1721 4927 1778 4965 se
1808 4913 2125 4966 continendi
2168 4914 2308 4968 intra

732 5000 868 5051 lines
894 4997 1188 5068 Cyrestica:
1223 5003 1492 5071 regionis;
1537 5018 1771 5072 cumque
1806 5004 2011 5057 Nomus
2051 5007 2307 5059 consula-

731 5097 846 5141 tum
878 5091 1110 5156 gesserit
1141 5108 1285 5144 anno
1317 5093 1441 5154 445,
1472 5104 1532 5147 ut
1565 5111 1632 5147 ex
1685 5095 1859 5148 Fastis
1890 5104 2123 5159 constat,
2164 5097 2306 5151 hanc

733 5177 906 5245 ipsam
961 5181 1149 5247 procul
1194 5182 1361 5235 dubio
1393 5184 1775 5239 Theodoretus
1811 5186 2100 5255 epistolam
2155 5188 2308 5242 dedit

733 5282 879 5319 anno
909 5269 1046 5335 H5;
1077 5287 1186 5339 quo
1226 5288 1293 5326 ex
1342 5290 1609 5327 annorum
1651 5292 1882 5329 numero
1923 5277 1967 5330 si
2019 5278 2309 5332 demantur

732 5356 928 5425 viginti
982 5360 1247 5427 quinque,
1292 5362 1486 5429 reliqui
1538 5376 1703 5416 erunt
1744 5364 1866 5425 49.0,
1902 5379 2011 5433 quo
2062 5373 2307 5433 tempore

729 5448 1016 5503 ordinatus
1045 5451 1114 5503 sit
1141 5452 1451 5522 episcopus.

802 5539 889 5594 Vl.
926 5540 1177 5595 Totidem
1220 5544 1568 5610 pontificatus
1609 5562 1786 5599 annos
1817 5559 2068 5601 numerat
2106 5549 2159 5601 in
2186 5548 2306 5613 cpi-

2400 638 2647 698 temporc
2688 632 2909 687 easdem
2956 633 3025 687 de
3046 634 3328 688 omandato
3387 635 3643 704 querelas
3700 634 3972 705 deponit:

2406 740 2422 772 ι
2462 721 2731 785 Pontifex,
2764 723 2857 791 qui
2884 724 3263 792 episcopatum
3295 724 3486 792 viginti
3531 724 3775 793 quinque
3814 726 3978 779 annis

2396 813 2586 881 gessit,
2611 820 2668 865 et
2720 813 3034 883 praecedens
3082 821 3297 883 tempus
3343 813 3397 866 in
3430 814 3763 867 monasterio
3794 814 3974 876 duxit,

2397 904 2490 972 qui
2529 919 2631 957 nec
2655 903 2834 958 forum
2872 904 3131 975 judiciale
3174 904 3543 974 interpellavit
3580 919 3842 974 unquam,
3874 921 3978 959 nec

2397 993 2468 1046 ab
2516 993 2628 1046 ullo
2668 1008 2908 1061 unquam
2945 1008 3073 1046 reus
3115 1001 3201 1047 est
3234 1003 3492 1062 peractus
3563 994 3851 1048 calumnia:
3902 998 3985 1051 fa-

2400 1095 2522 1139 ctus
2552 1094 2637 1139 est
2665 1085 2965 1139 ludibrium
2999 1087 3039 1149 ',
3073 1095 3181 1139 etc.
3223 1104 3239 1136 ι

2486 1178 2594 1231 \‘ll.
2624 1176 2893 1246 Equidem
2924 1176 3102 1229 sentio
3129 1175 3306 1246 excipi
3341 1176 3452 1230 duo
3477 1190 3635 1246 posse
3677 1193 3691 1227 :
3718 1175 3975 1238 alterum,

2398 1269 2610 1324 consuli
2652 1269 2873 1339 quidem
2921 1268 3236 1337 inscriptam
3280 1267 3449 1322 fuisse
3494 1269 3817 1338 epistolam,
3865 1283 3975 1322 non

2399 1369 2580 1413 tamen
2626 1360 2719 1428 qui
2787 1368 2917 1413 tunc
2964 1368 3112 1414 esset
3151 1374 3276 1411 cum
3322 1359 3680 1419 scriberetur,
3729 1357 3827 1411 sed
3883 1357 3977 1425 qui

2399 1460 2525 1506 ante
2552 1451 2671 1505 btec
2696 1452 2925 1515 fuisset;
2959 1451 3213 1513 alterum,
3253 1451 3520 1503 incertum
3562 1464 3703 1511 esse,
3740 1450 3865 1519 quis
3893 1449 3980 1502 Io-

2401 1556 2498 1596 cus
2523 1540 2593 1595 sit
2623 1540 2822 1603 verior,
2852 1556 2919 1593 an
2965 1539 3060 1609 qui
3104 1555 3133 1593 a
3182 1539 3416 1593 Baronio
3462 1538 3735 1592 adductus
3765 1547 3870 1596 est,
3907 1552 3979 1590 an

2400 1634 2493 1702 qui
2526 1634 2813 1702 oppositus
2844 1651 2855 1684 :
2886 1631 2931 1686 si
2955 1632 3103 1686 enim
3143 1630 3440 1700 pugnantia
3475 1629 3857 1683 Theodoretus
3895 1628 3984 1682 di-

2400 1734 2506 1789 cat,
2530 1742 2595 1779 ex
2620 1725 2790 1795 ipsius
2814 1723 3145 1779 testimoniis
3169 1724 3305 1776 nihil
3327 1722 3552 1777 omnino
3571 1723 3707 1776 certi
3736 1722 3791 1775 in
3812 1722 3983 1775 alter-

2403 1826 2581 1871 utram
2618 1824 2828 1886 partem
2856 1815 3051 1871 confici
3087 1817 3286 1869 merito
3321 1823 3522 1883 potest.

2474 1910 2609 1963 Vill.
2647 1910 2844 1963 Verum
2888 1924 3049 1961 nemo
3094 1908 3333 1978 primum
3368 1907 3502 1961 illud
3546 1906 3849 1975 exceperit,
3880 1906 3981 1974 qui

2402 1995 2805 2051 Theodoretum
2826 1996 3017 2065 legerit
3045 2012 3058 2048 :
3097 1995 3237 2049 solet
3291 1995 3439 2049 enim
3471 2008 3589 2059 eos,
3615 1995 3819 2064 quibus
3856 1997 3981 2064 epi-

2399 2088 2569 2142 stolas
2617 2087 2890 2150 inscribit,
2933 2102 3183 2149 suorum,
3224 2102 3346 2157 quae
3379 2095 3510 2140 tunc
3542 2096 3820 2156 gererent,
3852 2102 3981 2139 mu-

2397 2193 2594 2232 nerum
2629 2178 2852 2231 nomine
2901 2176 3188 2247 insignire.
3240 2176 3333 2231 Sic
3380 2176 3631 2231 Anatolio
3683 2178 3982 2246 septimum

2398 2270 2614 2334 scribit,
2652 2284 2755 2324 nec
2798 2277 2979 2322 tamen
3017 2268 3186 2322 semel
3233 2268 3517 2323 consulem
3554 2268 3814 2339 appellat,
3853 2282 3986 2322 cum

2399 2372 2581 2416 tamen
2616 2362 2961 2416 consulatum
2990 2360 3248 2430 gessisset
3273 2374 3418 2414 anno
3440 2360 3563 2414 M0.
3616 2359 3706 2414 Sic
3751 2360 3985 2414 Floren-

2400 2454 2559 2514 tium,
2588 2453 2682 2523 qui
2722 2468 2868 2507 anno
2899 2453 3029 2517 429,
3074 2460 3130 2506 et
3174 2452 3521 2515 bellatorem,
3557 2452 3653 2521 qui
3692 2468 3836 2505 anno
3874 2451 3987 2505 456

2400 2545 2655 2599 consules
2686 2542 2925 2607 fuerant,
2968 2542 3224 2597 consules
3254 2557 3363 2595 non
3393 2551 3593 2605 vocat;
3631 2541 3726 2595 scd
3761 2550 3983 2595 utrum-

2400 2649 2507 2702 que
2547 2632 2813 2686 duntaxat
2856 2632 3149 2702 patricium
3199 2649 3212 2684 :
3276 2631 3546 2685 ambobus
3614 2644 3795 2686 tamen
3856 2640 3986 2700 post

2399 2736 2611 2796 gestum
2658 2726 3005 2779 consulatum
3042 2724 3340 2779 scribebat.
3389 2723 3528 2790 Quia
3578 2739 3713 2776 vero
3768 2723 3985 2775 Zenoni

2400 2830 2564 2888 atque
2598 2818 2810 2871 Avieno
2833 2818 2854 2848 ⁸
2883 2816 3033 2871 misit
3060 2817 3291 2881 litteras,
3326 2831 3436 2885 quo
3462 2831 3607 2869 anno
3632 2816 3982 2869 consulatum

2400 2916 2671 2972 tenerent,
2714 2908 2804 2961 ille
2846 2922 2991 2960 anno
3018 2907 3145 2970 448,
3186 2905 3290 2960 iste
3332 2920 3477 2959 anno
3515 2905 3640 2970 450,
3683 2913 3985 2972 utrumque

2400 3001 2682 3055 consulem
2724 2999 2991 3053 nominat.
3035 2998 3270 3052 Nomum
3315 2997 3479 3066 igitur
3506 2996 3787 3051 consulem
3816 2994 3981 3055 dixit,

2401 3092 2660 3160 quoniam
2688 3106 2775 3154 eo,
2794 3106 2904 3159 quo
2929 3090 3230 3153 scribebat,
3261 3103 3403 3142 anno
3422 3088 3605 3157 reipsa
3634 3086 3823 3141 consul
3852 3086 3983 3140 fuit.

2326 3204 2368 3261 ρ
2403 3183 2511 3238 Sed
2555 3198 2678 3238 cum
2726 3182 2796 3236 ad
2854 3181 3219 3236 recensendas
3251 3181 3509 3250 epistolas
3542 3178 3982 3248 pervenerimus,

2402 3274 2625 3329 Baronii
2674 3273 3149 3335 emendationem,
3194 3287 3296 3341 pro
3353 3270 3579 3325 consule
3634 3270 3985 3323 consularem

2405 3367 2654 3437 legentis,
2691 3366 2980 3421 evidenter
3012 3365 3346 3429 refellemus,
3377 3362 3787 3434 pugnantiaque
3822 3362 3984 3415 locu-

2408 3471 2495 3516 tus
2514 3461 2811 3515 cardinalis
2833 3458 3322 3513 demonstrabitur.

2468 3552 2560 3606 1X.
2597 3552 2714 3607 Jam
2752 3566 2886 3604 vero
2931 3550 3163 3603 alterum
3206 3549 3343 3602 dilui
3390 3548 3552 3602 facile
3601 3556 3819 3616 potest:
3853 3561 3988 3600 nam

2405 3642 2843 3712 quotiescunque
2887 3648 3132 3710 pugnant
3187 3639 3292 3692 loci
3340 3638 3453 3692 duo
3493 3638 3658 3692 unius
3697 3636 3943 3691 auctoris
3970 3677 3987 3697 ,

2404 3731 2712 3803 praesertim
2756 3731 2849 3783 ubi
2886 3730 2954 3784 de
2994 3730 3241 3783 numeris
3288 3729 3490 3798 agitur,
3538 3728 3594 3781 in
3626 3727 3829 3797 quibus
3871 3726 3991 3781 fre-

2404 3838 2582 3893 quens
2611 3830 2698 3876 est
2724 3822 2933 3891 lapsus;
2966 3819 3291 3873 retinendus
3319 3820 3411 3872 ille
3442 3817 3670 3872 omnino
3695 3828 3779 3871 est
3806 3818 3990 3879 locos,

2406 3914 2500 3982 qui
2541 3920 2597 3967 et
2639 3912 3031 3967 consonantior
3082 3911 3153 3964 sit
3197 3911 3338 3973 aliis,
3389 3909 3570 3979 quoad
3616 3924 3875 3968 sensum.
3930 3920 3995 3964 et

2405 4005 2589 4059 minus
2620 4003 2818 4058 debeat
2850 4018 2972 4056 esse
3000 4011 3321 4070 suspectus,
3350 4010 3406 4055 et
3448 4016 3557 4054 non
3599 4001 3673 4054 ita
3708 4000 3865 4053 facile
3907 4002 3998 4053 vi-

2409 4096 2533 4149 tiari
2561 4095 2825 4165 potuerit.
2854 4094 3018 4162 Atqui
3051 4101 3295 4161 pugnant
3339 4093 3443 4146 loci
3482 4093 3593 4147 duo
3636 4109 3761 4146 mox
3792 4093 3943 4146 allati
3972 4111 3989 4145 :

2407 4188 2500 4256 qui
2531 4202 2661 4240 vero
2690 4202 2757 4240 ex
2785 4185 3015 4254 epistola
3048 4185 3108 4237 8|
3166 4185 3467 4253 productus
3508 4193 3612 4245 est,
3651 4184 3819 4238 habet
3864 4185 3991 4238 tunc

2409 4278 2515 4333 tria
2563 4293 2686 4346 qua:
2754 4277 2890 4337 dixi,
2933 4292 3043 4330 non
3086 4275 3251 4329 habet
3310 4276 3450 4329 alter
3504 4293 3516 4329 :
3556 4276 3645 4330 ille
3694 4276 3858 4345 igitur
3899 4277 3992 4329 isti

2408 4370 2788 4439 praeferendus
2816 4380 2920 4423 est.

2474 4460 2637 4528 250
2679 4459 2745 4513 Χ.
2785 4458 2941 4523 Quod
2986 4468 3167 4512 autem
3209 4458 3363 4512 locus
3392 4459 3638 4527 epistolae
3678 4459 3740 4511 8t
3786 4458 3995 4513 habeat

2338 4533 2381 4585 ι)
2412 4550 2529 4604 haec
2563 4551 2688 4613 tria,
2717 4566 2781 4604 ex
2812 4566 2878 4604 eo
2902 4559 3138 4613 constat,
3181 4550 3325 4617 quod
3358 4550 3535 4618 primo
3567 4558 3831 4603 consonet
3867 4551 3995 4618 epi-

2413 4645 2568 4699 stola:
2598 4643 2853 4697 secundae
2872 4643 2939 4695 ad
2974 4644 3295 4696 Dioscornm
3317 4643 3357 4705 ",
3389 4642 3440 4695 in
3469 4658 3573 4710 qua
3608 4642 3773 4695 refert
3805 4642 3995 4693 Theo-

2413 4735 2663 4793 doretus,
2712 4750 2768 4787 se
2811 4734 3067 4787 docuisse
3103 4732 3430 4791 Antiochiae.
3488 4732 3679 4800 utique
3720 4748 3843 4785 cum
3874 4734 3991 4801 jam

2414 4825 2601 4879 foret‘
2632 4824 2948 4893 episcopus,
2993 4838 3088 4877 sex
3129 4837 3302 4876 annos
3337 4821 3628 4876 continuos
3671 4822 3774 4876 sub
3804 4821 3993 4875 Theo-

2416 4914 2856 4980 doto,tredecim
2893 4914 2994 4968 sub
3022 4915 3231 4968 Joanne
3255 4913 3522 4967 Theodoti
3551 4927 3865 4966 successore
3886 4952 3901 4976 ,
3936 4921 3998 4966 et

2413 5008 2630 5070 Domni,
2676 5006 2770 5075 qui
2812 5006 3077 5060 Joannem
3114 5004 3351 5073 excepit,
3387 5005 3680 5073 septimum
3725 5004 3833 5072 jam
3867 5018 3997 5057 esse

2414 5114 2643 5162 annum,
2682 5113 2808 5151 cum
2848 5096 3133 5150 scriberet.
3179 5096 3316 5149 Cum
3362 5110 3491 5164 ergo
3528 5093 3846 5148 Theodotus
3878 5094 3995 5147 vita

2414 5191 2715 5246 excesserit
2755 5206 2899 5244 anno
2942 5190 3069 5251 49.7,
3110 5196 3172 5242 ut
3210 5180 3379 5242 tradit
3406 5186 3788 5241 Theodoretus
3814 5186 3856 5247 ⁸,
3889 5202 3997 5239 ne-

2414 5294 2567 5334 cesse
2598 5289 2683 5332 est
2725 5288 2787 5331 ut
2825 5278 3022 5331 docere
3078 5278 3307 5345 cmperit
3354 5292 3498 5329 anno
3522 5276 3607 5330 vel
3642 5275 3745 5329 4'20
3783 5274 3887 5329 sub
3930 5274 3999 5328 ti-

2414 5386 2561 5432 nem,
2618 5370 2701 5421 vel
2758 5370 2982 5422 ineunte
3032 5368 3156 5420 421.
3217 5366 3599 5435 lipiscopatum
3652 5365 3819 5435 igitur
3866 5364 3994 5417 iniit

2413 5475 2558 5515 anno
2597 5459 2701 5512 420
2729 5466 2821 5511 aut
2855 5456 2949 5512 421
3000 5457 3239 5509 ineunte.

2484 5550 2553 5604 XI
2606 5548 2835 5612 Deinde,
2883 5547 3030 5617 quod
3078 5546 3222 5601 idem
3264 5545 3418 5601 locus
3453 5560 3559 5599 non
3585 5546 3763 5615 possit
3787 5544 3992 5599 merito

2102 5704 2408 5759 SCllULZtI
2451 5704 2679 5757 NOTAE.

807 5776 824 5861 ξ
862 5784 1194 5861 βρίςιηιιῧ.
1272 5795 1291 5822 ²
1322 5791 1491 5861 Epist.
1529 5796 1639 5847 liti.

732 5858 754 5889 ⁸
784 5857 997 5912 Avieno.
1028 5859 1135 5914 Sed
1173 5863 1295 5918 vide
1328 5857 1477 5934 supr.
1514 5882 1565 5935 p.
1622 5866 1735 5923 till.
1784 5868 1953 5921 schol.
2016 5870 2060 5921 t.

1721 5798 1740 5827 ³
1769 5798 1869 5850 i’ro
1901 5798 2131 5853 Baronio
2165 5800 2361 5852 militat
2394 5800 2556 5851 etiam
2594 5798 2745 5849 locus
2772 5813 2838 5851 ex
2863 5798 3022 5865 epist.
3060 5796 3177 5849 ltG.

1724 5909 1735 5923 .
1784 5868 1953 5921 schol.
2016 5870 2060 5921 t.
2143 5869 2158 5896 τ
2184 5870 2357 5926 Epist.
2388 5871 2474 5926 85.
2553 5868 2731 5922 'Hist.
2767 5868 2889 5921 eccl.
2920 5868 2957 5922 l.
2989 5882 3039 5926 v,
3070 5882 3171 5926 cap

2149 5871 2357 5939 ’Epist.
2388 5871 2474 5926 85.

3254 5796 3468 5868 prist.
3493 5798 3578 5853 Si.

3657 5800 3676 5829 ³
3700 5797 3872 5868 Epist.
3900 5796 3994 5854 80.

2553 5869 2573 5899 ⁸
2594 5868 2731 5922 Hist.
2767 5868 2889 5921 eccl.
2920 5868 2957 5922 l.
2989 5882 3039 5935 v,
3070 5882 3187 5938 cap.
3222 5866 3317 5922 ult.
