4228 6446
173 440 266 507 201

1338 425 1437 486 DE
1474 418 1729 483 LIBRIS
1762 413 2268 476 THEODORETI.

3307 405 3411 469 ’20‘.’

174 548 548 618 corruptionis
589 544 807 598 nomine
853 556 972 595 esse
1017 547 1304 606 suspectus
1330 575 1343 597 ,
1390 532 1504 585 sive
1574 542 1737 581 voces
1768 531 1808 585 Α
1839 525 2033 587 475,et
2053 524 2336 594 scripsisse
2358 525 2411 577 in
2429 522 2913 578 Deuteronomium
2940 534 3085 574 anno
3116 518 3239 579 472.
3267 520 3411 574 unde

175 643 298 712 ipsa
324 650 691 692 numerorum
724 635 971 701 integras,
1009 630 1121 681 sive
1162 634 1306 679 notae
1350 623 1615 675 duntaxat
1659 617 1745 670 di-

175 710 366 785 cantur
385 729 611 796 scripta:
644 742 656 778 :
687 737 865 791 neque
904 720 1051 772 enim
1095 716 1253 768 πέντε
1303 712 1359 766 in
1401 710 1513 771 δύο,
1564 714 1748 775 neque

184 820 292 888 βίη
329 836 368 882 ς
424 816 591 870 facile
630 828 727 883 per
756 809 1020 864 incuriam
1056 804 1266 859 librarii
1315 806 1747 857 commutentur.

240 908 363 962 XII.
392 907 668 974 Denique,
700 902 846 972 quod
875 901 1030 954 locus
1065 894 1375 950 contrarius
1402 891 1601 944 habeat
1627 902 1752 957 pro-

176 1002 374 1054 clivem
415 996 788 1051 describentis
832 993 1041 1061 lapsum
1084 988 1139 1041 in
1186 984 1455 1045 numeris,
1502 988 1751 1049 apertum

178 1101 293 1143 est:
335 1088 476 1157 quid
514 1087 662 1140 enim
694 1082 1014 1154 proclivius,
1049 1092 1213 1148 quam
1240 1074 1268 1127 θ
1302 1073 1359 1129 in
1409 1090 1468 1137 ς,
1505 1071 1661 1123 ἐννέα
1696 1068 1753 1121 in

178 1178 236 1242 ἒξ
265 1174 637 1245 pervertere?

244 1266 393 1320 XIII.
432 1263 595 1330 Quod
632 1264 678 1317 si
702 1261 1054 1331 episeOpatus
1092 1251 1420 1309 Theodoreti
1459 1249 1513 1301 in
1551 1259 1752 1300 annum

178 1356 279 1410 420
316 1354 540 1417 incidit,
574 1358 789 1421 oportet
814 1358 874 1403 ut
902 1355 1061 1403 ortus
1088 1353 1215 1399 ante
1248 1354 1451 1396 annum
1490 1337 1595 1392 590
1625 1350 1758 1389 con-

181 1446 368 1517 tigerit
403 1462 420 1511 ;
463 1458 645 1514 neque
672 1443 820 1496 enim
868 1437 1172 1495 canonibus
1210 1433 1410 1504 spretis
1469 1429 1755 1483 ordinatus

179 1549 261 1593 est
295 1547 432 1593 ante
465 1535 808 1591 tricesimum
832 1530 1010 1586 artatis
1037 1542 1149 1583 suae
1176 1538 1403 1586 annum,
1427 1536 1553 1575 cum
1574 1518 1756 1571 Theo-

182 1630 350 1683 dotus
370 1628 463 1681 vir
494 1624 877 1682 sanctissimus
908 1628 1073 1689 atque
1117 1612 1559 1684 religiosissimus
1590 1623 1757 1662 eano-

181 1734 315 1772 num
344 1716 693 1777 observator,
728 1727 760 1766 a
790 1723 901 1780 quo
935 1706 1222 1763 ordinatus
1270 1710 1375 1765 est,
1405 1697 1760 1754 Antiochenae

182 1805 451 1861 Ecclesiae
469 1804 748 1873 praestet.

1850 614 2101 681 sequitur
2124 613 2442 666 defunctum
2465 627 2584 666 esse
2618 625 2764 666 anno
2815 609 3006 663 eodem
3050 623 3160 676 quo
3188 607 3300 661 Leo
3323 622 3411 662 se-

1851 705 1975 757 nior
2005 705 2318 773 imperator,
2350 714 2406 758 et
2432 703 2806 772 episcopatum
2851 700 3083 769 gessisse
3118 712 3291 752 annos
3321 697 3410 761 55,

1852 794 2151 848 secundum
2197 803 2439 847 nostram
2487 792 2553 846 de
2596 793 2917 861 episcopatu
2964 788 3408 857 chronologiam,

1851 885 1936 937 vel
1964 884 2030 939 50
2062 884 2361 939 secundum
2392 882 2771 945 Baronianam,
2802 890 2965 949 atque
2995 879 3067 933 ita
3092 879 3256 933 vitam
3286 894 3414 947 pro-

1854 976 2077 1031 duxisse
2109 976 2177 1031 ad
2209 992 2411 1030 annum
2445 976 2530 1029 85.
2576 975 2902 1043 Opinionem
2943 986 3097 1027 suam
3143 970 3366 1025 conﬁcit
3397 989 3413 1022 :

1854 1068 2054 1136 primo,
2084 1068 2213 1137 quia
2240 1067 2578 1127 Gennadius,
2612 1066 2779 1128 Beda,
2817 1065 2935 1119 Ado
2973 1072 3029 1118 et
3077 1062 3419 1131 Freculphus

1856 1156 2262 1211 Theodoretum
2286 1158 2511 1211 tradunt
2526 1156 2630 1210 sub
2649 1155 2830 1210 Leone
2851 1156 3179 1223 imperatore
3194 1154 3418 1213 obiisse.

1856 1256 1913 1301 et
1945 1246 2013 1299 ad
2051 1248 2172 1316 ejus
2198 1255 2443 1315 tempora
2474 1247 2767 1301 Historiam
2809 1244 3130 1315 produxisse
3165 1261 3179 1297 :
3220 1241 3421 1297 deinde

1856 1336 2003 1405 quod
2043 1335 2385 1389 Marcellinus
2420 1352 2603 1391 eomes
2640 1336 2708 1390 ad
2749 1350 2955 1389 annum
2982 1333 3086 1388 466
3119 1332 3320 1386 librum
3351 1331 3421 1385 de

1858 1429 2241 1484 lncarnatione
2288 1428 2550 1481 adversus
2600 1426 2883 1496 Eutychen
2926 1433 2983 1479 et
3029 1424 3349 1478 Dioscorum
3393 1438 3424 1475 a

1861 1514 2210 1567 Theodoreto
2238 1513 2505 1582 scriptum
2538 1513 2775 1577 referat;
2804 1512 3043 1581 denique
3068 1511 3217 1581 quod
3247 1510 3428 1567 Theo-

1863 1602 2090 1657 doretus
2111 1604 2248 1671 ipse,
2280 1604 2581 1671 quaestione
2606 1602 2675 1655 58
2704 1603 2760 1655 in
2787 1602 3297 1663 Deuteronomium,
3322 1602 3423 1655 do-

1860 1705 1983 1749 ceat
2011 1695 2302 1757 ellluxisse,
2335 1702 2485 1756 tunc,
2524 1709 2647 1748 cum
2678 1694 2966 1755 scriberet,
2997 1692 3431 1761 quadringentos

1864 1800 2037 1839 annos
2062 1800 2092 1838 a
2120 1784 2463 1853 dispersione
2493 1784 2680 1853 populi
2705 1784 2915 1839 Iudaici
2941 1798 3097 1851 ;qure
3129 1797 3253 1835 cum
3280 1780 3430 1836 acci-

254 1849 997 1953 Theodoretum
1050 1885 1275 1939 circiter
1321 1894 1526 1936 annum
1563 1877 1667 1931 586
1706 1877 1761 1930 in
1793 1849 1837 1906 Β
1866 1876 2007 1931 derit
2036 1889 2182 1928 anno
2205 1849 2409 1927 Christi
2437 1849 2507 1927 ΤΞ
2539 1849 2839 1927 secundum
2881 1849 3101 1929 Barouii
3141 1873 3435 1927 chronolo-

184 1991 368 2044 lucem
399 1985 620 2041 venisse
645 1982 688 2046 ',
711 1996 782 2035 ex
807 1993 875 2034 eo
896 1992 1006 2031 non
1025 1976 1256 2029 obscure
1281 1971 1576 2040 colligitur,
1594 1968 1761 2038 quod,

182 2092 308 2133 cum
367 2074 438 2128 ad
485 2079 735 2126 sanctum
776 2066 1020 2122 Leonem
1052 2062 1267 2117 litteras
1284 2058 1462 2119 daret,
1485 2072 1671 2112 senem
1706 2070 1764 2110 se

185 2180 505 2235 canumque
546 2159 790 2216 dixerit:
834 2170 1001 2210 senex
1039 2167 1172 2207 vero
1202 2152 1434 2220 quisque
1465 2148 1575 2202 dici
1604 2148 1761 2209 solet,

185 2275 317 2315 eum
366 2254 772 2325 sexagesimum
835 2246 1059 2302 tertium
1113 2241 1291 2298 aetatis
1331 2254 1535 2293 annum
1565 2238 1762 2307 attigit,

182 2358 278 2403 aut
302 2348 477 2403 etiam
504 2351 930 2415 praetergressus
956 2344 1059 2391 est.
1092 2334 1229 2388 Cum
1261 2346 1393 2402 ergo
1428 2330 1643 2385 litteras
1671 2329 1767 2383 de-

182 2442 335 2498 derit
354 2454 503 2494 anno
524 2436 649 2499 449,
678 2445 920 2502 tuncque
949 2427 1118 2483 fuerit
1137 2425 1417 2495 sexaginta
1446 2432 1561 2479 tres
1592 2436 1767 2476 annos

180 2542 277 2589 aut
334 2532 526 2601 plures
565 2535 752 2589 natus,
787 2535 1012 2578 necesse
1062 2528 1147 2575 est
1190 2525 1253 2572 ut
1290 2514 1513 2571 circiter
1562 2527 1764 2568 annum

178 2624 287 2679 386
326 2623 514 2676 vivere
559 2614 849 2685 inceperit.

255 2715 378 2773 XV.
412 2711 607 2768 Afﬁnis
632 2718 718 2763 est
740 2707 1079 2776 conjectura,
1115 2715 1238 2771 quae
1279 2700 1503 2755 ducitur
1534 2712 1605 2753 ex
1646 2695 1765 2766 epi-

183 2808 324 2865 stola
379 2804 476 2867 90,
520 2802 587 2856 ad
616 2798 943 2869 Lupicinum
986 2794 1189 2863 scripta
1241 2806 1382 2845 anno
1446 2789 1572 2845 447.
1622 2787 1758 2843 Nam

183 2916 245 2955 se
302 2892 616 2952 senectutis
670 2889 937 2945 terminos
1007 2885 1313 2955 ingressum
1389 2878 1770 2934 Theodoretus

186 2988 384 3044 scribit
413 3004 427 3038 :
460 2999 568 3055 qua
596 2978 859 3050 loquendi
888 2976 1065 3031 forma
1088 2973 1332 3028 medium
1375 2979 1593 3038 tempus
1623 2965 1767 3021 indi-

186 3089 372 3141 cetur,
398 3075 548 3147 quod
578 3074 723 3127 inter
750 3079 1010 3125 octavum
1056 3074 1114 3121 et
1161 3076 1368 3118 nonum
1398 3059 1769 3130 septenarium

185 3168 432 3231 exsistit,
451 3175 618 3234 atque
640 3161 780 3215 adeo
804 3159 1026 3213 circiter
1048 3152 1469 3223 sexagesimum.

257 3257 408 3314 XVI.
451 3253 606 3309 Adde
658 3248 808 3320 quod
860 3247 1137 3301 Zenonem
1186 3240 1516 3295 monachum
1560 3237 1766 3300 invisit,

187 3360 317 3404 cum
346 3351 502 3401 esset
525 3340 732 3413 junior,
760 3346 816 3391 et
849 3346 1029 3390 tamen
1060 3334 1252 3396 lector,
1300 3338 1463 3397 atque
1500 3343 1770 3383 annorum

188 3441 422 3499 circiter
447 3434 642 3507 viginti
673 3443 731 3488 et
760 3431 1025 3485 duorum:
1052 3425 1240 3481 invisit
1267 3431 1450 3477 autem
1483 3437 1627 3476 anno
1646 3419 1770 3480 408.

194 3542 254 3589 ut
281 3534 337 3587 in
357 3528 685 3585 recensione
719 3521 995 3579 Philotbei
1026 3518 1371 3574 ostendetur.

258 3620 433 3677 XVII.
463 3618 581 3673 Iam
610 3628 743 3668 vero
794 3612 906 3664 vita
955 3608 1204 3661 functum
1260 3601 1603 3657 ostendimus
1634 3615 1775 3653 anno

189 3714 318 3775 457,
347 3717 449 3764 aut
468 3706 575 3762 458
605 3706 666 3758 ὀ.
716 3702 865 3755 Vixit
905 3699 1072 3769 igitur
1119 3709 1289 3749 annos
1340 3691 1680 3760 septuaginta
1720 3698 1776 3745 et

190 3819 389 3861 unum.
427 3807 525 3854 aut
558 3792 903 3865 septuaginta
935 3790 1094 3844 duos.

255 3891 531 3949 XVlllJn
561 3895 805 3942 nostram
831 3880 1238 3948 chronologiam
1285 3874 1559 3929 consentit
1595 3871 1774 3926 cardi—

189 3987 333 4040 nalis
363 3980 687 4040 Perronius,
738 3975 837 4029 lib.
894 3989 950 4027 III
999 3971 1076 4024 De
1129 3967 1488 4029 Eucharistia,
1529 3980 1648 4033 cap.
1689 3964 1775 4025 l7,

191 4074 287 4126 ubi
306 4069 722 4125 Theodoretum
751 4060 917 4117 tradit
937 4058 1251 4113 ordinatum
1269 4055 1435 4108 fuisse
1463 4069 1657 4108 novem
1686 4060 1779 4105 aut

190 4167 387 4221 decem
414 4160 575 4215 annis
597 4153 883 4222 ante25l
916 4151 1130 4205 obitum
1165 4145 1492 4217 Augustini;
1522 4160 1645 4198 nam
1670 4143 1780 4197 Au-

192 4255 476 4327 gustinus,
514 4260 577 4303 ut
600 4245 845 4301 omnium
878 4250 1137 4297 constans
1156 4247 1240 4291 est
1263 4237 1470 4306 opinio,
1494 4251 1638 4289 anno
1679 4234 1782 4287 450

188 4363 258 4402 ex
288 4348 396 4399 hac
429 4342 545 4395 vita
579 4336 838 4392 decessit.
896 4332 994 4386 Est
1033 4340 1217 4384 autem
1258 4327 1402 4397 apud
1453 4327 1778 4381 Perronium

189 4455 259 4494 eo
309 4436 420 4490 loci
464 4429 708 4485 enormis
752 4438 1045 4495 operarum
1091 4436 1246 4474 error
1288 4420 1341 4472 in
1381 4427 1557 4471 morte
1599 4420 1781 4486 Augu-

190 4529 352 4589 stini,
389 4539 517 4579 nam
550 4537 647 4591 pro
671 4517 774 4573 47.0
799 4522 1102 4587 posuerunt
1130 4513 1251 4565 590.

262 4616 413 4672 XIX.
475 4610 736 4667 Dissentit
793 4604 1088 4661 eardinalis
1147 4601 1468 4655 Baronius:
1520 4600 1782 4668 opinatur

190 4711 347 4765 enim
404 4702 814 4758 Theodoretum
858 4697 1063 4751 obiisse
1093 4709 1239 4747 anno
1267 4692 1391 4754 455,
1424 4690 1682 4759 quoniam
1713 4689 1778 4745 de

191 4817 263 4856 eo
293 4808 489 4869 postea
510 4795 705 4847 siletur
738 4808 754 4855 ;
792 4804 985 4843 verum
1022 4802 1087 4839 eo
1138 4800 1281 4837 anno
1327 4785 1536 4836 litteras
1574 4782 1784 4850 accepit

193 4910 223 4948 a
255 4900 454 4948 sancto
481 4887 685 4947 Leone,
722 4890 779 4936 et
808 4880 1011 4934 librum
1059 4876 1234 4931 edidit
1272 4874 1347 4928 De
1389 4875 1657 4928 Haereticis
1697 4874 1782 4943 [ιι-

194 4984 359 5045 ιηιίὶε,
387 4990 443 5034 et
468 4986 655 5048 postea
699 4974 752 5026 in
806 4969 1220 5027 Octateuchum,
1258 4967 1426 5019 libros
1462 4966 1690 5034 Regum,
1722 4974 1777 5019 et

196 5076 663 5143 Paralipomena.
712 5063 1044 5134 quaestiones
1104 5058 1445 5127 composuit,
1478 5064 1539 5109 ut
1594 5057 1647 5110 in
1689 5071 1778 5110 re-

192 5166 464 5222 censione
517 5158 718 5230 prioris
770 5154 940 5224 partis
970 5150 1127 5220 primi
1163 5148 1402 5217 Operum
1430 5148 1558 5203 torni
1595 5156 1779 5202 osten-

192 5263 387 5315 detur.

266 5347 396 5405 XX.
428 5340 697 5401 Dissentit
733 5337 901 5393 etiam
944 5332 1260 5388 Blondellus
1295 5330 1348 5383 iu
1379 5329 1784 5400 Prolegomenis

194 5439 335 5497 libri
381 5437 649 5492 adversus
690 5428 1021 5483 Turrianum
1054 5423 1121 5477 de
1151 5420 1411 5490 Epistolis
1462 5421 1779 5475 canonicis:

195 5532 377 5587 tradit
404 5528 555 5583 enim
596 5519 1003 5578 Theodoretum
1033 5512 1233 5567 vixisse
1263 5511 1329 5566 ad
1372 5526 1576 5565 annum
1612 5525 1785 5581 usque

1865 1965 2029 2035 giam,
2084 1980 2281 2033 nempe
2329 1974 2452 2033 post
2505 1972 2767 2017 vastatam
2801 1979 2831 2017 a
2876 1964 3134 2017 Romanis
3162 1962 3430 2026 Judaram,

1864 2058 2211 2126 exeisamque
2242 2052 3219 2126 Hierosolymam,0portetscripsisse
3250 2052 3432 2109 Theo-

1868 2151 2120 2204 doretum
2153 2165 2297 2202 anno
2335 2150 2457 2203 472.

1936 2240 2074 2293 XXI.
2114 2240 2308 2292 Verum
2341 2238 2659 2301 Marcellini,
2682 2236 2858 2300 Bedae,
2885 2233 3090 2291 Adonis
3114 2246 3171 2292 et
3210 2237 3435 2292 Frecul-

1867 2330 1962 2398 phi
1983 2329 2284 2383 auctoritas
2314 2344 2420 2383 non
2454 2338 2539 2383 est
2567 2329 2673 2382 alia
2700 2329 2803 2382 hac
2844 2328 2898 2381 in
2933 2335 3087 2397 parte
3118 2343 3282 2397 quam
3314 2342 3438 2397 quas

1866 2421 2155 2486 Gennadii,
2206 2422 2361 2491 cujus
2406 2436 2599 2475 omnes
2648 2421 2817 2475 verba
2864 2420 3296 2488 descripserunt,
3341 2420 3437 2474 alii

1868 2513 2210 2581 simpliciter,
2245 2512 2335 2566 alii
2362 2512 2565 2566 additis
2595 2511 2665 2565 de
2694 2525 2795 2566 suo
2815 2509 3119 2573 erroribus,
3163 2518 3244 2572 ut,
3288 2509 3435 2579 quod

1869 2602 2117 2658 ﬂoruerit
2142 2604 2247 2657 sub
2280 2604 2482 2665 Leone,
2505 2618 2629 2657 cum
2662 2603 2764 2656 sub
2795 2616 2861 2655 eo
2904 2608 3177 2655 mortuum
3222 2600 3439 2655 Genna-

1869 2695 1994 2749 dius
2015 2695 2240 2748 scribat.
2270 2693 2536 2749 Gennadii
2572 2709 2738 2761 porro
2766 2692 3068 2746 auctoritas
3116 2692 3266 2745 nulla
3314 2699 3436 2746 est;

1870 2787 2133 2855 deceptus
2162 2787 2310 2840 enim
2347 2786 2399 2838 in
2426 2800 2492 2838 eo
2522 2784 2643 2847 fuit,
2672 2783 2818 2852 quod
2850 2783 2918 2836 de
2943 2782 3168 2835 historia
3195 2781 3443 2835 Theodo-

1871 2878 1975 2934 rcti
2018 2877 2217 2932 litteris
2262 2876 2569 2937 mandavit,
2615 2884 2675 2929 ut
2718 2884 2904 2943 postea
2945 2872 3436 2930 demonstrabitur.

1871 2970 1989 3025 Iam
2016 2985 2147 3024 vero
2175 2968 2554 3022 Theodoretus
2581 2966 2634 3019 in
2658 2965 2999 3035 expositione
3029 2964 3441 3019 Deuteronomii

1875 3060 2306 3130 quadringentos
2334 3073 2508 3112 annos
2536 3056 2673 3110 dixit
2728 3057 2961 3125 integro,
3016 3062 3077 3107 ut
3120 3056 3291 3109 moris
3332 3063 3438 3119 est,

1872 3165 2136 3213 numero,
2197 3165 2323 3203 cum
2372 3149 2627 3202 deessent
2670 3147 2799 3200 anni
2847 3146 3111 3200 duntaxat
3164 3144 3441 3199 sexdecim

1874 3252 1971 3296 aut
1994 3240 2411 3310 septemdecim,
2451 3254 2551 3293 nec
2575 3239 2873 3307 pertineret
2902 3236 2969 3290 ad
3009 3252 3123 3290 rem
3166 3246 3311 3291 tanta
3340 3253 3443 3291 nu-

1878 3333 2126 3389 merandi
2155 3331 2430 3402 ἀκρίϐεια,
2459 3337 2520 3383 ιιι
2544 3344 2645 3384 suo
2679 3329 2800 3382 loco
2827 3328 3126 3381 videbitur.

2093 3467 2107 3486 ⁶
2135 3462 2161 3532 §
2191 3464 2254 3518 ll.
2274 3464 2311 3518 A
2347 3480 2447 3534 quo
2478 3463 2824 3517 Theodoretus
2858 3462 3136 3514 ordinatus
3162 3462 3249 3514 sit.

1949 3603 1988 3656 1.
2018 3600 2348 3666 Qumstionis
2379 3600 2580 3653 solutio
2627 3597 2899 3666 dependet
2941 3612 3005 3651 ex
3038 3605 3281 3666 tempore
3337 3612 3447 3666 quo

1877 3692 1965 3745 vel
2001 3689 2335 3751 Theodotus,
2358 3688 2443 3741 vel
2474 3686 2780 3740 Alexander
2808 3685 3076 3739 Theodoti
3124 3700 3445 3754 prmcessor,

1880 3781 2280 3836 Antiochenam
2312 3761 2614 3833 Ecclesiam
2645 3778 2803 3830 rexit.
2842 3776 2896 3829 Si
2937 3776 3083 3830 enim
3130 3776 3450 3831 Theodotus

1880 3882 2117 3943 quatuor
2147 3881 2353 3925 tantum
2387 3885 2559 3923 annos
2584 3870 2742 3931 sedit,
2780 3869 2924 3938 quod
2956 3869 3072 3922 vult
3111 3868 3455 3937 Nicephorus

1883 3962 2524 4031 Constantinopolitanus
2562 3960 2615 4013 in
2639 3958 2893 4028 Catalogo
2929 3960 3311 4028 episcoporum
3338 3960 3447 4012 An-

1886 4056 2292 4116 tiochenorum,
2339 4061 2559 4121 Oportet
2609 4050 3016 4105 Theodoretum
3049 4049 3119 4104 ab
3144 4050 3452 4104 Alexandro

1882 4146 2194 4200 ordinatum
2222 4158 2341 4197 esse
2367 4159 2382 4207 ;
2419 4142 2692 4209 siquidem
2726 4140 2887 4211 252
2918 4140 3278 4195 ordinationis
3308 4147 3452 4194 tem-

1890 4252 1995 4306 pus
2018 4251 2047 4288 a
2076 4234 2255 4297 nobis,
2276 4240 2335 4285 ut
2362 4239 2598 4301 oportet,
2631 4231 2987 4285 constitutum
3013 4239 3123 4286 est:
3151 4230 3235 4285 sin
3268 4236 3452 4285 autem

1884 4325 2199 4381 Theodotus
2246 4323 2523 4377 sexdecim
2576 4336 2750 4375 annos
2796 4322 2980 4376 sedem
3013 4323 3273 4383 tenuerit,
3302 4323 3450 4392 quod

1883 4420 2002 4472 vult
2057 4415 2343 4476 Baronius,
2394 4413 2497 4466 fuit
2547 4422 2693 4466 certe
2747 4412 3075 4467 Theodoreti
3142 4413 3448 4470 ordinator.

1812 4519 1854 4571 ι)
1880 4508 2138 4575 Qumstio,
2168 4521 2287 4558 mea
2316 4503 2537 4572 quidem
2581 4501 2873 4564 sententia,
2918 4500 3075 4556 facile
3121 4501 3302 4556 decidi
3354 4519 3452 4573 po-

1884 4606 2007 4653 test.

1951 4688 2015 4742 II.
2041 4686 2265 4741 Certum
2299 4684 2445 4739 enim
2490 4690 2574 4737 est
2617 4681 2816 4750 primo,
2870 4682 3173 4752 Porphyrio
3222 4684 3455 4739 Alexan-

1884 4780 2064 4841 drum,
2099 4774 2408 4831 Alexandro
2451 4773 2795 4827 Theodotum
2845 4775 3202 4837 successisse;
3240 4783 3451 4829 certum

1884 4885 2101 4940 quoque
2152 4865 2517 4937 Porphyrium
2557 4879 2702 4918 anno
2734 4862 2837 4917 408
2861 4905 2875 4927 ,
2930 4864 3276 4919 Theodotum
3310 4879 3453 4918 anno

1885 4964 1985 5017 427
2026 4961 2345 5015 defunctum
2372 4973 2527 5013 esse:
2570 4971 2740 5025 quare
2770 4956 3150 5010 novemdccim
3183 4970 3452 5011 annorum

1884 5055 2119 5125 spatium
2178 5049 2471 5107 Alexandri
2526 5056 2583 5102 et
2632 5047 2899 5102 Theodoti
2939 5049 3055 5103 sedi
3108 5048 3453 5117 partiendum

1885 5156 1987 5201 est.
2016 5144 2153 5200 Cum
2189 5158 2322 5214 ergo
2367 5141 2625 5211 opinetur
2666 5140 2934 5195 Baronius
2977 5141 3317 5194 Theodotum
3368 5156 3455 5193 sc-

1887 5237 2033 5290 disse
2062 5233 2339 5289 sexdecim
2369 5244 2563 5292 annos,
2593 5238 2706 5284 tres
2731 5238 2939 5284 tantum
2970 5219 3280 5284 Alexandro
3320 5228 3452 5284 reli-

1888 5328 2038 5396 quit:
2067 5334 2258 5381 contra
2283 5337 2413 5377 vero
2434 5321 2778 5390 Nicephorus
2793 5320 3451 5390 Constantinopolitanus,

1888 5434 2014 5474 eum
2044 5414 2329 5471 Theodoto
2360 5419 2598 5481 quatuor
2623 5409 2887 5463 duntaxat
2913 5426 3088 5464 annos
3116 5410 3339 5473 tribuat,
3361 5421 3460 5461 ne-

1892 5524 2044 5563 cesse
2068 5518 2151 5562 est
2181 5514 2241 5559 ut
2266 5498 2576 5558 Alexandro
2608 5500 2870 5555 tredecim
2898 5500 3154 5571 assignet.

1558 5664 1879 5720 SCHULZII
1914 5664 2145 5721 ΝΟΤᾹΞ.

280 5833 300 5853 ο
334 5829 449 5883 γετί,
488 5839 675 5894 supra.
702 5838 752 5892 p.
797 5821 914 5873 155.
995 5818 1036 5847 ¹⁰
1071 5814 1195 5869 Vid.
1228 5828 1412 5880 supra,
1440 5828 1492 5881 p.
1519 5811 1642 5867 207.

530 5921 799 5981 PAI‘ROL.
850 5917 941 5974 Gn
1030 5908 1338 5972 LXXXIV.
