  <div class='ocr_page' id='page_1' title='image "/cluster/home/n/w/nwhite01/storage/ocr_20150623/84/nnc1.0114605970/111.png"; bbox 0 0 4228 6446; ppageno 0'>
   <div class='ocr_carea' id='block_1_1' title="bbox 791 397 900 459">
    <p class='ocr_par' dir='ltr' id='par_1_1' title="bbox 791 397 900 459">
     <span class='ocr_line' id='line_1_1' title="bbox 791 397 900 459; baseline 0.009 -2"><span class='ocrx_word' id='word_1_1' title='bbox 791 397 900 459; x_wconf 73' lang='grc'><strong>2113</strong></span> 
     </span>
    </p>
   </div>
   <div class='ocr_carea' id='block_1_2' title="bbox 1904 401 2926 463">
    <p class='ocr_par' dir='ltr' id='par_1_2' title="bbox 1904 401 2926 463">
     <span class='ocr_line' id='line_1_2' title="bbox 1904 401 2926 463; baseline 0.008 -8"><span class='ocrx_word' id='word_1_2' title='bbox 1904 401 2280 460; x_wconf 69' lang='lat' dir='ltr'><strong>liAllNERll</strong></span> <span class='ocrx_word' id='word_1_3' title='bbox 2322 402 2812 463; x_wconf 79' lang='lat' dir='ltr'><strong>DISSERTATIO</strong></span> <span class='ocrx_word' id='word_1_4' title='bbox 2847 406 2926 463; x_wconf 84' lang='lat' dir='ltr'><strong>ll.</strong></span> 
     </span>
    </p>
   </div>
   <div class='ocr_carea' id='block_1_3' title="bbox 3934 418 4041 479">
    <p class='ocr_par' dir='ltr' id='par_1_3' title="bbox 3934 418 4041 479">
     <span class='ocr_line' id='line_1_3' title="bbox 3934 418 4041 479; baseline 0 0"><span class='ocrx_word' id='word_1_5' title='bbox 3934 418 4041 479; x_wconf 65' lang='grc'><strong>204</strong></span> 
     </span>
    </p>
   </div>
   <div class='ocr_carea' id='block_1_4' title="bbox 861 508 4043 590">
    <p class='ocr_par' dir='ltr' id='par_1_4' title="bbox 861 508 4043 590">
     <span class='ocr_line' id='line_1_4' title="bbox 861 508 4043 590; baseline 0.005 -27"><span class='ocrx_word' id='word_1_6' title='bbox 861 509 950 563; x_wconf 90' lang='grc'><strong>111.</strong></span> <span class='ocrx_word' id='word_1_7' title='bbox 988 508 1043 560; x_wconf 83' lang='grc' dir='ltr'><strong>1η</strong></span> <span class='ocrx_word' id='word_1_8' title='bbox 1100 522 1249 559; x_wconf 87' lang='lat' dir='ltr'><strong>suam</strong></span> <span class='ocrx_word' id='word_1_9' title='bbox 1294 509 1607 577; x_wconf 85' lang='lat' dir='ltr'><strong>opinionem</strong></span> <span class='ocrx_word' id='word_1_10' title='bbox 1652 509 1917 561; x_wconf 76' lang='lat' dir='ltr'><strong>Duronius</strong></span> <span class='ocrx_word' id='word_1_11' title='bbox 1971 510 2242 563; x_wconf 90' lang='lat' dir='ltr'><strong>abductus</strong></span> <span class='ocrx_word' id='word_1_12' title='bbox 2280 519 2366 563; x_wconf 92' lang='lat' dir='ltr'><strong>est</strong></span> <span class='ocrx_word' id='word_1_13' title='bbox 2396 520 2436 571; x_wconf 84' lang='grc' dir='ltr'><strong>Α</strong></span> <span class='ocrx_word' id='word_1_14' title='bbox 2468 513 2887 581; x_wconf 74' lang='lat' dir='ltr'><strong>septuagenario</strong></span> <span class='ocrx_word' id='word_1_15' title='bbox 2914 514 3072 583; x_wconf 80' lang='lat' dir='ltr'><strong>longe</strong></span> <span class='ocrx_word' id='word_1_16' title='bbox 3108 518 3301 585; x_wconf 83' lang='lat' dir='ltr'><strong>major,</strong></span> <span class='ocrx_word' id='word_1_17' title='bbox 3330 517 3543 572; x_wconf 75' lang='lat' dir='ltr'><strong>litteras</strong></span> <span class='ocrx_word' id='word_1_18' title='bbox 3572 534 3602 573; x_wconf 90' lang='lat' dir='ltr'><strong>a</strong></span> <span class='ocrx_word' id='word_1_19' title='bbox 3649 519 3853 590; x_wconf 79' lang='lat' dir='ltr'><strong>Cyrillo</strong></span> <span class='ocrx_word' id='word_1_20' title='bbox 3883 524 4043 580; x_wconf 85' lang='lat' dir='ltr'><strong>datas</strong></span> 
     </span>
    </p>
   </div>
   <div class='ocr_carea' id='block_1_5' title="bbox 801 596 2362 675">
    <p class='ocr_par' dir='ltr' id='par_1_5' title="bbox 801 596 2362 675">
     <span class='ocr_line' id='line_1_5' title="bbox 801 596 2362 675; baseline 0.003 -26"><span class='ocrx_word' id='word_1_21' title='bbox 801 596 1007 650; x_wconf 91' lang='lat' dir='ltr'><strong>mutuis</strong></span> <span class='ocrx_word' id='word_1_22' title='bbox 1052 596 1219 649; x_wconf 81' lang='lat' dir='ltr'><strong>Attici</strong></span> <span class='ocrx_word' id='word_1_23' title='bbox 1263 598 1328 650; x_wconf 91' lang='lat' dir='ltr'><strong>ad</strong></span> <span class='ocrx_word' id='word_1_24' title='bbox 1376 597 1674 667; x_wconf 77' lang='lat' dir='ltr'><strong>Cyrillum,</strong></span> <span class='ocrx_word' id='word_1_25' title='bbox 1707 606 1764 651; x_wconf 87' lang='lat' dir='ltr'><strong>et</strong></span> <span class='ocrx_word' id='word_1_26' title='bbox 1790 599 1977 667; x_wconf 74' lang='lat' dir='ltr'><strong>Cyrilli</strong></span> <span class='ocrx_word' id='word_1_27' title='bbox 2023 599 2089 652; x_wconf 93' lang='lat' dir='ltr'><strong>ad</strong></span> <span class='ocrx_word' id='word_1_28' title='bbox 2121 601 2362 675; x_wconf 86' lang='lat' dir='ltr'><strong>Atticum</strong></span> 
     </span>
    </p>
   </div>
   <div class='ocr_carea' id='block_1_6' title="bbox 795 687 2365 757">
    <p class='ocr_par' dir='ltr' id='par_1_6' title="bbox 795 687 2365 757">
     <span class='ocr_line' id='line_1_6' title="bbox 795 687 2365 757; baseline 0.003 -18"><span class='ocrx_word' id='word_1_29' title='bbox 795 687 1019 749; x_wconf 85' lang='lat' dir='ltr'><strong>litteris,</strong></span> <span class='ocrx_word' id='word_1_30' title='bbox 1064 702 1200 756; x_wconf 90' lang='lat' dir='ltr'><strong>quas</strong></span> <span class='ocrx_word' id='word_1_31' title='bbox 1235 687 1580 757; x_wconf 79' lang='lat' dir='ltr'><strong>Nicophoru‘s</strong></span> <span class='ocrx_word' id='word_1_32' title='bbox 1623 688 1883 743; x_wconf 86' lang='lat' dir='ltr'><strong>Callistus</strong></span> <span class='ocrx_word' id='word_1_33' title='bbox 1922 690 2091 744; x_wconf 82' lang='lat' dir='ltr'><strong>refert</strong></span> <span class='ocrx_word' id='word_1_34' title='bbox 2129 708 2141 742; x_wconf 88' lang='lat'><strong>:</strong></span> <span class='ocrx_word' id='word_1_35' title='bbox 2185 691 2242 745; x_wconf 89' lang='lat' dir='ltr'><strong>in</strong></span> <span class='ocrx_word' id='word_1_36' title='bbox 2273 690 2365 744; x_wconf 85' lang='lat' dir='ltr'><strong>&#39;iis</strong></span> 
     </span>
    </p>
   </div>
   <div class='ocr_carea' id='block_1_7' title="bbox 794 778 2362 847">
    <p class='ocr_par' dir='ltr' id='par_1_7' title="bbox 794 778 2362 847">
     <span class='ocr_line' id='line_1_7' title="bbox 794 778 2362 847; baseline 0.003 -18"><span class='ocrx_word' id='word_1_37' title='bbox 794 778 940 831; x_wconf 86' lang='lat' dir='ltr'><strong>enim</strong></span> <span class='ocrx_word' id='word_1_38' title='bbox 962 778 1183 831; x_wconf 88' lang='lat' dir='ltr'><strong>videtur</strong></span> <span class='ocrx_word' id='word_1_39' title='bbox 1211 779 1418 832; x_wconf 89' lang='lat' dir='ltr'><strong>mentio</strong></span> <span class='ocrx_word' id='word_1_40' title='bbox 1450 778 1566 832; x_wconf 80' lang='lat' dir='ltr'><strong>fieri</strong></span> <span class='ocrx_word' id='word_1_41' title='bbox 1596 780 1889 834; x_wconf 89' lang='lat' dir='ltr'><strong>Alexandri</strong></span> <span class='ocrx_word' id='word_1_42' title='bbox 1916 781 2065 834; x_wconf 82' lang='lat' dir='ltr'><strong>velut</strong></span> <span class='ocrx_word' id='word_1_43' title='bbox 2094 780 2362 847; x_wconf 82' lang='lat' dir='ltr'><strong>defuncti,</strong></span> 
     </span>
    </p>
   </div>
   <div class='ocr_carea' id='block_1_8' title="bbox 793 868 2365 941">
    <p class='ocr_par' dir='ltr' id='par_1_8' title="bbox 793 868 2365 941">
     <span class='ocr_line' id='line_1_8' title="bbox 793 868 2365 941; baseline 0.003 -20"><span class='ocrx_word' id='word_1_44' title='bbox 793 882 847 924; x_wconf 87' lang='lat' dir='ltr'><strong>et</strong></span> <span class='ocrx_word' id='word_1_45' title='bbox 869 868 1135 923; x_wconf 85' lang='lat' dir='ltr'><strong>Theodoti</strong></span> <span class='ocrx_word' id='word_1_46' title='bbox 1166 878 1420 938; x_wconf 88' lang='lat' dir='ltr'><strong>tanquam</strong></span> <span class='ocrx_word' id='word_1_47' title='bbox 1439 869 1691 925; x_wconf 86' lang='lat' dir='ltr'><strong>viventis.</strong></span> <span class='ocrx_word' id='word_1_48' title='bbox 1716 869 1852 925; x_wconf 91' lang='lat' dir='ltr'><strong>Cum</strong></span> <span class='ocrx_word' id='word_1_49' title='bbox 1872 885 2001 941; x_wconf 90' lang='lat' dir='ltr'><strong>ergo</strong></span> <span class='ocrx_word' id='word_1_50' title='bbox 2024 872 2122 926; x_wconf 89' lang='lat' dir='ltr'><strong>has</strong></span> <span class='ocrx_word' id='word_1_51' title='bbox 2150 872 2365 927; x_wconf 86' lang='lat' dir='ltr'><strong>litteras</strong></span> 
     </span>
    </p>
   </div>
   <div class='ocr_carea' id='block_1_9' title="bbox 796 960 2364 1033">
    <p class='ocr_par' dir='ltr' id='par_1_9' title="bbox 796 960 2364 1033">
     <span class='ocr_line' id='line_1_9' title="bbox 796 960 2364 1033; baseline 0.003 -20"><span class='ocrx_word' id='word_1_52' title='bbox 796 960 1061 1013; x_wconf 80' lang='lat' dir='ltr'><strong>Buronius</strong></span> <span class='ocrx_word' id='word_1_53' title='bbox 1092 960 1327 1028; x_wconf 88' lang='lat' dir='ltr'><strong>scriptas</strong></span> <span class='ocrx_word' id='word_1_54' title='bbox 1347 970 1504 1029; x_wconf 90' lang='lat' dir='ltr'><strong>putet</strong></span> <span class='ocrx_word' id='word_1_55' title='bbox 1528 976 1673 1015; x_wconf 90' lang='lat' dir='ltr'><strong>anno</strong></span> <span class='ocrx_word' id='word_1_56' title='bbox 1703 963 1826 1027; x_wconf 72' lang='grc'><strong>412,</strong></span> <span class='ocrx_word' id='word_1_57' title='bbox 1860 977 1970 1033; x_wconf 91' lang='lat' dir='ltr'><strong>quo</strong></span> <span class='ocrx_word' id='word_1_58' title='bbox 2003 978 2147 1017; x_wconf 89' lang='lat' dir='ltr'><strong>anno</strong></span> <span class='ocrx_word' id='word_1_59' title='bbox 2169 963 2364 1018; x_wconf 90' lang='lat' dir='ltr'><strong>sedere</strong></span> 
     </span>
    </p>
   </div>
   <div class='ocr_carea' id='block_1_10' title="bbox 700 1050 2365 1121">
    <p class='ocr_par' dir='ltr' id='par_1_10' title="bbox 700 1050 2365 1121">
     <span class='ocr_line' id='line_1_10' title="bbox 700 1050 2365 1121; baseline 0.005 -20"><span class='ocrx_word' id='word_1_60' title='bbox 700 1098 701 1101; x_wconf 44' lang='grc' dir='ltr'><strong>η</strong></span> <span class='ocrx_word' id='word_1_61' title='bbox 794 1051 961 1120; x_wconf 64' lang='lat' dir='ltr'><strong>coepit</strong></span> <span class='ocrx_word' id='word_1_62' title='bbox 1004 1050 1260 1121; x_wconf 79' lang='lat' dir='ltr'><strong>Cyrillus,</strong></span> <span class='ocrx_word' id='word_1_63' title='bbox 1320 1067 1543 1107; x_wconf 89' lang='lat' dir='ltr'><strong>necesse</strong></span> <span class='ocrx_word' id='word_1_64' title='bbox 1594 1063 1679 1107; x_wconf 91' lang='lat' dir='ltr'><strong>est</strong></span> <span class='ocrx_word' id='word_1_65' title='bbox 1724 1061 1784 1107; x_wconf 90' lang='lat' dir='ltr'><strong>ut</strong></span> <span class='ocrx_word' id='word_1_66' title='bbox 1826 1054 2172 1109; x_wconf 86' lang='lat' dir='ltr'><strong>Theodotum</strong></span> <span class='ocrx_word' id='word_1_67' title='bbox 2217 1056 2365 1109; x_wconf 87' lang='lat' dir='ltr'><strong>dicat</strong></span> 
     </span>
    </p>
   </div>
   <div class='ocr_carea' id='block_1_11' title="bbox 794 1141 2362 1215">
    <p class='ocr_par' dir='ltr' id='par_1_11' title="bbox 794 1141 2362 1215">
     <span class='ocr_line' id='line_1_11' title="bbox 794 1141 2362 1215; baseline 0.003 -20"><span class='ocrx_word' id='word_1_68' title='bbox 794 1154 920 1195; x_wconf 87' lang='lat' dir='ltr'><strong>ante</strong></span> <span class='ocrx_word' id='word_1_69' title='bbox 960 1141 1223 1211; x_wconf 83' lang='lat' dir='ltr'><strong>Cyrillum</strong></span> <span class='ocrx_word' id='word_1_70' title='bbox 1260 1158 1369 1197; x_wconf 90' lang='lat' dir='ltr'><strong>uno</strong></span> <span class='ocrx_word' id='word_1_71' title='bbox 1422 1145 1614 1197; x_wconf 85' lang='lat' dir='ltr'><strong>saltem</strong></span> <span class='ocrx_word' id='word_1_72' title='bbox 1657 1160 1803 1199; x_wconf 92' lang='lat' dir='ltr'><strong>anno</strong></span> <span class='ocrx_word' id='word_1_73' title='bbox 1840 1146 2071 1209; x_wconf 85' lang='lat' dir='ltr'><strong>sedisse,</strong></span> <span class='ocrx_word' id='word_1_74' title='bbox 2100 1155 2263 1215; x_wconf 91' lang='lat' dir='ltr'><strong>atque</strong></span> <span class='ocrx_word' id='word_1_75' title='bbox 2290 1148 2362 1199; x_wconf 89' lang='lat' dir='ltr'><strong>ita</strong></span> 
     </span>
    </p>
   </div>
   <div class='ocr_carea' id='block_1_12' title="bbox 793 1231 2363 1304">
    <p class='ocr_par' dir='ltr' id='par_1_12' title="bbox 793 1231 2363 1304">
     <span class='ocr_line' id='line_1_12' title="bbox 793 1231 2363 1304; baseline 0.003 -20"><span class='ocrx_word' id='word_1_76' title='bbox 793 1231 1065 1285; x_wconf 77' lang='lat' dir='ltr'><strong>sexdecim</strong></span> <span class='ocrx_word' id='word_1_77' title='bbox 1094 1246 1271 1285; x_wconf 87' lang='lat' dir='ltr'><strong>annos</strong></span> <span class='ocrx_word' id='word_1_78' title='bbox 1308 1234 1663 1286; x_wconf 68' lang='lat' dir='ltr'><strong>Antiochenze</strong></span> <span class='ocrx_word' id='word_1_79' title='bbox 1694 1233 1954 1289; x_wconf 71' lang='lat' dir='ltr'><strong>Ecclesia:</strong></span> <span class='ocrx_word' id='word_1_80' title='bbox 1973 1235 2276 1304; x_wconf 63' lang='lat' dir='ltr'><strong>praefuisse,</strong></span> <span class='ocrx_word' id='word_1_81' title='bbox 2309 1246 2363 1288; x_wconf 86' lang='lat' dir='ltr'><strong>ct</strong></span> 
     </span>
    </p>
   </div>
   <div class='ocr_carea' id='block_1_13' title="bbox 794 1323 1822 1392">
    <p class='ocr_par' dir='ltr' id='par_1_13' title="bbox 794 1323 1822 1392">
     <span class='ocr_line' id='line_1_13' title="bbox 794 1323 1822 1392; baseline 0.001 -17"><span class='ocrx_word' id='word_1_82' title='bbox 794 1323 1026 1392; x_wconf 90' lang='lat' dir='ltr'><strong>proinde</strong></span> <span class='ocrx_word' id='word_1_83' title='bbox 1057 1332 1170 1377; x_wconf 87' lang='lat' dir='ltr'><strong>tres</strong></span> <span class='ocrx_word' id='word_1_84' title='bbox 1193 1331 1405 1376; x_wconf 89' lang='lat' dir='ltr'><strong>tantum</strong></span> <span class='ocrx_word' id='word_1_85' title='bbox 1429 1324 1822 1377; x_wconf 85' lang='lat' dir='ltr'><strong>Alexandrum.</strong></span> 
     </span>
    </p>
   </div>
   <div class='ocr_carea' id='block_1_14' title="bbox 860 1413 2363 1484">
    <p class='ocr_par' dir='ltr' id='par_1_14' title="bbox 860 1413 2363 1484">
     <span class='ocr_line' id='line_1_14' title="bbox 860 1413 2363 1484; baseline 0 -17"><span class='ocrx_word' id='word_1_86' title='bbox 860 1414 945 1467; x_wconf 87' lang='lat' dir='ltr'><strong>IV.</strong></span> <span class='ocrx_word' id='word_1_87' title='bbox 997 1414 1053 1468; x_wconf 89' lang='lat' dir='ltr'><strong>Si</strong></span> <span class='ocrx_word' id='word_1_88' title='bbox 1098 1413 1504 1467; x_wconf 91' lang='lat' dir='ltr'><strong>Thcodoretum</strong></span> <span class='ocrx_word' id='word_1_89' title='bbox 1550 1414 1926 1484; x_wconf 78' lang='lat' dir='ltr'><strong>Cyrillumque</strong></span> <span class='ocrx_word' id='word_1_90' title='bbox 1984 1414 2259 1475; x_wconf 91' lang='lat' dir='ltr'><strong>audimus,</strong></span> <span class='ocrx_word' id='word_1_91' title='bbox 2305 1423 2363 1467; x_wconf 90' lang='lat' dir='ltr'><strong>ut</strong></span> 
     </span>
    </p>
   </div>
   <div class='ocr_carea' id='block_1_15' title="bbox 790 1504 2358 1573">
    <p class='ocr_par' dir='ltr' id='par_1_15' title="bbox 790 1504 2358 1573">
     <span class='ocr_line' id='line_1_15' title="bbox 790 1504 2358 1573; baseline -0.001 -15"><span class='ocrx_word' id='word_1_92' title='bbox 790 1514 939 1559; x_wconf 89' lang='lat' dir='ltr'><strong>certe</strong></span> <span class='ocrx_word' id='word_1_93' title='bbox 982 1520 1074 1573; x_wconf 88' lang='lat' dir='ltr'><strong>par</strong></span> <span class='ocrx_word' id='word_1_94' title='bbox 1117 1513 1223 1567; x_wconf 89' lang='lat' dir='ltr'><strong>est,</strong></span> <span class='ocrx_word' id='word_1_95' title='bbox 1274 1504 1586 1559; x_wconf 81' lang='lat' dir='ltr'><strong>refellemus</strong></span> <span class='ocrx_word' id='word_1_96' title='bbox 1614 1506 1789 1573; x_wconf 89' lang='lat' dir='ltr'><strong>primo</strong></span> <span class='ocrx_word' id='word_1_97' title='bbox 1820 1505 2189 1573; x_wconf 89' lang='lat' dir='ltr'><strong>Nicephorum</strong></span> <span class='ocrx_word' id='word_1_98' title='bbox 2212 1504 2358 1558; x_wconf 85' lang='lat' dir='ltr'><strong>Con-</strong></span> 
     </span>
    </p>
   </div>
   <div class='ocr_carea' id='block_1_16' title="bbox 789 1590 2360 1663">
    <p class='ocr_par' dir='ltr' id='par_1_16' title="bbox 789 1590 2360 1663">
     <span class='ocr_line' id='line_1_16' title="bbox 789 1590 2360 1663; baseline -0.004 -14"><span class='ocrx_word' id='word_1_99' title='bbox 789 1593 1362 1663; x_wconf 86' lang='lat' dir='ltr'><strong>stantinopolitanum,</strong></span> <span class='ocrx_word' id='word_1_100' title='bbox 1416 1601 1653 1662; x_wconf 87' lang='lat' dir='ltr'><strong>quatuor</strong></span> <span class='ocrx_word' id='word_1_101' title='bbox 1703 1600 1913 1645; x_wconf 90' lang='lat' dir='ltr'><strong>tantum</strong></span> <span class='ocrx_word' id='word_1_102' title='bbox 1970 1606 2142 1644; x_wconf 88' lang='lat' dir='ltr'><strong>annos</strong></span> <span class='ocrx_word' id='word_1_103' title='bbox 2176 1590 2360 1643; x_wconf 88' lang='lat' dir='ltr'><strong>Theo-</strong></span> 
     </span>
    </p>
   </div>
   <div class='ocr_carea' id='block_1_17' title="bbox 790 1682 2363 1739">
    <p class='ocr_par' dir='ltr' id='par_1_17' title="bbox 790 1682 2363 1739">
     <span class='ocr_line' id='line_1_17' title="bbox 790 1682 2363 1739; baseline -0.002 -1"><span class='ocrx_word' id='word_1_104' title='bbox 790 1686 919 1738; x_wconf 86' lang='lat' dir='ltr'><strong>doto</strong></span> <span class='ocrx_word' id='word_1_105' title='bbox 947 1686 1251 1739; x_wconf 87' lang='lat' dir='ltr'><strong>tradentem</strong></span> <span class='ocrx_word' id='word_1_106' title='bbox 1283 1703 1295 1736; x_wconf 86' lang='lat'><strong>:</strong></span> <span class='ocrx_word' id='word_1_107' title='bbox 1334 1684 1713 1737; x_wconf 89' lang='lat' dir='ltr'><strong>Theodoretus</strong></span> <span class='ocrx_word' id='word_1_108' title='bbox 1745 1684 1890 1736; x_wconf 88' lang='lat' dir='ltr'><strong>enim</strong></span> <span class='ocrx_word' id='word_1_109' title='bbox 1923 1698 2015 1736; x_wconf 91' lang='lat' dir='ltr'><strong>sex</strong></span> <span class='ocrx_word' id='word_1_110' title='bbox 2052 1696 2226 1735; x_wconf 86' lang='lat' dir='ltr'><strong>annos</strong></span> <span class='ocrx_word' id='word_1_111' title='bbox 2255 1682 2363 1735; x_wconf 91' lang='lat' dir='ltr'><strong>sal-</strong></span> 
     </span>
    </p>
   </div>
   <div class='ocr_carea' id='block_1_18' title="bbox 788 1775 2364 1844">
    <p class='ocr_par' dir='ltr' id='par_1_18' title="bbox 788 1775 2364 1844">
     <span class='ocr_line' id='line_1_18' title="bbox 788 1775 2364 1844; baseline -0.003 -13"><span class='ocrx_word' id='word_1_112' title='bbox 788 1788 896 1831; x_wconf 84' lang='lat' dir='ltr'><strong>tem</strong></span> <span class='ocrx_word' id='word_1_113' title='bbox 933 1777 1216 1830; x_wconf 86' lang='lat' dir='ltr'><strong>Theodoto</strong></span> <span class='ocrx_word' id='word_1_114' title='bbox 1241 1776 1499 1844; x_wconf 77' lang='lat' dir='ltr'><strong>assignat,</strong></span> <span class='ocrx_word' id='word_1_115' title='bbox 1532 1789 1655 1827; x_wconf 87' lang='lat' dir='ltr'><strong>cum</strong></span> <span class='ocrx_word' id='word_1_116' title='bbox 1706 1775 1808 1827; x_wconf 92' lang='lat' dir='ltr'><strong>sub</strong></span> <span class='ocrx_word' id='word_1_117' title='bbox 1841 1789 1907 1827; x_wconf 89' lang='lat' dir='ltr'><strong>eo</strong></span> <span class='ocrx_word' id='word_1_118' title='bbox 1949 1788 2045 1828; x_wconf 85' lang='lat' dir='ltr'><strong>sex</strong></span> <span class='ocrx_word' id='word_1_119' title='bbox 2096 1787 2154 1826; x_wconf 89' lang='lat' dir='ltr'><strong>se</strong></span> <span class='ocrx_word' id='word_1_120' title='bbox 2193 1787 2364 1827; x_wconf 89' lang='lat' dir='ltr'><strong>annos</strong></span> 
     </span>
    </p>
   </div>
   <div class='ocr_carea' id='block_1_19' title="bbox 2465 603 4043 678">
    <p class='ocr_par' dir='ltr' id='par_1_19' title="bbox 2465 603 4043 678">
     <span class='ocr_line' id='line_1_19' title="bbox 2465 603 4043 678; baseline 0.01 -27"><span class='ocrx_word' id='word_1_121' title='bbox 2465 615 2584 652; x_wconf 90' lang='lat' dir='ltr'><strong>esse</strong></span> <span class='ocrx_word' id='word_1_122' title='bbox 2614 610 2832 668; x_wconf 80' lang='lat' dir='ltr'><strong>op0rtet</strong></span> <span class='ocrx_word' id='word_1_123' title='bbox 2850 618 2995 656; x_wconf 90' lang='lat' dir='ltr'><strong>anno</strong></span> <span class='ocrx_word' id='word_1_124' title='bbox 3011 603 3232 658; x_wconf 85' lang='lat' dir='ltr'><strong>circiter</strong></span> <span class='ocrx_word' id='word_1_125' title='bbox 3252 606 3377 670; x_wconf 85' lang='grc'><strong>419,</strong></span> <span class='ocrx_word' id='word_1_126' title='bbox 3401 623 3512 677; x_wconf 90' lang='lat' dir='ltr'><strong>quo</strong></span> <span class='ocrx_word' id='word_1_127' title='bbox 3534 618 3777 678; x_wconf 89' lang='lat' dir='ltr'><strong>tempore</strong></span> <span class='ocrx_word' id='word_1_128' title='bbox 3808 611 4043 667; x_wconf 85' lang='lat' dir='ltr'><strong>Aeacius</strong></span> 
     </span>
    </p>
   </div>
   <div class='ocr_carea' id='block_1_20' title="bbox 2465 684 4043 767">
    <p class='ocr_par' dir='ltr' id='par_1_20' title="bbox 2465 684 4043 767">
     <span class='ocr_line' id='line_1_20' title="bbox 2465 684 4043 767; baseline 0.013 -31"><span class='ocrx_word' id='word_1_129' title='bbox 2465 694 2585 738; x_wconf 90' lang='lat' dir='ltr'><strong>erat</strong></span> <span class='ocrx_word' id='word_1_130' title='bbox 2599 684 2714 739; x_wconf 86' lang='lat' dir='ltr'><strong>fere</strong></span> <span class='ocrx_word' id='word_1_131' title='bbox 2733 690 3148 757; x_wconf 86' lang='lat' dir='ltr'><strong>octogenarius;</strong></span> <span class='ocrx_word' id='word_1_132' title='bbox 3181 692 3261 747; x_wconf 87' lang='lat' dir='ltr'><strong>sic</strong></span> <span class='ocrx_word' id='word_1_133' title='bbox 3281 694 3429 747; x_wconf 89' lang='lat' dir='ltr'><strong>enim</strong></span> <span class='ocrx_word' id='word_1_134' title='bbox 3453 696 3733 752; x_wconf 70' lang='lat' dir='ltr'><strong>aestimare</strong></span> <span class='ocrx_word' id='word_1_135' title='bbox 3744 714 4043 767; x_wconf 83' lang='lat' dir='ltr'><strong>possumus</strong></span> 
     </span>
    </p>
   </div>
   <div class='ocr_carea' id='block_1_21' title="bbox 2468 777 2939 841">
    <p class='ocr_par' dir='ltr' id='par_1_21' title="bbox 2468 777 2939 841">
     <span class='ocr_line' id='line_1_21' title="bbox 2468 777 2939 841; baseline 0.013 -16"><span class='ocrx_word' id='word_1_136' title='bbox 2468 777 2638 841; x_wconf 85' lang='lat' dir='ltr'><strong>ipsius</strong></span> <span class='ocrx_word' id='word_1_137' title='bbox 2660 777 2845 830; x_wconf 74' lang='lat' dir='ltr'><strong>vitam.</strong></span> <span class='ocrx_word' id='word_1_138' title='bbox 2936 822 2939 823; x_wconf 42' lang='grc' dir='ltr'><em>ν</em></span> 
     </span>
    </p>
   </div>
   <div class='ocr_carea' id='block_1_22' title="bbox 2536 866 4038 955">
    <p class='ocr_par' dir='ltr' id='par_1_22' title="bbox 2536 866 4038 955">
     <span class='ocr_line' id='line_1_22' title="bbox 2536 866 4038 955; baseline 0.013 -36"><span class='ocrx_word' id='word_1_139' title='bbox 2536 866 2626 920; x_wconf 83' lang='grc' dir='ltr'><strong>ΙΧ.</strong></span> <span class='ocrx_word' id='word_1_140' title='bbox 2655 867 2953 925; x_wconf 87' lang='lat' dir='ltr'><strong>Ordinatus</strong></span> <span class='ocrx_word' id='word_1_141' title='bbox 2987 880 3073 925; x_wconf 91' lang='lat' dir='ltr'><strong>est</strong></span> <span class='ocrx_word' id='word_1_142' title='bbox 3100 873 3168 927; x_wconf 90' lang='lat' dir='ltr'><strong>ab</strong></span> <span class='ocrx_word' id='word_1_143' title='bbox 3197 873 3437 930; x_wconf 88' lang='lat' dir='ltr'><strong>Eusebio</strong></span> <span class='ocrx_word' id='word_1_144' title='bbox 3474 877 3866 945; x_wconf 88' lang='lat' dir='ltr'><strong>Samosatensi,</strong></span> <span class='ocrx_word' id='word_1_145' title='bbox 3906 898 4038 955; x_wconf 64' lang='lat' dir='ltr'><strong>syn-</strong></span> 
     </span>
    </p>
   </div>
   <div class='ocr_carea' id='block_1_23' title="bbox 2465 957 4041 1042">
    <p class='ocr_par' dir='ltr' id='par_1_23' title="bbox 2465 957 4041 1042">
     <span class='ocr_line' id='line_1_23' title="bbox 2465 957 4041 1042; baseline 0.016 -32"><span class='ocrx_word' id='word_1_146' title='bbox 2465 957 2558 1011; x_wconf 91' lang='lat' dir='ltr'><strong>odi</strong></span> <span class='ocrx_word' id='word_1_147' title='bbox 2617 960 2973 1017; x_wconf 74' lang='lat' dir='ltr'><strong>Antiochena:</strong></span> <span class='ocrx_word' id='word_1_148' title='bbox 3010 964 3211 1034; x_wconf 89' lang='lat' dir='ltr'><strong>legato,</strong></span> <span class='ocrx_word' id='word_1_149' title='bbox 3241 982 3386 1023; x_wconf 89' lang='lat' dir='ltr'><strong>anno</strong></span> <span class='ocrx_word' id='word_1_150' title='bbox 3409 970 3533 1034; x_wconf 81' lang='lat'><strong>578,</strong></span> <span class='ocrx_word' id='word_1_151' title='bbox 3574 980 3669 1026; x_wconf 88' lang='lat' dir='ltr'><strong>aut</strong></span> <span class='ocrx_word' id='word_1_152' title='bbox 3705 975 3888 1042; x_wconf 88' lang='lat' dir='ltr'><strong>potius</strong></span> <span class='ocrx_word' id='word_1_153' title='bbox 3909 976 4041 1035; x_wconf 77' lang='lat'><strong>579.</strong></span> 
     </span>
    </p>
   </div>
   <div class='ocr_carea' id='block_1_24' title="bbox 2467 1059 4045 1130">
    <p class='ocr_par' dir='ltr' id='par_1_24' title="bbox 2467 1059 4045 1130">
     <span class='ocr_line' id='line_1_24' title="bbox 2467 1059 4045 1130; baseline 0.013 -29"><span class='ocrx_word' id='word_1_154' title='bbox 2467 1059 2757 1119; x_wconf 87' lang='lat' dir='ltr'><strong>postquam</strong></span> <span class='ocrx_word' id='word_1_155' title='bbox 2785 1064 2841 1106; x_wconf 88' lang='lat' dir='ltr'><strong>et</strong></span> <span class='ocrx_word' id='word_1_156' title='bbox 2870 1069 2927 1108; x_wconf 89' lang='lat' dir='ltr'><strong>se</strong></span> <span class='ocrx_word' id='word_1_157' title='bbox 2959 1060 3258 1113; x_wconf 87' lang='lat' dir='ltr'><strong>monastiea</strong></span> <span class='ocrx_word' id='word_1_158' title='bbox 3286 1061 3396 1115; x_wconf 87' lang='lat' dir='ltr'><strong>vita</strong></span> <span class='ocrx_word' id='word_1_159' title='bbox 3443 1060 3537 1115; x_wconf 91' lang='lat' dir='ltr'><strong>diu</strong></span> <span class='ocrx_word' id='word_1_160' title='bbox 3582 1066 3941 1130; x_wconf 78' lang='lat' dir='ltr'><strong>exercuisset,</strong></span> <span class='ocrx_word' id='word_1_161' title='bbox 3982 1080 4045 1121; x_wconf 89' lang='lat' dir='ltr'><strong>ct</strong></span> 
     </span>
    </p>
   </div>
   <div class='ocr_carea' id='block_1_25' title="bbox 2468 1143 4043 1225">
    <p class='ocr_par' dir='ltr' id='par_1_25' title="bbox 2468 1143 4043 1225">
     <span class='ocr_line' id='line_1_25' title="bbox 2468 1143 4043 1225; baseline 0.012 -34"><span class='ocrx_word' id='word_1_162' title='bbox 2468 1156 2582 1193; x_wconf 92' lang='lat' dir='ltr'><strong>rem</strong></span> <span class='ocrx_word' id='word_1_163' title='bbox 2651 1143 2978 1197; x_wconf 87' lang='lat' dir='ltr'><strong>catholicam</strong></span> <span class='ocrx_word' id='word_1_164' title='bbox 3037 1146 3300 1203; x_wconf 88' lang='lat' dir='ltr'><strong>adversus</strong></span> <span class='ocrx_word' id='word_1_165' title='bbox 3357 1151 3587 1206; x_wconf 84' lang='lat' dir='ltr'><strong>Arianos</strong></span> <span class='ocrx_word' id='word_1_166' title='bbox 3638 1156 3856 1225; x_wconf 78' lang='lat' dir='ltr'><strong>egregie</strong></span> <span class='ocrx_word' id='word_1_167' title='bbox 3911 1172 4043 1211; x_wconf 89' lang='lat' dir='ltr'><strong>cum</strong></span> 
     </span>
    </p>
   </div>
   <div class='ocr_carea' id='block_1_26' title="bbox 2466 1232 4046 1316">
    <p class='ocr_par' dir='ltr' id='par_1_26' title="bbox 2466 1232 4046 1316">
     <span class='ocr_line' id='line_1_26' title="bbox 2466 1232 4046 1316; baseline 0.012 -33"><span class='ocrx_word' id='word_1_168' title='bbox 2466 1232 2775 1287; x_wconf 87' lang='lat' dir='ltr'><strong>sanctitatis</strong></span> <span class='ocrx_word' id='word_1_169' title='bbox 2816 1234 2950 1289; x_wconf 90' lang='lat' dir='ltr'><strong>viris</strong></span> <span class='ocrx_word' id='word_1_170' title='bbox 2978 1241 3364 1305; x_wconf 87' lang='lat' dir='ltr'><strong>promovisset.</strong></span> <span class='ocrx_word' id='word_1_171' title='bbox 3442 1242 3572 1296; x_wconf 88' lang='lat' dir='ltr'><strong>Erat</strong></span> <span class='ocrx_word' id='word_1_172' title='bbox 3604 1243 3772 1314; x_wconf 88' lang='lat' dir='ltr'><strong>igitur</strong></span> <span class='ocrx_word' id='word_1_173' title='bbox 3799 1247 4046 1316; x_wconf 88' lang='lat' dir='ltr'><strong>quadra-</strong></span> 
     </span>
    </p>
   </div>
   <div class='ocr_carea' id='block_1_27' title="bbox 2465 1322 4046 1404">
    <p class='ocr_par' dir='ltr' id='par_1_27' title="bbox 2465 1322 4046 1404">
     <span class='ocr_line' id='line_1_27' title="bbox 2465 1322 4046 1404; baseline 0.013 -31"><span class='ocrx_word' id='word_1_174' title='bbox 2465 1322 2614 1391; x_wconf 87' lang='lat' dir='ltr'><strong>ginta</strong></span> <span class='ocrx_word' id='word_1_175' title='bbox 2645 1325 2837 1379; x_wconf 87' lang='lat' dir='ltr'><strong>saltem</strong></span> <span class='ocrx_word' id='word_1_176' title='bbox 2876 1342 3049 1382; x_wconf 88' lang='lat' dir='ltr'><strong>annos</strong></span> <span class='ocrx_word' id='word_1_177' title='bbox 3078 1339 3258 1393; x_wconf 89' lang='lat' dir='ltr'><strong>natus,</strong></span> <span class='ocrx_word' id='word_1_178' title='bbox 3292 1349 3415 1386; x_wconf 89' lang='lat' dir='ltr'><strong>cum</strong></span> <span class='ocrx_word' id='word_1_179' title='bbox 3462 1335 3749 1391; x_wconf 87' lang='lat' dir='ltr'><strong>ordinatus</strong></span> <span class='ocrx_word' id='word_1_180' title='bbox 3776 1345 3893 1404; x_wconf 84' lang='lat' dir='ltr'><strong>est;</strong></span> <span class='ocrx_word' id='word_1_181' title='bbox 3935 1339 4046 1393; x_wconf 89' lang='lat' dir='ltr'><strong>fuit</strong></span> 
     </span>
    </p>
   </div>
   <div class='ocr_carea' id='block_1_28' title="bbox 2466 1412 4040 1501">
    <p class='ocr_par' dir='ltr' id='par_1_28' title="bbox 2466 1412 4040 1501">
     <span class='ocr_line' id='line_1_28' title="bbox 2466 1412 4040 1501; baseline 0.013 -35"><span class='ocrx_word' id='word_1_182' title='bbox 2466 1412 2614 1466; x_wconf 90' lang='lat' dir='ltr'><strong>enim</strong></span> <span class='ocrx_word' id='word_1_183' title='bbox 2675 1416 2768 1468; x_wconf 90' lang='lat' dir='ltr'><strong>diu</strong></span> <span class='ocrx_word' id='word_1_184' title='bbox 2807 1419 3111 1490; x_wconf 86' lang='lat' dir='ltr'><strong>presbyter,</strong></span> <span class='ocrx_word' id='word_1_185' title='bbox 3166 1432 3459 1493; x_wconf 89' lang='lat' dir='ltr'><strong>antequam</strong></span> <span class='ocrx_word' id='word_1_186' title='bbox 3499 1427 3793 1497; x_wconf 89' lang='lat' dir='ltr'><strong>episcopus</strong></span> <span class='ocrx_word' id='word_1_187' title='bbox 3848 1447 3861 1482; x_wconf 90' lang='lat'><strong>:</strong></span> <span class='ocrx_word' id='word_1_188' title='bbox 3911 1446 4040 1501; x_wconf 75' lang='lat' dir='ltr'><strong>qua:</strong></span> 
     </span>
    </p>
   </div>
   <div class='ocr_carea' id='block_1_29' title="bbox 2464 1502 4043 1588">
    <p class='ocr_par' dir='ltr' id='par_1_29' title="bbox 2464 1502 4043 1588">
     <span class='ocr_line' id='line_1_29' title="bbox 2464 1502 4043 1588; baseline 0.013 -33"><span class='ocrx_word' id='word_1_189' title='bbox 2464 1502 2611 1556; x_wconf 86' lang='lat' dir='ltr'><strong>enim</strong></span> <span class='ocrx_word' id='word_1_190' title='bbox 2636 1505 2814 1558; x_wconf 91' lang='lat' dir='ltr'><strong>minor</strong></span> <span class='ocrx_word' id='word_1_191' title='bbox 2860 1516 2993 1562; x_wconf 63' lang='lat' dir='ltr'><strong>atas</strong></span> <span class='ocrx_word' id='word_1_192' title='bbox 3036 1512 3216 1588; x_wconf 37' lang='lat' dir='ltr'><strong>.tantis</strong></span> <span class='ocrx_word' id='word_1_193' title='bbox 3264 1513 3429 1568; x_wconf 85' lang='lat' dir='ltr'><strong>rebus</strong></span> <span class='ocrx_word' id='word_1_194' title='bbox 3481 1532 3580 1585; x_wconf 87' lang='lat' dir='ltr'><strong>par</strong></span> <span class='ocrx_word' id='word_1_195' title='bbox 3628 1520 3807 1573; x_wconf 87' lang='lat' dir='ltr'><strong>esset?</strong></span> <span class='ocrx_word' id='word_1_196' title='bbox 3855 1520 4043 1586; x_wconf 86' lang='lat' dir='ltr'><strong>Quare</strong></span> 
     </span>
    </p>
   </div>
   <div class='ocr_carea' id='block_1_30' title="bbox 2466 1599 4039 1682">
    <p class='ocr_par' dir='ltr' id='par_1_30' title="bbox 2466 1599 4039 1682">
     <span class='ocr_line' id='line_1_30' title="bbox 2466 1599 4039 1682; baseline 0.011 -33"><span class='ocrx_word' id='word_1_197' title='bbox 2466 1610 2611 1651; x_wconf 91' lang='lat' dir='ltr'><strong>anno</strong></span> <span class='ocrx_word' id='word_1_198' title='bbox 2638 1599 2740 1652; x_wconf 88' lang='grc'><strong>419</strong></span> <span class='ocrx_word' id='word_1_199' title='bbox 2764 1600 2853 1654; x_wconf 90' lang='lat' dir='ltr'><strong>vix</strong></span> <span class='ocrx_word' id='word_1_200' title='bbox 2877 1606 3230 1674; x_wconf 85' lang='lat' dir='ltr'><strong>octogenario</strong></span> <span class='ocrx_word' id='word_1_201' title='bbox 3270 1608 3451 1662; x_wconf 90' lang='lat' dir='ltr'><strong>minor</strong></span> <span class='ocrx_word' id='word_1_202' title='bbox 3499 1609 3623 1672; x_wconf 90' lang='lat' dir='ltr'><strong>fuit,</strong></span> <span class='ocrx_word' id='word_1_203' title='bbox 3659 1620 3898 1682; x_wconf 89' lang='lat' dir='ltr'><strong>tuncque</strong></span> <span class='ocrx_word' id='word_1_204' title='bbox 3926 1612 4039 1666; x_wconf 93' lang='lat' dir='ltr'><strong>dici</strong></span> 
     </span>
    </p>
   </div>
   <div class='ocr_carea' id='block_1_31' title="bbox 2464 1690 4041 1773">
    <p class='ocr_par' dir='ltr' id='par_1_31' title="bbox 2464 1690 4041 1773">
     <span class='ocr_line' id='line_1_31' title="bbox 2464 1690 4041 1773; baseline 0.011 -33"><span class='ocrx_word' id='word_1_205' title='bbox 2464 1690 2644 1757; x_wconf 90' lang='lat' dir='ltr'><strong>potuit</strong></span> <span class='ocrx_word' id='word_1_206' title='bbox 2688 1691 2756 1745; x_wconf 94' lang='lat' dir='ltr'><strong>ad</strong></span> <span class='ocrx_word' id='word_1_207' title='bbox 2787 1703 3089 1750; x_wconf 83' lang='lat' dir='ltr'><strong>extremam</strong></span> <span class='ocrx_word' id='word_1_208' title='bbox 3144 1708 3482 1755; x_wconf 86' lang='lat' dir='ltr'><strong>senectutem</strong></span> <span class='ocrx_word' id='word_1_209' title='bbox 3535 1705 3871 1771; x_wconf 89' lang='lat' dir='ltr'><strong>pervenisse.</strong></span> <span class='ocrx_word' id='word_1_210' title='bbox 3901 1704 4041 1773; x_wconf 91' lang='lat' dir='ltr'><strong>Opi-</strong></span> 
     </span>
    </p>
   </div>
   <div class='ocr_carea' id='block_1_32' title="bbox 2465 1782 4041 1866">
    <p class='ocr_par' dir='ltr' id='par_1_32' title="bbox 2465 1782 4041 1866">
     <span class='ocr_line' id='line_1_32' title="bbox 2465 1782 4041 1866; baseline 0.011 -34"><span class='ocrx_word' id='word_1_211' title='bbox 2465 1795 2568 1833; x_wconf 92' lang='lat' dir='ltr'><strong>nor</strong></span> <span class='ocrx_word' id='word_1_212' title='bbox 2586 1782 2753 1851; x_wconf 80' lang='lat' dir='ltr'><strong>igitur</strong></span> <span class='ocrx_word' id='word_1_213' title='bbox 2782 1784 2994 1840; x_wconf 89' lang='lat' dir='ltr'><strong>litteras</strong></span> <span class='ocrx_word' id='word_1_214' title='bbox 3016 1786 3204 1858; x_wconf 86' lang='lat' dir='ltr'><strong>Cyrilli</strong></span> <span class='ocrx_word' id='word_1_215' title='bbox 3236 1806 3266 1843; x_wconf 92' lang='lat' dir='ltr'><strong>a</strong></span> <span class='ocrx_word' id='word_1_216' title='bbox 3301 1792 3613 1861; x_wconf 87' lang='lat' dir='ltr'><strong>Nicephoro</strong></span> <span class='ocrx_word' id='word_1_217' title='bbox 3657 1794 3882 1849; x_wconf 86' lang='lat' dir='ltr'><strong>Callisto</strong></span> <span class='ocrx_word' id='word_1_218' title='bbox 3905 1812 4041 1866; x_wconf 88' lang='lat' dir='ltr'><strong>pro-</strong></span> 
     </span>
    </p>
   </div>
   <div class='ocr_carea' id='block_1_33' title="bbox 788 1857 4043 1950">
    <p class='ocr_par' dir='ltr' id='par_1_33' title="bbox 788 1857 4043 1950">
     <span class='ocr_line' id='line_1_33' title="bbox 788 1857 4043 1950; baseline 0.006 -27"><span class='ocrx_word' id='word_1_219' title='bbox 788 1870 1039 1923; x_wconf 85' lang='lat' dir='ltr'><strong>docuisse</strong></span> <span class='ocrx_word' id='word_1_220' title='bbox 1081 1868 1387 1922; x_wconf 70' lang='lat' dir='ltr'><strong>Antiochiae</strong></span> <span class='ocrx_word' id='word_1_221' title='bbox 1425 1866 1625 1921; x_wconf 83' lang='lat' dir='ltr'><strong>referat</strong></span> <span class='ocrx_word' id='word_1_222' title='bbox 1681 1867 1733 1920; x_wconf 91' lang='lat' dir='ltr'><strong>in</strong></span> <span class='ocrx_word' id='word_1_223' title='bbox 1783 1866 1980 1920; x_wconf 85' lang='lat' dir='ltr'><strong>litteris</strong></span> <span class='ocrx_word' id='word_1_224' title='bbox 2021 1865 2087 1919; x_wconf 91' lang='lat' dir='ltr'><strong>ad</strong></span> <span class='ocrx_word' id='word_1_225' title='bbox 2131 1865 2358 1919; x_wconf 87' lang='lat' dir='ltr'><strong>Diosco-</strong></span> <span class='ocrx_word' id='word_1_226' title='bbox 2395 1857 2434 1913; x_wconf 75' lang='grc' dir='ltr'><strong>Β</strong></span> <span class='ocrx_word' id='word_1_227' title='bbox 2467 1871 2624 1938; x_wconf 89' lang='lat' dir='ltr'><strong>latas,</strong></span> <span class='ocrx_word' id='word_1_228' title='bbox 2653 1876 2670 1894; x_wconf 84' lang='lat'><strong><em>‘</em></strong></span> <span class='ocrx_word' id='word_1_229' title='bbox 2706 1876 2981 1944; x_wconf 89' lang='lat' dir='ltr'><strong>pertinere</strong></span> <span class='ocrx_word' id='word_1_230' title='bbox 3014 1879 3080 1932; x_wconf 91' lang='lat' dir='ltr'><strong>ad</strong></span> <span class='ocrx_word' id='word_1_231' title='bbox 3132 1896 3335 1934; x_wconf 90' lang='lat' dir='ltr'><strong>annum</strong></span> <span class='ocrx_word' id='word_1_232' title='bbox 3382 1857 3603 1938; x_wconf 74' lang='lat' dir='ltr'><strong>circiter</strong></span> <span class='ocrx_word' id='word_1_233' title='bbox 3636 1886 3761 1950; x_wconf 76' lang='grc'><strong>420,</strong></span> <span class='ocrx_word' id='word_1_234' title='bbox 3802 1857 4043 1942; x_wconf 77' lang='lat' dir='ltr'><strong>mentio-</strong></span> 
     </span>
    </p>
   </div>
   <div class='ocr_carea' id='block_1_34' title="bbox 790 1977 931 2015">
    <p class='ocr_par' dir='ltr' id='par_1_34' title="bbox 790 1977 931 2015">
     <span class='ocr_line' id='line_1_34' title="bbox 790 1977 931 2015; baseline -0.007 -1"><span class='ocrx_word' id='word_1_235' title='bbox 790 1977 931 2015; x_wconf 78' lang='lat' dir='ltr'><strong>I‘UIIJ.</strong></span> 
     </span>
    </p>
   </div>
   <div class='ocr_carea' id='block_1_35' title="bbox 858 2048 2357 2111">
    <p class='ocr_par' dir='ltr' id='par_1_35' title="bbox 858 2048 2357 2111">
     <span class='ocr_line' id='line_1_35' title="bbox 858 2048 2357 2111; baseline -0.004 -5"><span class='ocrx_word' id='word_1_236' title='bbox 858 2053 920 2106; x_wconf 82' lang='lat' dir='ltr'><strong>V.</strong></span> <span class='ocrx_word' id='word_1_237' title='bbox 958 2050 1288 2104; x_wconf 77' lang='lat' dir='ltr'><strong>Befellemus</strong></span> <span class='ocrx_word' id='word_1_238' title='bbox 1332 2051 1533 2105; x_wconf 89' lang='lat' dir='ltr'><strong>deinde</strong></span> <span class='ocrx_word' id='word_1_239' title='bbox 1576 2050 1891 2111; x_wconf 87' lang='lat' dir='ltr'><strong>Baronium,</strong></span> <span class='ocrx_word' id='word_1_240' title='bbox 1925 2059 2144 2103; x_wconf 91' lang='lat' dir='ltr'><strong>mutuas</strong></span> <span class='ocrx_word' id='word_1_241' title='bbox 2192 2048 2357 2102; x_wconf 82' lang='lat' dir='ltr'><strong>Attici</strong></span> 
     </span>
    </p>
   </div>
   <div class='ocr_carea' id='block_1_36' title="bbox 786 2140 2354 2214">
    <p class='ocr_par' dir='ltr' id='par_1_36' title="bbox 786 2140 2354 2214">
     <span class='ocr_line' id='line_1_36' title="bbox 786 2140 2354 2214; baseline -0.004 -15"><span class='ocrx_word' id='word_1_242' title='bbox 786 2154 841 2198; x_wconf 88' lang='lat' dir='ltr'><strong>et</strong></span> <span class='ocrx_word' id='word_1_243' title='bbox 862 2142 1046 2214; x_wconf 84' lang='lat' dir='ltr'><strong>Cyrilli</strong></span> <span class='ocrx_word' id='word_1_244' title='bbox 1072 2142 1303 2205; x_wconf 89' lang='lat' dir='ltr'><strong>litteras,</strong></span> <span class='ocrx_word' id='word_1_245' title='bbox 1336 2143 1389 2195; x_wconf 90' lang='lat' dir='ltr'><strong>in</strong></span> <span class='ocrx_word' id='word_1_246' title='bbox 1409 2143 1610 2212; x_wconf 84' lang='lat' dir='ltr'><strong>quibus</strong></span> <span class='ocrx_word' id='word_1_247' title='bbox 1635 2142 1693 2194; x_wconf 88' lang='lat' dir='ltr'><strong>lit</strong></span> <span class='ocrx_word' id='word_1_248' title='bbox 1714 2141 1920 2195; x_wconf 86' lang='lat' dir='ltr'><strong>mentio</strong></span> <span class='ocrx_word' id='word_1_249' title='bbox 1950 2140 2223 2195; x_wconf 83' lang='lat' dir='ltr'><strong>Theodoti</strong></span> <span class='ocrx_word' id='word_1_250' title='bbox 2244 2141 2354 2210; x_wconf 85' lang='lat' dir='ltr'><strong>jam</strong></span> 
     </span>
    </p>
   </div>
   <div class='ocr_carea' id='block_1_37' title="bbox 788 2228 2356 2304">
    <p class='ocr_par' dir='ltr' id='par_1_37' title="bbox 788 2228 2356 2304">
     <span class='ocr_line' id='line_1_37' title="bbox 788 2228 2356 2304; baseline -0.004 -12"><span class='ocrx_word' id='word_1_251' title='bbox 788 2236 1051 2299; x_wconf 82' lang='lat' dir='ltr'><strong>sedentis,</strong></span> <span class='ocrx_word' id='word_1_252' title='bbox 1086 2235 1401 2304; x_wconf 84' lang='lat' dir='ltr'><strong>opinantem</strong></span> <span class='ocrx_word' id='word_1_253' title='bbox 1442 2234 1599 2287; x_wconf 91' lang='lat' dir='ltr'><strong>datas</strong></span> <span class='ocrx_word' id='word_1_254' title='bbox 1629 2248 1774 2286; x_wconf 89' lang='lat' dir='ltr'><strong>anno</strong></span> <span class='ocrx_word' id='word_1_255' title='bbox 1806 2233 1931 2297; x_wconf 75' lang='grc'><strong>412,</strong></span> <span class='ocrx_word' id='word_1_256' title='bbox 1973 2247 2083 2302; x_wconf 93' lang='lat' dir='ltr'><strong>quo</strong></span> <span class='ocrx_word' id='word_1_257' title='bbox 2119 2228 2356 2302; x_wconf 70' lang='lat' dir='ltr'><strong>Gyrillus</strong></span> 
     </span>
    </p>
   </div>
   <div class='ocr_carea' id='block_1_38' title="bbox 787 2325 2355 2382">
    <p class='ocr_par' dir='ltr' id='par_1_38' title="bbox 787 2325 2355 2382">
     <span class='ocr_line' id='line_1_38' title="bbox 787 2325 2355 2382; baseline -0.003 0"><span class='ocrx_word' id='word_1_258' title='bbox 787 2328 1071 2382; x_wconf 90' lang='lat' dir='ltr'><strong>ordinatus</strong></span> <span class='ocrx_word' id='word_1_259' title='bbox 1110 2336 1194 2380; x_wconf 90' lang='lat' dir='ltr'><strong>est</strong></span> <span class='ocrx_word' id='word_1_260' title='bbox 1231 2344 1244 2378; x_wconf 91' lang='lat'>:</span> <span class='ocrx_word' id='word_1_261' title='bbox 1291 2327 1578 2379; x_wconf 83' lang='lat' dir='ltr'><strong>ruinosum</strong></span> <span class='ocrx_word' id='word_1_262' title='bbox 1623 2325 1769 2378; x_wconf 89' lang='lat' dir='ltr'><strong>enim</strong></span> <span class='ocrx_word' id='word_1_263' title='bbox 1817 2334 1901 2379; x_wconf 91' lang='lat' dir='ltr'><strong>est</strong></span> <span class='ocrx_word' id='word_1_264' title='bbox 1934 2326 2355 2379; x_wconf 90' lang='lat' dir='ltr'><strong>fundamentum</strong></span> 
     </span>
    </p>
   </div>
   <div class='ocr_carea' id='block_1_39' title="bbox 789 2412 2354 2489">
    <p class='ocr_par' dir='ltr' id='par_1_39' title="bbox 789 2412 2354 2489">
     <span class='ocr_line' id='line_1_39' title="bbox 789 2412 2354 2489; baseline -0.005 -18"><span class='ocrx_word' id='word_1_265' title='bbox 789 2434 896 2489; x_wconf 91' lang='lat' dir='ltr'><strong>quo</strong></span> <span class='ocrx_word' id='word_1_266' title='bbox 924 2426 1032 2471; x_wconf 87' lang='lat' dir='ltr'><strong>tota</strong></span> <span class='ocrx_word' id='word_1_267' title='bbox 1065 2416 1237 2485; x_wconf 89' lang='lat' dir='ltr'><strong>ipsius</strong></span> <span class='ocrx_word' id='word_1_268' title='bbox 1278 2415 1344 2469; x_wconf 93' lang='lat' dir='ltr'><strong>de</strong></span> <span class='ocrx_word' id='word_1_269' title='bbox 1372 2415 1529 2469; x_wconf 90' lang='lat' dir='ltr'><strong>annis</strong></span> <span class='ocrx_word' id='word_1_270' title='bbox 1561 2414 1827 2467; x_wconf 88' lang='lat' dir='ltr'><strong>Theodoti</strong></span> <span class='ocrx_word' id='word_1_271' title='bbox 1855 2413 2041 2482; x_wconf 92' lang='lat' dir='ltr'><strong>opinio</strong></span> <span class='ocrx_word' id='word_1_272' title='bbox 2081 2412 2354 2467; x_wconf 87' lang='lat' dir='ltr'><strong>innititur.</strong></span> 
     </span>
    </p>
   </div>
   <div class='ocr_carea' id='block_1_40' title="bbox 790 2503 2358 2563">
    <p class='ocr_par' dir='ltr' id='par_1_40' title="bbox 790 2503 2358 2563">
     <span class='ocr_line' id='line_1_40' title="bbox 790 2503 2358 2563; baseline -0.004 0"><span class='ocrx_word' id='word_1_273' title='bbox 790 2510 921 2563; x_wconf 80' lang='lat' dir='ltr'><strong>Nam</strong></span> <span class='ocrx_word' id='word_1_274' title='bbox 974 2508 1354 2562; x_wconf 86' lang='lat' dir='ltr'><strong>Theodoretus</strong></span> <span class='ocrx_word' id='word_1_275' title='bbox 1388 2506 1550 2559; x_wconf 84' lang='lat' dir='ltr'><strong>docet</strong></span> <span class='ocrx_word' id='word_1_276' title='bbox 1584 2504 1955 2559; x_wconf 83' lang='lat' dir='ltr'><strong>Alexandrum</strong></span> <span class='ocrx_word' id='word_1_277' title='bbox 2000 2503 2358 2557; x_wconf 64' lang='lat' dir='ltr'><strong>Antiochenaa</strong></span> 
     </span>
    </p>
   </div>
   <div class='ocr_carea' id='block_1_41' title="bbox 788 2594 2353 2666">
    <p class='ocr_par' dir='ltr' id='par_1_41' title="bbox 788 2594 2353 2666">
     <span class='ocr_line' id='line_1_41' title="bbox 788 2594 2353 2666; baseline -0.004 -11"><span class='ocrx_word' id='word_1_278' title='bbox 788 2600 1046 2655; x_wconf 69' lang='lat' dir='ltr'><strong>Ecclesim</strong></span> <span class='ocrx_word' id='word_1_279' title='bbox 1076 2599 1258 2666; x_wconf 90' lang='lat' dir='ltr'><strong>aliquo</strong></span> <span class='ocrx_word' id='word_1_280' title='bbox 1272 2607 1536 2666; x_wconf 87' lang='lat' dir='ltr'><strong>tempore,</strong></span> <span class='ocrx_word' id='word_1_281' title='bbox 1559 2612 1669 2665; x_wconf 91' lang='lat' dir='ltr'><strong>quo</strong></span> <span class='ocrx_word' id='word_1_282' title='bbox 1701 2595 1936 2666; x_wconf 87' lang='lat' dir='ltr'><strong>Cyrillus</strong></span> <span class='ocrx_word' id='word_1_283' title='bbox 1959 2594 2353 2656; x_wconf 81' lang='lat' dir='ltr'><strong>Alexandrinae,</strong></span> 
     </span>
    </p>
   </div>
   <div class='ocr_carea' id='block_1_42' title="bbox 787 2686 2357 2763">
    <p class='ocr_par' dir='ltr' id='par_1_42' title="bbox 787 2686 2357 2763">
     <span class='ocr_line' id='line_1_42' title="bbox 787 2686 2357 2763; baseline -0.005 -18"><span class='ocrx_word' id='word_1_284' title='bbox 787 2692 1070 2763; x_wconf 69' lang='lat' dir='ltr'><strong>przefuisse</strong></span> <span class='ocrx_word' id='word_1_285' title='bbox 1118 2709 1129 2743; x_wconf 91' lang='lat'>:</span> <span class='ocrx_word' id='word_1_286' title='bbox 1184 2709 1201 2740; x_wconf 74' lang='grc' dir='ltr'>ι</span> <span class='ocrx_word' id='word_1_287' title='bbox 1261 2690 1340 2743; x_wconf 85' lang='lat' dir='ltr'><strong>Eo</strong></span> <span class='ocrx_word' id='word_1_288' title='bbox 1393 2697 1637 2757; x_wconf 87' lang='lat' dir='ltr'><strong>tempore</strong></span> <span class='ocrx_word' id='word_1_289' title='bbox 1676 2687 2019 2740; x_wconf 64' lang='lat' dir='ltr'><strong>Alexandriae</strong></span> <span class='ocrx_word' id='word_1_290' title='bbox 2064 2686 2357 2754; x_wconf 88' lang='lat' dir='ltr'><strong>episcopus</strong></span> 
     </span>
    </p>
   </div>
   <div class='ocr_carea' id='block_1_43' title="bbox 785 2776 2357 2855">
    <p class='ocr_par' dir='ltr' id='par_1_43' title="bbox 785 2776 2357 2855">
     <span class='ocr_line' id='line_1_43' title="bbox 785 2776 2357 2855; baseline -0.006 -17"><span class='ocrx_word' id='word_1_291' title='bbox 785 2785 1021 2855; x_wconf 79' lang='lat' dir='ltr'><strong>Cyrtllus</strong></span> <span class='ocrx_word' id='word_1_292' title='bbox 1044 2781 1478 2850; x_wconf 89' lang='lat' dir='ltr'><strong>erat,Theophili</strong></span> <span class='ocrx_word' id='word_1_293' title='bbox 1505 2780 1691 2834; x_wconf 86' lang='lat' dir='ltr'><strong>fratris</strong></span> <span class='ocrx_word' id='word_1_294' title='bbox 1713 2779 1876 2841; x_wconf 85' lang='lat' dir='ltr'><strong>ﬁlius,</strong></span> <span class='ocrx_word' id='word_1_295' title='bbox 1893 2777 2075 2847; x_wconf 89' lang='lat' dir='ltr'><strong>patrui</strong></span> <span class='ocrx_word' id='word_1_296' title='bbox 2094 2777 2149 2830; x_wconf 90' lang='lat' dir='ltr'><strong>in</strong></span> <span class='ocrx_word' id='word_1_297' title='bbox 2167 2776 2357 2830; x_wconf 91' lang='lat' dir='ltr'><strong>cathe-</strong></span> 
     </span>
    </p>
   </div>
   <div class='ocr_carea' id='block_1_44' title="bbox 788 2866 2355 2939">
    <p class='ocr_par' dir='ltr' id='par_1_44' title="bbox 788 2866 2355 2939">
     <span class='ocr_line' id='line_1_44' title="bbox 788 2866 2355 2939; baseline -0.004 -14"><span class='ocrx_word' id='word_1_298' title='bbox 788 2873 885 2925; x_wconf 87' lang='lat' dir='ltr'><strong>dra</strong></span> <span class='ocrx_word' id='word_1_299' title='bbox 915 2884 1217 2926; x_wconf 86' lang='lat' dir='ltr'><strong>successor.</strong></span> <span class='ocrx_word' id='word_1_300' title='bbox 1255 2870 1757 2939; x_wconf 67' lang='lat' dir='ltr'><strong>Hierosolymitanae</strong></span> <span class='ocrx_word' id='word_1_301' title='bbox 1783 2882 1913 2921; x_wconf 87' lang='lat' dir='ltr'><strong>vero</strong></span> <span class='ocrx_word' id='word_1_302' title='bbox 1941 2866 2199 2921; x_wconf 73' lang='lat' dir='ltr'><strong>Ecclesia:</strong></span> <span class='ocrx_word' id='word_1_303' title='bbox 2218 2881 2355 2935; x_wconf 76' lang='lat' dir='ltr'><strong>pra:-</strong></span> 
     </span>
    </p>
   </div>
   <div class='ocr_carea' id='block_1_45' title="bbox 786 2960 2353 3031">
    <p class='ocr_par' dir='ltr' id='par_1_45' title="bbox 786 2960 2353 3031">
     <span class='ocr_line' id='line_1_45' title="bbox 786 2960 2353 3031; baseline -0.006 -11"><span class='ocrx_word' id='word_1_304' title='bbox 786 2976 906 3020; x_wconf 87' lang='lat' dir='ltr'><strong>erat</strong></span> <span class='ocrx_word' id='word_1_305' title='bbox 929 2965 1165 3019; x_wconf 84' lang='lat' dir='ltr'><strong>Joannes</strong></span> <span class='ocrx_word' id='word_1_306' title='bbox 1189 2964 1271 3015; x_wconf 91' lang='lat' dir='ltr'><strong>vir</strong></span> <span class='ocrx_word' id='word_1_307' title='bbox 1302 2962 1611 3025; x_wconf 85' lang='lat' dir='ltr'><strong>laudabilis,</strong></span> <span class='ocrx_word' id='word_1_308' title='bbox 1637 2962 1729 3030; x_wconf 90' lang='lat' dir='ltr'><strong>qui</strong></span> <span class='ocrx_word' id='word_1_309' title='bbox 1762 2960 1966 3031; x_wconf 86' lang='lat' dir='ltr'><strong>Cyrillo</strong></span> <span class='ocrx_word' id='word_1_310' title='bbox 1995 2970 2353 3013; x_wconf 86' lang='lat' dir='ltr'><strong>successerat.</strong></span> 
     </span>
    </p>
   </div>
   <div class='ocr_carea' id='block_1_46' title="bbox 787 3050 2355 3123">
    <p class='ocr_par' dir='ltr' id='par_1_46' title="bbox 787 3050 2355 3123">
     <span class='ocr_line' id='line_1_46' title="bbox 787 3050 2355 3123; baseline -0.004 -15"><span class='ocrx_word' id='word_1_311' title='bbox 787 3056 1160 3110; x_wconf 86' lang='lat' dir='ltr'><strong>Antiochenos</strong></span> <span class='ocrx_word' id='word_1_312' title='bbox 1180 3053 1438 3123; x_wconf 89' lang='lat' dir='ltr'><strong>pascebat</strong></span> <span class='ocrx_word' id='word_1_313' title='bbox 1456 3052 1778 3113; x_wconf 78' lang='lat' dir='ltr'><strong>Alexander,</strong></span> <span class='ocrx_word' id='word_1_314' title='bbox 1797 3052 1954 3122; x_wconf 84' lang='lat' dir='ltr'><strong>cujus</strong></span> <span class='ocrx_word' id='word_1_315' title='bbox 1981 3051 2105 3104; x_wconf 65' lang='lat' dir='ltr'><strong>vitae</strong></span> <span class='ocrx_word' id='word_1_316' title='bbox 2132 3050 2355 3102; x_wconf 89' lang='lat' dir='ltr'><strong>institu-</strong></span> 
     </span>
    </p>
   </div>
   <div class='ocr_carea' id='block_1_47' title="bbox 789 3142 2356 3215">
    <p class='ocr_par' dir='ltr' id='par_1_47' title="bbox 789 3142 2356 3215">
     <span class='ocr_line' id='line_1_47' title="bbox 789 3142 2356 3215; baseline -0.005 -16"><span class='ocrx_word' id='word_1_317' title='bbox 789 3148 865 3199; x_wconf 92' lang='lat' dir='ltr'><strong>tio</strong></span> <span class='ocrx_word' id='word_1_318' title='bbox 892 3145 1229 3215; x_wconf 84' lang='lat' dir='ltr'><strong>episcOpatui</strong></span> <span class='ocrx_word' id='word_1_319' title='bbox 1255 3143 1593 3214; x_wconf 79' lang='lat' dir='ltr'><strong>congruebat</strong></span> <span class='ocrx_word' id='word_1_320' title='bbox 1613 3144 1708 3195; x_wconf 72' lang='grc' dir='ltr'><strong>ιι.»</strong></span> <span class='ocrx_word' id='word_1_321' title='bbox 1735 3143 1987 3196; x_wconf 79' lang='lat' dir='ltr'><strong>Nondum</strong></span> <span class='ocrx_word' id='word_1_322' title='bbox 2025 3142 2189 3210; x_wconf 80' lang='lat' dir='ltr'><strong>igitur</strong></span> <span class='ocrx_word' id='word_1_323' title='bbox 2212 3154 2356 3193; x_wconf 93' lang='lat' dir='ltr'><strong>anno</strong></span> 
     </span>
    </p>
   </div>
   <div class='ocr_carea' id='block_1_48' title="bbox 2466 1966 4040 2042">
    <p class='ocr_par' dir='ltr' id='par_1_48' title="bbox 2466 1966 4040 2042">
     <span class='ocr_line' id='line_1_48' title="bbox 2466 1966 4040 2042; baseline 0.009 -26"><span class='ocrx_word' id='word_1_324' title='bbox 2466 1978 2700 2033; x_wconf 91' lang='lat' dir='ltr'><strong>nemque</strong></span> <span class='ocrx_word' id='word_1_325' title='bbox 2724 1966 2777 2018; x_wconf 92' lang='lat' dir='ltr'><strong>in</strong></span> <span class='ocrx_word' id='word_1_326' title='bbox 2805 1966 2873 2021; x_wconf 91' lang='lat' dir='ltr'><strong>iis</strong></span> <span class='ocrx_word' id='word_1_327' title='bbox 2900 1966 3019 2022; x_wconf 82' lang='lat' dir='ltr'><strong>ﬁeri</strong></span> <span class='ocrx_word' id='word_1_328' title='bbox 3038 1969 3329 2033; x_wconf 90' lang='lat' dir='ltr'><strong>Theodoti,</strong></span> <span class='ocrx_word' id='word_1_329' title='bbox 3352 1973 3463 2042; x_wconf 90' lang='lat' dir='ltr'><strong>jam</strong></span> <span class='ocrx_word' id='word_1_330' title='bbox 3488 1988 3656 2027; x_wconf 88' lang='lat' dir='ltr'><strong>unum</strong></span> <span class='ocrx_word' id='word_1_331' title='bbox 3680 1985 3775 2028; x_wconf 91' lang='lat' dir='ltr'><strong>aut</strong></span> <span class='ocrx_word' id='word_1_332' title='bbox 3800 1977 4040 2030; x_wconf 87' lang='lat' dir='ltr'><strong>alterum</strong></span> 
     </span>
    </p>
   </div>
   <div class='ocr_carea' id='block_1_49' title="bbox 2466 2054 3366 2127">
    <p class='ocr_par' dir='ltr' id='par_1_49' title="bbox 2466 2054 3366 2127">
     <span class='ocr_line' id='line_1_49' title="bbox 2466 2054 3366 2127; baseline 0.011 -24"><span class='ocrx_word' id='word_1_333' title='bbox 2466 2066 2668 2105; x_wconf 90' lang='lat' dir='ltr'><strong>annum</strong></span> <span class='ocrx_word' id='word_1_334' title='bbox 2701 2054 2756 2107; x_wconf 92' lang='lat' dir='ltr'><strong>in</strong></span> <span class='ocrx_word' id='word_1_335' title='bbox 2784 2056 3099 2125; x_wconf 89' lang='lat' dir='ltr'><strong>episcopatu</strong></span> <span class='ocrx_word' id='word_1_336' title='bbox 3139 2059 3366 2127; x_wconf 84' lang='lat' dir='ltr'><strong>agentis.</strong></span> 
     </span>
    </p>
   </div>
   <div class='ocr_carea' id='block_1_50' title="bbox 2536 2143 4045 2219">
    <p class='ocr_par' dir='ltr' id='par_1_50' title="bbox 2536 2143 4045 2219">
     <span class='ocr_line' id='line_1_50' title="bbox 2536 2143 4045 2219; baseline 0.009 -22"><span class='ocrx_word' id='word_1_337' title='bbox 2536 2143 2603 2198; x_wconf 83' lang='grc' dir='ltr'><strong>Χ.</strong></span> <span class='ocrx_word' id='word_1_338' title='bbox 2635 2144 2925 2201; x_wconf 90' lang='lat' dir='ltr'><strong>Stabilitur</strong></span> <span class='ocrx_word' id='word_1_339' title='bbox 2965 2147 3151 2203; x_wconf 83' lang='lat' dir='ltr'><strong>isthaec</strong></span> <span class='ocrx_word' id='word_1_340' title='bbox 3181 2151 3368 2219; x_wconf 93' lang='lat' dir='ltr'><strong>opinio</strong></span> <span class='ocrx_word' id='word_1_341' title='bbox 3426 2153 3749 2208; x_wconf 86' lang='lat' dir='ltr'><strong>auctoritate</strong></span> <span class='ocrx_word' id='word_1_342' title='bbox 3779 2155 4045 2211; x_wconf 88' lang='lat' dir='ltr'><strong>Theodo—</strong></span> 
     </span>
    </p>
   </div>
   <div class='ocr_carea' id='block_1_51' title="bbox 2466 2234 4043 2309">
    <p class='ocr_par' dir='ltr' id='par_1_51' title="bbox 2466 2234 4043 2309">
     <span class='ocr_line' id='line_1_51' title="bbox 2466 2234 4043 2309; baseline 0.01 -22"><span class='ocrx_word' id='word_1_343' title='bbox 2466 2234 2589 2299; x_wconf 89' lang='lat' dir='ltr'><strong>reti,</strong></span> <span class='ocrx_word' id='word_1_344' title='bbox 2620 2236 2895 2292; x_wconf 90' lang='lat' dir='ltr'><strong>narrantis</strong></span> <span class='ocrx_word' id='word_1_345' title='bbox 2918 2239 3050 2307; x_wconf 92' lang='lat' dir='ltr'><strong>quid</strong></span> <span class='ocrx_word' id='word_1_346' title='bbox 3072 2241 3235 2309; x_wconf 88' lang='lat' dir='ltr'><strong>paulo</strong></span> <span class='ocrx_word' id='word_1_347' title='bbox 3255 2251 3379 2297; x_wconf 89' lang='lat' dir='ltr'><strong>ante</strong></span> <span class='ocrx_word' id='word_1_348' title='bbox 3410 2254 3639 2299; x_wconf 89' lang='lat' dir='ltr'><strong>mortem</strong></span> <span class='ocrx_word' id='word_1_349' title='bbox 3662 2248 4043 2303; x_wconf 83' lang='lat' dir='ltr'><strong>sanctissimus</strong></span> 
     </span>
    </p>
   </div>
   <div class='ocr_carea' id='block_1_52' title="bbox 2465 2327 4043 2409">
    <p class='ocr_par' dir='ltr' id='par_1_52' title="bbox 2465 2327 4043 2409">
     <span class='ocr_line' id='line_1_52' title="bbox 2465 2327 4043 2409; baseline 0.012 -31"><span class='ocrx_word' id='word_1_350' title='bbox 2465 2327 2769 2381; x_wconf 90' lang='lat' dir='ltr'><strong>monachus</strong></span> <span class='ocrx_word' id='word_1_351' title='bbox 2816 2329 2963 2383; x_wconf 89' lang='lat' dir='ltr'><strong>Zeno</strong></span> <span class='ocrx_word' id='word_1_352' title='bbox 3014 2333 3187 2399; x_wconf 83' lang='lat' dir='ltr'><strong>egerit</strong></span> <span class='ocrx_word' id='word_1_353' title='bbox 3239 2349 3363 2388; x_wconf 90' lang='lat' dir='ltr'><strong>cum</strong></span> <span class='ocrx_word' id='word_1_354' title='bbox 3407 2336 3717 2391; x_wconf 83' lang='lat' dir='ltr'><strong>Alexandro</strong></span> <span class='ocrx_word' id='word_1_355' title='bbox 3780 2339 4043 2409; x_wconf 86' lang='lat' dir='ltr'><strong>episcopo</strong></span> 
     </span>
    </p>
   </div>
   <div class='ocr_carea' id='block_1_53' title="bbox 2463 2410 4045 2500">
    <p class='ocr_par' dir='ltr' id='par_1_53' title="bbox 2463 2410 4045 2500">
     <span class='ocr_line' id='line_1_53' title="bbox 2463 2410 4045 2500; baseline 0.013 -36"><span class='ocrx_word' id='word_1_356' title='bbox 2463 2410 2811 2479; x_wconf 74' lang='lat' dir='ltr'><strong>Antiochiae;</strong></span> <span class='ocrx_word' id='word_1_357' title='bbox 2868 2415 2923 2469; x_wconf 87' lang='lat' dir='ltr'><strong>id</strong></span> <span class='ocrx_word' id='word_1_358' title='bbox 2973 2419 3117 2473; x_wconf 89' lang='lat' dir='ltr'><strong>enim</strong></span> <span class='ocrx_word' id='word_1_359' title='bbox 3167 2436 3274 2474; x_wconf 90' lang='lat' dir='ltr'><strong>non</strong></span> <span class='ocrx_word' id='word_1_360' title='bbox 3325 2424 3761 2493; x_wconf 88' lang='lat' dir='ltr'><strong>improbabiliter</strong></span> <span class='ocrx_word' id='word_1_361' title='bbox 3808 2430 4045 2500; x_wconf 87' lang='lat' dir='ltr'><strong>contigit</strong></span> 
     </span>
    </p>
   </div>
   <div class='ocr_carea' id='block_1_54' title="bbox 2465 2504 4043 2580">
    <p class='ocr_par' dir='ltr' id='par_1_54' title="bbox 2465 2504 4043 2580">
     <span class='ocr_line' id='line_1_54' title="bbox 2465 2504 4043 2580; baseline 0.013 -24"><span class='ocrx_word' id='word_1_362' title='bbox 2465 2504 2650 2571; x_wconf 85' lang='lat' dir='ltr'><strong>plures</strong></span> <span class='ocrx_word' id='word_1_363' title='bbox 2688 2515 2809 2574; x_wconf 88' lang='lat' dir='ltr'><strong>post</strong></span> <span class='ocrx_word' id='word_1_364' title='bbox 2835 2522 3027 2574; x_wconf 87' lang='lat' dir='ltr'><strong>annos,</strong></span> <span class='ocrx_word' id='word_1_365' title='bbox 3052 2526 3215 2580; x_wconf 88' lang='lat' dir='ltr'><strong>quam</strong></span> <span class='ocrx_word' id='word_1_366' title='bbox 3244 2514 3515 2570; x_wconf 88' lang='lat' dir='ltr'><strong>Zenonem</strong></span> <span class='ocrx_word' id='word_1_367' title='bbox 3550 2518 3925 2576; x_wconf 89' lang='lat' dir='ltr'><strong>Theodoretus</strong></span> <span class='ocrx_word' id='word_1_368' title='bbox 3955 2523 4043 2576; x_wconf 91' lang='lat' dir='ltr'><strong>in-</strong></span> 
     </span>
    </p>
   </div>
   <div class='ocr_carea' id='block_1_55' title="bbox 2465 2595 3306 2660">
    <p class='ocr_par' dir='ltr' id='par_1_55' title="bbox 2465 2595 3306 2660">
     <span class='ocr_line' id='line_1_55' title="bbox 2465 2595 3306 2660; baseline 0.013 -12"><span class='ocrx_word' id='word_1_369' title='bbox 2465 2595 2623 2660; x_wconf 82' lang='lat' dir='ltr'><strong>visit;</strong></span> <span class='ocrx_word' id='word_1_370' title='bbox 2654 2598 2840 2653; x_wconf 89' lang='lat' dir='ltr'><strong>invisit</strong></span> <span class='ocrx_word' id='word_1_371' title='bbox 2857 2616 2987 2656; x_wconf 88' lang='lat' dir='ltr'><strong>vero</strong></span> <span class='ocrx_word' id='word_1_372' title='bbox 3014 2618 3158 2658; x_wconf 89' lang='lat' dir='ltr'><strong>anno</strong></span> <span class='ocrx_word' id='word_1_373' title='bbox 3184 2605 3306 2659; x_wconf 88' lang='grc'><strong>408.</strong></span> 
     </span>
    </p>
   </div>
   <div class='ocr_carea' id='block_1_56' title="bbox 2537 2689 4039 2767">
    <p class='ocr_par' dir='ltr' id='par_1_56' title="bbox 2537 2689 4039 2767">
     <span class='ocr_line' id='line_1_56' title="bbox 2537 2689 4039 2767; baseline 0.011 -24"><span class='ocrx_word' id='word_1_374' title='bbox 2537 2689 2628 2744; x_wconf 78' lang='lat' dir='ltr'><strong>XI.</strong></span> <span class='ocrx_word' id='word_1_375' title='bbox 2677 2692 2907 2747; x_wconf 89' lang='lat' dir='ltr'><strong>Accedit</strong></span> <span class='ocrx_word' id='word_1_376' title='bbox 2952 2695 3101 2751; x_wconf 89' lang='lat' dir='ltr'><strong>aliud</strong></span> <span class='ocrx_word' id='word_1_377' title='bbox 3145 2698 3422 2767; x_wconf 88' lang='lat' dir='ltr'><strong>opinionis</strong></span> <span class='ocrx_word' id='word_1_378' title='bbox 3483 2700 3897 2759; x_wconf 89' lang='lat' dir='ltr'><strong>fundamentum</strong></span> <span class='ocrx_word' id='word_1_379' title='bbox 3969 2722 4039 2759; x_wconf 80' lang='lat' dir='ltr'><strong>ex</strong></span> 
     </span>
    </p>
   </div>
   <div class='ocr_carea' id='block_1_57' title="bbox 2465 2781 4045 2861">
    <p class='ocr_par' dir='ltr' id='par_1_57' title="bbox 2465 2781 4045 2861">
     <span class='ocr_line' id='line_1_57' title="bbox 2465 2781 4045 2861; baseline 0.011 -28"><span class='ocrx_word' id='word_1_380' title='bbox 2465 2781 2664 2836; x_wconf 89' lang='lat' dir='ltr'><strong>litteris</strong></span> <span class='ocrx_word' id='word_1_381' title='bbox 2700 2783 2864 2839; x_wconf 85' lang='lat' dir='ltr'><strong>Attici</strong></span> <span class='ocrx_word' id='word_1_382' title='bbox 2894 2786 2962 2839; x_wconf 92' lang='lat' dir='ltr'><strong>ad</strong></span> <span class='ocrx_word' id='word_1_383' title='bbox 3013 2786 3296 2857; x_wconf 83' lang='lat' dir='ltr'><strong>Cyrillum,</strong></span> <span class='ocrx_word' id='word_1_384' title='bbox 3349 2806 3414 2843; x_wconf 87' lang='lat' dir='ltr'><strong>ex</strong></span> <span class='ocrx_word' id='word_1_385' title='bbox 3462 2792 3664 2861; x_wconf 86' lang='lat' dir='ltr'><strong>quibus</strong></span> <span class='ocrx_word' id='word_1_386' title='bbox 3721 2794 3866 2849; x_wconf 90' lang='lat' dir='ltr'><strong>idem</strong></span> <span class='ocrx_word' id='word_1_387' title='bbox 3904 2798 4045 2849; x_wconf 89' lang='lat' dir='ltr'><strong>satis</strong></span> 
     </span>
    </p>
   </div>
   <div class='ocr_carea' id='block_1_58' title="bbox 2464 2874 4039 2949">
    <p class='ocr_par' dir='ltr' id='par_1_58' title="bbox 2464 2874 4039 2949">
     <span class='ocr_line' id='line_1_58' title="bbox 2464 2874 4039 2949; baseline 0.011 -27"><span class='ocrx_word' id='word_1_388' title='bbox 2464 2880 2653 2938; x_wconf 88' lang='lat' dir='ltr'><strong>aperte</strong></span> <span class='ocrx_word' id='word_1_389' title='bbox 2679 2874 3031 2929; x_wconf 90' lang='lat' dir='ltr'><strong>concluditur</strong></span> <span class='ocrx_word' id='word_1_390' title='bbox 3083 2894 3095 2929; x_wconf 93' lang='lat'>:</span> <span class='ocrx_word' id='word_1_391' title='bbox 3142 2880 3310 2932; x_wconf 91' lang='lat' dir='ltr'><strong>refert</strong></span> <span class='ocrx_word' id='word_1_392' title='bbox 3338 2880 3484 2933; x_wconf 91' lang='lat' dir='ltr'><strong>enim</strong></span> <span class='ocrx_word' id='word_1_393' title='bbox 3540 2882 3754 2937; x_wconf 91' lang='lat' dir='ltr'><strong>Atticus</strong></span> <span class='ocrx_word' id='word_1_394' title='bbox 3788 2900 3867 2949; x_wconf 90' lang='lat' dir='ltr'><strong>se,</strong></span> <span class='ocrx_word' id='word_1_395' title='bbox 3907 2902 4039 2940; x_wconf 87' lang='lat' dir='ltr'><strong>eum</strong></span> 
     </span>
    </p>
   </div>
   <div class='ocr_carea' id='block_1_59' title="bbox 2464 2961 4044 3039">
    <p class='ocr_par' dir='ltr' id='par_1_59' title="bbox 2464 2961 4044 3039">
     <span class='ocr_line' id='line_1_59' title="bbox 2464 2961 4044 3039; baseline 0.012 -27"><span class='ocrx_word' id='word_1_396' title='bbox 2464 2961 2727 3029; x_wconf 91' lang='lat' dir='ltr'><strong>populum</strong></span> <span class='ocrx_word' id='word_1_397' title='bbox 2760 2965 2915 3019; x_wconf 92' lang='lat' dir='ltr'><strong>urbis</strong></span> <span class='ocrx_word' id='word_1_398' title='bbox 2960 2967 3121 3037; x_wconf 69' lang='lat' dir='ltr'><strong>regiae</strong></span> <span class='ocrx_word' id='word_1_399' title='bbox 3150 2972 3481 3025; x_wconf 89' lang='lat' dir='ltr'><strong>commoveri</strong></span> <span class='ocrx_word' id='word_1_400' title='bbox 3525 2984 3797 3039; x_wconf 86' lang='lat' dir='ltr'><strong>cerneret,</strong></span> <span class='ocrx_word' id='word_1_401' title='bbox 3830 2978 4044 3031; x_wconf 84' lang='lat' dir='ltr'><strong>tumul-</strong></span> 
     </span>
    </p>
   </div>
   <div class='ocr_carea' id='block_1_60' title="bbox 2465 3052 4045 3131">
    <p class='ocr_par' dir='ltr' id='par_1_60' title="bbox 2465 3052 4045 3131">
     <span class='ocr_line' id='line_1_60' title="bbox 2465 3052 4045 3131; baseline 0.012 -28"><span class='ocrx_word' id='word_1_402' title='bbox 2465 3058 2635 3120; x_wconf 85' lang='lat' dir='ltr'><strong>tuque</strong></span> <span class='ocrx_word' id='word_1_403' title='bbox 2667 3052 2964 3124; x_wconf 77' lang='lat' dir='ltr'><strong>eﬂlagitare</strong></span> <span class='ocrx_word' id='word_1_404' title='bbox 3008 3066 3067 3111; x_wconf 91' lang='lat' dir='ltr'><strong>ut</strong></span> <span class='ocrx_word' id='word_1_405' title='bbox 3098 3060 3268 3115; x_wconf 89' lang='lat' dir='ltr'><strong>sacris</strong></span> <span class='ocrx_word' id='word_1_406' title='bbox 3291 3061 3563 3131; x_wconf 79' lang='lat' dir='ltr'><strong>diptychis</strong></span> <span class='ocrx_word' id='word_1_407' title='bbox 3591 3080 3788 3119; x_wconf 88' lang='lat' dir='ltr'><strong>nomen</strong></span> <span class='ocrx_word' id='word_1_408' title='bbox 3811 3066 4045 3122; x_wconf 81' lang='lat' dir='ltr'><strong>Joannis</strong></span> 
     </span>
    </p>
   </div>
   <div class='ocr_carea' id='block_1_61' title="bbox 2464 3141 4044 3216">
    <p class='ocr_par' dir='ltr' id='par_1_61' title="bbox 2464 3141 4044 3216">
     <span class='ocr_line' id='line_1_61' title="bbox 2464 3141 4044 3216; baseline 0.009 -22"><span class='ocrx_word' id='word_1_409' title='bbox 2464 3141 2881 3209; x_wconf 88' lang='lat' dir='ltr'><strong>inscriberetur,</strong></span> <span class='ocrx_word' id='word_1_410' title='bbox 2919 3146 3305 3216; x_wconf 88' lang='lat' dir='ltr'><strong>imperatorem</strong></span> <span class='ocrx_word' id='word_1_411' title='bbox 3339 3150 3562 3216; x_wconf 89' lang='lat' dir='ltr'><strong>adiisse,</strong></span> <span class='ocrx_word' id='word_1_412' title='bbox 3589 3162 3650 3206; x_wconf 91' lang='lat' dir='ltr'><strong>ut</strong></span> <span class='ocrx_word' id='word_1_413' title='bbox 3679 3168 3744 3208; x_wconf 88' lang='lat' dir='ltr'><strong>ex</strong></span> <span class='ocrx_word' id='word_1_414' title='bbox 3772 3171 3839 3209; x_wconf 92' lang='lat' dir='ltr'><strong>eo</strong></span> <span class='ocrx_word' id='word_1_415' title='bbox 3861 3156 4044 3211; x_wconf 89' lang='lat' dir='ltr'><strong>resci-</strong></span> 
     </span>
    </p>
   </div>
   <div class='ocr_carea' id='block_1_62' title="bbox 786 3206 4043 3314">
    <p class='ocr_par' dir='ltr' id='par_1_62' title="bbox 786 3206 4043 3314">
     <span class='ocr_line' id='line_1_62' title="bbox 786 3206 4043 3314; baseline 0.003 -21"><span class='ocrx_word' id='word_1_416' title='bbox 786 3239 891 3293; x_wconf 71' lang='grc'><strong>412</strong></span> <span class='ocrx_word' id='word_1_417' title='bbox 925 3206 1243 3292; x_wconf 76' lang='lat' dir='ltr'><strong>Theodotus</strong></span> <span class='ocrx_word' id='word_1_418' title='bbox 1293 3206 1412 3291; x_wconf 72' lang='lat' dir='ltr'><strong>erat</strong></span> <span class='ocrx_word' id='word_1_419' title='bbox 1450 3235 1761 3305; x_wconf 84' lang='lat' dir='ltr'><strong>episeOpus,</strong></span> <span class='ocrx_word' id='word_1_420' title='bbox 1803 3233 2005 3303; x_wconf 87' lang='lat' dir='ltr'><strong>alioqui</strong></span> <span class='ocrx_word' id='word_1_421' title='bbox 2049 3206 2362 3286; x_wconf 76' lang='lat' dir='ltr'><strong>Alexander</strong></span> <span class='ocrx_word' id='word_1_422' title='bbox 2388 3206 2432 3265; x_wconf 68' lang='grc' dir='ltr'>ο</span> <span class='ocrx_word' id='word_1_423' title='bbox 2465 3242 2549 3289; x_wconf 88' lang='lat' dir='ltr'><strong>ret</strong></span> <span class='ocrx_word' id='word_1_424' title='bbox 2603 3235 2734 3304; x_wconf 91' lang='lat' dir='ltr'><strong>quid</strong></span> <span class='ocrx_word' id='word_1_425' title='bbox 2778 3206 2925 3293; x_wconf 79' lang='lat' dir='ltr'><strong>facto</strong></span> <span class='ocrx_word' id='word_1_426' title='bbox 2968 3206 3117 3295; x_wconf 74' lang='lat' dir='ltr'><strong>esset</strong></span> <span class='ocrx_word' id='word_1_427' title='bbox 3166 3257 3335 3311; x_wconf 89' lang='lat' dir='ltr'><strong>opus;</strong></span> <span class='ocrx_word' id='word_1_428' title='bbox 3400 3254 3455 3297; x_wconf 89' lang='lat' dir='ltr'><strong>et</strong></span> <span class='ocrx_word' id='word_1_429' title='bbox 3504 3245 3889 3314; x_wconf 89' lang='lat' dir='ltr'><strong>imperatorem</strong></span> <span class='ocrx_word' id='word_1_430' title='bbox 3942 3265 4043 3303; x_wconf 90' lang='lat' dir='ltr'><strong>re-</strong></span> 
     </span>
    </p>
   </div>
   <div class='ocr_carea' id='block_1_63' title="bbox 789 3324 2362 3394">
    <p class='ocr_par' dir='ltr' id='par_1_63' title="bbox 789 3324 2362 3394">
     <span class='ocr_line' id='line_1_63' title="bbox 789 3324 2362 3394; baseline -0.005 -9"><span class='ocrx_word' id='word_1_431' title='bbox 789 3348 895 3385; x_wconf 87' lang='lat' dir='ltr'><strong>non</strong></span> <span class='ocrx_word' id='word_1_432' title='bbox 920 3338 1062 3385; x_wconf 89' lang='lat' dir='ltr'><strong>esset</strong></span> <span class='ocrx_word' id='word_1_433' title='bbox 1100 3328 1424 3390; x_wconf 89' lang='lat' dir='ltr'><strong>recensitus,</strong></span> <span class='ocrx_word' id='word_1_434' title='bbox 1459 3326 1555 3381; x_wconf 88' lang='lat' dir='ltr'><strong>sed</strong></span> <span class='ocrx_word' id='word_1_435' title='bbox 1582 3326 1905 3380; x_wconf 84' lang='lat' dir='ltr'><strong>Theodotus</strong></span> <span class='ocrx_word' id='word_1_436' title='bbox 1934 3342 1947 3378; x_wconf 90' lang='lat'><strong>:</strong></span> <span class='ocrx_word' id='word_1_437' title='bbox 1979 3341 2148 3394; x_wconf 90' lang='lat' dir='ltr'><strong>quare</strong></span> <span class='ocrx_word' id='word_1_438' title='bbox 2182 3324 2362 3378; x_wconf 91' lang='lat' dir='ltr'><strong>detra-</strong></span> 
     </span>
    </p>
   </div>
   <div class='ocr_carea' id='block_1_64' title="bbox 788 3417 2361 3482">
    <p class='ocr_par' dir='ltr' id='par_1_64' title="bbox 788 3417 2361 3482">
     <span class='ocr_line' id='line_1_64' title="bbox 788 3417 2361 3482; baseline -0.008 -4"><span class='ocrx_word' id='word_1_439' title='bbox 788 3422 1003 3482; x_wconf 75' lang='lat' dir='ltr'><strong>hendus</strong></span> <span class='ocrx_word' id='word_1_440' title='bbox 1027 3432 1113 3475; x_wconf 83' lang='lat' dir='ltr'><strong>est</strong></span> <span class='ocrx_word' id='word_1_441' title='bbox 1145 3435 1286 3473; x_wconf 86' lang='lat' dir='ltr'><strong>unus</strong></span> <span class='ocrx_word' id='word_1_442' title='bbox 1316 3428 1409 3472; x_wconf 86' lang='lat' dir='ltr'><strong>aut</strong></span> <span class='ocrx_word' id='word_1_443' title='bbox 1438 3419 1577 3471; x_wconf 87' lang='lat' dir='ltr'><strong>alter</strong></span> <span class='ocrx_word' id='word_1_444' title='bbox 1612 3417 1806 3471; x_wconf 84' lang='lat' dir='ltr'><strong>saltem</strong></span> <span class='ocrx_word' id='word_1_445' title='bbox 1849 3430 2029 3469; x_wconf 88' lang='lat' dir='ltr'><strong>annus</strong></span> <span class='ocrx_word' id='word_1_446' title='bbox 2053 3429 2121 3467; x_wconf 86' lang='lat' dir='ltr'><strong>ex</strong></span> <span class='ocrx_word' id='word_1_447' title='bbox 2144 3428 2361 3467; x_wconf 87' lang='lat' dir='ltr'><strong>summa</strong></span> 
     </span>
    </p>
   </div>
   <div class='ocr_carea' id='block_1_65' title="bbox 786 3505 2355 3581">
    <p class='ocr_par' dir='ltr' id='par_1_65' title="bbox 786 3505 2355 3581">
     <span class='ocr_line' id='line_1_65' title="bbox 786 3505 2355 3581; baseline -0.006 -13"><span class='ocrx_word' id='word_1_448' title='bbox 786 3513 1022 3575; x_wconf 82' lang='lat' dir='ltr'><strong>Baronii,</strong></span> <span class='ocrx_word' id='word_1_449' title='bbox 1049 3528 1155 3581; x_wconf 90' lang='lat' dir='ltr'><strong>qua</strong></span> <span class='ocrx_word' id='word_1_450' title='bbox 1185 3510 1523 3563; x_wconf 88' lang='lat' dir='ltr'><strong>detractione</strong></span> <span class='ocrx_word' id='word_1_451' title='bbox 1552 3507 1881 3561; x_wconf 77' lang='lat' dir='ltr'><strong>discohaeret</strong></span> <span class='ocrx_word' id='word_1_452' title='bbox 1932 3506 2107 3576; x_wconf 90' lang='lat' dir='ltr'><strong>ipsius</strong></span> <span class='ocrx_word' id='word_1_453' title='bbox 2136 3505 2355 3559; x_wconf 87' lang='lat' dir='ltr'><strong>ratioci-</strong></span> 
     </span>
    </p>
   </div>
   <div class='ocr_carea' id='block_1_66' title="bbox 786 3621 957 3659">
    <p class='ocr_par' dir='ltr' id='par_1_66' title="bbox 786 3621 957 3659">
     <span class='ocr_line' id='line_1_66' title="bbox 786 3621 957 3659; baseline 0 -1"><span class='ocrx_word' id='word_1_454' title='bbox 786 3621 957 3659; x_wconf 75' lang='lat' dir='ltr'><strong>Dlllll}.</strong></span> 
     </span>
    </p>
   </div>
   <div class='ocr_carea' id='block_1_67' title="bbox 849 3691 2358 3761">
    <p class='ocr_par' dir='ltr' id='par_1_67' title="bbox 849 3691 2358 3761">
     <span class='ocr_line' id='line_1_67' title="bbox 849 3691 2358 3761; baseline -0.003 -9"><span class='ocrx_word' id='word_1_455' title='bbox 849 3700 934 3752; x_wconf 64' lang='grc' dir='ltr'><strong>γι.</strong></span> <span class='ocrx_word' id='word_1_456' title='bbox 976 3698 1049 3750; x_wconf 84' lang='lat' dir='ltr'><strong>Ex</strong></span> <span class='ocrx_word' id='word_1_457' title='bbox 1077 3695 1270 3750; x_wconf 91' lang='lat' dir='ltr'><strong>eodem</strong></span> <span class='ocrx_word' id='word_1_458' title='bbox 1304 3695 1425 3748; x_wconf 89' lang='lat' dir='ltr'><strong>loco</strong></span> <span class='ocrx_word' id='word_1_459' title='bbox 1459 3691 1777 3756; x_wconf 84' lang='lat' dir='ltr'><strong>conficitur,</strong></span> <span class='ocrx_word' id='word_1_460' title='bbox 1819 3692 2026 3761; x_wconf 87' lang='lat' dir='ltr'><strong>aliquot</strong></span> <span class='ocrx_word' id='word_1_461' title='bbox 2050 3692 2231 3748; x_wconf 90' lang='lat' dir='ltr'><strong>adhuc</strong></span> <span class='ocrx_word' id='word_1_462' title='bbox 2259 3693 2358 3748; x_wconf 91' lang='lat' dir='ltr'><strong>de-</strong></span> 
     </span>
    </p>
   </div>
   <div class='ocr_carea' id='block_1_68' title="bbox 786 3789 1151 3847">
    <p class='ocr_par' dir='ltr' id='par_1_68' title="bbox 786 3789 1151 3847">
     <span class='ocr_line' id='line_1_68' title="bbox 786 3789 1151 3847; baseline -0.016 -1"><span class='ocrx_word' id='word_1_463' title='bbox 786 3789 1084 3847; x_wconf 75' lang='lat' dir='ltr'><strong>trahendus</strong></span> <span class='ocrx_word' id='word_1_464' title='bbox 1139 3806 1151 3840; x_wconf 90' lang='lat'><strong>:</strong></span> 
     </span>
    </p>
   </div>
   <div class='ocr_carea' id='block_1_69' title="bbox 784 3871 2359 3946">
    <p class='ocr_par' dir='ltr' id='par_1_69' title="bbox 784 3871 2359 3946">
     <span class='ocr_line' id='line_1_69' title="bbox 784 3871 2359 3946; baseline -0.004 -12"><span class='ocrx_word' id='word_1_465' title='bbox 784 3882 977 3935; x_wconf 87' lang='lat' dir='ltr'><strong>eodem</strong></span> <span class='ocrx_word' id='word_1_466' title='bbox 1015 3888 1263 3946; x_wconf 92' lang='lat' dir='ltr'><strong>tempore</strong></span> <span class='ocrx_word' id='word_1_467' title='bbox 1281 3875 1608 3937; x_wconf 68' lang='lat' dir='ltr'><strong>Antiochiae,</strong></span> <span class='ocrx_word' id='word_1_468' title='bbox 1639 3887 1748 3942; x_wconf 90' lang='lat' dir='ltr'><strong>quo</strong></span> <span class='ocrx_word' id='word_1_469' title='bbox 1780 3871 2019 3927; x_wconf 77' lang='lat' dir='ltr'><strong>Joannes</strong></span> <span class='ocrx_word' id='word_1_470' title='bbox 2043 3871 2359 3945; x_wconf 83' lang='lat' dir='ltr'><strong>Hierosoly-</strong></span> 
     </span>
    </p>
   </div>
   <div class='ocr_carea' id='block_1_70' title="bbox 786 3965 2357 4038">
    <p class='ocr_par' dir='ltr' id='par_1_70' title="bbox 786 3965 2357 4038">
     <span class='ocr_line' id='line_1_70' title="bbox 786 3965 2357 4038; baseline -0.006 -11"><span class='ocrx_word' id='word_1_471' title='bbox 786 3974 890 4027; x_wconf 86' lang='lat' dir='ltr'><strong>mis</strong></span> <span class='ocrx_word' id='word_1_472' title='bbox 920 3989 932 4023; x_wconf 90' lang='lat'>:</span> <span class='ocrx_word' id='word_1_473' title='bbox 968 3971 1159 4025; x_wconf 91' lang='lat' dir='ltr'><strong>sedere</strong></span> <span class='ocrx_word' id='word_1_474' title='bbox 1204 3969 1369 4038; x_wconf 84' lang='lat' dir='ltr'><strong>igitur</strong></span> <span class='ocrx_word' id='word_1_475' title='bbox 1407 3966 1595 4035; x_wconf 74' lang='grc' dir='ltr'><strong>εωρὶι,</strong></span> <span class='ocrx_word' id='word_1_476' title='bbox 1626 3973 1685 4017; x_wconf 92' lang='lat' dir='ltr'><strong>ut</strong></span> <span class='ocrx_word' id='word_1_477' title='bbox 1716 3980 1879 4033; x_wconf 89' lang='lat' dir='ltr'><strong>quam</strong></span> <span class='ocrx_word' id='word_1_478' title='bbox 1908 3965 2183 4028; x_wconf 86' lang='lat' dir='ltr'><strong>ocissime,</strong></span> <span class='ocrx_word' id='word_1_479' title='bbox 2214 3982 2357 4019; x_wconf 90' lang='lat' dir='ltr'><strong>anno</strong></span> 
     </span>
    </p>
   </div>
   <div class='ocr_carea' id='block_1_71' title="bbox 788 4053 2356 4131">
    <p class='ocr_par' dir='ltr' id='par_1_71' title="bbox 788 4053 2356 4131">
     <span class='ocr_line' id='line_1_71' title="bbox 788 4053 2356 4131; baseline -0.005 -14"><span class='ocrx_word' id='word_1_480' title='bbox 788 4064 889 4117; x_wconf 76' lang='lat' dir='ltr'><strong>M6</strong></span> <span class='ocrx_word' id='word_1_481' title='bbox 907 4064 1015 4131; x_wconf 87' lang='lat' dir='ltr'><strong>jam</strong></span> <span class='ocrx_word' id='word_1_482' title='bbox 1046 4060 1260 4113; x_wconf 81' lang='lat' dir='ltr'><strong>affecto.</strong></span> <span class='ocrx_word' id='word_1_483' title='bbox 1296 4055 1750 4124; x_wconf 85' lang='lat' dir='ltr'><strong>Quandoquidem</strong></span> <span class='ocrx_word' id='word_1_484' title='bbox 1792 4053 2031 4107; x_wconf 79' lang='lat' dir='ltr'><strong>Joannes</strong></span> <span class='ocrx_word' id='word_1_485' title='bbox 2064 4054 2356 4109; x_wconf 91' lang='lat' dir='ltr'><strong>defunctus</strong></span> 
     </span>
    </p>
   </div>
   <div class='ocr_carea' id='block_1_72' title="bbox 783 4145 2355 4219">
    <p class='ocr_par' dir='ltr' id='par_1_72' title="bbox 783 4145 2355 4219">
     <span class='ocr_line' id='line_1_72' title="bbox 783 4145 2355 4219; baseline -0.006 -12"><span class='ocrx_word' id='word_1_486' title='bbox 783 4164 868 4209; x_wconf 84' lang='lat' dir='ltr'><strong>est</strong></span> <span class='ocrx_word' id='word_1_487' title='bbox 898 4154 1088 4206; x_wconf 89' lang='lat' dir='ltr'><strong>eodem</strong></span> <span class='ocrx_word' id='word_1_488' title='bbox 1134 4150 1293 4219; x_wconf 72' lang='lat'><strong>2‘53</strong></span> <span class='ocrx_word' id='word_1_489' title='bbox 1338 4149 1456 4217; x_wconf 91' lang='lat' dir='ltr'><strong>ipso</strong></span> <span class='ocrx_word' id='word_1_490' title='bbox 1514 4162 1659 4200; x_wconf 89' lang='lat' dir='ltr'><strong>anno</strong></span> <span class='ocrx_word' id='word_1_491' title='bbox 1688 4145 1792 4200; x_wconf 84' lang='grc'><strong>416</strong></span> <span class='ocrx_word' id='word_1_492' title='bbox 1821 4185 1834 4209; x_wconf 92' lang='grc'>,</span> <span class='ocrx_word' id='word_1_493' title='bbox 1867 4145 2192 4200; x_wconf 88' lang='lat' dir='ltr'><strong>detrahendi</strong></span> <span class='ocrx_word' id='word_1_494' title='bbox 2228 4153 2355 4199; x_wconf 90' lang='lat' dir='ltr'><strong>sunt</strong></span> 
     </span>
    </p>
   </div>
   <div class='ocr_carea' id='block_1_73' title="bbox 787 4240 1476 4314">
    <p class='ocr_par' dir='ltr' id='par_1_73' title="bbox 787 4240 1476 4314">
     <span class='ocr_line' id='line_1_73' title="bbox 787 4240 1476 4314; baseline -0.012 -16"><span class='ocrx_word' id='word_1_495' title='bbox 787 4246 951 4314; x_wconf 74' lang='lat' dir='ltr'><strong>igitur</strong></span> <span class='ocrx_word' id='word_1_496' title='bbox 985 4246 1094 4295; x_wconf 81' lang='lat' dir='ltr'><strong>tres</strong></span> <span class='ocrx_word' id='word_1_497' title='bbox 1121 4240 1302 4294; x_wconf 90' lang='lat' dir='ltr'><strong>adhuc</strong></span> <span class='ocrx_word' id='word_1_498' title='bbox 1325 4240 1476 4291; x_wconf 90' lang='lat' dir='ltr'><strong>anni.</strong></span> 
     </span>
    </p>
   </div>
   <div class='ocr_carea' id='block_1_74' title="bbox 858 4326 2352 4396">
    <p class='ocr_par' dir='ltr' id='par_1_74' title="bbox 858 4326 2352 4396">
     <span class='ocr_line' id='line_1_74' title="bbox 858 4326 2352 4396; baseline -0.006 -9"><span class='ocrx_word' id='word_1_499' title='bbox 858 4337 962 4389; x_wconf 78' lang='lat' dir='ltr'><strong>\‘ll.</strong></span> <span class='ocrx_word' id='word_1_500' title='bbox 998 4335 1195 4387; x_wconf 80' lang='lat' dir='ltr'><strong>Verum</strong></span> <span class='ocrx_word' id='word_1_501' title='bbox 1220 4330 1591 4385; x_wconf 76' lang='lat' dir='ltr'><strong>detrahendus</strong></span> <span class='ocrx_word' id='word_1_502' title='bbox 1617 4328 1783 4382; x_wconf 90' lang='lat' dir='ltr'><strong>etiam</strong></span> <span class='ocrx_word' id='word_1_503' title='bbox 1816 4327 2004 4396; x_wconf 85' lang='lat' dir='ltr'><strong>plures</strong></span> <span class='ocrx_word' id='word_1_504' title='bbox 2044 4326 2239 4381; x_wconf 90' lang='lat' dir='ltr'><strong>suadet</strong></span> <span class='ocrx_word' id='word_1_505' title='bbox 2269 4326 2352 4396; x_wconf 85' lang='lat' dir='ltr'><strong>ip-</strong></span> 
     </span>
    </p>
   </div>
   <div class='ocr_carea' id='block_1_75' title="bbox 786 4418 2351 4495">
    <p class='ocr_par' dir='ltr' id='par_1_75' title="bbox 786 4418 2351 4495">
     <span class='ocr_line' id='line_1_75' title="bbox 786 4418 2351 4495; baseline -0.006 -14"><span class='ocrx_word' id='word_1_506' title='bbox 786 4437 956 4482; x_wconf 88' lang='lat' dir='ltr'><strong>semet</strong></span> <span class='ocrx_word' id='word_1_507' title='bbox 988 4426 1243 4495; x_wconf 72' lang='lat' dir='ltr'><strong>Cyrillus,</strong></span> <span class='ocrx_word' id='word_1_508' title='bbox 1280 4422 1374 4491; x_wconf 90' lang='lat' dir='ltr'><strong>qui</strong></span> <span class='ocrx_word' id='word_1_509' title='bbox 1407 4429 1558 4483; x_wconf 92' lang='lat' dir='ltr'><strong>tunc,</strong></span> <span class='ocrx_word' id='word_1_510' title='bbox 1594 4435 1719 4473; x_wconf 92' lang='lat' dir='ltr'><strong>eum</strong></span> <span class='ocrx_word' id='word_1_511' title='bbox 1750 4419 2019 4473; x_wconf 89' lang='lat' dir='ltr'><strong>scriberet</strong></span> <span class='ocrx_word' id='word_1_512' title='bbox 2044 4418 2245 4481; x_wconf 90' lang='lat' dir='ltr'><strong>Attico,</strong></span> <span class='ocrx_word' id='word_1_513' title='bbox 2284 4418 2351 4471; x_wconf 92' lang='lat' dir='ltr'><strong>ad</strong></span> 
     </span>
    </p>
   </div>
   <div class='ocr_carea' id='block_1_76' title="bbox 1211 3772 2387 3840">
    <p class='ocr_par' dir='ltr' id='par_1_76' title="bbox 1211 3772 2387 3840">
     <span class='ocr_line' id='line_1_76' title="bbox 1211 3772 2387 3840; baseline 0.001 -1"><span class='ocrx_word' id='word_1_514' title='bbox 1211 3802 1335 3840; x_wconf 91' lang='lat' dir='ltr'><strong>nam</strong></span> <span class='ocrx_word' id='word_1_515' title='bbox 1382 3784 1700 3838; x_wconf 87' lang='lat' dir='ltr'><strong>Theodotus</strong></span> <span class='ocrx_word' id='word_1_516' title='bbox 1738 3800 1846 3837; x_wconf 91' lang='lat' dir='ltr'><strong>non</strong></span> <span class='ocrx_word' id='word_1_517' title='bbox 1900 3784 2102 3837; x_wconf 91' lang='lat' dir='ltr'><strong>dicitur</strong></span> <span class='ocrx_word' id='word_1_518' title='bbox 2150 3772 2387 3840; x_wconf 21' lang='lat' dir='ltr'><strong>sedisse.</strong></span> 
     </span>
    </p>
   </div>
   <div class='ocr_carea' id='block_1_77' title="bbox 2462 3326 4042 3404">
    <p class='ocr_par' dir='ltr' id='par_1_77' title="bbox 2462 3326 4042 3404">
     <span class='ocr_line' id='line_1_77' title="bbox 2462 3326 4042 3404; baseline 0.011 -27"><span class='ocrx_word' id='word_1_519' title='bbox 2462 3326 2768 3394; x_wconf 83' lang='lat' dir='ltr'><strong>Spondisse,</strong></span> <span class='ocrx_word' id='word_1_520' title='bbox 2802 3348 2818 3379; x_wconf 76' lang='grc' dir='ltr'>ι</span> <span class='ocrx_word' id='word_1_521' title='bbox 2856 3330 2994 3384; x_wconf 88' lang='lat' dir='ltr'><strong>nihil</strong></span> <span class='ocrx_word' id='word_1_522' title='bbox 3040 3347 3163 3386; x_wconf 90' lang='lat' dir='ltr'><strong>esse</strong></span> <span class='ocrx_word' id='word_1_523' title='bbox 3202 3335 3432 3403; x_wconf 89' lang='lat' dir='ltr'><strong>periculi</strong></span> <span class='ocrx_word' id='word_1_524' title='bbox 3481 3348 3573 3391; x_wconf 93' lang='lat' dir='ltr'><strong>aut</strong></span> <span class='ocrx_word' id='word_1_525' title='bbox 3603 3338 3954 3404; x_wconf 90' lang='lat' dir='ltr'><strong>incommodi,</strong></span> <span class='ocrx_word' id='word_1_526' title='bbox 3990 3342 4042 3394; x_wconf 89' lang='lat' dir='ltr'><strong>si</strong></span> 
     </span>
    </p>
   </div>
   <div class='ocr_carea' id='block_1_78' title="bbox 2463 3415 4039 3499">
    <p class='ocr_par' dir='ltr' id='par_1_78' title="bbox 2463 3415 4039 3499">
     <span class='ocr_line' id='line_1_78' title="bbox 2463 3415 4039 3499; baseline 0.01 -30"><span class='ocrx_word' id='word_1_527' title='bbox 2463 3415 2706 3472; x_wconf 90' lang='lat' dir='ltr'><strong>defuncti</strong></span> <span class='ocrx_word' id='word_1_528' title='bbox 2734 3419 2839 3473; x_wconf 87' lang='lat' dir='ltr'><strong>viri</strong></span> <span class='ocrx_word' id='word_1_529' title='bbox 2863 3436 3086 3487; x_wconf 90' lang='lat' dir='ltr'><strong>nomen,</strong></span> <span class='ocrx_word' id='word_1_530' title='bbox 3121 3426 3551 3493; x_wconf 90' lang='lat' dir='ltr'><strong>tranquillitatis,</strong></span> <span class='ocrx_word' id='word_1_531' title='bbox 3584 3429 3731 3497; x_wconf 90' lang='lat' dir='ltr'><strong>pacis</strong></span> <span class='ocrx_word' id='word_1_532' title='bbox 3758 3437 3811 3483; x_wconf 92' lang='lat' dir='ltr'><strong>et</strong></span> <span class='ocrx_word' id='word_1_533' title='bbox 3846 3432 4039 3499; x_wconf 91' lang='lat' dir='ltr'><strong>populi</strong></span> 
     </span>
    </p>
   </div>
   <div class='ocr_carea' id='block_1_79' title="bbox 2463 3509 4038 3578">
    <p class='ocr_par' dir='ltr' id='par_1_79' title="bbox 2463 3509 4038 3578">
     <span class='ocr_line' id='line_1_79' title="bbox 2463 3509 4038 3578; baseline 0.01 -19"><span class='ocrx_word' id='word_1_534' title='bbox 2463 3509 2768 3563; x_wconf 62' lang='lat' dir='ltr'><strong>concordia:</strong></span> <span class='ocrx_word' id='word_1_535' title='bbox 2798 3512 2992 3578; x_wconf 84' lang='lat' dir='ltr'><strong>gratia,</strong></span> <span class='ocrx_word' id='word_1_536' title='bbox 3021 3514 3222 3567; x_wconf 92' lang='lat' dir='ltr'><strong>tabulis</strong></span> <span class='ocrx_word' id='word_1_537' title='bbox 3254 3516 3670 3572; x_wconf 88' lang='lat' dir='ltr'><strong>inscriberetur.</strong></span> <span class='ocrx_word' id='word_1_538' title='bbox 3706 3537 3724 3570; x_wconf 70' lang='grc' dir='ltr'><strong><em>ι</em></strong></span> <span class='ocrx_word' id='word_1_539' title='bbox 3762 3519 3829 3574; x_wconf 88' lang='lat' dir='ltr'><strong>At</strong></span> <span class='ocrx_word' id='word_1_540' title='bbox 3861 3521 3905 3574; x_wconf 91' lang='lat' dir='ltr'><strong>si</strong></span> <span class='ocrx_word' id='word_1_541' title='bbox 3931 3521 4038 3574; x_wconf 85' lang='lat' dir='ltr'><strong>da-</strong></span> 
     </span>
    </p>
   </div>
   <div class='ocr_carea' id='block_1_80' title="bbox 2463 3601 4042 3680">
    <p class='ocr_par' dir='ltr' id='par_1_80' title="bbox 2463 3601 4042 3680">
     <span class='ocr_line' id='line_1_80' title="bbox 2463 3601 4042 3680; baseline 0.008 -28"><span class='ocrx_word' id='word_1_542' title='bbox 2463 3607 2734 3654; x_wconf 68' lang='lat' dir='ltr'><strong>taeessent</strong></span> <span class='ocrx_word' id='word_1_543' title='bbox 2779 3601 2974 3656; x_wconf 72' lang='lat' dir='ltr'><strong>litterae</strong></span> <span class='ocrx_word' id='word_1_544' title='bbox 3020 3619 3164 3659; x_wconf 89' lang='lat' dir='ltr'><strong>anno</strong></span> <span class='ocrx_word' id='word_1_545' title='bbox 3205 3607 3382 3675; x_wconf 91' lang='lat' dir='ltr'><strong>primo</strong></span> <span class='ocrx_word' id='word_1_546' title='bbox 3409 3605 3619 3680; x_wconf 89' lang='lat' dir='ltr'><strong>Cyrilli,</strong></span> <span class='ocrx_word' id='word_1_547' title='bbox 3671 3610 3724 3664; x_wconf 90' lang='lat' dir='ltr'><strong>id</strong></span> <span class='ocrx_word' id='word_1_548' title='bbox 3774 3620 3858 3667; x_wconf 89' lang='lat' dir='ltr'><strong>est</strong></span> <span class='ocrx_word' id='word_1_549' title='bbox 3885 3628 4042 3665; x_wconf 89' lang='lat' dir='ltr'><strong>anno</strong></span> 
     </span>
    </p>
   </div>
   <div class='ocr_carea' id='block_1_81' title="bbox 2459 3688 4035 3757">
    <p class='ocr_par' dir='ltr' id='par_1_81' title="bbox 2459 3688 4035 3757">
     <span class='ocr_line' id='line_1_81' title="bbox 2459 3688 4035 3757; baseline 0.008 -15"><span class='ocrx_word' id='word_1_550' title='bbox 2459 3688 2583 3755; x_wconf 78' lang='grc'><strong>412,</strong></span> <span class='ocrx_word' id='word_1_551' title='bbox 2643 3689 2920 3745; x_wconf 88' lang='lat' dir='ltr'><strong>fatendum</strong></span> <span class='ocrx_word' id='word_1_552' title='bbox 2971 3703 3116 3749; x_wconf 86' lang='lat' dir='ltr'><strong>esset</strong></span> <span class='ocrx_word' id='word_1_553' title='bbox 3147 3695 3321 3757; x_wconf 85' lang='lat' dir='ltr'><strong>datas,</strong></span> <span class='ocrx_word' id='word_1_554' title='bbox 3364 3713 3488 3752; x_wconf 91' lang='lat' dir='ltr'><strong>cum</strong></span> <span class='ocrx_word' id='word_1_555' title='bbox 3542 3701 3632 3755; x_wconf 90' lang='lat' dir='ltr'><strong>vix</strong></span> <span class='ocrx_word' id='word_1_556' title='bbox 3676 3701 4035 3756; x_wconf 89' lang='lat' dir='ltr'><strong>undecimum</strong></span> 
     </span>
    </p>
   </div>
   <div class='ocr_carea' id='block_1_82' title="bbox 2460 3783 4039 3861">
    <p class='ocr_par' dir='ltr' id='par_1_82' title="bbox 2460 3783 4039 3861">
     <span class='ocr_line' id='line_1_82' title="bbox 2460 3783 4039 3861; baseline 0.008 -28"><span class='ocrx_word' id='word_1_557' title='bbox 2460 3796 2663 3834; x_wconf 88' lang='lat' dir='ltr'><strong>annum</strong></span> <span class='ocrx_word' id='word_1_558' title='bbox 2712 3783 2981 3852; x_wconf 85' lang='lat' dir='ltr'><strong>attigisset</strong></span> <span class='ocrx_word' id='word_1_559' title='bbox 3024 3785 3344 3855; x_wconf 90' lang='lat' dir='ltr'><strong>imperator,</strong></span> <span class='ocrx_word' id='word_1_560' title='bbox 3384 3804 3489 3857; x_wconf 89' lang='lat' dir='ltr'><strong>qua</strong></span> <span class='ocrx_word' id='word_1_561' title='bbox 3546 3798 3706 3846; x_wconf 64' lang='lat' dir='ltr'><strong>aetate</strong></span> <span class='ocrx_word' id='word_1_562' title='bbox 3765 3808 3901 3861; x_wconf 89' lang='lat' dir='ltr'><strong>puer</strong></span> <span class='ocrx_word' id='word_1_563' title='bbox 3930 3808 4039 3846; x_wconf 88' lang='lat' dir='ltr'><strong>nec</strong></span> 
     </span>
    </p>
   </div>
   <div class='ocr_carea' id='block_1_83' title="bbox 2459 3869 4039 3947">
    <p class='ocr_par' dir='ltr' id='par_1_83' title="bbox 2459 3869 4039 3947">
     <span class='ocr_line' id='line_1_83' title="bbox 2459 3869 4039 3947; baseline 0.01 -27"><span class='ocrx_word' id='word_1_564' title='bbox 2459 3869 2669 3922; x_wconf 86' lang='lat' dir='ltr'><strong>consuli</strong></span> <span class='ocrx_word' id='word_1_565' title='bbox 2695 3870 2853 3933; x_wconf 91' lang='lat' dir='ltr'><strong>solet,</strong></span> <span class='ocrx_word' id='word_1_566' title='bbox 2880 3886 2981 3926; x_wconf 91' lang='lat' dir='ltr'><strong>nec</strong></span> <span class='ocrx_word' id='word_1_567' title='bbox 3005 3872 3071 3927; x_wconf 90' lang='lat' dir='ltr'><strong>de</strong></span> <span class='ocrx_word' id='word_1_568' title='bbox 3092 3874 3256 3929; x_wconf 86' lang='lat' dir='ltr'><strong>rebus</strong></span> <span class='ocrx_word' id='word_1_569' title='bbox 3287 3878 3453 3930; x_wconf 91' lang='lat' dir='ltr'><strong>tantis</strong></span> <span class='ocrx_word' id='word_1_570' title='bbox 3476 3881 3825 3947; x_wconf 90' lang='lat' dir='ltr'><strong>respondere.</strong></span> <span class='ocrx_word' id='word_1_571' title='bbox 3848 3881 4039 3935; x_wconf 86' lang='lat' dir='ltr'><strong>Potuit</strong></span> 
     </span>
    </p>
   </div>
   <div class='ocr_carea' id='block_1_84' title="bbox 2457 3958 4029 4042">
    <p class='ocr_par' dir='ltr' id='par_1_84' title="bbox 2457 3958 4029 4042">
     <span class='ocr_line' id='line_1_84' title="bbox 2457 3958 4029 4042; baseline 0.009 -32"><span class='ocrx_word' id='word_1_572' title='bbox 2457 3973 2589 4012; x_wconf 81' lang='lat' dir='ltr'><strong>vero</strong></span> <span class='ocrx_word' id='word_1_573' title='bbox 2610 3958 2953 4014; x_wconf 82' lang='lat' dir='ltr'><strong>Theodosius</strong></span> <span class='ocrx_word' id='word_1_574' title='bbox 2978 3970 3035 4015; x_wconf 92' lang='lat' dir='ltr'><strong>et</strong></span> <span class='ocrx_word' id='word_1_575' title='bbox 3066 3966 3275 4018; x_wconf 91' lang='lat' dir='ltr'><strong>consuli</strong></span> <span class='ocrx_word' id='word_1_576' title='bbox 3309 3975 3365 4019; x_wconf 91' lang='lat' dir='ltr'><strong>et</strong></span> <span class='ocrx_word' id='word_1_577' title='bbox 3387 3969 3742 4037; x_wconf 87' lang='lat' dir='ltr'><strong>respondere,</strong></span> <span class='ocrx_word' id='word_1_578' title='bbox 3777 3969 3940 4042; x_wconf 71' lang='grc'><strong>254</strong></span> <span class='ocrx_word' id='word_1_579' title='bbox 3978 3972 4029 4024; x_wconf 91' lang='lat' dir='ltr'><strong>si</strong></span> 
     </span>
    </p>
   </div>
   <div class='ocr_carea' id='block_1_85' title="bbox 2456 4052 4037 4130">
    <p class='ocr_par' dir='ltr' id='par_1_85' title="bbox 2456 4052 4037 4130">
     <span class='ocr_line' id='line_1_85' title="bbox 2456 4052 4037 4130; baseline 0.008 -26"><span class='ocrx_word' id='word_1_580' title='bbox 2456 4052 2783 4105; x_wconf 87' lang='lat' dir='ltr'><strong>sententiam</strong></span> <span class='ocrx_word' id='word_1_581' title='bbox 2817 4061 3042 4122; x_wconf 89' lang='lat' dir='ltr'><strong>rogatus</strong></span> <span class='ocrx_word' id='word_1_582' title='bbox 3062 4063 3146 4109; x_wconf 90' lang='lat' dir='ltr'><strong>est</strong></span> <span class='ocrx_word' id='word_1_583' title='bbox 3168 4071 3315 4111; x_wconf 90' lang='lat' dir='ltr'><strong>anno</strong></span> <span class='ocrx_word' id='word_1_584' title='bbox 3364 4058 3487 4123; x_wconf 72' lang='grc'><strong>420,</strong></span> <span class='ocrx_word' id='word_1_585' title='bbox 3513 4059 3717 4129; x_wconf 91' lang='lat' dir='ltr'><strong>quippe</strong></span> <span class='ocrx_word' id='word_1_586' title='bbox 3758 4061 3853 4130; x_wconf 88' lang='lat' dir='ltr'><strong>qui</strong></span> <span class='ocrx_word' id='word_1_587' title='bbox 3898 4071 4037 4117; x_wconf 88' lang='lat' dir='ltr'><strong>tunc</strong></span> 
     </span>
    </p>
   </div>
   <div class='ocr_carea' id='block_1_86' title="bbox 2454 4142 3317 4200">
    <p class='ocr_par' dir='ltr' id='par_1_86' title="bbox 2454 4142 3317 4200">
     <span class='ocr_line' id='line_1_86' title="bbox 2454 4142 3317 4200; baseline 0.009 -8"><span class='ocrx_word' id='word_1_588' title='bbox 2454 4149 2600 4193; x_wconf 90' lang='lat' dir='ltr'><strong>esset</strong></span> <span class='ocrx_word' id='word_1_589' title='bbox 2628 4142 3003 4198; x_wconf 84' lang='lat' dir='ltr'><strong>novemdecim</strong></span> <span class='ocrx_word' id='word_1_590' title='bbox 3030 4160 3317 4200; x_wconf 91' lang='lat' dir='ltr'><strong>annorum.</strong></span> 
     </span>
    </p>
   </div>
   <div class='ocr_carea' id='block_1_87' title="bbox 2526 4230 4031 4298">
    <p class='ocr_par' dir='ltr' id='par_1_87' title="bbox 2526 4230 4031 4298">
     <span class='ocr_line' id='line_1_87' title="bbox 2526 4230 4031 4298; baseline 0.01 -15"><span class='ocrx_word' id='word_1_591' title='bbox 2526 4230 2643 4284; x_wconf 78' lang='lat' dir='ltr'><strong>Xll.</strong></span> <span class='ocrx_word' id='word_1_592' title='bbox 2670 4231 2810 4298; x_wconf 86' lang='lat' dir='ltr'><strong>Quin</strong></span> <span class='ocrx_word' id='word_1_593' title='bbox 2840 4234 3007 4287; x_wconf 91' lang='lat' dir='ltr'><strong>etiam</strong></span> <span class='ocrx_word' id='word_1_594' title='bbox 3039 4234 3250 4290; x_wconf 88' lang='lat' dir='ltr'><strong>Atticus</strong></span> <span class='ocrx_word' id='word_1_595' title='bbox 3278 4237 3349 4291; x_wconf 94' lang='lat' dir='ltr'><strong>ita</strong></span> <span class='ocrx_word' id='word_1_596' title='bbox 3399 4249 3587 4295; x_wconf 90' lang='lat' dir='ltr'><strong>narrat</strong></span> <span class='ocrx_word' id='word_1_597' title='bbox 3629 4239 3923 4297; x_wconf 81' lang='lat' dir='ltr'><strong>Alexandri</strong></span> <span class='ocrx_word' id='word_1_598' title='bbox 3970 4244 4031 4298; x_wconf 84' lang='lat' dir='ltr'><strong>in</strong></span> 
     </span>
    </p>
   </div>
   <div class='ocr_carea' id='block_1_88' title="bbox 2456 4321 4032 4403">
    <p class='ocr_par' dir='ltr' id='par_1_88' title="bbox 2456 4321 4032 4403">
     <span class='ocr_line' id='line_1_88' title="bbox 2456 4321 4032 4403; baseline 0.01 -29"><span class='ocrx_word' id='word_1_599' title='bbox 2456 4321 2591 4376; x_wconf 90' lang='lat' dir='ltr'><strong>urbe</strong></span> <span class='ocrx_word' id='word_1_600' title='bbox 2628 4325 2795 4401; x_wconf 59' lang='lat' dir='ltr'><strong>regia,</strong></span> <span class='ocrx_word' id='word_1_601' title='bbox 2828 4325 3167 4380; x_wconf 86' lang='lat' dir='ltr'><strong>etTheodoti</strong></span> <span class='ocrx_word' id='word_1_602' title='bbox 3209 4327 3261 4380; x_wconf 92' lang='lat' dir='ltr'><strong>in</strong></span> <span class='ocrx_word' id='word_1_603' title='bbox 3288 4328 3628 4385; x_wconf 80' lang='lat' dir='ltr'><strong>Antiochena</strong></span> <span class='ocrx_word' id='word_1_604' title='bbox 3651 4332 3894 4397; x_wconf 90' lang='lat' dir='ltr'><strong>civitate,</strong></span> <span class='ocrx_word' id='word_1_605' title='bbox 3925 4350 4032 4403; x_wconf 85' lang='lat' dir='ltr'><strong>pro</strong></span> 
     </span>
    </p>
   </div>
   <div class='ocr_carea' id='block_1_89' title="bbox 2452 4411 4033 4491">
    <p class='ocr_par' dir='ltr' id='par_1_89' title="bbox 2452 4411 4033 4491">
     <span class='ocr_line' id='line_1_89' title="bbox 2452 4411 4033 4491; baseline 0.009 -27"><span class='ocrx_word' id='word_1_606' title='bbox 2452 4411 2659 4466; x_wconf 88' lang='lat' dir='ltr'><strong>Joanne</strong></span> <span class='ocrx_word' id='word_1_607' title='bbox 2688 4412 3077 4483; x_wconf 84' lang='lat' dir='ltr'><strong>Chrysostomo</strong></span> <span class='ocrx_word' id='word_1_608' title='bbox 3110 4416 3163 4469; x_wconf 90' lang='lat' dir='ltr'><strong>in</strong></span> <span class='ocrx_word' id='word_1_609' title='bbox 3202 4417 3413 4472; x_wconf 86' lang='lat' dir='ltr'><strong>tabulas</strong></span> <span class='ocrx_word' id='word_1_610' title='bbox 3447 4421 3847 4491; x_wconf 89' lang='lat' dir='ltr'><strong>ecclesiasticas</strong></span> <span class='ocrx_word' id='word_1_611' title='bbox 3882 4424 4033 4478; x_wconf 86' lang='lat' dir='ltr'><strong>inter</strong></span> 
     </span>
    </p>
   </div>
   <div class='ocr_carea' id='block_1_90' title="bbox 785 4503 4033 4585">
    <p class='ocr_par' dir='ltr' id='par_1_90' title="bbox 785 4503 4033 4585">
     <span class='ocr_line' id='line_1_90' title="bbox 785 4503 4033 4585; baseline -0 -15"><span class='ocrx_word' id='word_1_612' title='bbox 785 4526 1081 4571; x_wconf 86' lang='lat' dir='ltr'><strong>extremam</strong></span> <span class='ocrx_word' id='word_1_613' title='bbox 1116 4520 1454 4568; x_wconf 85' lang='lat' dir='ltr'><strong>senectutem</strong></span> <span class='ocrx_word' id='word_1_614' title='bbox 1503 4510 1816 4579; x_wconf 87' lang='lat' dir='ltr'><strong>pervenisse</strong></span> <span class='ocrx_word' id='word_1_615' title='bbox 1850 4509 2041 4563; x_wconf 90' lang='lat' dir='ltr'><strong>scribit</strong></span> <span class='ocrx_word' id='word_1_616' title='bbox 2093 4508 2350 4563; x_wconf 85' lang='lat' dir='ltr'><strong>Acacium</strong></span> <span class='ocrx_word' id='word_1_617' title='bbox 2386 4532 2427 4584; x_wconf 81' lang='grc' dir='ltr'>υ</span> <span class='ocrx_word' id='word_1_618' title='bbox 2455 4503 2745 4573; x_wconf 75' lang='lat' dir='ltr'><strong>episcopos</strong></span> <span class='ocrx_word' id='word_1_619' title='bbox 2779 4504 3087 4571; x_wconf 73' lang='lat' dir='ltr'><strong>referendO.</strong></span> <span class='ocrx_word' id='word_1_620' title='bbox 3116 4522 3205 4562; x_wconf 82' lang='lat' dir='ltr'><strong>res</strong></span> <span class='ocrx_word' id='word_1_621' title='bbox 3239 4518 3439 4578; x_wconf 74' lang='lat' dir='ltr'><strong>gestas,</strong></span> <span class='ocrx_word' id='word_1_622' title='bbox 3465 4520 3525 4565; x_wconf 85' lang='lat' dir='ltr'><strong>ut</strong></span> <span class='ocrx_word' id='word_1_623' title='bbox 3559 4512 3779 4582; x_wconf 82' lang='lat' dir='ltr'><strong>longum</strong></span> <span class='ocrx_word' id='word_1_624' title='bbox 3811 4524 4033 4585; x_wconf 88' lang='lat' dir='ltr'><strong>tempus</strong></span> 
     </span>
    </p>
   </div>
   <div class='ocr_carea' id='block_1_91' title="bbox 788 4599 2350 4674">
    <p class='ocr_par' dir='ltr' id='par_1_91' title="bbox 788 4599 2350 4674">
     <span class='ocr_line' id='line_1_91' title="bbox 788 4599 2350 4674; baseline -0.006 -13"><span class='ocrx_word' id='word_1_625' title='bbox 788 4610 1128 4661; x_wconf 73' lang='lat' dir='ltr'><strong>Bcrmcnsem</strong></span> <span class='ocrx_word' id='word_1_626' title='bbox 1151 4604 1491 4674; x_wconf 90' lang='lat' dir='ltr'><strong>episcopum.</strong></span> <span class='ocrx_word' id='word_1_627' title='bbox 1527 4620 1543 4651; x_wconf 85' lang='grc'><strong><em>‹</em></strong></span> <span class='ocrx_word' id='word_1_628' title='bbox 1571 4599 1791 4668; x_wconf 88' lang='lat' dir='ltr'><strong>Accepi,</strong></span> <span class='ocrx_word' id='word_1_629' title='bbox 1816 4599 1914 4662; x_wconf 90' lang='lat' dir='ltr'><strong>ait,</strong></span> <span class='ocrx_word' id='word_1_630' title='bbox 1943 4607 1999 4652; x_wconf 92' lang='lat' dir='ltr'><strong>et</strong></span> <span class='ocrx_word' id='word_1_631' title='bbox 2018 4614 2119 4666; x_wconf 78' lang='lat' dir='ltr'><strong>ego</strong></span> <span class='ocrx_word' id='word_1_632' title='bbox 2151 4615 2179 4652; x_wconf 93' lang='lat' dir='ltr'><strong>a</strong></span> <span class='ocrx_word' id='word_1_633' title='bbox 2236 4599 2350 4652; x_wconf 89' lang='lat' dir='ltr'><strong>Deo</strong></span> 
     </span>
    </p>
   </div>
   <div class='ocr_carea' id='block_1_92' title="bbox 783 4689 2355 4763">
    <p class='ocr_par' dir='ltr' id='par_1_92' title="bbox 783 4689 2355 4763">
     <span class='ocr_line' id='line_1_92' title="bbox 783 4689 2355 4763; baseline -0.006 -11"><span class='ocrx_word' id='word_1_634' title='bbox 783 4697 1179 4758; x_wconf 87' lang='lat' dir='ltr'><strong>amantissimo,</strong></span> <span class='ocrx_word' id='word_1_635' title='bbox 1212 4693 1305 4763; x_wconf 91' lang='lat' dir='ltr'><strong>qui</strong></span> <span class='ocrx_word' id='word_1_636' title='bbox 1328 4693 1393 4747; x_wconf 89' lang='lat' dir='ltr'><strong>ad</strong></span> <span class='ocrx_word' id='word_1_637' title='bbox 1418 4702 1716 4747; x_wconf 74' lang='lat' dir='ltr'><strong>extremam</strong></span> <span class='ocrx_word' id='word_1_638' title='bbox 1742 4699 2078 4744; x_wconf 85' lang='lat' dir='ltr'><strong>senectutem</strong></span> <span class='ocrx_word' id='word_1_639' title='bbox 2104 4689 2355 4758; x_wconf 83' lang='lat' dir='ltr'><strong>pervenit</strong></span> 
     </span>
    </p>
   </div>
   <div class='ocr_carea' id='block_1_93' title="bbox 785 4780 2356 4850">
    <p class='ocr_par' dir='ltr' id='par_1_93' title="bbox 785 4780 2356 4850">
     <span class='ocr_line' id='line_1_93' title="bbox 785 4780 2356 4850; baseline -0.004 -11"><span class='ocrx_word' id='word_1_640' title='bbox 785 4787 1036 4846; x_wconf 90' lang='lat' dir='ltr'><strong>feliciter,</strong></span> <span class='ocrx_word' id='word_1_641' title='bbox 1067 4784 1286 4845; x_wconf 85' lang='lat' dir='ltr'><strong>Aeaeio,</strong></span> <span class='ocrx_word' id='word_1_642' title='bbox 1317 4784 1549 4845; x_wconf 87' lang='lat' dir='ltr'><strong>litteras,</strong></span> <span class='ocrx_word' id='word_1_643' title='bbox 1586 4783 1637 4834; x_wconf 91' lang='lat' dir='ltr'><strong>in</strong></span> <span class='ocrx_word' id='word_1_644' title='bbox 1664 4782 1867 4850; x_wconf 88' lang='lat' dir='ltr'><strong>quibus</strong></span> <span class='ocrx_word' id='word_1_645' title='bbox 1901 4788 2194 4838; x_wconf 78' lang='lat' dir='ltr'><strong>asseverat,</strong></span> <span class='ocrx_word' id='word_1_646' title='bbox 2229 4780 2356 4833; x_wconf 58' lang='lat' dir='ltr'><strong>relis</strong></span> 
     </span>
    </p>
   </div>
   <div class='ocr_carea' id='block_1_94' title="bbox 783 4869 2353 4945">
    <p class='ocr_par' dir='ltr' id='par_1_94' title="bbox 783 4869 2353 4945">
     <span class='ocr_line' id='line_1_94' title="bbox 783 4869 2353 4945; baseline -0.005 -16"><span class='ocrx_word' id='word_1_647' title='bbox 783 4875 1147 4945; x_wconf 83' lang='lat' dir='ltr'><strong>giosissimum</strong></span> <span class='ocrx_word' id='word_1_648' title='bbox 1180 4872 1484 4927; x_wconf 69' lang='lat' dir='ltr'><strong>Antiochiae</strong></span> <span class='ocrx_word' id='word_1_649' title='bbox 1523 4870 1824 4923; x_wconf 88' lang='lat' dir='ltr'><strong>antistitem</strong></span> <span class='ocrx_word' id='word_1_650' title='bbox 1860 4869 1912 4921; x_wconf 93' lang='lat' dir='ltr'><strong>vi</strong></span> <span class='ocrx_word' id='word_1_651' title='bbox 1937 4878 2185 4921; x_wconf 90' lang='lat' dir='ltr'><strong>coactum</strong></span> <span class='ocrx_word' id='word_1_652' title='bbox 2231 4883 2353 4921; x_wconf 89' lang='lat' dir='ltr'><strong>esse</strong></span> 
     </span>
    </p>
   </div>
   <div class='ocr_carea' id='block_1_95' title="bbox 784 4959 2340 5037">
    <p class='ocr_par' dir='ltr' id='par_1_95' title="bbox 784 4959 2340 5037">
     <span class='ocr_line' id='line_1_95' title="bbox 784 4959 2340 5037; baseline -0.008 -15"><span class='ocrx_word' id='word_1_653' title='bbox 784 4990 810 5022; x_wconf 68' lang='grc' dir='ltr'>ιι</span> <span class='ocrx_word' id='word_1_654' title='bbox 844 4966 1196 5037; x_wconf 84' lang='lat' dir='ltr'><strong>quibusdam,</strong></span> <span class='ocrx_word' id='word_1_655' title='bbox 1228 4973 1289 5017; x_wconf 88' lang='lat' dir='ltr'><strong>ut</strong></span> <span class='ocrx_word' id='word_1_656' title='bbox 1321 4962 1546 5017; x_wconf 90' lang='lat' dir='ltr'><strong>Joannis</strong></span> <span class='ocrx_word' id='word_1_657' title='bbox 1570 4961 1889 5013; x_wconf 86' lang='lat' dir='ltr'><strong>memoriam</strong></span> <span class='ocrx_word' id='word_1_658' title='bbox 1917 4959 2220 5013; x_wconf 87' lang='lat' dir='ltr'><strong>celebraret</strong></span> <span class='ocrx_word' id='word_1_659' title='bbox 2249 4960 2340 5010; x_wconf 73' lang='grc' dir='ltr'><strong>η.»</strong></span> 
     </span>
    </p>
   </div>
   <div class='ocr_carea' id='block_1_96' title="bbox 785 5050 2347 5124">
    <p class='ocr_par' dir='ltr' id='par_1_96' title="bbox 785 5050 2347 5124">
     <span class='ocr_line' id='line_1_96' title="bbox 785 5050 2347 5124; baseline -0.004 -15"><span class='ocrx_word' id='word_1_660' title='bbox 785 5057 945 5124; x_wconf 76' lang='lat' dir='ltr'><strong>Atqui</strong></span> <span class='ocrx_word' id='word_1_661' title='bbox 990 5055 1034 5109; x_wconf 91' lang='lat' dir='ltr'><strong>si</strong></span> <span class='ocrx_word' id='word_1_662' title='bbox 1076 5053 1354 5107; x_wconf 87' lang='lat' dir='ltr'><strong>scribebat</strong></span> <span class='ocrx_word' id='word_1_663' title='bbox 1399 5066 1543 5105; x_wconf 88' lang='lat' dir='ltr'><strong>anno</strong></span> <span class='ocrx_word' id='word_1_664' title='bbox 1572 5050 1694 5111; x_wconf 75' lang='grc'><strong>412,</strong></span> <span class='ocrx_word' id='word_1_665' title='bbox 1750 5050 1898 5103; x_wconf 91' lang='lat' dir='ltr'><strong>nulla</strong></span> <span class='ocrx_word' id='word_1_666' title='bbox 1929 5050 2140 5103; x_wconf 91' lang='lat' dir='ltr'><strong>ratione</strong></span> <span class='ocrx_word' id='word_1_667' title='bbox 2161 5050 2347 5104; x_wconf 91' lang='lat' dir='ltr'><strong>dicere</strong></span> 
     </span>
    </p>
   </div>
   <div class='ocr_carea' id='block_1_97' title="bbox 785 5141 2344 5216">
    <p class='ocr_par' dir='ltr' id='par_1_97' title="bbox 785 5141 2344 5216">
     <span class='ocr_line' id='line_1_97' title="bbox 785 5141 2344 5216; baseline -0.003 -19"><span class='ocrx_word' id='word_1_668' title='bbox 785 5155 997 5216; x_wconf 79' lang='lat' dir='ltr'><strong>poterat</strong></span> <span class='ocrx_word' id='word_1_669' title='bbox 1018 5146 1083 5199; x_wconf 92' lang='lat' dir='ltr'><strong>ad</strong></span> <span class='ocrx_word' id='word_1_670' title='bbox 1107 5153 1408 5197; x_wconf 84' lang='lat' dir='ltr'><strong>extremam</strong></span> <span class='ocrx_word' id='word_1_671' title='bbox 1436 5149 1774 5196; x_wconf 90' lang='lat' dir='ltr'><strong>senectutem</strong></span> <span class='ocrx_word' id='word_1_672' title='bbox 1824 5141 2139 5210; x_wconf 89' lang='lat' dir='ltr'><strong>pervenisse</strong></span> <span class='ocrx_word' id='word_1_673' title='bbox 2196 5156 2344 5209; x_wconf 84' lang='lat' dir='ltr'><strong>eum,</strong></span> 
     </span>
    </p>
   </div>
   <div class='ocr_carea' id='block_1_98' title="bbox 783 5232 2348 5304">
    <p class='ocr_par' dir='ltr' id='par_1_98' title="bbox 783 5232 2348 5304">
     <span class='ocr_line' id='line_1_98' title="bbox 783 5232 2348 5304; baseline -0.004 -15"><span class='ocrx_word' id='word_1_674' title='bbox 783 5237 875 5304; x_wconf 90' lang='lat' dir='ltr'><strong>qui</strong></span> <span class='ocrx_word' id='word_1_675' title='bbox 914 5236 1095 5289; x_wconf 89' lang='lat' dir='ltr'><strong>adhuc</strong></span> <span class='ocrx_word' id='word_1_676' title='bbox 1143 5234 1335 5304; x_wconf 74' lang='lat' dir='ltr'><strong>viginti</strong></span> <span class='ocrx_word' id='word_1_677' title='bbox 1382 5247 1475 5285; x_wconf 88' lang='lat' dir='ltr'><strong>sex</strong></span> <span class='ocrx_word' id='word_1_678' title='bbox 1515 5247 1689 5285; x_wconf 90' lang='lat' dir='ltr'><strong>annos</strong></span> <span class='ocrx_word' id='word_1_679' title='bbox 1717 5232 2092 5299; x_wconf 84' lang='lat' dir='ltr'><strong>episcOpatum</strong></span> <span class='ocrx_word' id='word_1_680' title='bbox 2141 5232 2348 5286; x_wconf 84' lang='lat' dir='ltr'><strong>tenuit:</strong></span> 
     </span>
    </p>
   </div>
   <div class='ocr_carea' id='block_1_99' title="bbox 782 5322 2153 5391">
    <p class='ocr_par' dir='ltr' id='par_1_99' title="bbox 782 5322 2153 5391">
     <span class='ocr_line' id='line_1_99' title="bbox 782 5322 2153 5391; baseline -0.004 -11"><span class='ocrx_word' id='word_1_681' title='bbox 782 5326 960 5381; x_wconf 90' lang='lat' dir='ltr'><strong>tenuit</strong></span> <span class='ocrx_word' id='word_1_682' title='bbox 991 5339 1121 5379; x_wconf 78' lang='lat' dir='ltr'><strong>vero</strong></span> <span class='ocrx_word' id='word_1_683' title='bbox 1154 5326 1405 5387; x_wconf 81' lang='lat' dir='ltr'><strong>Aeacius,</strong></span> <span class='ocrx_word' id='word_1_684' title='bbox 1434 5331 1493 5376; x_wconf 91' lang='lat' dir='ltr'><strong>ut</strong></span> <span class='ocrx_word' id='word_1_685' title='bbox 1519 5323 1612 5391; x_wconf 86' lang='lat' dir='ltr'><strong>qui</strong></span> <span class='ocrx_word' id='word_1_686' title='bbox 1634 5322 1836 5376; x_wconf 90' lang='lat' dir='ltr'><strong>obierit</strong></span> <span class='ocrx_word' id='word_1_687' title='bbox 1865 5337 2009 5376; x_wconf 87' lang='lat' dir='ltr'><strong>anno</strong></span> <span class='ocrx_word' id='word_1_688' title='bbox 2031 5322 2153 5377; x_wconf 73' lang='grc'><strong>456.</strong></span> 
     </span>
    </p>
   </div>
   <div class='ocr_carea' id='block_1_100' title="bbox 819 5411 2350 5484">
    <p class='ocr_par' dir='ltr' id='par_1_100' title="bbox 819 5411 2350 5484">
     <span class='ocr_line' id='line_1_100' title="bbox 819 5411 2350 5484; baseline -0.003 -16"><span class='ocrx_word' id='word_1_689' title='bbox 819 5434 824 5439; x_wconf 74' lang='grc'><strong>’</strong></span> <span class='ocrx_word' id='word_1_690' title='bbox 856 5416 983 5470; x_wconf 72' lang='lat' dir='ltr'><strong>\lll.</strong></span> <span class='ocrx_word' id='word_1_691' title='bbox 1014 5415 1150 5470; x_wconf 87' lang='lat' dir='ltr'><strong>Cutn</strong></span> <span class='ocrx_word' id='word_1_692' title='bbox 1180 5431 1309 5484; x_wconf 86' lang='lat' dir='ltr'><strong>ergo</strong></span> <span class='ocrx_word' id='word_1_693' title='bbox 1328 5424 1626 5469; x_wconf 86' lang='lat' dir='ltr'><strong>extremam</strong></span> <span class='ocrx_word' id='word_1_694' title='bbox 1660 5419 1999 5466; x_wconf 89' lang='lat' dir='ltr'><strong>senectutem</strong></span> <span class='ocrx_word' id='word_1_695' title='bbox 2035 5427 2199 5466; x_wconf 89' lang='lat' dir='ltr'><strong>nemo</strong></span> <span class='ocrx_word' id='word_1_696' title='bbox 2223 5411 2350 5465; x_wconf 90' lang='lat' dir='ltr'><strong>atti-</strong></span> 
     </span>
    </p>
   </div>
   <div class='ocr_carea' id='block_1_101' title="bbox 782 5502 2352 5575">
    <p class='ocr_par' dir='ltr' id='par_1_101' title="bbox 782 5502 2352 5575">
     <span class='ocr_line' id='line_1_101' title="bbox 782 5502 2352 5575; baseline -0.001 -16"><span class='ocrx_word' id='word_1_697' title='bbox 782 5506 925 5575; x_wconf 74' lang='lat' dir='ltr'><strong>gisse</strong></span> <span class='ocrx_word' id='word_1_698' title='bbox 950 5506 1057 5560; x_wconf 90' lang='lat' dir='ltr'><strong>dici</strong></span> <span class='ocrx_word' id='word_1_699' title='bbox 1084 5506 1273 5565; x_wconf 85' lang='lat' dir='ltr'><strong>soleat,</strong></span> <span class='ocrx_word' id='word_1_700' title='bbox 1300 5504 1403 5559; x_wconf 90' lang='lat' dir='ltr'><strong>nisi</strong></span> <span class='ocrx_word' id='word_1_701' title='bbox 1436 5503 1530 5572; x_wconf 90' lang='lat' dir='ltr'><strong>qui</strong></span> <span class='ocrx_word' id='word_1_702' title='bbox 1554 5502 1625 5556; x_wconf 91' lang='lat' dir='ltr'><strong>sit</strong></span> <span class='ocrx_word' id='word_1_703' title='bbox 1657 5503 2058 5572; x_wconf 87' lang='lat' dir='ltr'><strong>octogenarius,</strong></span> <span class='ocrx_word' id='word_1_704' title='bbox 2090 5514 2184 5557; x_wconf 90' lang='lat' dir='ltr'><strong>aut</strong></span> <span class='ocrx_word' id='word_1_705' title='bbox 2204 5511 2352 5558; x_wconf 89' lang='lat' dir='ltr'><strong>certe</strong></span> 
     </span>
    </p>
   </div>
   <div class='ocr_carea' id='block_1_102' title="bbox 2454 4594 4031 4675">
    <p class='ocr_par' dir='ltr' id='par_1_102' title="bbox 2454 4594 4031 4675">
     <span class='ocr_line' id='line_1_102' title="bbox 2454 4594 4031 4675; baseline 0.01 -27"><span class='ocrx_word' id='word_1_706' title='bbox 2454 4594 2598 4649; x_wconf 88' lang='lat' dir='ltr'><strong>inter</strong></span> <span class='ocrx_word' id='word_1_707' title='bbox 2618 4596 2904 4665; x_wconf 90' lang='lat' dir='ltr'><strong>utriusque</strong></span> <span class='ocrx_word' id='word_1_708' title='bbox 2915 4605 3036 4651; x_wconf 89' lang='lat' dir='ltr'><strong>acta</strong></span> <span class='ocrx_word' id='word_1_709' title='bbox 3051 4598 3428 4656; x_wconf 90' lang='lat' dir='ltr'><strong>intercessisse</strong></span> <span class='ocrx_word' id='word_1_710' title='bbox 3448 4605 3700 4659; x_wconf 88' lang='lat' dir='ltr'><strong>ostendat</strong></span> <span class='ocrx_word' id='word_1_711' title='bbox 3719 4623 3731 4658; x_wconf 86' lang='lat'><strong>:</strong></span> <span class='ocrx_word' id='word_1_712' title='bbox 3750 4610 4031 4675; x_wconf 85' lang='lat' dir='ltr'><strong>quomodo</strong></span> 
     </span>
    </p>
   </div>
   <div class='ocr_carea' id='block_1_103' title="bbox 2453 4686 4032 4769">
    <p class='ocr_par' dir='ltr' id='par_1_103' title="bbox 2453 4686 4032 4769">
     <span class='ocr_line' id='line_1_103' title="bbox 2453 4686 4032 4769; baseline 0.009 -32"><span class='ocrx_word' id='word_1_713' title='bbox 2453 4699 2584 4740; x_wconf 86' lang='lat' dir='ltr'><strong>vero</strong></span> <span class='ocrx_word' id='word_1_714' title='bbox 2615 4686 3035 4753; x_wconf 84' lang='lat' dir='ltr'><strong>intercessisset,</strong></span> <span class='ocrx_word' id='word_1_715' title='bbox 3076 4691 3122 4744; x_wconf 90' lang='lat' dir='ltr'><strong>si</strong></span> <span class='ocrx_word' id='word_1_716' title='bbox 3146 4690 3454 4748; x_wconf 87' lang='lat' dir='ltr'><strong>Alexander</strong></span> <span class='ocrx_word' id='word_1_717' title='bbox 3492 4710 3694 4763; x_wconf 86' lang='lat' dir='ltr'><strong>paucos</strong></span> <span class='ocrx_word' id='word_1_718' title='bbox 3716 4712 3889 4752; x_wconf 89' lang='lat' dir='ltr'><strong>annos</strong></span> <span class='ocrx_word' id='word_1_719' title='bbox 3908 4700 4032 4769; x_wconf 86' lang='lat' dir='ltr'><strong>epi-</strong></span> 
     </span>
    </p>
   </div>
   <div class='ocr_carea' id='block_1_104' title="bbox 2454 4780 4031 4856">
    <p class='ocr_par' dir='ltr' id='par_1_104' title="bbox 2454 4780 4031 4856">
     <span class='ocr_line' id='line_1_104' title="bbox 2454 4780 4031 4856; baseline 0.01 -27"><span class='ocrx_word' id='word_1_720' title='bbox 2454 4786 2738 4846; x_wconf 90' lang='lat' dir='ltr'><strong>scopatum</strong></span> <span class='ocrx_word' id='word_1_721' title='bbox 2779 4780 3069 4844; x_wconf 87' lang='lat' dir='ltr'><strong>tenuisset,</strong></span> <span class='ocrx_word' id='word_1_722' title='bbox 3112 4791 3168 4835; x_wconf 93' lang='lat' dir='ltr'><strong>et</strong></span> <span class='ocrx_word' id='word_1_723' title='bbox 3201 4783 3517 4839; x_wconf 87' lang='lat' dir='ltr'><strong>Theodotus</strong></span> <span class='ocrx_word' id='word_1_724' title='bbox 3557 4788 3667 4856; x_wconf 89' lang='lat' dir='ltr'><strong>jam</strong></span> <span class='ocrx_word' id='word_1_725' title='bbox 3718 4798 3831 4842; x_wconf 90' lang='lat' dir='ltr'><strong>tum</strong></span> <span class='ocrx_word' id='word_1_726' title='bbox 3878 4806 4031 4845; x_wconf 88' lang='lat' dir='ltr'><strong>anno</strong></span> 
     </span>
    </p>
   </div>
   <div class='ocr_carea' id='block_1_105' title="bbox 2454 4869 4031 4946">
    <p class='ocr_par' dir='ltr' id='par_1_105' title="bbox 2454 4869 4031 4946">
     <span class='ocr_line' id='line_1_105' title="bbox 2454 4869 4031 4946; baseline 0.008 -24"><span class='ocrx_word' id='word_1_727' title='bbox 2454 4869 2550 4922; x_wconf 86' lang='grc'><strong>411</strong></span> <span class='ocrx_word' id='word_1_728' title='bbox 2581 4870 2953 4935; x_wconf 87' lang='lat' dir='ltr'><strong>successisset,</strong></span> <span class='ocrx_word' id='word_1_729' title='bbox 2994 4879 3049 4925; x_wconf 92' lang='lat' dir='ltr'><strong>et</strong></span> <span class='ocrx_word' id='word_1_730' title='bbox 3082 4886 3145 4925; x_wconf 90' lang='lat' dir='ltr'><strong>ea</strong></span> <span class='ocrx_word' id='word_1_731' title='bbox 3199 4874 3475 4943; x_wconf 87' lang='lat' dir='ltr'><strong>gessisset,</strong></span> <span class='ocrx_word' id='word_1_732' title='bbox 3506 4893 3629 4946; x_wconf 66' lang='lat' dir='ltr'><strong>quae</strong></span> <span class='ocrx_word' id='word_1_733' title='bbox 3679 4878 3893 4933; x_wconf 85' lang='lat' dir='ltr'><strong>Atticus</strong></span> <span class='ocrx_word' id='word_1_734' title='bbox 3942 4897 4031 4936; x_wconf 83' lang='lat' dir='ltr'><strong>re-</strong></span> 
     </span>
    </p>
   </div>
   <div class='ocr_carea' id='block_1_106' title="bbox 2455 4955 2595 5011">
    <p class='ocr_par' dir='ltr' id='par_1_106' title="bbox 2455 4955 2595 5011">
     <span class='ocr_line' id='line_1_106' title="bbox 2455 4955 2595 5011; baseline 0.007 -1"><span class='ocrx_word' id='word_1_735' title='bbox 2455 4955 2595 5011; x_wconf 87' lang='lat' dir='ltr'><strong>fert?</strong></span> 
     </span>
    </p>
   </div>
   <div class='ocr_carea' id='block_1_107' title="bbox 2526 5049 4031 5123">
    <p class='ocr_par' dir='ltr' id='par_1_107' title="bbox 2526 5049 4031 5123">
     <span class='ocr_line' id='line_1_107' title="bbox 2526 5049 4031 5123; baseline 0.01 -21"><span class='ocrx_word' id='word_1_736' title='bbox 2526 5050 2665 5104; x_wconf 80' lang='lat' dir='ltr'><strong>Xlll.</strong></span> <span class='ocrx_word' id='word_1_737' title='bbox 2710 5049 3008 5107; x_wconf 87' lang='lat' dir='ltr'><strong>Occasione</strong></span> <span class='ocrx_word' id='word_1_738' title='bbox 3048 5070 3214 5123; x_wconf 89' lang='lat' dir='ltr'><strong>porro</strong></span> <span class='ocrx_word' id='word_1_739' title='bbox 3257 5055 3563 5110; x_wconf 72' lang='lat' dir='ltr'><strong>litteratum</strong></span> <span class='ocrx_word' id='word_1_740' title='bbox 3624 5058 3789 5113; x_wconf 90' lang='lat' dir='ltr'><strong>Attici</strong></span> <span class='ocrx_word' id='word_1_741' title='bbox 3837 5061 4031 5116; x_wconf 87' lang='lat' dir='ltr'><strong>obser-</strong></span> 
     </span>
    </p>
   </div>
   <div class='ocr_carea' id='block_1_108' title="bbox 2452 5141 4028 5218">
    <p class='ocr_par' dir='ltr' id='par_1_108' title="bbox 2452 5141 4028 5218">
     <span class='ocr_line' id='line_1_108' title="bbox 2452 5141 4028 5218; baseline 0.01 -26"><span class='ocrx_word' id='word_1_742' title='bbox 2452 5141 2690 5195; x_wconf 87' lang='lat' dir='ltr'><strong>vandum</strong></span> <span class='ocrx_word' id='word_1_743' title='bbox 2747 5153 2831 5196; x_wconf 88' lang='lat' dir='ltr'><strong>est</strong></span> <span class='ocrx_word' id='word_1_744' title='bbox 2898 5143 3080 5198; x_wconf 86' lang='lat' dir='ltr'><strong>Aeaeii</strong></span> <span class='ocrx_word' id='word_1_745' title='bbox 3157 5144 3435 5215; x_wconf 89' lang='lat' dir='ltr'><strong>ingenium</strong></span> <span class='ocrx_word' id='word_1_746' title='bbox 3515 5150 3744 5218; x_wconf 88' lang='lat' dir='ltr'><strong>tempori</strong></span> <span class='ocrx_word' id='word_1_747' title='bbox 3814 5154 4028 5208; x_wconf 75' lang='lat' dir='ltr'><strong>servire</strong></span> 
     </span>
    </p>
   </div>
   <div class='ocr_carea' id='block_1_109' title="bbox 2451 5233 4031 5312">
    <p class='ocr_par' dir='ltr' id='par_1_109' title="bbox 2451 5233 4031 5312">
     <span class='ocr_line' id='line_1_109' title="bbox 2451 5233 4031 5312; baseline 0.008 -28"><span class='ocrx_word' id='word_1_748' title='bbox 2451 5241 2811 5301; x_wconf 87' lang='lat' dir='ltr'><strong>promptum:</strong></span> <span class='ocrx_word' id='word_1_749' title='bbox 2862 5233 3055 5289; x_wconf 87' lang='lat' dir='ltr'><strong>videns</strong></span> <span class='ocrx_word' id='word_1_750' title='bbox 3095 5236 3241 5289; x_wconf 86' lang='lat' dir='ltr'><strong>enim</strong></span> <span class='ocrx_word' id='word_1_751' title='bbox 3285 5238 3652 5293; x_wconf 82' lang='lat' dir='ltr'><strong>Alexandrum</strong></span> <span class='ocrx_word' id='word_1_752' title='bbox 3697 5257 3855 5294; x_wconf 86' lang='lat' dir='ltr'><strong>suum</strong></span> <span class='ocrx_word' id='word_1_753' title='bbox 3912 5246 4031 5312; x_wconf 87' lang='lat' dir='ltr'><strong>pri-</strong></span> 
     </span>
    </p>
   </div>
   <div class='ocr_carea' id='block_1_110' title="bbox 2450 5326 4029 5397">
    <p class='ocr_par' dir='ltr' id='par_1_110' title="bbox 2450 5326 4029 5397">
     <span class='ocr_line' id='line_1_110' title="bbox 2450 5326 4029 5397; baseline 0.008 -22"><span class='ocrx_word' id='word_1_754' title='bbox 2450 5329 2672 5385; x_wconf 85' lang='lat' dir='ltr'><strong>malem,</strong></span> <span class='ocrx_word' id='word_1_755' title='bbox 2699 5338 2822 5377; x_wconf 90' lang='lat' dir='ltr'><strong>cum</strong></span> <span class='ocrx_word' id='word_1_756' title='bbox 2852 5340 3147 5393; x_wconf 58' lang='lat' dir='ltr'><strong>r‘apessens</strong></span> <span class='ocrx_word' id='word_1_757' title='bbox 3183 5326 3559 5397; x_wconf 89' lang='lat' dir='ltr'><strong>episcopatum</strong></span> <span class='ocrx_word' id='word_1_758' title='bbox 3610 5346 3720 5385; x_wconf 69' lang='lat' dir='ltr'><strong>sua:</strong></span> <span class='ocrx_word' id='word_1_759' title='bbox 3766 5332 3890 5386; x_wconf 83' lang='lat' dir='ltr'><strong>fidei</strong></span> <span class='ocrx_word' id='word_1_760' title='bbox 3926 5334 4029 5387; x_wconf 78' lang='lat' dir='ltr'><strong>lit-</strong></span> 
     </span>
    </p>
   </div>
   <div class='ocr_carea' id='block_1_111' title="bbox 2450 5414 4025 5486">
    <p class='ocr_par' dir='ltr' id='par_1_111' title="bbox 2450 5414 4025 5486">
     <span class='ocr_line' id='line_1_111' title="bbox 2450 5414 4025 5486; baseline 0.006 -20"><span class='ocrx_word' id='word_1_761' title='bbox 2450 5423 2595 5467; x_wconf 90' lang='lat' dir='ltr'><strong>teras</strong></span> <span class='ocrx_word' id='word_1_762' title='bbox 2629 5414 2855 5468; x_wconf 80' lang='lat' dir='ltr'><strong>Roman:</strong></span> <span class='ocrx_word' id='word_1_763' title='bbox 2900 5422 2967 5467; x_wconf 70' lang='lat' dir='ltr'><strong>de</strong></span> <span class='ocrx_word' id='word_1_764' title='bbox 3015 5431 3166 5471; x_wconf 85' lang='lat' dir='ltr'><strong>more</strong></span> <span class='ocrx_word' id='word_1_765' title='bbox 3213 5417 3497 5483; x_wconf 85' lang='lat' dir='ltr'><strong>mitteret,</strong></span> <span class='ocrx_word' id='word_1_766' title='bbox 3552 5422 3735 5477; x_wconf 90' lang='lat' dir='ltr'><strong>favere</strong></span> <span class='ocrx_word' id='word_1_767' title='bbox 3799 5423 4025 5486; x_wconf 88' lang='lat' dir='ltr'><strong>Joanui,</strong></span> 
     </span>
    </p>
   </div>
   <div class='ocr_carea' id='block_1_112' title="bbox 2453 5504 4028 5583">
    <p class='ocr_par' dir='ltr' id='par_1_112' title="bbox 2453 5504 4028 5583">
     <span class='ocr_line' id='line_1_112' title="bbox 2453 5504 4028 5583; baseline 0.008 -25"><span class='ocrx_word' id='word_1_768' title='bbox 2453 5504 2620 5574; x_wconf 92' lang='lat' dir='ltr'><strong>idque</strong></span> <span class='ocrx_word' id='word_1_769' title='bbox 2648 5520 2861 5561; x_wconf 87' lang='lat' dir='ltr'><strong>summo</strong></span> <span class='ocrx_word' id='word_1_770' title='bbox 2893 5508 3135 5574; x_wconf 87' lang='lat' dir='ltr'><strong>pontifici</strong></span> <span class='ocrx_word' id='word_1_771' title='bbox 3170 5509 3378 5574; x_wconf 82' lang='lat' dir='ltr'><strong>testari,</strong></span> <span class='ocrx_word' id='word_1_772' title='bbox 3399 5510 3550 5565; x_wconf 87' lang='lat' dir='ltr'><strong>dedit</strong></span> <span class='ocrx_word' id='word_1_773' title='bbox 3584 5521 3640 5567; x_wconf 86' lang='lat' dir='ltr'><strong>et</strong></span> <span class='ocrx_word' id='word_1_774' title='bbox 3664 5513 3779 5583; x_wconf 64' lang='lat' dir='ltr'><strong>ipse</strong></span> <span class='ocrx_word' id='word_1_775' title='bbox 3829 5515 3896 5569; x_wconf 88' lang='lat' dir='ltr'><strong>ad</strong></span> <span class='ocrx_word' id='word_1_776' title='bbox 3934 5515 4028 5569; x_wconf 85' lang='lat' dir='ltr'><strong>ln-</strong></span> 
     </span>
    </p>
   </div>
   <div class='ocr_carea' id='block_1_113' title="bbox 2131 5614 2718 5717">
    <p class='ocr_par' dir='ltr' id='par_1_113' title="bbox 2131 5614 2718 5717">
     <span class='ocr_line' id='line_1_113' title="bbox 2131 5614 2718 5717; baseline 0.007 -4"><span class='ocrx_word' id='word_1_777' title='bbox 2131 5614 2450 5715; x_wconf 66' lang='lat' dir='ltr'><strong>SCHULZII</strong></span> <span class='ocrx_word' id='word_1_778' title='bbox 2490 5661 2718 5717; x_wconf 67' lang='lat' dir='ltr'><strong>NOTAE.</strong></span> 
     </span>
    </p>
   </div>
   <div class='ocr_carea' id='block_1_114' title="bbox 854 5797 1875 5865">
    <p class='ocr_par' dir='ltr' id='par_1_114' title="bbox 854 5797 1875 5865">
     <span class='ocr_line' id='line_1_114' title="bbox 854 5797 1875 5865; baseline 0 -15"><span class='ocrx_word' id='word_1_779' title='bbox 854 5799 891 5828; x_wconf 86' lang='lat'>“</span> <span class='ocrx_word' id='word_1_780' title='bbox 922 5798 1038 5850; x_wconf 79' lang='lat' dir='ltr'><strong>\‘id.</strong></span> <span class='ocrx_word' id='word_1_781' title='bbox 1082 5798 1219 5852; x_wconf 76' lang='lat' dir='ltr'><strong>Hist.</strong></span> <span class='ocrx_word' id='word_1_782' title='bbox 1261 5797 1387 5853; x_wconf 67' lang='grc' dir='ltr'><strong>εδει.</strong></span> <span class='ocrx_word' id='word_1_783' title='bbox 1426 5798 1522 5853; x_wconf 90' lang='lat' dir='ltr'><strong>lib.</strong></span> <span class='ocrx_word' id='word_1_784' title='bbox 1549 5813 1601 5862; x_wconf 91' lang='lat' dir='ltr'><strong>v,</strong></span> <span class='ocrx_word' id='word_1_785' title='bbox 1635 5812 1753 5865; x_wconf 87' lang='lat' dir='ltr'><strong>cap.</strong></span> <span class='ocrx_word' id='word_1_786' title='bbox 1789 5798 1875 5852; x_wconf 78' lang='lat'><strong>35.</strong></span> 
     </span>
    </p>
   </div>
   <div class='ocr_carea' id='block_1_115' title="bbox 1957 5795 2995 5868">
    <p class='ocr_par' dir='ltr' id='par_1_115' title="bbox 1957 5795 2995 5868">
     <span class='ocr_line' id='line_1_115' title="bbox 1957 5795 2995 5868; baseline -0.002 -16"><span class='ocrx_word' id='word_1_787' title='bbox 1957 5798 1996 5828; x_wconf 85' lang='lat'><strong>&quot;</strong></span> <span class='ocrx_word' id='word_1_788' title='bbox 2024 5795 2143 5852; x_wconf 83' lang='lat' dir='ltr'><strong>Vid.</strong></span> <span class='ocrx_word' id='word_1_789' title='bbox 2203 5795 2387 5866; x_wconf 85' lang='lat' dir='ltr'><strong>Cyrilli</strong></span> <span class='ocrx_word' id='word_1_790' title='bbox 2430 5799 2590 5868; x_wconf 88' lang='lat' dir='ltr'><strong>epist.</strong></span> <span class='ocrx_word' id='word_1_791' title='bbox 2633 5798 2698 5853; x_wconf 88' lang='lat' dir='ltr'><strong>ad</strong></span> <span class='ocrx_word' id='word_1_792' title='bbox 2740 5798 2995 5853; x_wconf 89' lang='lat' dir='ltr'><strong>Atticum.</strong></span> 
     </span>
    </p>
   </div>
  </div>
