4228 6446
170 399 272 463 235

1336 397 1435 456 DE
1475 397 1731 456 LIBRIS
1758 396 2262 457 THEODORETI.

3312 395 3416 457 206

172 505 493 563 nocentium
529 521 723 576 papam
749 505 963 558 litteras
1008 505 1062 557 in
1106 505 1358 558 eamdem
1385 506 1714 561 sententiam
1738 546 1751 570 ,
1784 511 1829 566 Α
1858 521 1943 560 me
1967 521 2065 575 per
2108 506 2351 559 divinam
2386 505 2638 574 gratiam,
2686 512 2799 558 tum
2848 503 3147 573 apostolica
3192 505 3416 575 scripta,

172 611 495 665 quanquam
524 611 655 664 erga
691 593 1012 647 defunctum
1058 595 1242 647 animo
1294 592 1504 647 foveret
1539 595 1748 655 odium,

172 703 277 755 quo
307 688 496 756 palam
532 694 819 739 exarserat
849 687 903 739 in
928 686 1136 738 vivum.

784 815 1007 872 CAPUT
1052 814 1114 867 11.

172 912 270 977 Qui
307 918 553 963 veterum
620 912 941 980 scriptorum
1020 906 1375 959 recensuerint
1448 906 1753 958 Theodoreti

886 991 1063 1044 opera.

237 1093 476 1146 Veteres
504 1093 651 1154 dico,
695 1091 787 1158 qui
816 1098 943 1142 ante
988 1097 1237 1142 nostrum
1304 1093 1630 1155 patrumque
1657 1101 1750 1139 sae-

170 1185 352 1237 culum
376 1186 727 1253 scripserunt
754 1183 1127 1250 :scripserunt
1144 1178 1185 1207 ¹³
1202 1177 1513 1246 vero,quod
1533 1176 1751 1247 quidem

170 1279 362 1338 sciam,
392 1276 500 1331 soli
526 1274 790 1344 quinque,
818 1270 1200 1326 Theodoretus
1220 1270 1335 1338 ipse
1366 1308 1379 1331 ,
1441 1268 1756 1324 Gennadius

170 1370 363 1436 quinto
397 1366 625 1428 szeculo,
677 1364 909 1418 Photius
939 1375 1105 1424 nono,
1138 1359 1479 1428 Nicephorus
1501 1359 1757 1414 Callistus

173 1454 389 1507 decimo
423 1461 646 1521 quarto,
675 1449 1021 1504 llebed-Jesu
1042 1447 1259 1501 decimo
1279 1446 1493 1514 quinto.

747 1562 773 1631 ς
801 1562 840 1615 1.
878 1560 1245 1613 Tlieodoretus.

242 1673 283 1726 l.
314 1672 525 1726 Texuit
550 1669 931 1724 Theodoretus
974 1681 1197 1720 suorum
1228 1666 1494 1719 librorum
1522 1677 1756 1735 quatuor

179 1764 233 1817 in
250 1764 392 1817 locis
419 1762 757 1830 catalogum,
787 1755 951 1811 modo
977 1755 1321 1824 ampliorem,
1352 1755 1513 1809 modo
1535 1756 1754 1810 brevio-

1852 606 1966 649 tum
2020 597 2341 665 prophetica
2375 598 2595 651 oracula
2643 615 2655 651 :
2706 605 2763 651 et
2813 595 2971 651 facile
3008 605 3178 651 estex
3205 596 3292 652 his
3329 612 3419 651 co-

1850 704 2110 757 gnoscere
2155 704 2221 741 an
2245 688 2493 742 stabilem
2522 688 2645 743 fidei
2671 688 2912 758 regulam
2940 688 3226 750 servarint,
3250 703 3317 740 an
3350 687 3418 741 ab

1851 780 1969 846 ejus
2002 778 2328 831 rectitudine
2359 776 2694 830 deﬂexerim.
2738 798 2755 828 ι

1921 870 2007 923 IV.
2035 871 2207 938 Epist.
2248 870 2367 930 HG,
2394 868 2459 922 ad
2490 869 2754 922 Renatum
2797 868 3217 939 presbyterum:
3258 885 3276 918 ι
3310 867 3421 921 Ro-

1852 976 2042 1030 gamus
2082 969 2141 1014 ut
2166 960 2435 1029 judicium
2467 975 2531 1012 ex
2561 960 2793 1030 scriptis
2813 959 3197 1013 constituatur.
3227 957 3421 1011 Libros

1852 1050 1998 1103 enim
2032 1049 2223 1117 scripsi
2268 1049 2503 1118 amplius
2560 1029 3079 1117 triginta‘adversus
3130 1047 3325 1102 Arium
3367 1057 3417 1100 et

1854 1139 2205 1200 Eunomium,
2234 1139 2497 1193 adversus
2532 1138 2884 1199 Marcionem,
2933 1137 3197 1191 adversus
3244 1136 3423 1190 Mace-

1854 1230 2101 1290 donium,
2125 1228 2387 1283 adversus
2407 1230 2657 1299 gentiles,
2687 1230 2950 1281 adversus
2987 1228 3202 1282 Judaaos
3220 1245 3234 1292 ;
3255 1230 3424 1283 inter-

1856 1330 2101 1391 pretatus
2129 1336 2249 1373 sum
2297 1336 2514 1390 quoque
2549 1321 2790 1375 divinam
2833 1319 3213 1388 Scripturam:
3254 1328 3310 1373 et
3349 1318 3425 1373 fa-

1856 1413 1961 1467 cile
1984 1421 2088 1473 est,
2113 1412 2158 1466 si
2184 1413 2308 1482 quis
2340 1414 2489 1476 velit,
2514 1413 2932 1482 deprehendere
2956 1426 3044 1465 me
3092 1426 3189 1480 per
3211 1419 3425 1479 aposto-

1856 1504 1961 1559 lica
1991 1504 2216 1573 vestigia
2244 1504 2550 1567 incessisse,
2594 1518 2762 1557 unum
2790 1500 3138 1572 praedicando
3170 1499 3418 1563 Filium,»

1855 1602 1963 1647 etc.

1928 1685 1992 1738 ν.
2021 1685 2264 1754 Epistola
2286 1684 2407 1747 145,
2441 1684 2507 1737 ad
2538 1684 2839 1739 monachos
2858 1681 3425 1752 Constantinopolita-

1858 1791 2046 1829 nosn
2075 1776 2274 1837 Multae,
2324 1775 2525 1843 inquit,
2582 1774 2892 1828 auditorum
2936 1773 3209 1844 myriadcs
3264 1782 3430 1827 testes

175 1869 307 1907 rem.
337 1852 478 1906 Loci
521 1852 598 1905 illi
632 1860 760 1905 sunt
783 1849 943 1919 epist.
971 1844 1059 1906 82,
1089 1845 1155 1898 ad
1204 1844 1503 1897 Eusebium
1527 1845 1761 1917 Ancyra—
1795 1858 1835 1911 Β

1795 1858 1835 1911 Β
1864 1873 2011 1927 sunt,
2032 1880 2117 1918 me
2143 1865 2593 1934 Evangelicorum
2616 1864 2929 1934 dogmatum
2948 1863 3236 1917 veritatem
3260 1863 3430 1917 tradi-

174 1958 299 1997 num
326 1943 693 2012 epismpum;
727 1941 891 2008 epist.
920 1942 1039 2005 115,
1074 1939 1140 1993 ad
1165 1945 1413 1991 sanctum
1463 1937 1701 1992 Leonem
1742 1956 1757 2005 ;

172 2031 331 2098 epist.
365 2030 496 2091 116,
522 2028 590 2081 ad
622 2029 891 2082 Renatum
926 2029 1327 2098 presbyterum,
1356 2032 1411 2077 et
1443 2025 1601 2095 epist.
1639 2027 1759 2093 H5,

174 2120 239 2173 ad
272 2118 588 2173 monachos
610 2116 1261 2187 Constantinopolitanos.

243 2212 309 2265 11.
338 2211 402 2263 ln
429 2208 668 2278 epistola
701 2209 767 2263 ad
792 2210 1112 2272 Eusebium,
1139 2221 1260 2278 post
1281 2213 1580 2283 expositam
1608 2226 1761 2264 suam

177 2303 244 2359 de
293 2302 686 2356 incarnatione
745 2300 947 2362 fidem,
999 2301 1115 2355 haec
1166 2301 1371 2357 liabet:
1434 2324 1450 2353 ι
1510 2305 1587 2358 Ne
1642 2303 1765 2372 quis

178 2396 459 2450 existimet
508 2402 656 2448 metu
709 2393 1025 2463 perculsqu
1074 2409 1159 2447 me
1216 2395 1317 2448 ista
1361 2410 1506 2448 nunc
1555 2394 1759 2457 dicere,

179 2488 457 2555 integrum
477 2492 584 2545 est.
614 2483 701 2537 cui
736 2483 952 2537 animus
973 2482 1159 2545 fuerit.
1196 2484 1420 2553 antiqua
1445 2499 1610 2553 opera
1645 2500 1763 2537 mea

178 2578 459 2636 evolvere,
496 2584 611 2627 tum
644 2588 728 2636 ea,
761 2589 883 2642 qua:
925 2583 1050 2629 ante
1096 2574 1363 2645 synodum
1414 2574 1761 2643 Ephesinam,

179 2677 290 2723 tum
322 2681 452 2735 quae
477 2673 603 2734 post
644 2665 790 2718 illam
850 2678 1069 2719 rursum
1119 2673 1245 2717 ante
1274 2664 1563 2717 duodecim
1594 2680 1766 2717 annos

180 2757 395 2827 scripsi.
430 2756 568 2821 Quae
591 2756 741 2809 enim
774 2754 871 2807 Dei
899 2754 1071 2824 gratia
1096 2764 1197 2816 est,
1220 2764 1273 2808 ct
1308 2754 1605 2824 Prophetas
1650 2769 1767 2806 om-

180 2863 274 2901 nes
304 2846 726 2903 commentariis
746 2845 993 2914 exposui,
1017 2855 1073 2899 et
1102 2846 1423 2900 Psalterium
1448 2857 1502 2899 et
1532 2848 1767 2914 Aposto-

182 2938 314 3001 lum,
380 2945 441 2991 et
509 2936 779 2989 adversus
840 2935 1075 2989 Arianos
1143 2950 1205 2988 ac
1248 2935 1682 2995 Macedonianos,
1712 2943 1768 2987 et

186 3036 368 3080 aontra
394 3024 739 3095 Apollinaris
756 3024 1081 3092 praestigias,
1109 3024 1427 3093 rabiemque
1455 3024 1763 3087 Marcionis,

183 3117 351 3170 libros
382 3116 519 3168 olim
569 3113 889 3182 composui;
930 3121 984 3168 et
1027 3114 1081 3166 in
1112 3115 1342 3184 singulis
1398 3115 1550 3170 libris
1595 3118 1768 3170 cccle-

1863 1955 2040 2018 disse;
2070 1965 2267 2024 praesto
2291 1963 2418 2009 sunt
2439 1963 2493 2009 et
2513 1955 2819 2023 conscripta
2842 1969 3028 2023 opera,
3062 1962 3121 2007 ut
3148 1954 3431 2023 explorent

1861 2049 1954 2117 qui
1999 2048 2211 2100 velint:
2251 2064 2360 2100 non
2408 2048 2555 2100 enim
2605 2063 2704 2115 pro
2738 2046 2864 2100 filiis
2908 2046 3147 2109 duobus,
3186 2046 3280 2100 sed
3333 2062 3432 2114 pro

1864 2141 2149 2209 unigenito
2199 2140 2295 2193 Dei
2322 2140 2479 2199 Filio,
2512 2147 2568 2192 et
2610 2149 2797 2193 contra
2848 2139 3086 2201 Graecos,
3137 2147 3193 2192 et
3241 2148 3433 2193 contra

1862 2231 2100 2294 Ιυόιιξοε,
2124 2238 2178 2283 et
2199 2240 2390 2284 contra
2416 2229 2529 2283 Arii
2562 2239 2725 2298 atque
2761 2229 3014 2282 Eunomii
3060 2230 3251 2283 morbo
3276 2229 3431 2283 labo-

1866 2330 2065 2384 rantes,
2122 2330 2178 2374 et
2250 2327 2440 2374 contra
2484 2334 2578 2373 eos
2618 2320 2709 2387 qui
2759 2319 3081 2387 Apollinarii
3136 2319 3431 2373 amentiam

1862 2420 2165 2473 secuntur,
2214 2410 2299 2463 vel
2348 2410 2441 2478 qui
2494 2408 2787 2462 Marcionis
2829 2409 2953 2463 tabe
3005 2408 3245 2477 correpti
3281 2418 3430 2471 sunt,

1862 2511 2075 2556 certare
2100 2516 2383 2570 nunquam
2432 2500 2764 2554 destitimus.
2811 2498 3014 2554 (Ξῖ-κείς
3062 2500 3283 2568 quidem
3312 2516 3436 2569 per-

1863 2592 2156 2646 suadentes
2196 2592 2371 2660 ipsum
2412 2605 2532 2646 esse
2561 2591 2806 2645 omnium
2845 2606 3029 2645 rerum
3058 2591 3433 2655 Conditorem.

1864 2682 2183 2749 sempiterni
2216 2683 2310 2735 Dei
2351 2682 2546 2735 Filium
2591 2691 2923 2737 coaeternum
2953 2701 2965 2736 :
2997 2682 3204 2738 Iudaeis
3228 2692 3434 2745 autem,

1870 2772 1936 2825 de
2001 2772 2095 2827 illo
2143 2788 2264 2827 esse
2323 2773 2468 2827 edita
2528 2774 2781 2828 vaticinia
2827 2775 3218 2843 prophetarum
3258 2793 3271 2828 :
3319 2776 3435 2830 Arii

1867 2863 2231 2932 Eunomiique
2272 2862 2603 2925 haeredibus,
2652 2851 2898 2933 ejusdem
2950 2879 3070 2918 esse
3115 2880 3238 2918 cum
3279 2865 3439 2919 Patre

1867 2954 2207 3017 substantia},
2236 2954 2594 3023 ejusdemque
2618 2954 2845 3009 honoris
2883 2964 2937 3009 et
2962 2956 3219 3024 potentia
3254 2974 3267 3010 :
3302 2957 3441 3010 Mar-

1868 3044 2042 3097 eionis
2095 3043 2277 3097 furore
2320 3042 2745 3108 insanientibus,
2798 3058 2907 3097 non
2955 3044 3161 3098 bonum
3228 3054 3438 3101 tantum

1868 3151 2009 3197 esse,
2037 3150 2227 3187 verum
2264 3135 2427 3187 etiam
2453 3136 2689 3203 justum,
2722 3151 2829 3189 non
2873 3135 3200 3199 alienorum,
3245 3147 3306 3191 ut
3335 3138 3438 3208 ipsi

185 3207 473 3261 είὲεῑίῦιπη
494 3205 692 3296 dogma
724 3220 822 3273 Per
849 3204 942 3296 Ῑξέί
982 3206 1209 3296 ετθξίῆιιι
1259 3196 1465 3296 “uoci:
1508 3206 1763 3296 βίέξείίουδ
1793 3209 1835 3267 C
1870 3196 2204 3289 fabulantur,
2226 3226 2319 3280 sed
2353 3196 2578 3279 suorum
2610 3196 2782 3296 ipsius
2815 3242 3041 3296 operum
3066 3196 3393 3283 salvatorem
3424 3248 3436 3284 :

186 3306 452 3367 praeterea
475 3294 713 3363 scriptus
743 3309 773 3346 a
799 3293 957 3347 nobis
984 3300 1065 3346 est
1091 3293 1251 3355 liber,
1276 3304 1329 3348 et
1372 3294 1461 3347 alii
1489 3294 1554 3347 de
1576 3294 1765 3348 Provi-

187 3387 390 3449 dentia,
420 3394 481 3439 et
507 3384 575 3438 ad
610 3384 848 3453 quaesita
871 3383 1149 3453 Magorum
1184 3384 1344 3446 alius,
1373 3394 1427 3437 et
1456 3383 1586 3437 Vitae
1612 3401 1768 3438 sanc-

188 3483 388 3539 torum,
416 3484 476 3529 et
500 3483 702 3544 prmter
751 3472 851 3526 hos
894 3473 986 3527 alii
1041 3474 1373 3543 complures,
1414 3491 1481 3528 ne
1526 3474 1771 3545 singulos

191 3581 572 3636 percenseam.
626 3565 739 3619 llos
784 3573 966 3618 autem
1024 3566 1363 3628 enumeravi,
1423 3583 1532 3620 non
1588 3568 1770 3637 gloria:

190 3657 371 3710 studio
402 3657 632 3717 ductus,
681 3654 776 3708 sed
813 3664 1162 3709 accusatores
1189 3670 1515 3724 provocans,
1566 3666 1620 3711 et
1675 3674 1771 3712 eos

191 3747 277 3815 qui
308 3745 569 3815 judicare
604 3746 905 3806 voluerint,
932 3754 992 3798 ut
1013 3760 1239 3813 operum
1265 3755 1578 3800 nostrorum
1601 3749 1772 3816 quod-

191 3852 409 3907 cunque
443 3836 605 3907 255
641 3836 939 3899 voluerint,
966 3839 1315 3899 examinent;
1373 3853 1473 3891 nec
1499 3839 1643 3890 enim
1690 3856 1773 3891 re-

194 3930 435 3998 perient,
455 3945 557 3983 nos
587 3929 735 3982 aliud
774 3946 872 3998 per
917 3929 1011 3983 Dei
1054 3931 1281 3999 gratiam
1329 3929 1537 3983 sentire.
1563 3971 1575 3991 ,
1610 3947 1771 3999 quam

194 4020 336 4088 quod
359 4036 392 4073 a
416 4019 704 4088 Scriptura
726 4034 881 4073 sacra
916 4018 1229 4073 didicimus.
1261 4038 1276 4068 ι

260 4111 351 4164 111.
384 4110 633 4178 Epistola
660 4110 780 4172 115,
808 4109 875 4163 ad
897 4118 1147 4163 sanctum
1185 4109 1423 4163 Leonem
1452 4128 1464 4162 :
1504 4129 1521 4159 ι
1546 4110 1776 4177 Aposto-

195 4202 309 4255 lica:
329 4211 533 4254 vestrm
558 4201 705 4255 sedis
733 4209 991 4270 exspecto
1028 4199 1377 4263 sententiam,
1408 4208 1463 4252 et
1484 4215 1581 4253 oro
1613 4209 1774 4267 atque

194 4290 447 4343 obtestor
473 4290 823 4344 sanctitatem
876 4298 1065 4352 tuam,
1107 4289 1324 4342 utmihi
1371 4298 1579 4343 rectum
1611 4305 1674 4342 ac
1694 4291 1779 4358 ju-

194 4390 337 4434 stum
404 4380 646 4433 tribunal
681 4388 926 4434 vestrum
971 4380 1248 4433 invocanti
1291 4395 1450 4449 opem
1497 4379 1657 4443 ferat,
1688 4382 1779 4451 ju-

194 4469 437 4539 beatque
493 4469 559 4523 ad
591 4484 687 4521 vos
732 4470 941 4532 venire,
970 4480 1025 4524 et
1066 4470 1372 4524 doctrinam
1419 4487 1595 4524 meam
1643 4487 1777 4540 apo-

1870 3328 2034 3387 atque
2077 3327 2135 3372 ut
2178 3317 2344 3371 semel
2414 3317 2615 3381 dicam,
2677 3317 2938 3372 adversus
2978 3319 3277 3387 quamlibet
3331 3321 3445 3375 hm-

1873 3409 2017 3461 resin
2040 3408 2384 3471 dimicantes,
2430 3424 2599 3462 unum
2645 3408 2841 3462 Filium
2887 3410 3224 3464 adorandum
3255 3426 3445 3465 mone-

1872 3514 2009 3551 mus.
2048 3518 2064 3549 1

2439 3626 2875 3665 ουδειινλτιοκεε.

1944 3742 1986 3795 1.
2014 3743 2091 3795 Ex
2117 3750 2353 3810 quatuor
2390 3743 2667 3812 epistolis,
2695 3744 2867 3813 prima
2906 3759 3051 3797 anno
3085 3744 3190 3798 445
3242 3746 3447 3815 scripta

1874 3835 2221 3903 cst.reliqu:n
2262 3850 2406 3888 anno
2446 3835 2549 3889 449
2606 3835 2937 3889 desinente:
2997 3851 3165 3904 quare
3222 3853 3343 3905 qua
3393 3840 3449 3894 in

1877 3925 2051 3993 prima
2089 3932 2468 3984 recensentur.
2497 3933 2622 3978 ante
2648 3941 2853 3978 annum
2879 3926 2981 3979 446
3005 3926 3153 3981 edita
3180 3933 3327 3979 sunt.

1946 4016 2010 4068 11.
2040 4016 2197 4068 Nulla
2225 4015 2283 4067 fit
2323 4016 2533 4083 uspiam
2585 4015 2793 4069 mentio
2835 4016 3281 4084 reprehensionis
3308 4016 3450 4069 duo-

1876 4107 2050 4159 decim
2079 4106 2329 4175 Capitum
2353 4106 2574 4177 Cyrilli;
2615 4107 2762 4160 nulla
2810 4106 3143 4161 defensionis
3194 4123 3294 4175 pro
3328 4109 3453 4162 Dio-

1877 4196 2015 4251 doro
2063 4197 2320 4250 Tarsensi
2383 4208 2440 4250 et
2488 4197 2781 4251 Theodoro
2826 4198 3243 4266 MOpsuesteno;
3277 4200 3453 4252 nulla

1878 4290 2042 4341 etiam
2066 4288 2351 4349 Eranistaz,
2372 4288 2534 4358 256
2555 4288 2680 4341 licet
2718 4289 2832 4341 haec
2864 4294 2991 4340 ante
3034 4302 3235 4340 annum
3255 4288 3359 4343 415
3382 4292 3450 4351 3‘,

1882 4388 1973 4430 ant
1995 4389 2142 4433 certe
2180 4380 2303 4443 449,
2352 4379 2652 4447 composita
2709 4378 2840 4431 sint.
2897 4378 3100 4431 Verum
3142 4393 3251 4431 non
3296 4389 3455 4433 erant

1883 4470 2248 4522 conducibilia
2283 4470 2349 4522 ad
2370 4469 2747 4523 defensionem
2775 4469 3133 4533 Theodoreti,
3160 4470 3253 4524 sed
3284 4474 3457 4541 magis

193 4561 409 4615 stolicis
440 4560 686 4630 vestigiis
723 4561 1078 4614 inhaerentem
1119 4562 1430 4615 ostendere.
1462 4562 1601 4615 Sunt
1630 4564 1775 4617 enim
1814 4543 1851 4595 υ
1884 4559 1951 4613 ad
1975 4560 2399 4613 accusationem.

194 4651 352 4711 mihi,
384 4666 510 4718 quas
551 4651 750 4718 partim
781 4661 906 4705 ante
937 4668 1111 4704 annos
1152 4652 1365 4721 viginti,
1402 4654 1601 4721 partim
1651 4663 1777 4707 ante

194 4739 533 4800 octodecim,
562 4738 760 4808 partim
828 4749 953 4793 ante
989 4740 1327 4808 quindecim,
1365 4741 1561 4810 partim
1614 4750 1737 4794 ante
1762 4744 1777 4761 ⁸

195 4830 497 4884 duodecim
545 4830 761 4901 scripsi,
799 4831 1045 4899 qnzcdam
1087 4841 1276 4885 contra
1312 4832 1544 4885 Ariauos
1576 4840 1631 4885 ct
1669 4832 1780 4885 Eu-

196 4924 513 4990 nomianos,
573 4921 822 4991 quaedam
884 4931 1074 4975 contra
1121 4922 1340 4975 Jndzeos
1408 4934 1465 4974 et
1526 4922 1780 4991 gentiles.

196 5014 453 5082 quaedam
476 5021 668 5066 contra
706 5028 890 5081 magos
930 5013 1023 5081 qui
1046 5023 1175 5065 sunt
1199 5014 1252 5065 in
1278 5012 1520 5067 Perside.
1567 5014 1682 5066 Alia
1716 5014 1783 5069 de

198 5102 502 5156 universali
540 5102 909 5164 Providentia,
948 5103 1053 5157 alia
1104 5118 1295 5157 rursus
1336 5102 1404 5156 de
1450 5103 1743 5173 Theologia
1768 5144 1782 5166 ,

200 5194 382 5262 deque
423 5192 612 5246 divina
654 5194 1061 5248 lncarnatione.
1092 5193 1346 5263 Exposita
1382 5202 1510 5246 sunt
1549 5194 1713 5247 etiam
1756 5211 1786 5248 a

1958 4650 2047 4704 Ill.
2080 4650 2236 4704 Nulla
2256 4650 2462 4720 pariter
2487 4652 2694 4705 mentio
2720 4651 2778 4703 fit
2803 4653 3183 4706 commentarii
3225 4653 3278 4706 in
3309 4652 3455 4707 Can-

1889 4742 2057 4795 ticum
2086 4742 2425 4794 canticorum
2446 4742 2510 4805 ",
2538 4742 2665 4794 licet
2685 4741 2880 4809 primis
2916 4742 3273 4810 temporibus,
3310 4751 3460 4795 certe

1889 4840 2015 4885 ante
2044 4832 2392 4893 Psalterium,
2434 4831 2668 4900 evulgati
2694 4849 2706 4883 :
2737 4846 2900 4886 causa
2934 4832 2987 4885 in
3020 4833 3257 4887 obscuro
3286 4834 3416 4886 latet
3444 4874 3458 4896 ,

1890 4923 2313 4990 investigabitur
2331 4938 2431 4977 suo
2453 4924 2593 4975 loco.

1963 5015 2048 5067 IV.
2115 5014 2273 5067 Nulla
2331 5016 2391 5067 fit
2435 5015 2689 5069 similiter
2745 5015 3010 5069 memoria
3059 5014 3324 5068 orationis
3395 5014 3463 5067 de

1891 5103 2169 5158 Charitate
2193 5105 2256 5167 ¹⁶,
2296 5106 2815 5160 commentariorum
2872 5108 2923 5159 in
2953 5105 3370 5165 Octateuchum,
3408 5112 3467 5158 et

1894 5196 2065 5249 libros
2087 5195 2294 5265 Regum
2324 5197 2386 5261 ",
2427 5195 2679 5250 Historia
2744 5196 3151 5255 eeclesiasticw,
3193 5203 3249 5249 et
3284 5194 3468 5263 operis

1538 5348 1853 5403 StillUllll
1897 5350 2124 5405 NOTA‘J.

282 5490 324 5518 "
359 5487 680 5562 Legendum
712 5504 831 5542 esse
856 5489 1072 5562 videtur
1118 5506 1134 5562 :7
1157 5488 1357 5562 Quiude
1387 5489 1598 5562 Nostro,
1632 5491 1751 5562 jam
1786 5490 2009 5544 Patrum
2037 5507 2247 5553 statuto,
2284 5495 2621 5562 stripserimt.

210 5559 458 5611 Erauista
519 5574 708 5627 supra,
762 5575 815 5627 p.
871 5560 992 5614 206.

211 5628 581 5700 testimonium
632 5625 852 5700 infra.
880 5631 955 5700 Αἵ),
988 5629 1057 5683 ab
1108 5628 1283 5683 initio.

2701 5492 2744 5523 ”
2780 5491 2920 5544 Licet
2951 5491 3078 5552 lucc,
3104 5498 3210 5543 etc.
3243 5486 3363 5542 Vid.
3400 5486 3469 5540 de

1095 5561 1137 5631 ³⁸⁸
1165 5558 1350 5631 Nulla,
1407 5569 1525 5631 εις).¹
1568 5557 1785 5614 Scilicet
1831 5562 1884 5614 in
1930 5562 2179 5631 epistolis
2216 5557 2628 5627 citatilexstat
2680 5570 2861 5615 autem
2913 5560 3083 5631 ipsius
3137 5557 3467 5631 Theodoreti

1377 5630 1419 5660 ¹⁶
1449 5628 1599 5682 Or'at.
1642 5631 1704 5681 de
1738 5633 1883 5684 char.
1925 5628 2049 5685 llaec
2072 5645 2200 5684 vero
2224 5646 2346 5685 cum

212 5697 364 5769 locus
390 5714 458 5751 ex
489 5697 720 5769 epistula
762 5697 846 5752 ad'
875 5698 1172 5753 Eusebium
1208 5700 1403 5769 allatus
1436 5699 1542 5752 huc
1577 5700 1739 5754 etiam
1788 5700 1976 5755 referri
2004 5708 2205 5769 potest.

2423 5634 2658 5687 ertineat
2695 5631 2761 5685 ad
2808 5626 3096 5684 Historiam
3149 5626 3467 5697 religiosam,

2304 5702 2345 5733 ¹⁷
2374 5698 2667 5755 Comment.
2701 5732 2765 5740 —
2789 5699 3008 5771 Regum.
3040 5698 3120 5753 Ad
3162 5699 3260 5751 hos
3309 5698 3471 5749 etiam

215 5765 380 5822 libros
407 5768 668 5837 respexit,
690 5783 813 5823 cum
843 5770 911 5824 ad
942 5770 1208 5825 Renatum
1244 5768 1526 5835 scriberet,
1560 5786 1613 5823 se
1649 5765 2061 5840 interpretatum
2103 5785 2222 5825 esse
2254 5771 2590 5840 Scripturam
2627 5786 2856 5826 sacram.
