4228 6446
825 364 927 428 207

1949 369 2324 435 GARNERII
2365 377 2858 440 DISSERTATIO
2897 382 2975 441 II.

3965 402 4079 466 908

828 472 1207 525 llwrrtimrum
1236 472 1542 537 fabularum
1576 472 1637 532 "‘,
1659 486 1781 523 cum
1815 482 1996 529 tamen
2018 478 2069 530 in
2109 480 2193 531 his
2224 483 2396 533 conti-
2431 493 2469 541 Α
2504 482 2817 541 tricesimus
2846 490 3112 557 septimus
3142 503 3235 547 aut
3261 505 3489 553 octavus
3514 500 3582 553 ab
3623 501 3777 558 obitu
3814 508 4077 566 Theodo-

822 568 1057 614 ncantur
1076 561 1244 613 multa
1276 572 1474 615 rectam
1498 562 1657 614 Iidem
1683 567 1925 620 auctoris
1945 567 2393 638 demonstrantia,

822 646 913 698 sed
948 647 1193 700 nonduin
1217 657 1376 701 erant
1409 650 1634 717 scripta.

891 736 951 790 ν.
984 737 1317 790 Memoratur
1341 738 1395 790 in
1423 740 1536 793 sola
1562 740 1628 794 ad
1654 741 1949 796 Eusebium
2001 746 2233 814 epistula
2263 751 2393 806 Plii-

818 829 1117 893 lotheus",
1144 831 1197 883 id
1232 840 1335 895 est,
1366 832 1608 888 Historia
1642 846 1983 901 sanctorum,
2025 849 2189 909 atque
2224 842 2390 897 etiam

819 921 1076 991 Mystieus
1101 921 1277 975 liber:
1309 922 1364 976 in
1381 923 1497 978 sola
1533 925 1602 979 ad
1630 934 1879 981 sanctum
1907 928 2142 984 Leonem
2163 931 2305 987 liber
2322 933 2389 987 de

817 1011 1131 1081 Theologia,
1160 1023 1215 1067 et
1238 1014 1381 1069 liber
1408 1015 1476 1070 de
1501 1017 1901 1075 lncarnatioue.

891 1099 972 1152 Vl.
1013 1099 1071 1153 lu
1119 1102 1353 1169 epistola
1375 1104 1440 1158 ad
1495 1105 1789 1160 Eusebium
1836 1108 2158 1165 dividuntur
2198 1128 2385 1181 opera,

812 1204 935 1257 qua:
964 1201 1285 1253 censentur,
1334 1194 1388 1246 in
1439 1195 1576 1250 duas
1617 1207 1801 1265 partes
1845 1218 1858 1251 :
1915 1200 2020 1255 alia
2068 1203 2214 1257 enim
2261 1215 2386 1258 ante

810 1279 1078 1347 synodum
1132 1280 1502 1348 Ephesinam,
1563 1283 1615 1337 id
1659 1295 1743 1339 est
1795 1298 1922 1342 ante
1983 1304 2188 1344 annum
2238 1293 2381 1355 451,

810 1367 1011 1434 scripta
1040 1366 1335 1433 dicuntur;
1360 1370 1466 1423 alia
1497 1380 1619 1441 post
1651 1375 1942 1444 synodum.
1970 1377 2040 1431 At
2076 1379 2128 1432 in
2153 1380 2383 1449 epistola

808 1457 873 1511 ad
936 1468 1186 1513 sanctum
1252 1461 1493 1517 Leonem
1551 1465 1869 1523 distributio
1918 1469 1972 1522 ﬁt
2037 1481 2273 1540 quatuor
2323 1475 2377 1528 in

808 1558 1033 1617 partes:
1072 1550 1317 1618 quaedam
1371 1552 1515 1606 enim
1575 1556 1777 1623 scripta
1810 1572 2106 1613 narrantur
2133 1572 2261 1615 ante
2300 1561 2380 1616 vi-

806 1641 941 1710 ginti
993 1657 1191 1705 annos,
1260 1642 1311 1695 id
1352 1652 1457 1706 est,
1521 1656 1648 1700 ante
1707 1663 1909 1702 annum
1951 1651 2089 1714 429,
2125 1653 2374 1721 quaedam

805 1741 929 1784 ante
960 1731 1289 1797 octodecim,
1322 1733 1374 1787 id
1419 1742 1523 1792 est.
1551 1745 1676 1790 ante
1710 1752 1912 1792 annum
1964 1740 2090 1807 451,
2124 1743 2373 1811 quaedam

812 1829 937 1873 ante
957 1820 1295 1888 quindecim,
1333 1823 1385 1876 id
1418 1833 1522 1887 est,
1556 1838 1682 1881 ante
1731 1843 1934 1882 annum
1970 1832 2095 1893 434,
2127 1834 2372 1901 quaedam

801 1919 927 1965 ante
967 1911 1278 1973 duodecim,
1314 1913 1367 1967 id
1400 1923 1510 1978 est,
1542 1926 1667 1970 ante
1713 1934 1918 1973 annum
1960 1922 2083 1975 457.
2120 1924 2248 1988 Qua:
2286 1926 2374 1979 di-

796 2009 997 2056 cuntur
1017 2002 1223 2072 scripta
1262 2012 1388 2059 ante
1412 2006 1608 2076 viginti
1636 2022 1829 2071 annos,
1861 2026 1923 2064 ea
1958 2011 2071 2081 ipsa
2093 2023 2219 2066 sunt
2252 2032 2372 2084 quae

794 2103 919 2147 ante
944 2094 1215 2164 synodum
1247 2095 1577 2165 Ephesinam
1601 2098 1949 2167 prodierunt.

866 2184 975 2237 VII.
1032 2186 1149 2239 Non
1193 2186 1352 2242 facile
1397 2191 1730 2259 perspicitur
1769 2208 1933 2247 causa
1969 2211 2067 2248 cur
2121 2196 2372 2251 Theodo-

793 2285 944 2330 retus
978 2293 1043 2329 ex
1070 2278 1293 2347 scriptis
1339 2279 1453 2333 suis
1491 2281 1759 2350 judicium
1802 2286 2047 2339 exerceri
2094 2288 2363 2342 voluerit:

790 2368 1087 2423 etenimex
1117 2368 1312 2425 iisdem
1350 2383 1704 2429 accusatores
1748 2392 1906 2446 agere
1947 2388 2261 2449 potuerunt,
2309 2393 2369 2436 ut

793 2470 983 2510 revera
1015 2458 1365 2524 postmodum
1420 2462 1471 2514 in
1508 2479 1537 2515 ν
1580 2465 1789 2535 synodo
1829 2476 2009 2519 actum
2039 2476 2122 2520 est
2151 2486 2161 2520 :
2194 2484 2258 2521 ex
2302 2470 2366 2524 iis

788 2552 937 2599 certe
964 2544 1200 2617 Cyrillus
1242 2565 1353 2606 non
1391 2553 1561 2607 semel
1596 2554 2003 2609 Theodoretum
2027 2557 2363 2615 Nestorianae

790 2637 1071 2692 societatis
1094 2655 1247 2693 reum
1281 2640 1437 2696 dixit.

861 2730 996 2783 Vlll.
1031 2731 1089 2783 In
1123 2732 1361 2800 epistola
1391 2732 1459 2787 ad
1493 2735 1760 2790 Renatum
1792 2738 2052 2793 dicuntur
2089 2740 2213 2793 libri
2251 2759 2364 2795 am-

787 2820 931 2889 plius
962 2821 1183 2889 triginta
1215 2822 1479 2877 adversus
1507 2824 1697 2880 Arium
1731 2837 1787 2881 et
1816 2829 2168 2894 Eunomium,
2220 2833 2359 2886 Mar-

784 2911 997 2964 cioneni
1031 2921 1089 2964 et
1120 2912 1521 2979 Macedonium,
1544 2917 1777 2985 gentiles
1804 2928 1859 2971 et
1883 2918 2098 2974 Judaaos
2127 2921 2319 2991 scripti
2344 2940 2355 2974 :

784 3016 849 3052 ex
886 3000 952 3053 iis
1008 3000 1301 3055 duodecim
1359 3002 1625 3059 adversus
1671 3008 1903 3075 gentiles
1933 3009 2045 3062 noti
2081 3020 2230 3077 sunt,
2262 3014 2356 3081 qui

781 3106 977 3159 nempe
1014 3091 1391 3146 inscribuntur
1421 3093 1496 3146 De
1528 3094 1840 3151 Graecanicis
1874 3100 2227 3169 affectionibus
2262 3119 2353 3157 cu-

783 3183 963 3235 randis
1006 3198 1025 3235 :
1088 3182 1178 3235 alii
1234 3183 1464 3251 periisse
1545 3187 1708 3256 vulgo
1777 3190 2115 3256 creduntur;
2169 3194 2351 3249 forsan

780 3273 968 3327 alieno
998 3274 1164 3326 latent
1196 3273 1299 3327 sub
1348 3277 1591 3340 nomine,
1650 3278 1797 3348 quod
1828 3290 2015 3349 postea
2068 3283 2351 3339 inouiren-

779 3364 907 3417 dum
944 3374 1045 3417 est.

1332 3476 1359 3547 §
1386 3478 1448 3531 ll.
1486 3478 1806 3535 Gennadius.

848 3559 905 3611 In
958 3559 1098 3614 libro
1139 3560 1218 3615 De
1268 3565 1611 3632 scriptoribus
1663 3568 2043 3633 ecclesiasticis,
2101 3588 2220 3641 cap.
2259 3574 2345 3636 89,

783 3670 799 3698 ι
827 3650 1225 3717 Theodoretus,
1246 3654 1444 3723 inquit,
1471 3657 1630 3725 257
1651 3658 1775 3727 Cyri
1799 3661 2034 3715 civitatis
2057 3665 2347 3733 cpiscopus

777 3740 826 3801 (a
851 3736 993 3806 Cyro
1016 3739 1162 3792 enim
1201 3740 1492 3795 Persarum
1528 3760 1652 3814 rege
1680 3748 1900 3801 condita
1937 3761 2116 3803 servat
2150 3750 2345 3804 hodie-

773 3842 879 3893 que
900 3828 1043 3896 apud
1066 3827 1275 3898 Syriam
1299 3847 1495 3885 nomen
1522 3836 1806 3901 auctoris),
1836 3838 2119 3907 scripsisse
2142 3841 2345 3895 dicitur

775 3913 979 3966 multa:
1039 3914 1105 3968 ad
1142 3931 1317 3973 meam
1375 3930 1555 3973 tamen
1605 3922 1855 3975 notitiam
1905 3924 2005 3977 ista
2049 3935 2178 3979 sunt
2223 3943 2344 3996 qua:

772 4013 1039 4057 venerunt
1076 4021 1089 4057 :
1125 4008 1140 4025 ‘
1186 4006 1261 4059 De
1324 4008 1700 4064 incarnatione
1768 4012 2016 4077 Domini,
2082 4015 2343 4073 adversus

770 4095 1051 4165 Eutychen
1104 4097 1507 4168 presbyterum,
1539 4110 1594 4153 et
1642 4102 1964 4157 Dioscorum
2002 4106 2341 4163 Alexandriae

766 4180 1218 4250 episcopum,qui
1254 4183 1545 4239 humanam
1574 4186 1629 4239 in
1667 4187 1889 4242 Christo
1912 4206 2131 4245 carnem
2168 4192 2339 4249 fuisse

768 4276 987 4333 negant,
1010 4268 1211 4337 scripta
1234 4270 1418 4333 fortia,
1444 4286 1543 4339 per
1571 4287 1693 4340 qua:
1711 4275 2000 4329 conﬁrmat
2028 4286 2085 4330 et
2128 4279 2337 4334 ratione

763 4354 1169 4409 ettestimoniis
1194 4355 1622 4423 Scripturarum,
1667 4360 1741 4414 ita
1788 4362 1939 4415 illum
1985 4380 2168 4417 veram
2216 4382 2333 4420 ma-

2498 573 2600 626 reti
2634 591 2646 624 :
2679 590 2745 627 eo
2790 586 3033 647 tempore
3077 596 3248 650 pauca
3277 586 3593 655 admodum,
3623 608 3795 669 eaque
3826 614 3935 653 non
3965 618 4074 670 pu-

2498 658 2730 724 rissima,
2763 662 3095 720 Theodoreti
3129 683 3294 737 opera
3317 682 3445 727 nota
3479 686 3635 731 erant
3673 658 4073 747 in'Occideute.

2494 745 2737 814 alioquin
2793 764 2901 802 non
2950 752 3240 809 latuissent
3297 765 3408 812 tam
3458 764 3738 820 curiosum
3800 769 4073 827 librorum

2498 831 2889 902 indagatorem.
2949 837 3005 889 Id
3042 838 3191 905 fecit,
3239 844 3456 913 Opinor,
3496 847 3695 918 lingua:
3725 854 3926 912 Graeca:
3972 875 4072 912 ne-

2492 916 2702 985 glectus
2729 921 2871 989 apud
2897 922 3141 991 Latinos,
3176 931 3268 997 qui
3313 944 3552 1001 quantus
3580 916 3765 1002 fuerit,
3808 945 4071 1017 colligere

2491 1002 2621 1059 licet
2646 1020 2713 1061 ex
2733 1008 2953 1073 litteris,
2984 1020 3100 1064 tum
3127 1018 3302 1071 sancti
3324 1018 3603 1077 Ctelestini
3631 1026 3696 1079 ad
3726 1002 4066 1097 Nestorium,

2491 1096 2839 1193 tum-.Pelagii
2883 1100 2968 1193 ll,
3000 1100 3065 1156 ad
3094 1104 3382 1177 episcopos
3417 1111 3609 1181 Istriae,
3638 1116 3868 1188 aliisque
3909 1124 4059 1193 ejus-

2490 1181 2635 1235 modi
2672 1187 3023 1244 testimoniis.

2556 1267 2619 1323 ΙΙ.
2654 1268 2874 1340 Legisse
2912 1275 3134 1332 videtur
3165 1280 3351 1337 Graece
3400 1301 3565 1355 opera
3599 1305 3721 1359 qua:
3754 1306 4020 1351 memorat
4048 1315 4064 1362 ;

2486 1356 2726 1426 alioquin
2761 1364 3103 1429 pervenisset
3131 1369 3197 1421 ad
3224 1386 3324 1425 nos
3363 1384 3519 1429 vetus
3555 1356 3667 1442 illa,
3706 1383 3895 1451 siqua:
3924 1356 4065 1440 fuis;

2485 1455 2568 1497 set
2597 1447 2748 1509 olim,
2771 1449 2955 1503 versio
2982 1468 2993 1504 ε
3023 1467 3393 1521 pervenerunt
3413 1463 3561 1518 enim
3601 1466 3719 1520 alite
3749 1447 3862 1523 tum
3893 1474 4065 1543 vulgo

2484 1540 2643 1594 noue,
2673 1544 2733 1587 ut
2760 1552 2882 1604 quae
2906 1541 3339 1610 vertitliufmus,
3380 1562 3609 1620 quaeque
3649 1540 4014 1629 Hieronymus
4043 1582 4058 1627 ;

2482 1625 2597 1673 tum
2633 1635 2753 1687 qua:
2796 1622 3116 1692 ignotiores,
3148 1632 3455 1701 cujusmodi
3508 1641 3686 1696 versio
3717 1622 4061 1704 scholiorum

2479 1705 2665 1778 Cyrilli
2692 1725 2721 1762 a
2746 1711 2916 1765 Mario
2941 1712 3260 1784 Mercatore;
3295 1721 3649 1783 homiliarum
3677 1731 4062 1806 Chrysostomi

2411 1814 2449 1868 Β
2480 1797 2535 1850 in
2562 1797 2908 1867 Matthasum;
2934 1804 2999 1858 de
3040 1805 3294 1864 laudibus
3331 1812 3505 1890 Pauli,
3545 1829 3601 1874 et
3632 1822 3700 1877 ad
3748 1797 4064 1900 neophytos

2478 1888 2546 1941 ab
2577 1888 2789 1945 Aniano
2811 1892 3078 1961 diacono;
3110 1897 3234 1953 fidei
3269 1888 3451 1957 Rufini
3476 1906 3748 1968 Palaestini
3776 1932 3805 1971 a
3829 1888 4061 1976 Iuliano

2475 1978 2785 2042 Eclanensi.
2837 1992 2947 2036 etc.
3006 1985 3073 2038 Et
3128 2003 3259 2043 vero
3314 2009 3423 2061 quo
3478 2003 3725 2071 tempore
3771 2009 4057 2066 scribebat

2471 2063 2811 2132 Gennadius,
2865 2071 3137 2139 Massiliaa,
3189 2077 3281 2133 ubi
3329 2093 3445 2138 erat
3502 2063 3805 2163 pre'shyter,

2470 2158 2654 2229 lingua
2704 2163 2887 2216 notior
2936 2164 3061 2231 fuit,
3091 2184 3250 2236 quam
3310 2172 3365 2227 in
3428 2178 3539 2234 ulla
3581 2158 3685 2237 alia
3729 2158 4053 2250 occidentis

2469 2260 2658 2317 parte;
2691 2268 2801 2307 non
2825 2256 3000 2311 solum
3050 2269 3273 2331 propter
3313 2266 3469 2325 urbis
3514 2276 3724 2332 natales
3756 2295 3787 2335 a
3815 2281 4051 2353 Graecis,

2469 2342 3025 2409 utiertur,condit:e.
3081 2353 3174 2406 sed
3200 2357 3365 2412 etiam
3415 2362 3486 2416 ob
3534 2364 3784 2427 Cassiani
3837 2342 4049 2433 famani

2469 2428 2596 2484 illuc
2616 2447 2680 2485 ex
2714 2432 2937 2490 Oriente
2985 2441 3219 2508 appulsi,
3268 2447 3336 2501 ad
3380 2465 3542 2519 quem
3573 2469 3796 2517 sanctus

2456 2972 2548 3039 qui
2572 2975 2959 3043 septemdecim
2981 2996 3153 3037 annos
3173 2994 3229 3039 et
3252 2991 3487 3059 amplius
3505 2995 3797 3066 imperium
3820 2972 4039 3080 tenuit

2458 3078 2557 3117 nos
2578 3064 2646 3118 ad
2674 3066 2890 3121 initium
2925 3070 3139 3141 imperii
3181 3077 3393 3133 obitum
3430 3064 3763 3145 Theodoreti
3785 3064 4038 3153 referent:

2383 3136 2422 3190 (ἶ
2457 3152 2586 3206 dum
2648 3159 2920 3215 sensimus
2952 3162 3004 3215 in
3056 3166 3283 3222 historia
3342 3171 3485 3227 vitae.
3523 3176 3804 3237 Sentiendi
3835 3203 4039 3248 causas

2456 3244 2652 3313 partim
2682 3246 2801 3303 loco
2825 3265 2948 3304 mox
2978 3252 3123 3309 dicto
3155 3261 3508 3327 protulimus,
3528 3269 3729 3334 partim
3756 3272 3824 3328 de
3847 3244 4040 3334 Histu:

2455 3338 2529 3389 ria
2569 3337 2936 3394 ecclesiastica
2970 3342 3297 3401 Theodoreti
3338 3364 3560 3420 agentes
3595 3373 3958 3428 exponemus.

2522 3425 2611 3478 ιν.
2654 3427 2868 3497 Scripta
2900 3431 2989 3486 illa
3016 3432 3200 3499 fortia,
3252 3454 3489 3507 quorum
3549 3425 3819 3517 meminit,
3866 3460 4033 3516 multi

2452 3525 2645 3583 putant
2684 3535 2791 3573 non
2823 3521 3047 3578 differre
3077 3526 3145 3579 ab
3191 3528 3442 3587 Eraniste
3473 3550 3570 3592 seu
3620 3540 4026 3617 Polymorpbo;

2449 3621 2627 3675 neque
2654 3610 2912 3678 opinione
2935 3613 3255 3671 falluntur"
3284 3639 3296 3673 :
3324 3624 3419 3677 sed
3469 3627 3634 3700 258
3677 3610 3774 3688 sua
3802 3610 4027 3695 Ge-nna;

2448 3694 2573 3749 dius
2607 3696 2721 3767 ipse
2750 3700 3014 3772 deceptus
3037 3717 3141 3770 est,
3173 3724 3283 3765 non
3337 3716 3469 3770 satis
3494 3694 3858 3793 _iiitelligens,
3911 3747 4031 3800 quo

2450 3793 2693 3864 tempore
2740 3791 2980 3860 scripsit,
3019 3806 3075 3849 et
3103 3813 3208 3865 qua
3235 3805 3522 3861 occasione
3548 3826 3687 3879 opus
3709 3791 3814 3871 hoc
3843 3791 4028 3878 Theo-

2446 3876 2691 3935 doretus.
2717 3882 3043 3951 Aperieinus
3069 3890 3123 3943 in
3145 3893 3393 3961 ejusdem
3426 3876 3768 3961 recensione.

3005 4000 3031 4069 §
3057 4000 3144 4054 lll.
3181 4002 3417 4061 Photius.

2512 4103 2629 4157 Non
2688 4105 2901 4159 videtur
2947 4124 3128 4177 opera:
3174 4117 3408 4183 pretium
3438 4129 3645 4178 textum
3694 4127 3873 4185 Photii
3913 4148 4020 4188 ex-

2441 4191 2915 4262 scribere,partim
2946 4198 3074 4265 quia
3118 4204 3384 4269 prolixior
3415 4218 3518 4274 est,
3543 4227 3645 4266 nec
3672 4214 3739 4270 de
3762 4217 4022 4286 pluribus

2439 4280 2850 4380 fere-operibus
2879 4286 3043 4342 simul
3073 4291 3205 4361 agit,
3257 4296 3350 4350 sed
3378 4302 3606 4367 sparsim
3641 4305 3708 4360 de
3740 4280 3971 4380 singulis
3997 4333 4015 4380 ;

2438 4371 2635 4438 partim
2669 4376 2812 4442 quod
2835 4378 2903 4431 ad
2930 4379 3140 4452 singula
3167 4402 3334 4456 opera
3373 4392 3570 4450 adduci
3595 4398 3777 4455 debet.
3812 4371 4018 4461 (lbser;

765 4450 930 4494 ternae
959 4441 1277 4497 substantiae
1305 4459 1523 4498 carnem
1552 4447 1828 4513 habuisse,
1857 4466 2020 4519 quam
2058 4468 2123 4505 ex
2160 4466 2332 4509 matre
2370 4455 2411 4509 D
2442 4476 2595 4515 vasse
2633 4441 2863 4521 stilliciat
2889 4469 2943 4522 in
2967 4441 3221 4541 primm}
3255 4480 3379 4535 tria,

762 4527 980 4596 Virgine
1009 4529 1279 4597 sumpsit:
1314 4530 1457 4584 sicut
1512 4542 1567 4585 et
1594 4550 1777 4587 veram
1833 4536 2114 4602 deitatem,
2170 4557 2333 4609 quam

756 4623 958 4669 acterna
981 4616 1349 4671 nascibilitate
1377 4633 1407 4672 a
1436 4619 1546 4674 Deo
1577 4620 1737 4675 Patre
1779 4624 2033 4693 gignente
2080 4627 2195 4695 ipse
2234 4645 2333 4683 na-

756 4701 959 4754 scendo
986 4702 1215 4771 accepit.
1249 4703 1389 4758 Sunt
1424 4715 1481 4758 et
1508 4707 1754 4775 ejusdem
1782 4710 2033 4766 Historiae
2068 4715 2337 4778 ecclesia-_

756 4787 903 4841 sticae
937 4788 1088 4852 libri,
1115 4797 1253 4858 quas
1303 4790 1548 4846 imitatus
1597 4792 1894 4848 Eusebium
1938 4797 2327 4855 Caesariensem

2993 4601 3428 4646 OBSERVATIONES.

2500 4700 2540 4753 Ι.
2569 4702 2814 4760 Meminit
2857 4725 3086 4779 operum
3125 4715 3453 4778 Theodoreti
3499 4728 3741 4798 quinque
3788 4732 3842 4786 in
3866 4735 4013 4793 locis

2440 4789 2819 4880 Bibliotheca,
2854 4799 2945 4853 ubi
2983 4803 3149 4859 tradit
3186 4822 3243 4860 se
3282 4809 3479 4880 legisse
3510 4789 4008 4879 liistoriameccle:

752 4873 1003 4941 Scripsit;
1038 4874 1306 4945 incipiens
1346 4892 1374 4929 a
1426 4877 1531 4932 line
1576 4880 1840 4935 librorum
1882 4883 2103 4939 Eusebii
2150 4903 2323 4958 usque

766 4960 815 4980 Α
1449 4973 1461 4980 .
1617 4968 1628 4979 .
1982 4972 2013 4980 η
2248 4975 2258 4980 -
2309 4975 2320 4980 -

2425 4878 2735 4949 siasticam;
2763 4888 2934 4944 libros
2961 4892 3155 4961 viginti
3194 4907 3402 4967 septem
3433 4903 3700 4963 adversus
3741 4911 4003 4980 haereses,

752 4960 816 5011 ad
850 4975 1009 5013 suum
1043 4970 1275 5032 tempus,
1312 4964 1487 5026 idest,
1519 4981 1549 5019 a
1579 4968 1959 5024 vicennalibus
1974 4972 2324 5030 Constantini

750 5061 922 5113 usque
962 5048 1028 5101 ad
1071 5048 1360 5119 imperium
1409 5051 1610 5105 Leonis
1656 5054 1907 5121 senioris,
1959 5058 2061 5111 sub
2113 5076 2222 5130 quo
2268 5072 2325 5116 et

747 5142 995 5188 ηιοηυιιδ
1023 5145 1123 5189 εει.
1166 5157 1185 5187 ι

1316 5246 1751 5288 οθεειινΑτιοΝεε.

813 5314 853 5368 l.
874 5316 1188 5370 Gennadius
1217 5321 1493 5375 scribebat
1522 5331 1667 5378 anno
1692 5323 1896 5379 Christi
1925 5327 2049 5392 494,
2079 5329 2173 5397 qui
2209 5329 2314 5384 fuit

2424 4972 2629 5041 quibus
2663 4989 2917 5034 aceenset
2962 4982 3285 5053 Eranisten;
3312 4989 3483 5048 libros
3532 4997 3774 5068 quinque
3812 4972 4003 5057 Here;

2430 5062 2659 5118 ticarum
2710 5067 3049 5137 fabularum;
3094 5075 3265 5132 libros
3300 5081 3525 5137 totidem
3549 5062 3638 5141 _in
3675 5062 4004 5161 Chrysosto—

2429 5168 2600 5219 mum,
2637 5162 3063 5217 commentarios
3084 5164 3138 5217 in
3161 5166 3459 5237 Danielem,
3496 5174 3551 5229 in
3578 5175 3997 5247 Octateuchum,

2422 5243 2595 5298 libros
2621 5246 2851 5315 Regum,
2897 5251 3330 5325 Paralipomena,
3353 5271 3407 5317 et
3438 5264 3725 5323 duodecim
3751 5243 4000 5329 minores

2420 5333 2742 5403 Prophetas.

2078 5466 2395 5525 SCHULle
2433 5470 2662 5529 ΝΟΤᾸΞ.

808 5568 1156 5675 189p..'er.
1192 5570 1319 5675 ξςὺὶ
1342 5572 1735 5675 Sedladversu's
1753 5594 1942 5634 omnes
1969 5581 2203 5675 hzereLses
2226 5600 2286 5640 se
2314 5589 2594 5667 calamum
2626 5591 2911 5649 strinxisse
2972 5605 3210 5675 testatur
3239 5602 3292 5656 in
3325 5605 3567 5675 Ερίειοιε
3599 5610 3668 5664 εδ
3689 5615 3995 5673 monachos

808 5653 878 5675 “nn
907 5656 970 5675 nn
1001 5655 1126 5675 n|nn
1323 5660 1351 5675 η
1388 5660 1442 5675 ,Λ
1474 5663 1499 5675 ,.,
1552 5657 1635 5675 non
1740 5658 1872 5675 ..ι-...ο
1911 5660 2070 5675 ,ιι-...μ
2142 5671 2265 5675 --μ--
2291 5656 2416 5675 ι-Ιμκ9
2486 5674 2521 5675 νν
2666 5662 2675 5672 ⁸
2746 5662 2757 5674 ⁸
2841 5663 2899 5675 ’⁸-

737 5636 1146 5709 Constantinop.
1223 5640 1262 5673 η
1288 5641 1352 5695 In
1383 5646 1521 5711 sola,
1550 5657 1655 5701 etc.
1691 5648 1877 5703 Exstat
1908 5651 2073 5706 etiam
2103 5636 3567 5739 inlitisliii}?inﬁmi-EIiii'ﬁi'u.'?3£ie:'1.'i}:'é'.'°§iIl
3599 5636 3982 5756 135232.123“;

740 5712 856 5756 {ML
906 5709 1383 5756 Sedimmmnatnr
1432 5715 1531 5756 iam
1578 5716 1765 5756 nninin
1814 5718 1951 5756 infra
2010 5736 2039 5756 ρ
2097 5723 2130 5756 Ω

740 5712 856 5769 (alt.
906 5709 1009 5763 Sed
1037 5710 1383 5781 impugnatur
1432 5709 1533 5770 ista
1578 5716 1765 5787 opinio
1812 5718 1974 5787 infra,
2010 5736 2058 5776 c.
2097 5723 2149 5778 6.
