4228 6446
186 379 291 443 209

190 591 355 635 vocat
384 586 443 637 in
471 585 703 640 dubium
730 627 743 649 ,
803 588 915 641 imo
934 604 1057 657 qua:
1087 604 1281 658 magna
1302 607 1369 643 ex
1413 600 1569 660 parte
1598 589 1778 642 Theo-

192 674 420 729 doretus
460 692 717 745 expresse
748 680 1016 747 agnoscit,
1056 689 1313 750 tanquam
1338 698 1472 736 sua:
1509 680 1779 751 agnoScit,

190 765 441 833 inquam,
469 769 525 820 in
554 769 685 837 ipsis
714 770 880 824 etiam
898 770 1053 825 libris
1075 786 1105 825 a
1128 772 1323 829 Photio
1346 772 1781 835 memoratis,ve-

166 850 285 906 'luti
304 857 687 924 expositiones
709 860 763 913 in
778 860 1124 925 Psalterium,
1162 862 1215 915 in
1231 861 1538 925 Cantieadn
1567 862 1780 923 Isaiam,

187 946 241 999 in
275 946 599 1013 Jeremiam,
635 951 689 1005 in
728 953 1091 1017 Ezechielem,
1141 955 1196 1008 in
1218 955 1461 1025 Apostoli
1516 956 1786 1025 Epistolas

187 1040 844 1111 quatuordecim,quibus
866 1045 1005 1099 adde
1036 1044 1323 1099 Historiam
1344 1046 1783 1116 religiosam,sive

194 1125 555 1194 Philotium,
573 1133 877 1188 cntionem
892 1135 960 1190 de
974 1136 1275 1199 Charitate,
1294 1151 1574 1192 sermones
1594 1138 1783 1192 decem

190 1219 258 1273 de
311 1221 697 1289 Providentia,
749 1226 921 1283 libros
956 1230 1183 1284 totidem
1216 1230 1293 1283 De
1312 1230 1627 1286 Crtecanicis
1656 1232 1784 1301 affe-

189 1313 456 1366 clionilms
470 1317 744 1381 curandis,
762 1326 818 1374 et
846 1320 1105 1388 epistolas
1136 1320 1420 1390 plurimas.

262 1401 356 1455 Ill.
414 1404 580 1460 Solus
633 1408 829 1465 tribuit
859 1410 1210 1466 Theodoreto
1249 1412 1425 1469 libros
1451 1414 1696 1483 quinque
1725 1416 1782 1466 in

193 1489 414 1544 laudent
450 1492 845 1567 Chrysostomi;
880 1500 1031 1555 solus
1062 1501 1190 1555 item
1225 1501 1399 1556 libros
1427 1502 1619 1572 viginti
1658 1518 1781 1571 scp-

196 1589 307 1635 tein
336 1586 594 1641 adversus
648 1591 900 1656 haereses;
934 1608 1248 1661 quanquam
1299 1609 1367 1647 ex
1416 1595 1523 1648 illis
1588 1594 1782 1665 viginti

194 1682 411 1742 septem
440 1677 602 1747 longe
632 1688 759 1735 ante
800 1683 979 1737 Photii
1020 1693 1263 1753 tempora
1294 1685 1495 1739 Marius
1520 1685 1784 1739 Mercator

196 1765 453 1833 priorum
481 1768 727 1839 quinque
754 1774 1087 1829 mentionem
1118 1774 1247 1829 fecit
1274 1792 1285 1826 :
1311 1776 1406 1830 sed
1424 1776 1585 1829 simul
1607 1776 1781 1840 dedit,

198 1849 346 1909 unde
379 1856 614 1913 Photius
655 1862 865 1917 erroris
894 1863 947 1917 in
982 1880 1049 1919 eo
1072 1865 1447 1930 damnaretur,
1475 1868 1621 1935 quod
1651 1868 1785 1922 alios

196 1946 395 2013 libros,
423 1949 542 2004 sive
565 1952 749 2020 potius
778 1968 1061 2011 sermones
1094 1958 1286 2027 viginti
1316 1968 1373 2013 et
1398 1974 1588 2023 unum,
1608 1958 1786 2013 Theo-

194 2037 396 2093 doreto
438 2040 716 2105 tribuerit,
768 2058 895 2099 cum
937 2047 1049 2101 sint
1096 2048 1343 2114 alterius,
1391 2066 1553 2120 quem
1584 2050 1785 2105 Marius

195 2126 472 2185 Mercator
495 2132 821 2197 nominatim
855 2137 1090 2207 appellat
1118 2139 1180 2190 ".

560 2270 575 2286 ‘
600 2267 627 2339 ς
649 2270 735 2324 ιν.
760 2270 1081 2343 Nicephorus
1113 2272 1386 2328 Callistus.

268 2375 331 2429 In
366 2377 515 2432 libro
563 2395 651 2434 xxv
695 2382 945 2438 Historia:
975 2384 1358 2449 ecclesiasticm,
1384 2400 1503 2455 cap.
1545 2385 1633 2445 iii,
1672 2385 1785 2437 haec

202 2468 373 2524 habet
401 2489 414 2522 :
466 2490 483 2520 σ
515 2471 902 2530 Theodoretus
949 2477 1170 2532 natione
1202 2477 1424 2548 quidem
1455 2477 1624 2547 Syrus
1662 2476 1783 2537 fuit,

197 2570 449 2615 sectator
481 2573 668 2619 autem
721 2567 904 2636 magni
927 2566 1327 2639 Chrysostomi,
1359 2568 1620 2637 illumque
1657 2568 1783 2629 sibi.

198 2652 358 2720 quasi
417 2654 745 2722 primarium
802 2660 1104 2728 exemplar,
1179 2660 1321 2730 style
1393 2658 1787 2713 conformanda

198 2745 552 2813 propositqu
599 2747 824 2813 habuit;
869 2750 1076 2803 etenim
1123 2750 1329 2806 ﬂuidus
1389 2750 1684 2805 admodum
1724 2767 1788 2805 ac

198 2833 481 2901 copiosus,
514 2836 568 2889 in
602 2838 917 2894 elocutione
949 2840 1148 2905 facilis,
1182 2849 1239 2895 et
1268 2841 1505 2897 Atticam
1555 2841 1785 2911 gratiam

199 2924 479 2980 redoleus.
504 2927 941 2985 Lucubrationes
970 2932 1040 2986 ab
1061 2947 1129 2987 eo
1164 2933 1481 3002 composita
1503 2932 1587 2987 hac
1615 2941 1743 2987 sunt
1770 2950 1782 2985 :

200 3017 601 3076 Enarrationes
653 3021 706 3075 in
752 3023 919 3077 Vetus
957 3024 1389 3089 Testamentum,
1417 3025 1575 3095 cujus
1621 3025 1784 3079 etiam

197 3108 591 3165 obscuriorum
636 3114 884 3168 locorum
941 3116 1318 3185 expositiones
1349 3117 1403 3170 in
1451 3117 1785 3186 peculiarem

198 3202 477 3255 contraxit
503 3203 723 3257 librum.
749 3205 901 3274 Opus
930 3208 1078 3261 aliud
1102 3209 1157 3261 in
1187 3208 1448 3261 sexdecim
1482 3210 1780 3277 prophetas,

199 3291 346 3347 aliud
367 3293 516 3348 idem
545 3296 599 3348 in
625 3294 970 3362 Psalterium,
998 3298 1071 3351 De
1088 3298 1431 3353 Providentia
1459 3299 1599 3352 liber
1623 3300 1781 3363 alius,

200 3382 340 3439 alius
368 3386 429 3437 in
473 3384 803 3455 Apostolum,
830 3387 1086 3443 Adversus
1128 3394 1348 3444 haereses
1392 3408 1574 3445 omnes
1626 3392 1783 3445 volu-

200 3476 518 3545 men,un
551 3479 811 3533 mendacii
847 3490 895 3534 et
929 3482 1159 3536 veritatis
1183 3482 1464 3536 discrimen
1487 3482 1780 3552 inscripsit.

212 3566 401 3631 Liber,
436 3584 600 3638 quem
624 3579 818 3624 contra
851 3571 1143 3627 duodecim
1184 3573 1349 3643 359
1375 3573 1567 3645 Capita
1598 3575 1785 3647 Cyrilli

202 3659 560 3728 conscripsit.
602 3660 736 3715 Item
762 3661 1135 3717 Ecclesiastica
1164 3665 1407 3728 historia,
1460 3675 1515 3720 et
1569 3683 1783 3722 rursum

202 3750 533 3817 Philotheus,
573 3752 678 3809 hoc
696 3764 801 3817 est,
827 3754 923 3809 Dei
954 3758 1250 3810 amantium
1278 3758 1521 3822 historia,
1574 3759 1626 3811 in
1679 3775 1785 3828 qua

202 3843 525 3899 institutum
596 3861 815 3910 eorum,
869 3848 964 3916 qui
1016 3858 1177 3902 tetate
1245 3863 1344 3901 sua
1383 3849 1551 3902 vitam
1598 3859 1785 3904 sancte

204 3943 620 4005 transegerunt,
676 3938 1047 4007 persequitur.
1097 3938 1250 3992 Libri
1304 3946 1416 3994 tres
1478 3939 1555 3992 De
1598 3940 1785 3994 divinis

202 4023 543 4093 dogmatibus
575 4024 631 4078 in
678 4025 895 4097 dialogo
938 4029 1256 4097 conscripti.
1343 4028 1473 4099 Legi
1520 4038 1784 4100 praeterea

203 4126 369 4180 supra
398 4114 730 4183 quingentas
758 4115 879 4185 ejus
904 4115 1173 4186 Epistolas
1191 4116 1380 4172 Graeco
1414 4132 1664 4173 sermone
1687 4135 1786 4188 op-

203 4205 335 4259 time
357 4206 717 4274 compositas.

778 4357 1216 4398 οκεειινλτιοκες.

276 4450 316 4503 1.
351 4451 961 4523 VivebatNicephorus
1006 4468 1089 4506 xiv
1138 4454 1358 4516 saeculo,
1389 4453 1535 4507 circa
1583 4468 1785 4505 annum

1372 389 1472 449 DE
1509 389 1766 450 LIBRIS
1799 387 2303 448 THEODORETI-

265 492 333 545 ll.
375 492 547 548 Multa
566 511 677 550 non
711 497 1063 561 memorat“,
1090 512 1212 566 qua!
1256 499 1442 552 nullus
1485 508 1667 553 tamen
1694 514 1780 551 re-
1815 511 1855 563 Α
1884 498 2209 567 conquisitis
2261 498 2391 551 hinc
2434 497 2560 551 inde
2596 496 2770 561 libris,
2811 498 3061 552 restituta
3094 506 3178 553 est

3227 517 3238 551 :
3288 516 3454 569 quare

1885 602 1992 639 non
2042 588 2148 641 alia
2196 602 2361 656 quam
2389 602 2511 657 quae
2538 596 2920 650 numerantur,
2975 589 3174 658 opinor
3205 598 3333 643 tunc
3359 605 3456 644 ex-

1885 678 2091 732 stitisse
2120 692 2309 748 opera,
2336 694 2458 747 qum
2486 678 2820 733 Theodoreti
2842 681 3063 735 nomine
3092 679 3459 734 inscriberen-

1886 780 1996 832 tur,
2050 778 2147 824 aut
2189 772 2381 825 saltem
2417 771 2785 827 communiter
2811 771 3065 826 manibus
3087 781 3454 826 versarentur.

1956 863 2018 916 ll.
2054 862 2172 916 Non
2199 870 2473 925 recenset,
2520 876 2641 929 qua!
2670 861 2874 916 nostris
2895 861 3061 915 etiam
3090 861 3340 915 manibus
3371 870 3453 915 te-

1887 961 2105 1016 runtur,
2123 950 2511 1007 Commentario
2529 952 2582 1003 in
2600 949 2840 1013 Cantica,
2854 950 3025 1004 libros
3035 948 3225 1003 decem
3237 949 3298 1001 de
3312 948 3456 1003 Crte-

1884 1045 2081 1097 eanicis
2127 1042 2485 1114 aﬁ'eeti-onibus
2526 1043 2798 1104 curandis,
2832 1050 2888 1095 et
2912 1039 3219 1095 Orationem
3244 1040 3307 1092 de
3331 1041 3454 1092 cha-

1886 1136 2041 1188 ritate
2070 1151 2087 1189 :
2111 1149 2422 1203 quanquam
2452 1132 2558 1187 dici
2587 1141 2765 1202 potest
2791 1133 3095 1187 orationem
3121 1132 3264 1185 hanc
3282 1130 3461 1185 Philo-

1887 1226 1992 1278 thei
2013 1265 2027 1289 ,
2076 1226 2165 1279 cui
2214 1225 2567 1295 subiungitur
2603 1224 2657 1277 in
2690 1224 2879 1277 multis
2905 1223 3209 1287 codicibus,
3239 1221 3462 1276 nomine

1883 1314 2186 1382 appellasse
2210 1331 2224 1367 :
2250 1314 2345 1368 sed
2376 1325 2671 1384 utrumque
2694 1315 2850 1385 prius
2870 1329 3010 1385 Opus
3055 1315 3124 1369 ab
3150 1316 3268 1385 ipso
3293 1315 3459 1369 etiam

1885 1404 2079 1458 Photio
2110 1405 2535 1474 praetermissum
2556 1414 2659 1460 est.

1956 1494 2041 1548 lll.
2082 1492 2297 1549 Omittit
2334 1496 2559 1565 pariter,
2614 1510 2735 1563 qua:
2780 1492 3165 1548 Theodoretus
3195 1492 3310 1561 ipse
3341 1506 3428 1545 me

1887 1596 2081 1647 morat,
2116 1586 2377 1639 Adversus
2400 1587 2645 1648 Arianae,
2674 1584 3099 1646 Haeedonianos,
3132 1582 3460 1652 Apollinari-

1882 1683 2012 1733 stas.
2049 1675 2390 1729 Marcionitas
2437 1684 2485 1728 et
2513 1674 2725 1729 Iudaeos
2759 1674 2962 1728 librum
3016 1674 3327 1743 mysticum,
3360 1671 3460 1725 Re-

1885 1768 2215 1835 sponsionem
2247 1766 2315 1819 ad
2341 1768 2562 1835 quwsita
2596 1782 2892 1836 magorum,
2930 1776 2984 1820 et
3015 1764 3365 1834 Theologicm.
3406 1762 3461 1815 Id

1822 1838 1860 1892 Β
1888 1873 2017 1910 vero
2046 1857 2321 1919 mirabile,
2371 1864 2595 1925 propter
2624 1872 2852 1925 operum
2882 1856 3250 1926 prastantiam
3300 1863 3463 1923 atque

1888 1949 2213 2012 utilitatem;
2274 1962 2341 2000 an
2384 1947 2663 2016 perierant
2701 1948 2812 2017 jam
2857 1955 2989 2000 tunc
3020 1945 3463 2000 elucubrationes

1888 2046 2071 2101 tantae,
2099 2048 2192 2092 aut
2212 2038 2402 2091 haberi
2428 2037 2587 2091 facile
2608 2054 2715 2092 non
2738 2037 3068 2107 poterant”,
3093 2036 3197 2091 etsi
3218 2034 3462 2089 studiose

1884 2130 2372 2199 conquirerentur;
2434 2145 2502 2183 an
2542 2129 2663 2183 aliis
2690 2129 3005 2184 auctoribus
3036 2143 3100 2183 ea
3130 2128 3303 2182 etiam
3325 2134 3462 2179 tem—

1884 2227 2094 2288 pestate
2116 2218 2413 2287 supposita:
2436 2217 2694 2272 fuerant?

1954 2310 2041 2364 IV.
2080 2309 2296 2365 Omittit
2326 2309 2566 2379 denique
2596 2309 2972 2379 Pentalogium
3005 2318 3059 2363 et
3089 2306 3462 2362 defensionem

1887 2401 2109 2456 Diodori
2143 2411 2307 2471 atque
2340 2401 2640 2465 Theodori,
2678 2416 2708 2457 a
2733 2402 2938 2472 quibus
2963 2399 3238 2471 magistris
3266 2399 3459 2454 Nesto-

1888 2492 2003 2545 rius
2036 2491 2271 2546 literesin
2298 2507 2453 2545 suam
2482 2492 2683 2556 hausit,
2717 2492 2848 2546 licet
2876 2490 3224 2545 Theodoreto
3254 2498 3461 2544 utrum-

1884 2598 1992 2653 que
2041 2598 2180 2652 opus
2230 2583 2478 2647 tribuat,
2544 2584 2743 2653 partim
2809 2600 2840 2637 v
2885 2581 3126 2652 synodus
3166 2580 3457 2651 generalis,

1888 2675 2085 2743 partim
2129 2674 2463 2729 Theodoreti
2521 2675 2747 2744 aequalis
2788 2675 2993 2729 Marius
3026 2674 3319 2738 Mercator;
3359 2673 3457 2727 de-

1888 2767 2299 2836 fensionemque
2322 2779 2583 2837 agnoscat
2605 2767 2986 2823 Theodoretus
3026 2781 3125 2837 pro
3171 2781 3291 2830 sua,
3336 2781 3460 2819 cum

1888 2858 1955 2911 ad
1980 2858 2242 2914 Irenaeum
2268 2859 2462 2913 scribit
2490 2860 2557 2911 ".

2104 2971 2131 3040 ᾗ
2162 2971 2225 3025 γ.
2272 2970 2594 3026 Hebed-Jesu
2628 2973 2960 3043 metropolita
2989 2972 3250 3027 Sobensis.

1959 3062 2016 3114 In
2044 3063 2288 3132 catalogo
2313 3052 2583 3117 librorum
2603 3062 3006 3127 Chaldaeorum,
3030 3066 3123 3133 qui
3149 3065 3330 3118 Romae
3349 3063 3464 3117 edi-

1811 3175 1853 3234 ο
1890 3161 1977 3206 tus
2003 3162 2085 3207 est
2114 3169 2259 3207 anno
2290 3154 2426 3209 1655
2458 3156 2528 3209 ab
2554 3154 2865 3210 Abrahamo
2896 3155 3462 3220 Ecchellensi,seribit

1888 3245 2236 3300 llebed—Jesu
2254 3245 2476 3317 Syriace
2494 3246 2733 3301 delibris
2758 3247 3091 3301 Theodoreti
3126 3247 3178 3299 in
3204 3246 3319 3300 haec
3338 3262 3464 3299 ver-

1886 3338 1952 3392 ba
1980 3357 1993 3391 :
2024 3338 2435 3391 «Theodoretus
2456 3337 2581 3409 Cyri
2616 3338 2922 3407 composuit
2944 3337 3142 3391 librum
3184 3335 3462 3400 Philol/sei,

1886 3437 1943 3482 et
1986 3428 2139 3483 illum
2189 3428 2283 3497 qui
2331 3437 2417 3483 est
2450 3428 2615 3499 260
2658 3427 2856 3483 Contra
2887 3428 3182 3497 Origenem,
3216 3437 3272 3482 et
3297 3427 3463 3481 alium

1887 3522 2051 3574 etiam
2086 3519 2160 3571 De
2187 3518 2395 3588 politia,
2442 3529 2501 3573 et
2523 3518 2975 3574 Commentariun:
3000 3521 3054 3573 iu
3082 3518 3375 3581 Danielem,
3409 3527 3465 3571 et

1886 3613 2287 3667 exactissimam
2327 3612 2729 3667 ecclesiasticam
2776 3611 3064 3665 Historiam
3089 3651 3103 3675 ,
3152 3611 3461 3682 Apologiam

1890 3723 1986 3774 pro
2014 3704 2262 3758 Patribus
2290 3706 2501 3767 nostris,
2531 3703 2748 3758 duobus
2778 3704 2963 3763 tomis,
2987 3702 3347 3756 Resolutiones
3374 3720 3464 3755 ca-

1889 3795 2283 3866 pitumCyrilli,
2320 3794 2519 3851 Contra
2547 3795 2875 3866 philosophos
2897 3802 3205 3852 tractatum.
3249 3794 3460 3863 plures-

1887 3902 1995 3956 que
2022 3886 2289 3955 Epistolas
2325 3887 2514 3941 multis
2542 3885 2772 3940 refertas
2798 3884 3222 3938 eruditionibus.

2461 4008 2901 4049 OBSERVATIONES.

1960 4086 2081 4141 |.De
2102 4086 2442 4142 Hehed-Jesu
2461 4087 2578 4142 hate
2592 4086 2758 4142 habet
2776 4087 3149 4143 Eccbellensis
3165 4088 3460 4157 interpres:

1895 4177 2149 4233 «Genere
2194 4177 2299 4232 fuit
2339 4178 2649 4241 Chaldaeus,
2703 4178 3042 4248 professione
3086 4179 3461 4243 Nestorianus,

1889 4269 2154 4339 dignitate
2184 4269 2509 4340 episcopus;
2556 4270 2727 4323 multa
2753 4271 2975 4339 scripsit
2998 4286 3165 4341 opera
3200 4270 3267 4325 ad
3296 4270 3463 4325 stabi-

1891 4360 2127 4413 liendam
2189 4360 2730 4430 conlirmandamque
2786 4362 3161 4417 Nestorianam
3208 4362 3462 4416 haaresin.

1891 4449 1959 4503 At
2008 4448 2193 4503 divina
2237 4450 2456 4505 tandem
2505 4452 2800 4521 aﬂ‘nlgente
2823 4453 3034 4522 gratia,
3089 4453 3157 4507 ad
3185 4454 3463 4508 meliorem

198 4540 414 4595 Christi
444 4542 602 4597 L325.
638 4543 819 4610 Quare
842 4542 1106 4598 credibile
1127 4553 1228 4607 est,
1254 4560 1360 4597 non
1386 4545 1489 4597 alia
1510 4543 1783 4597 exstitisse
1819 4524 1860 4579 υ
1891 4538 2045 4591 rediit
2086 4546 2346 4604 mentem,
2384 4540 2718 4610 Romamque
2752 4541 3031 4611 profectus
3062 4551 3144 4597 est
3175 4544 3284 4613 jam
3302 4559 3465 4597 senex

203 4640 337 4687 tunc
359 4634 652 4703 temporis,
674 4635 867 4690 saltem
896 4636 951 4690 in
974 4635 1309 4689 bibliotheca
1337 4635 1550 4687 Sancta:
1574 4634 1791 4701 Sophim

201 4731 261 4775 et
308 4724 456 4792 apud
507 4734 822 4789 aetemetas,
869 4726 1201 4780 Theodoreti
1246 4740 1434 4792 Opera,
1482 4739 1643 4793 quam
1673 4740 1792 4792 quae

203 4820 480 4867 recenset.
513 4813 705 4868 Tradit
728 4816 874 4870 enim
892 4818 937 4847 "
962 4831 1041 4880 se,
1067 4832 1187 4886 qua'
1213 4816 1323 4870 illic
1364 4822 1544 4875 erant,
1566 4812 1795 4881 diligen-

205 4913 293 4956 ter
315 4905 620 4963 evolvisse;
658 4914 716 4959 et
742 4907 941 4961 ι·εείόηί
969 4923 1272 4961 consonum
1300 4915 1402 4966 est,
1428 4915 1589 4958 tanta:
1617 4905 1790 4967 urbis,

203 4985 483 5063 tantaeque
504 4996 755 5051 Ecclesia
775 4996 1103 5051 litterarium
1124 4997 1441 5050 thesaurum
1467 5012 1571 5047 non
1585 4994 1793 5047 caruis-

201 5099 265 5138 se
316 5086 559 5155 vulgatis
608 5102 930 5155 magnorum
971 5088 1219 5141 virorum
1266 5088 1445 5140 libris.
1502 5086 1616 5139 Etsi
1643 5085 1789 5138 eiiim

202 5186 367 5232 vetus
394 5179 486 5232 illa
532 5188 588 5232 et
625 5180 737 5249 jam
760 5179 889 5233 inde
937 5195 966 5232 a
993 5180 1185 5249 primis
1219 5180 1366 5234 sedis
1414 5178 1790 5248 patriarcliica:

207 5270 563 5338 temporibus
590 5272 817 5325 collecta
849 5271 1179 5325 bibliotheca
1208 5271 1656 5340 conﬂagraverat,
1692 5285 1789 5322 eu-

205 5361 354 5416 riose
380 5370 563 5417 tamen
610 5364 679 5417 ab
716 5363 1141 5433 imperatoribus
1166 5361 1327 5416 simul
1361 5369 1417 5415 et
1443 5361 1790 5430 patriarchis,

1893 4630 1995 4683 sub
2020 4629 2167 4684 Julio
2189 4631 2278 4696 lll,
2314 4647 2527 4687 summe
2557 4632 2843 4702 pontifice,
2879 4634 2973 4687 ubi
3004 4634 3342 4687 Nestorianis
3367 4636 3464 4688 ab-

1886 4721 2084 4790 juratis
2135 4723 2443 4787 erroribus,
2500 4725 2822 4779 catholicam
2866 4726 3146 4796 professus
3167 4736 3250 4780 est
3281 4726 3464 4780 fidem.

1894 4812 2199 4880 Antequam
2239 4813 2598 4869 Nestorianus
2616 4831 2737 4870 esse
2766 4816 3063 4881 desineret,
3107 4824 3466 4871 contexuerat

1893 4903 2213 4973 (latalogum
2256 4905 2619 4974 scriptorum,
2679 4916 2788 4961 tam
2814 4924 3115 4972 sacrorum,
3147 4924 3308 4978 quam
3339 4924 3463 4977 pro-

1893 4993 2164 5059 fanorum,
2188 5012 2423 5066 quorum
2447 5012 2612 5067 opera
2636 4999 2749 5053 suis
2766 4999 3109 5068 temporibus
3129 4999 3261 5071 Syra
3284 5000 3465 5069 lingua

1892 5082 2260 5152 legerentur.»

1968 5176 2029 5228 ll.
2065 5175 2237 5241 Quem
2272 5177 2469 5230 librum
2507 5178 2585 5231 ait
2616 5192 2646 5231 a
2680 5177 3031 5233 Tbeodoreto
3063 5184 3250 5230 contra
3274 5176 3435 5245 Orige

1892 5282 2017 5320 nem
2063 5267 2326 5336 scriptum
2348 5283 2467 5321 esse
2488 5308 2502 5331 ,
2547 5268 2695 5324 hunc
2714 5270 2911 5339 opinor
2948 5284 3057 5323 non
3087 5269 3364 5323 diversum
3396 5268 3465 5320 ab

1898 5358 2248 5428 Expositione
2268 5358 2628 5426 Geneseos";
2664 5361 3124 5430 quemadmodum
3150 5376 3248 5415 nec
3266 5360 3465 5414 librum

1537 5470 1853 5529 SCHL‘LZII
1897 5470 2126 5527 ΝΟΤιΕ.

284 5590 323 5658 ‘f
358 5586 480 5640 Vid.
543 5587 704 5649 infra,
735 5604 783 5642 c.
825 5590 877 5649 9,
914 5590 989 5658 ξι
1033 5596 1087 5641 et
1114 5588 1168 5641 2.
1248 5589 1290 5619 ²¹
1318 5588 1432 5642 Vid.
1472 5602 1656 5658 supra,

284 5590 323 5617 ⁸·
358 5586 480 5640 Vid.
543 5587 783 5668 infranc.
825 5590 877 5668 ll,
914 5590 989 5669 ᾗ]
1033 5596 1087 5641 et
1114 5588 1168 5641 2.
1248 5589 1290 5619 ²¹
1317 5588 1432 5669 γίά.
1472 5602 1656 5709 signa,
1689 5602 1754 5708 ἐ).
1789 5586 1858 5639 98
1903 5592 1958 5637 et
2003 5586 2118 5639 115.

206 5658 266 5709 In
301 5656 439 5709 hanc
480 5666 810 5711 sententiam
849 5661 1076 5713 Inclinat
1103 5658 1419 5711 Carne-rius.
1462 5657 1522 5709 VI
1574 5696 1584 5707 .
1630 5673 1681 5708 Ill
1712 5673 1789 5716 ra,
1824 5672 1876 5723 p.
1914 5656 2040 5709 271.

2197 5586 2242 5616 "
2273 5585 2391 5638 Vid.
2415 5586 2568 5640 Praef.
2599 5586 2651 5638 in
2688 5586 2782 5639 lil).
2812 5602 2846 5639 ι.
2924 5584 2967 5616 ’³⁵
2990 5587 3091 5640 Aul
3123 5587 3324 5649 haberi,
3356 5589 3461 5640 etc.

2144 5656 2188 5684 "
2224 5655 2395 5723 Epist.
2430 5656 2509 5707 16.
2617 5658 2662 5687 ¹⁶
2687 5656 3210 5709 Hunc—Genereos.
3245 5657 3468 5710 Prn‘stat

203 5727 523 5796 mnjectura
560 5727 719 5796 Hich.
752 5727 960 5791 Simon,
996 5727 1260 5796 scriptum
1316 5726 1481 5781 fuisse
1521 5730 1761 5786 menses,
1808 5726 2119 5795 imperitum
2144 5732 2326 5778 autem
2357 5725 2611 5788 scribam,
2653 5742 2762 5794 quo
2794 5725 3160 5779 Ecchellensis
3204 5740 3333 5779 usus
3361 5734 3463 5788 est,

206 5794 407 5866 legisse
452 5811 653 5849 nomen
688 5795 956 5867 Origenis.
