4228 6446
756 390 849 451 211

1884 389 2258 449 GARNERII
2293 390 2788 451 DISSERTATIO
2833 393 2907 450 ΙΙ.

3896 388 4005 453 212

754 496 821 549 ale
862 496 1055 550 Politia
1103 495 1323 549 differre
1374 511 1402 547 a
1448 494 1794 549 sermonibus
1848 496 1917 551 de
1955 498 2327 561 Providentia,
2361 504 2401 556 A
2505 499 2894 555 Haereticarum
2917 500 3224 555 fabularum
3258 502 3383 557 libri
3407 519 3477 557 tv.

753 602 858 655 qua
912 587 1057 641 Deus
1103 587 1369 641 mundum
1414 588 1581 657 regit;
1645 592 1867 656 neque'
1897 588 2097 643 librum
2126 590 2325 644 Contra

753 676 1080 746 philosophos
1123 694 1244 732 esse
1268 679 1436 732 alium
1455 719 1469 743 ,
1492 680 1503 690 ‘
1528 692 1689 746 quam
1720 679 1805 732 vel
1836 695 1974 748 opus
1998 680 2075 733 De
2113 680 2308 736 θηται-

754 771 879 821 nisis
896 770 1247 839 aﬂ'ectionibns
1274 771 1541 831 curandis,
1566 767 1651 823 vel
1668 767 2073 839 Responsionem
2098 772 2168 825 ad
2183 789 2328 842 qua-

753 864 855 913 sita
888 878 1187 931 magorum.

824 953 912 1006 Ill.
952 952 1123 1018 Quam
1156 964 1314 1009 vocat
1342 955 1656 1027 Apotogiam
1687 974 1781 1028 pro
1805 956 2073 1019 Patribas,
2116 972 2179 1010 ea
2211 957 2327 1027 ipsa

751 1054 837 1096 est
881 1043 1124 1112 Defensio
1176 1045 1394 1100 Diodori
1421 1047 1690 1101 Tarsensis
1734 1055 1781 1100 et
1808 1047 2059 1101 Theodori
2083 1047 2325 1118 Mopsue-

752 1135 907 1197 stem‘,
963 1136 1121 1204 cujus
1166 1136 1470 1206 fragmenta
1520 1138 1838 1193 referuntur
1888 1140 1941 1191 in
1989 1139 2178 1207 quinta
2211 1140 2327 1193 col-

754 1224 957 1280 latione
1005 1244 1037 1279 v
1072 1228 1306 1298 synodi,
1366 1231 1631 1299 cujusque
1669 1230 1919 1283 meminit
1949 1231 2329 1286 Theodoretus

754 1316 809 1369 in
837 1317 1068 1385 cpistola
1102 1319 1169 1372 ad
1197 1319 1462 1374 Irenteum
1483 1322 1548 1373 "’.
1606 1320 1685 1374 Eo
1712 1321 1816 1373 loci
1851 1321 2200 1375 Theodorum
2230 1338 2327 1392 ap—

756 1408 921 1475 pellat
951 1421 1161 1479 patrem
1196 1431 1208 1464 :
1240 1428 1360 1480 qua:
1386 1428 1547 1465 causa
1573 1411 1699 1478 fuit,
1748 1429 1847 1467 cur
1879 1414 2021 1482 apud
2049 1414 2327 1467 Nestoriu-

754 1514 854 1553 nos
903 1502 1151 1571 apologia
1195 1502 1475 1557 diceretur
1516 1504 1692 1569 edita,
1763 1522 1870 1559 non
1917 1521 2014 1574 pro
2053 1507 2326 1571 Nestorio,

756 1590 901 1658 quod
924 1591 1296 1647 Ecchellensis
1309 1602 1461 1648 ratus
1475 1604 1559 1649 est
1579 1613 1593 1659 ;
1615 1597 1708 1649 sed
1732 1612 1833 1665 pro
1855 1598 2127 1661 Patribus,
2152 1597 2205 1651 id
2225 1608 2327 1663 est,

759 1680 925 1735 totius
966 1681 1191 1737 haeresis
1237 1684 1559 1739 auctoribus
1582 1726 1594 1749 ,
1644 1687 1883 1739 Diodoro
1912 1698 1966 1741 et
1995 1688 2281 1742 Theodoro
2310 1704 2326 1743 :

2502 592 2824 645 Divinorum
2855 592 3203 647 decretorum
3232 594 3493 663 epitome.

2498 683 2573 736 De
2608 682 2956 737 Providentia
2988 684 3082 737 Dei
3117 699 3401 738 sermones
3423 700 3474 738 ι.

2497 772 2809 827 Graecarum
2831 774 3183 830 aﬁectionum
3213 775 3516 830 curationis
3549 775 3678 831 libri
3704 791 3795 831 xu.

2498 863 2806 933 Appendix.

3032 974 3256 1031 CAPUT
3281 977 3370 1031 Ill.

2430 1086 2677 1140 Recensio
2707 1100 2945 1153 operum,
2983 1103 3100 1156 qua:
3135 1096 3272 1140 tomo
3302 1089 3472 1156 primo
3499 1088 3741 1141 editionis
3771 1087 4017 1145 Sirmon-

2946 1158 3124 1210 diance
3155 1158 3512 1211 continentur.

2500 1267 2644 1322 Duas
2680 1268 2733 1321 in
2764 1278 2949 1338 partes
2982 1279 3163 1323 tomus
3185 1268 3395 1336 primus
3419 1265 3686 1321 dividitur
3712 1285 3723 1319 :
3749 1267 3805 1320 in
3821 1267 4012 1337 priore

2428 1355 2820 1421 Octateuchus,
2844 1357 2973 1411 libri
3000 1358 3207 1427 Regum
3225 1365 3282 1410 et
3298 1355 3711 1425 Paralipomena
3728 1356 4011 1422 elucidan-

2433 1456 2551 1512 tur;
2589 1447 2643 1501 in
2681 1449 2989 1518 posteriore
3021 1448 3345 1503 Psalterium
3375 1456 3430 1501 et
3452 1446 3741 1502 Canticum
3767 1447 4013 1502 cantico-

2432 1555 2574 1592 τυιη.

2501 1631 2620 1685 Νοη
2667 1648 2775 1685 una
2825 1642 3077 1686 servatur
3128 1631 3183 1685 in
3228 1640 3461 1700 utraque
3488 1640 3643 1699 parte
3678 1631 3819 1685 ratio
3842 1632 4015 1685 inter-

2433 1722 2684 1791 pretandi
2740 1740 2752 1774 :
2802 1738 2928 1776 nam
2963 1722 3017 1775 in
3053 1723 3255 1791 priore,
3304 1737 3403 1790 per
3435 1722 3917 1791 interrogationem
3954 1732 4015 1776 et

758 1786 936 1881 neque
1146 1775 1280 1881 alios
1305 1776 1907 1881 nominatimdel‘endt‘t
1929 1778 2326 1881 TlteodOI‘ifw'5'
2360 1809 2402 1864 Β
2434 1813 2842 1881 responsionem
2891 1813 3223 1881 quaestiones
3271 1812 3542 1881 ambigua:
3587 1812 3901 1877 solvuntur;
3956 1813 4012 1865 in

830 1861 915 1914 ιν.
956 1862 1201 1917 Meminit
1233 1866 1463 1934 perinde
1493 1881 1557 1919 ac
1585 1867 1832 1932 Photius,
1868 1868 2239 1938 Expositionis
2273 1871 2325 1925 in

760 1951 1059 2016 Danielem,
1124 1972 1232 2009 non
1285 1959 1413 2011 item
1477 1959 1532 2012 in
1568 1960 1707 2013 alios
1756 1962 1987 2027 majores
2014 1962 2326 2031 prophetas.

759 2042 1027 2108 Quoniam
1053 2046 1361 2102 lucubratio
1384 2050 1497 2105 haec
1516 2051 1735 2105 videtur
1765 2052 1818 2105 in
1840 2052 2059 2107 Oriente
2084 2069 2194 2122 prie
2210 2054 2331 2109 aliis

762 2134 930 2189 fuisse
972 2137 1025 2190 in
1069 2139 1279 2205 pretio,
1333 2149 1623 2209 propterea
1651 2143 1794 2211 quod
1829 2143 2090 2197 adversus
2115 2144 2331 2199 Iudaeos

761 2226 1099 2280 demonstrat
1166 2229 1386 2298 impleta
1440 2246 1561 2285 esse
1616 2232 1683 2286 de
1733 2232 1950 2288 Christo
2015 2235 2331 2305 prephetica

761 2318 1001 2381 oracula,
1032 2334 1095 2371 ea
1124 2335 1208 2374 me
1240 2321 1381 2375 ratio
1428 2322 1657 2390 impellit
1691 2332 1751 2377 ut
1773 2325 1992 2378 credam
2022 2341 2129 2379 non
2184 2326 2331 2380 aliud

763 2423 793 2461 a
825 2408 1171 2465 Theodoreto
1212 2414 1588 2482 conscriptum
1616 2430 1754 2484 opus
1799 2414 1995 2470 Contra
2016 2415 2282 2471 Iudaeos“
2316 2434 2329 2471 :

764 2499 927 2569 idque
956 2500 1147 2554 videor
1176 2502 1311 2555 mihi
1341 2503 1599 2572 colligere
1627 2520 1693 2558 ex
1719 2505 1944 2574 epistola
1968 2506 2089 2570 145,
2120 2508 2186 2559 ad
2215 2521 2331 2560 mo-

762 2592 971 2647 nachos
984 2593 1642 2664 Constantinopolitanos,
1668 2606 1727 2650 ut
1750 2612 1850 2652 suo
1866 2598 1986 2652 loco
2007 2607 2330 2668 exponetur.

764 2706 919 2776 261
953 2704 1085 2776 §VL
1111 2705 1418 2776 Prospectus
1440 2723 1656 2776 Operam
1680 2709 1981 2763 Theodoreti
2003 2728 2033 2762 a
2054 2707 2333 2764 Sirmondo

1397 2780 1674 2832 editorum.

835 2890 965 2955 Qure
1011 2891 1298 2955 Baronius,
1354 2893 1557 2962 aliique
1603 2908 1861 2949 censores
1896 2910 2121 2964 operum
2151 2894 2333 2949 Theo-

766 2981 967 3045 doreti,
1015 2982 1448 3049 Centuriatores,
1489 2984 1677 3039 Sixtus
1698 2984 1975 3049 Senensis,
2009 2986 2335 3041 Possevinus

765 3084 821 3128 rt
863 3075 1223 3129 Bellarminus
1263 3076 1604 3145 scripserint,
1651 3075 1987 3145 superﬂuum
2015 3084 2099 3132 est
2126 3078 2333 3131 descri-

770 3166 927 3228 bere,
984 3181 1108 3219 cum
1150 3167 1543 3235 ipsorumlibri
1574 3176 1823 3223 terantur
1853 3171 2127 3225 manibus.
2165 3170 2335 3236 Quam

768 3256 1217 3313 distributionem
1263 3259 1590 3314 Sirmondus
1633 3260 1843 3324 fecerit,
1893 3277 2071 3331 opera:
2100 3262 2339 3332 pretium

769 3356 854 3402 est
876 3349 1158 3412 exhibere,
1183 3350 1441 3419 quoniam
1462 3366 1589 3404 eum
1612 3352 1858 3406 ordinem
1890 3354 2128 3407 secuturi
2153 3369 2342 3409 sumus

774 3440 827 3492 in
877 3440 1228 3495 recensendis
1268 3442 1549 3510 operibus,
1606 3458 1769 3512 quem
1813 3444 1896 3497 vir
1935 3445 2342 3501 eruditissimus

773 3533 827 3585 in
863 3532 1281 3588 distrihuendis.
1320 3534 1409 3588 Sic
1429 3550 1560 3604 ergo
1582 3535 1779 3588 habet:

773 3643 1073 3698 Theodoreti
1101 3662 1282 3714 opera,
1319 3662 1435 3715 quae
1479 3648 1533 3699 in
1570 3646 1788 3717 singulis
1817 3647 1966 3700 tomis
1990 3648 2338 3701 continentur.

1437 3752 1640 3791 TOHOI.

844 3848 1184 3914 Quaestiones
1220 3848 1274 3903 in
1308 3848 1725 3903 Octateuchum.

842 3938 1185 4002 Quaestiones
1216 3936 1270 3990 in
1298 3936 1472 3992 libros
1494 3938 1723 4007 Regum.

844 4028 1185 4092 Quazstiones
1220 4028 1276 4081 in
1302 4028 1477 4081 libros
1498 4027 1977 4096 Paralipomenon.

846 4118 1230 4186 lnterpretatio
1261 4118 1315 4171 in
1345 4131 1539 4170 omnes
1565 4116 1828 4170 Psalmos.

847 4207 1236 4279 lnterpretatio
1267 4210 1321 4262 in
1344 4208 1569 4263 Cantica
1591 4208 1959 4262 canticorum.

1450 4337 1588 4375 TOIO
1622 4336 1679 4375 Π.

843 4434 1322 4503 lnterpretationis
1351 4435 1405 4487 in
1432 4433 1625 4487 Isaiam
1658 4433 1919 4504 epitome.

846 4525 1237 4595 lnterpretatio
1272 4526 1326 4578 in
1356 4525 1672 4580 Jeremiam.

850 4614 1237 4685 lnterpretatio
1272 4617 1326 4669 in
1359 4616 1725 4670 Ezechielem.

860 4705 1241 4775 lnterpretatio
1274 4704 1327 4759 in
1355 4706 1655 4760 Danielem.

867 4798 1249 4867 interpretatio
1280 4798 1334 4851 in
1360 4798 1648 4853 duodecim
1677 4798 1979 4866 Prophetas
1999 4798 2257 4853 minores.

1443 4926 1580 4965 TOIO
1616 4926 1692 4964 HL

850 5025 1133 5093 Expositio
1163 5025 1216 5078 in
1241 5040 1432 5079 omnes
1454 5024 1727 5094 Epistolas
1760 5023 1905 5078 beati
1930 5020 2105 5077 Pauli.

854 5116 1253 5171 Ecclesiastica:
1284 5118 1527 5171 historia:
1559 5118 1684 5171 libri
1707 5134 1757 5169 γ.

856 5208 1196 5269 Philotheus.
1236 5223 1332 5263 seu
1363 5209 1614 5280 religiosa
1638 5208 1888 5262 historia.

858 5300 1113 5367 Epistolas
1141 5301 1206 5354 ad
1235 5301 1484 5355 diversos
1506 5315 1693 5357 cxtvn.

1458 5426 1688 5465 TOMOIV.

855 5502 1139 5559 Eranistes
1170 5519 1265 5558 seu
1300 5503 1713 5574 Polymorphus,
1745 5501 1945 5571 dialogi
1968 5516 2043 5553 Ill.

2432 1889 2736 1972 posteriore
2790 1904 3050 1958 solemnis
3096 1918 3215 1957 mos
3263 1902 3669 1956 commentandi
3718 1904 4011 1956 retinetur.

2432 1995 2587 2049 Prior
2633 2005 2719 2050 est
2746 1996 3076 2050 Theodoreti
3104 1997 3254 2051 senis
3284 1997 3437 2065 quasi
3469 1998 3872 2067 magisterium;
3911 2013 4015 2067 po-

2432 2085 2631 2139 sterior
2654 2086 2970 2156 incipientis
2991 2088 3237 2143 scribere
3264 2089 3416 2142 velut
3438 2089 3831 2145 rudimentum.
3859 2090 4017 2144 Illam

2430 2192 2460 2230 e
2482 2178 2671 2233 Grieco
2692 2179 2748 2232 in
2765 2179 3020 2233 Latinum
3044 2188 3329 2235 verterunt
3351 2181 3590 2236 Joannes
3610 2180 3772 2236 Picus
3795 2192 3849 2235 et
3869 2181 4020 2236 Gen-

2435 2270 2613 2322 tianus
2638 2269 2934 2335 Hervetus;
2992 2270 3150 2325 istam
3180 2272 3453 2325 Antonius
3475 2270 3669 2326 Caral‘a
3706 2282 3761 2326 et
3786 2272 4019 2326 Franci-

2434 2374 2560 2412 scus
2599 2360 2769 2415 Zinus
2823 2378 2834 2413 :
2886 2370 3176 2431 utramque
3200 2364 3539 2432 recognovit,
3575 2364 3671 2418 sed
3699 2364 3886 2433 paucis
3914 2364 4019 2417 ad-

2434 2453 2657 2507 modum
2683 2446 3004 2519 immutatis,
3027 2454 3372 2509 Sirmondus.

2438 2588 2526 2659 §l.
2564 2588 2642 2641 De
2667 2589 3105 2659 interpretatione
3129 2587 3432 2659 Octateuchi
3448 2630 3460 2652 ,
3515 2588 3768 2641 librorum
3790 2586 4019 2657 Regum,

2973 2667 3022 2710 et
3053 2657 3518 2729 Paralipomenon.

2507 2772 2558 2825 Ι.
2627 2770 3144 2840 lnterpretationem
3202 2773 3255 2825 in
3313 2770 3711 2826 Octateuchum
3774 2772 4026 2841 agnoscit

2438 2862 2819 2917 Theodoretus
2847 2863 3008 2932 262
3044 2872 3102 2917 ut
3130 2878 3306 2926 suam,
3341 2864 3393 2917 in
3421 2862 3737 2932 praefatione
3759 2863 3825 2915 ad
3848 2862 4027 2915 libros

2438 2954 2644 3023 Regum
2668 2972 2679 3007 :
2708 2974 2726 3003 ‹
2752 2954 3024 3016 Quoniam
3057 2952 3239 3007 divina
3270 2953 3395 3006 freti
3422 2959 3436 2972 '
3462 2953 3634 3022 gratia
3673 2953 4023 3022 interpretati

2437 3063 2628 3101 sumus
2655 3046 2826 3101 libros
2848 3046 3389 3115 Mosislegislatoris,
3441 3056 3496 3099 et
3516 3046 3681 3101 Josue
3719 3046 4026 3116 prophetae,

2365 3138 2409 3197 C
2439 3146 2495 3191 et
2517 3137 2795 3201 Judicum,
2819 3146 2875 3191 et
2897 3138 3044 3191 Ruth
3072 3155 3083 3188 :
3107 3152 3204 3206 age
3232 3136 3581 3205 splendorem
3614 3137 3780 3207 hujus
3800 3137 3941 3191 lucis
3965 3148 4030 3190 ut

2440 3227 2794 3296 accipiamus,
2824 3228 3025 3280 iterum
3050 3227 3423 3295 implorantes,
3449 3227 3787 3297 explicemus
3809 3226 4031 3297 Regno.

2440 3334 2562 3372 rum
2594 3318 2873 3380 historias,
2900 3336 2917 3362 ι
2952 3328 3056 3372 etc.

2509 3409 2575 3463 11.
2627 3408 2888 3478 Agnoscit
2937 3409 3146 3478 pariter
3197 3410 3707 3479 interpretationem
3756 3409 3809 3462 in
3852 3409 4029 3462 libros

2442 3498 2651 3567 Regum
2679 3497 2821 3551 libro
2846 3498 3025 3567 primo
3055 3500 3516 3569 Παραλιπομένων
3569 3517 3581 3552 :
3635 3518 3652 3550 ‹
3689 3498 4029 3553 Musicarum

2442 3589 2936 3643 instrumentorum
2975 3588 3340 3644 diti'erentiam
3383 3590 3622 3645 diximus
3661 3591 3714 3643 in
3741 3590 3898 3644 libris
3918 3590 4033 3645 Re—

2442 3697 2590 3750 gum.
2618 3700 2634 3729 ›

2512 3771 2601 3825 Ill.
2661 3771 2736 3825 De
2793 3772 3050 3825 omnibus
3095 3772 3255 3825 simul
3304 3773 3420 3826 haec
3468 3772 3636 3827 habet
3681 3771 3911 3827 Photius
3931 3772 4027 3824 ":

2453 3862 2609 3931 «Legi
2625 3862 2869 3931 ejusdem
2887 3862 3056 3915 divini
3072 3862 3177 3915 viri
3199 3863 3530 3917 Theodoreti
3554 3864 3608 3916 in
3626 3863 4030 3917 Octateuchum

2443 3950 2879 4020 explanationem
2898 3992 2912 4013 ,
2964 3967 3085 4020 quae
3128 3952 3540 4021 inscriptionem
3568 3960 3725 4007 nacta
3750 3961 3836 4007 est
3866 3955 4028 4021 operi

2445 4051 2856 4113 congruentem,
2892 4042 2955 4095 In
2987 4042 3206 4095 obscura
3231 4051 3279 4094 et
3308 4043 3548 4096 abstrusa
3574 4040 3860 4112 Scriptura:
3884 4043 4029 4103 loca,

2447 4137 2502 4190 in
2533 4136 2736 4205 quibus
2760 4144 2907 4198 sunt,
2941 4144 2998 4189 et
3024 4134 3090 4188 ad
3121 4134 3290 4188 libros
3314 4135 3544 4203 Regum,
3575 4142 3632 4187 et
3655 4132 3721 4187 ad
3744 4132 4033 4201 Paralipo-

2447 4243 2636 4292 mena;
2674 4226 3021 4280 utilissimum
3050 4236 3232 4279 autem
3263 4226 3316 4278 in
3346 4226 3538 4294 primis
3567 4225 3673 4278 hoc
3696 4239 3886 4293 opus,»
3912 4233 4029 4278 etc.

2518 4319 2607 4373 ιγ.
2650 4318 2950 4372 Postremis
2979 4318 3105 4370 vita:
3132 4316 3469 4385 temporibus
3498 4316 3616 4369 haec
3642 4314 4033 4369 Theodoretus

2450 4409 2760 4479 composuit
2801 4428 2815 4462 :
2860 4424 2985 4461 nam
3041 4409 3108 4461 de
3150 4408 3282 4476 ipsis
3316 4407 3368 4459 in
3405 4406 3557 4459 nullo
3580 4406 3690 4459 alio
3708 4420 3876 4474 opere
3906 4420 4032 4459 me-

2380 4473 2425 4526 D
2450 4473 2632 4563 minit,
2665 4515 2788 4553 cum
2826 4499 2880 4551 in
2917 4498 3003 4551 his
3038 4498 3142 4551 alia
3171 4473 3331 4565 plura
3363 4496 3620 4565 appellet.
3658 4473 3971 4561 Quaestione
3998 4497 4027 4549 1

2452 4592 2509 4645 in
2532 4588 2857 4651 Leviticum,
2890 4602 3012 4655 qua:
3038 4596 3123 4640 est
3153 4586 3219 4639 de
3248 4601 3431 4649 causa,
3472 4601 3569 4639 cur
3592 4586 3737 4639 Deus
3761 4585 4036 4640 sacriﬁcia

2454 4682 2557 4737 sibi
2597 4679 2785 4734 oﬂ‘erri
2831 4678 3169 4747 praeceperit,
3225 4695 3244 4727 ι
3290 4676 3365 4729 De
3413 4677 3519 4739 his,
3552 4676 3751 4745 inquit,
3790 4676 4037 4732 diximus

2457 4771 2642 4827 multis
2671 4771 2724 4823 in
2756 4770 2911 4831 locis,
2940 4778 3053 4821 tum
3084 4768 3137 4820 in
3159 4767 3269 4833 his,
3296 4783 3418 4837 quae
3446 4776 3635 4821 contra
3657 4766 3875 4823 Graecos
3897 4768 4039 4822 scri-

2459 4866 2687 4937 psimus,
2747 4871 2803 4917 et
2858 4861 3123 4915 adversus
3169 4861 3435 4924 haereses;
3502 4869 3616 4913 tum
3670 4860 3728 4913 in
3764 4859 3872 4923 his,
3909 4875 4039 4929 quae

2456 4958 2719 5011 adversus
2777 4968 2993 5024 magos;
3056 4962 3317 5022 praeterea
3350 4953 3405 5006 in
3432 4952 3873 5007 enarrationibus
3899 4968 4036 5023 pro—

2450 5050 2771 5119 phetarum,
2830 5054 2887 5100 et
2935 5046 2988 5097 in
3033 5044 3455 5113 apostolicarum
3484 5043 3850 5113 Epistolarum
3883 5059 4041 5099 com-

2452 5139 2753 5195 mentariis.

2529 5232 2840 5299 Quaestione
2876 5232 2943 5285 45
2992 5230 3046 5283 in
3086 5232 3286 5284 librum
3329 5230 3373 5284 ll
3425 5230 3664 5299 Regum,
3700 5244 3824 5282 cum
3847 5236 4041 5297 ageret

2462 5323 2526 5378 de
2552 5320 2868 5389 triumphali
2901 5319 3122 5389 hymno,
3157 5334 3321 5387 quem
3357 5318 3469 5371 Deo
3494 5316 3661 5369 David
3700 5322 3823 5384 post
3845 5314 4040 5367 hostes

2463 5413 2751 5482 ipsumque
2766 5408 2983 5462 Saulcm
3005 5406 3277 5461 devictum
3302 5406 3502 5461 cecinit
3527 5424 3539 5457 :
3572 5424 3587 5454 ι
3607 5404 3883 5458 Consonat
3906 5418 4035 5455 cum

2462 5504 2671 5575 psalmo
2710 5517 2837 5562 xvu,
2894 5499 2979 5553 vel
3025 5499 3210 5569 potius
3256 5498 3397 5551 idem
3433 5504 3548 5561 est,
3596 5496 3804 5549 habens
3831 5508 4039 5563 paucas

2150 5640 2465 5697 SCHULZII
2503 5635 2740 5695 ΝΟΤιΕ.

860 5736 897 5763 ’τ
932 5736 1051 5789 Viti.
1079 5737 1239 5806 epist.
1278 5736 1338 5789 16

786 5804 910 5857 904.

1434 5738 1477 5767 ³⁸
1506 5734 1761 5789 Eamdem
1809 5735 2131 5791 sententiam
2165 5736 2445 5804 amplexus
2469 5743 2553 5789 est
2583 5730 2812 5785 Caveus.
2844 5729 3004 5783 Plura
3042 5727 3155 5780 vid.
3206 5725 3364 5788 infra,
3395 5741 3511 5794 cap.
3544 5726 3595 5787 9.
3626 5724 3651 5791 ᾗ
3688 5725 3737 5777 4.
3815 5723 3861 5754 ’⁸
3888 5718 4005 5777 Cod
