4228 6446
196 374 295 437 21'}

1354 380 1452 439 DE
1493 381 1749 440 LIBRIS
1780 381 2288 442 THEODORETI-
3345 378 3405 441 21

197 488 480 540 numinum
512 497 864 543 mutationes.
901 489 1015 559 Ego
1035 497 1217 543 autem
1250 505 1372 542 eum
1405 491 1529 544 aliis
1556 492 1778 561 psalmis
1808 499 1849 552 Α
1882 493 2045 548 habet
2077 494 2144 547 de
2169 493 2396 563 angelis,
2429 506 2637 560 eosque
2660 490 2821 546 ducet
2851 501 3050 545 creata:
3075 504 3196 544 esse
3215 497 3446 552 naturae,

199 579 337 630 hunc
362 592 588 646 quoque
629 579 1044 647 interpretatus,
1095 594 1562 648 supervacaneum
1582 579 1773 634 existi-

199 673 333 724 mavi
368 669 670 725 secundam
697 683 1026 736 componere
1052 668 1586 737 interpretationem.
1613 689 1626 715 ρ

267 761 326 814 V.
363 760 683 815 Posteriora
706 768 835 811 sunt
866 758 1031 827 igitur
1072 757 1232 811 libris
1265 756 1338 810 De
1361 758 1674 824 ercanicis
1696 757 1776 824 af-

198 851 502 920 fectionibus
543 849 790 902 curandis
817 889 830 909 ,
887 847 1265 901 ilwreticarum
1312 846 1612 914 fabularum
1698 846 1778 900 Ad

198 944 418 1010 quesita
456 956 750 1011 magorum,
773 937 1132 1000 Paulinorum,
1159 937 1563 1008 Prophetarum.
1588 943 1642 992 et
1658 935 1780 1006 Epi-

197 1032 460 1085 stolarum
485 1028 721 1099 Apostoti
745 1046 761 1082 :
788 1029 1030 1082 nomium
1048 1039 1196 1082 certe
1217 1029 1521 1097 composita
1540 1027 1777 1089 fuerant,

200 1139 321 1177 cum
349 1122 740 1176 Theodoretus
766 1119 1070 1182 scriberet,
1119 1121 1206 1173 vel
1232 1120 1471 1174 Eusebio
1497 1119 1782 1188 Ancyrano

209 1231 354 1268 anno
387 1214 514 1274 445,
554 1213 636 1266 vel
664 1221 852 1264 saneto
877 1210 1042 1264 Leoni
1071 1227 1217 1264 anno
1240 1211 1371 1273 M9;
1405 1211 1540 1265 alias
1562 1210 1630 1264 de
1650 1209 1783 1279 ipsis

202 1319 310 1356 non
358 1301 637 1364 siluisset,
694 1315 818 1354 cum
864 1299 928 1353 ad
973 1315 1087 1352 rem
1120 1315 1273 1354 suam
1301 1299 1544 1354 facerent
1576 1309 1637 1354 ut
1661 1314 1781 1368 qua:

204 1394 462 1447 maxime.

272 1484 359 1535 \‘I.
417 1481 575 1547 Quod
627 1491 810 1534 autem
869 1481 924 1534 in
977 1480 1174 1535 litteris
1206 1479 1276 1533 ad
1310 1479 1574 1534 Renatum
1603 1479 1697 1540 ait,
1727 1495 1784 1532 se

205 1589 411 1627 sacram
433 1572 774 1641 Scripturam
795 1573 1237 1640 interpretatum,
1255 1579 1313 1624 ut
1332 1569 1614 1622 indeﬁnite
1629 1568 1783 1630 dixit,

205 1667 273 1719 iui
297 1665 717 1734 intelligendum
750 1663 974 1732 perinde
999 1674 1162 1732 atque
1179 1671 1264 1716 est
1289 1662 1340 1715 in
1364 1662 1562 1716 litteris
1582 1661 1648 1715 ad
1666 1677 1788 1716 san-

205 1767 348 1809 etum
379 1755 620 1810 Leonem
653 1771 758 1808 una
786 1754 987 1818 missis,
1036 1755 1110 1808 De
1150 1753 1482 1823 propheticis
1504 1754 1742 1808 oraculis
1772 1772 1782 1806 :

1877 594 2040 652 atque
2076 584 2444 652 incorporeae,
2497 583 2591 638 sed
2624 593 2806 636 tamen
2844 580 3300 650 circumscriptae;
3335 579 3450 632 sin-

1876 673 2017 740 gulis
2037 671 2372 733 hominibus,
2397 671 2503 726 imo
2523 681 2579 725 et
2598 670 2872 740 gentibus,
2893 685 3051 723 suum
3071 685 3192 724 esse
3210 670 3452 738 assigna-

1879 771 1992 813 tum
2042 761 2359 826 custodem;
2418 762 2470 814 in
2515 761 2634 815 loco
2664 777 2806 820 esse.
2851 760 2981 829 quia
3019 760 3449 828 circumscripti;

1880 850 1932 902 in
1967 860 2240 918 tempore,
2279 850 2407 918 quia
2440 852 2639 913 creati;
2675 865 2801 904 cum
2829 851 2968 903 caelo
2997 859 3052 902 et
3080 857 3224 901 terra
3254 847 3445 912 iactos,

1879 957 2188 1010 quanquam
2247 957 2356 994 non
2403 942 2475 994 sit
2521 951 2710 995 contra
2745 942 2970 996 verbum
2996 939 3234 1010 pietatis,
3273 939 3456 993 dicere

1881 1045 2005 1087 ante
2030 1035 2228 1088 coelum
2263 1045 2319 1088 et
2343 1044 2544 1088 terram
2577 1050 2699 1088 esse
2722 1037 2990 1089 conditos.

1955 1122 2066 1176 XII.
2103 1124 2413 1189 Quzestione
2445 1126 2534 1186 l9,
2571 1141 2696 1180 cum
2723 1125 3178 1193 interpretaretur
3199 1124 3312 1178 lucc
3335 1138 3457 1176 ver-

1885 1212 1951 1266 ba
2001 1230 2012 1265 :
2048 1211 2325 1266 Faciamus
2349 1215 2610 1267 hominem
2641 1215 2711 1269 ad
2734 1216 3070 1284 imaginem'.
3095 1222 3227 1274 ctc.,
3260 1213 3454 1266 catho-

1882 1303 2044 1356 licam
2098 1303 2166 1357 de
2218 1304 2594 1358 incarnatione
2631 1305 2940 1359 doctrinam
2975 1303 3238 1365 ostendit,
3295 1303 3452 1371 quasi

1887 1402 2216 1447 testamento
2244 1392 2403 1446 fidem
2429 1411 2584 1447 suam
2611 1396 2958 1462 consignans.
2992 1393 3128 1447 Cum
3157 1393 3302 1446 enim
3329 1408 3456 1460 pro-

1888 1485 2096 1538 miscue
2144 1485 2432 1552 πρόσωπον
2473 1496 2528 1538 et
2567 1486 2861 1537 ὑπόστασιν
2893 1493 3210 1554 usurpasset
3241 1482 3309 1538 de
3335 1483 3457 1536 Tri-

1890 1576 2059 1630 nitate
2082 1576 2396 1640 disserens,
2451 1584 2626 1644 atque
2645 1577 2783 1630 adeo
2808 1575 3138 1629 ostendisset
3177 1591 3234 1628 se
3262 1587 3459 1627 nomen

1897 1667 2182 1734 προςὼπου
2213 1684 2374 1722 sensu
2399 1669 2622 1738 physico
2641 1669 2913 1736 accipere,
2936 1667 3048 1720 hate
3066 1667 3261 1719 habet:
3284 1685 3301 1714 ε
3322 1666 3465 1718 Deus

1891 1759 1980 1826 qui
2024 1760 2316 1828 praenoscit
2351 1760 2554 1813 omnia.
2586 1775 2706 1827 qua:
2733 1758 2976 1811 nondum
3007 1759 3144 1810 facta
3172 1765 3318 1818 sunt,
3343 1764 3464 1808 tan-

205 1859 310 1913 quo
339 1844 566 1896 nomine
600 1842 976 1912 signiﬁcantur
1007 1842 1075 1896 de
1103 1857 1253 1895 more
1283 1842 1501 1904 Psalmi,
1538 1841 1780 1904 Cantica,
1823 1826 1858 1877 Β
1890 1866 2053 1918 quam
2092 1851 2203 1919 jam
2236 1849 2373 1902 facta
2393 1889 2406 1910 ,
2456 1859 2512 1903 ει
2543 1849 2636 1917 qui
2667 1849 3005 1917 prwvidebag
3033 1847 3463 1901 incarnationem

205 1948 256 1989 et
283 1934 597 2002 Prophetas.
634 1933 749 1986 sive
774 1933 866 2002 qui
899 1933 1153 2002 majores,
1181 1933 1292 1985 sive
1321 1933 1413 2001 qui
1443 1934 1696 1985 minores.

274 2024 389 2078 \‘II.
450 2023 767 2092 Composita
817 2038 938 2076 esse
983 2031 1108 2091 post
1148 2021 1441 2075 concilium
1483 2021 1782 2077 Chalcedo-

208 2133 398 2180 nense,
432 2117 542 2170 imo
569 2125 690 2186 post
715 2131 918 2169 annum
939 2115 1064 2177 £53,
1091 2124 1237 2169 certa
1267 2115 1404 2168 ratio
1424 2114 1781 2168 demonstrat.

207 2211 343 2263 Sunt
385 2209 538 2262 enim
594 2208 873 2261 elaborata
919 2215 1039 2276 post
1067 2207 1237 2260 libros
1259 2206 1501 2276 quinque
1523 2206 1597 2259 De
1617 2206 1787 2259 haere-

208 2300 388 2359 sibus,
457 2297 552 2366 qui
609 2297 734 2350 libri
797 2308 919 2365 post
978 2296 1274 2350 concilium
1337 2295 1785 2350 Chalcedonense

209 2407 348 2444 anno
377 2391 480 2444 553
504 2389 636 2444 editi
665 2390 872 2451 sunt",
900 2397 957 2441 ut
979 2397 1171 2458 aperto
1193 2396 1515 2459 argumento
1536 2387 1786 2442 conﬁcie-

210 2493 294 2536 tur
331 2483 500 2551 paulo
528 2492 673 2550 post.

275 2575 442 2644 263
483 2573 619 2627 VIII.
654 2573 889 2628 Necesse
923 2582 1009 2626 est
1044 2572 1209 2642 igitur
1255 2585 1571 2641 supremum
1619 2569 1786 2624 fuisse

210 2662 550 2718 Theodoreti
590 2663 856 2717 laborem.
927 2663 996 2716 Et
1034 2678 1169 2717 vero
1217 2677 1342 2716 cum
1373 2661 1441 2715 ad
1465 2662 1642 2732 ipsum
1665 2678 1788 2716 sns-

209 2756 530 2827 cipiendum
563 2757 941 2826 impelleretur
962 2755 1032 2809 ab
1056 2753 1309 2825 Hypatio,
1353 2752 1566 2808 inﬁrma
1583 2755 1791 2808 valetu-

211 2849 334 2902 dine
386 2848 652 2902 utebatur
707 2865 719 2899 :
765 2862 928 2915 quam
977 2861 1080 2916 ego
1129 2847 1544 2908 inﬁrmitatem,
1598 2860 1794 2914 magna

211 2940 403 2994 saltem
455 2955 524 2991 ex
574 2947 748 3006 parte,
803 2937 1139 3006 interpretor
1179 2947 1544 2999 senectutem,
1582 2944 1696 2989 tum
1726 2950 1790 2988 ex

212 3031 440 3098 epistola
471 3029 589 3091 IIS,
643 3029 735 3080 ubi
786 3028 978 3082 eadem
1038 3029 1150 3083 fere
1196 3028 1365 3082 verba
1415 3036 1789 3097 usurpantur:

213 3133 325 3175 tum
367 3137 443 3176 ex
487 3136 558 3175 eo
605 3120 753 3190 quod
803 3119 1093 3190 Hypatium
1129 3135 1239 3173 non
1278 3121 1390 3190 jam
1415 3120 1792 3190 presbyterum

216 3304 423 3357 παίδων
476 3303 731 3364 φίλτατον
785 3309 840 3355 et
885 3300 1299 3372 ὲραςμιώτατον
1335 3303 1603 3370 appellat;
1638 3318 1799 3372 quant

215 3392 482 3463 loquendi
516 3393 745 3446 formam
778 3393 891 3446 sola
920 3392 1069 3445 senis
1094 3391 1394 3453 hominem,
1419 3408 1578 3460 quem
1603 3395 1802 3446 educa-

214 3487 373 3549 verit,
413 3487 750 3554 alloqncntis
779 3496 910 3540 aetas
939 3495 1166 3539 excusat
1207 3503 1218 3536 :
1257 3494 1370 3538 tum
1402 3486 1638 3554 denique
1663 3503 1802 3555 quo-

216 3581 362 3632 niam
398 3579 457 3631 in
489 3577 808 3646 prazl‘ationc
845 3579 910 3631 ad
942 3579 1115 3632 libros
1152 3579 1357 3648 Regum
1389 3579 1605 3640 scribit,
1645 3595 1701 3633 se
1735 3578 1801 3632 ad

218 3670 357 3725 hanc
390 3671 562 3726 etiam
593 3678 804 3738 partem
834 3669 1216 3738 perﬁciendam
1242 3670 1525 3732 accedere,
1577 3687 1640 3722 ne
1670 3673 1800 3738 peli-

219 3766 415 3816 tionem
447 3761 664 3832 Hypatii
693 3760 1054 3831 imperfectam
1078 3759 1362 3830 relinquat,
1393 3769 1566 3814 morte
1597 3761 1804 3815 scilicet

219 3863 555 3924 praeventus.

287 3945 381 3999 IX.
424 3944 634 4014 Opinor
665 3945 832 4014 igitur
882 3945 1035 4014 operi
1073 3955 1222 4000 tanto
1257 3956 1538 4001 auctorem
1576 3963 1684 3999 non
1711 3947 1802 3999 diu

221 4038 585 4108 superstitem
615 4036 783 4091 fuisse
807 4055 820 4090 ε
849 4054 1026 4106 neque
1049 4037 1197 4091 enim
1226 4039 1434 4092 absolvi
1457 4039 1630 4107 potuit
1652 4039 1804 4092 brevi

221 4141 472 4200 tempore
497 4170 511 4192 ,
557 4127 654 4182 sed
683 4128 940 4181 diuturna
965 4127 1350 4192 meditatione;
1395 4129 1668 4198 siquidem
1697 4146 1808 4183 me-

221 4222 433 4277 dullam
457 4262 472 4282 ,
525 4230 587 4274 ut
633 4221 704 4274 ita
733 4221 953 4288 loquar,
1007 4220 1376 4289 intelligentiae
1401 4222 1805 4291 Seripturarum

220 4313 510 4368 contineat
538 4311 642 4365 :ad
679 4327 816 4380 opus
842 4318 1023 4363 autem
1054 4311 1284 4364 accessit
1310 4319 1434 4379 post
1457 4325 1659 4364 annum
1682 4312 1804 4373 435,

222 4403 421 4458 obiit'l
459 4417 606 4456 anno
629 4403 753 4464 457,
785 4410 880 4455 ant
903 4400 1025 4455 458.

1891 1950 1947 1994 et
1975 1940 2484 1994 inhumanationcm
2514 1939 2790 2010 Unigeniti
2815 1980 2829 2002 ,
2866 1939 3125 2008 quodque
3153 1954 3220 1992 ex
3243 1938 3465 2006 Virgine

1891 2032 2140 2087 eamdem
2179 2041 2431 2086 naturam
2467 2040 2790 2101 sumpturus
2819 2041 2965 2085 esset
2990 2071 3002 2091 ,
3047 2045 3208 2098 quam
3236 2029 3340 2082 sibi
3371 2043 3466 2082 co-

1893 2133 2102 2191 aptaret
2151 2132 2209 2175 et
2250 2121 2435 2175 uniret
2475 2125 2489 2139 ‘
2529 2122 2629 2182 sie,
2670 2131 2730 2173 ut
2757 2137 2862 2173 una
2890 2135 3118 2188 persona
3158 2118 3250 2171 Dei
3282 2126 3338 2171 et
3364 2117 3466 2170 ho-

1893 2214 2055 2267 minis
2083 2213 2438 2281 intelligatur,
2483 2220 2538 2266 et
2567 2228 2671 2264 una
2695 2211 2992 2278 eademque
3016 2192 3090 2263 illi
3120 2208 3367 2262 aduratio
3397 2207 3468 2260 ab

1894 2305 2151 2358 universa
2176 2315 2427 2357 creatura
2459 2302 2794 2363 deferatur,»
2823 2311 2932 2355 etc.

1963 2395 2090 2448 Inde
2133 2394 2189 2446 Iit
2225 2393 2450 2447 evidens
2497 2394 2761 2447 adversus
2804 2391 3221 2446 Severianornm
3258 2389 3467 2444 calum-

1895 2487 2060 2548 niam,
2089 2500 2252 2554 quam
2273 2486 2485 2539 sincera
2509 2484 2675 2537 fuerit
2700 2482 3029 2537 Theodoreti
3056 2481 3321 2551 professio
3343 2479 3468 2534 ﬁdei

1896 2580 2032 2631 facta
2051 2576 2419 2637 Chalcedone,
2465 2590 2738 2644 quantque
2759 2572 2921 2644 265
2938 2589 3004 2627 ex
3025 2573 3209 2627 animo
3233 2570 3470 2627 Nestorii

1895 2666 2243 2735 dogmatibus
2263 2666 2554 2719 anathema
2582 2665 2800 2718 dixerit.

1966 2757 2276 2821 Quiestione
2303 2755 2392 2817 ‘20,
2449 2772 2570 2824 quze
2605 2765 2690 2808 est
2737 2755 2804 2809 de
2845 2753 3206 2808 similitudine
3237 2751 3474 2805 hominis

1899 2865 2022 2901 enni
2054 2849 2186 2908 lleo,
2215 2848 2524 2900 aderuntur
2553 2847 2794 2909 Diodori,
2823 2845 3098 2900 Theodori
3125 2853 3178 2899 et
3220 2843 3475 2912 Origenis

1901 2940 2235 3000 testimonia,
2291 2953 2412 3006 quae
2466 2937 2782 2991 nonnemini
2816 2938 2928 2990 visa
2955 2945 3082 2989 sunt
3111 2950 3217 2988 non
3239 2951 3269 2988 a
3293 2934 3473 2987 Theo-

1900 3031 2097 3084 doreto
2131 3030 2414 3092 inserta“,
2469 3028 2564 3082 sed
2592 3029 2659 3082 ab
2686 3028 2816 3089 alio,
2851 3037 3136 3097 propterea
3171 3024 3316 3094 quod
3353 3033 3477 3094 post

1826 3175 1864 3225 Γ
1902 3121 2213 3191 argumenti
2251 3121 2628 3174 tractationem
2671 3130 2726 3173 et
2761 3119 3084 3188 opinionum
3129 3117 3248 3171 sine
3284 3124 3474 3170 aucto-

215 3212 506 3274 duntaxat,
561 3222 616 3266 et
657 3211 1134 3280 cborepiscopum,
1187 3210 1281 3264 sed
1309 3210 1430 3282 Cyri
1458 3211 1796 3281 episcopum,
1828 3210 1865 3225 “

1904 3231 2021 3268 rum
2047 3215 2264 3268 nomine
2297 3213 2640 3273 relationem,
2679 3227 2786 3264 non
2817 3210 3112 3264 admodum
3145 3209 3300 3263 utilia
3327 3215 3472 3261 sunt.

1906 3308 2102 3359 \‘z-rum
2155 3319 2279 3356 cum
2324 3303 2489 3356 iidem
2538 3303 2868 3369 interpretes
2921 3300 3214 3353 laudentur
3253 3299 3306 3352 in
3341 3315 3476 3352 eon-

1903 3396 2264 3466 sequentibus
2308 3393 2786 3462 qiuestionibus“,
2847 3392 3106 3446 existimo
3158 3391 3476 3446 Theodore-

1907 3495 2020 3539 tum
2067 3486 2327 3540 habuisse
2378 3484 2430 3536 in
2469 3484 2674 3540 animo,
2726 3481 2791 3534 ad
2822 3482 3150 3549 insigniores
3172 3481 3322 3534 locos
3349 3496 3478 3547 pro-

1905 3577 2050 3631 ferre
2099 3587 2374 3631 tantorum
2418 3574 2662 3627 virorum
2714 3573 3061 3636 sententias;
3121 3571 3216 3625 sed
3273 3570 3480 3623 laboris

1907 3667 2304 3738 magnitudine,
2338 3665 2485 3735 unde
2511 3674 2785 3720 cresceret
2811 3679 2972 3733 opus,
2999 3663 3147 3733 quod
3175 3663 3339 3717 breve
3360 3678 3479 3715 esse

1907 3761 2176 3822 voluerat,
2208 3757 2538 3812 deterritum
2563 3755 2918 3810 abstinuisse.

1976 3849 2115 3904 XIII.
2151 3849 2461 3914 Quaestione
2491 3846 2560 3900 38
2595 3846 2650 3898 in
2683 3843 3191 3905 Deutcronominm,
3240 3856 3363 3894 cunt
3394 3839 3478 3892 iu-

1909 3949 2308 4012 terpretaretur
2335 3939 2534 4008 capitis
2555 3953 2675 3991 uix
2701 3945 2758 3992 et
2781 3953 2883 3990 xxx
2912 3933 3328 3989 maledictiones
3358 3945 3482 4000 pec-

1909 4033 2164 4088 cantibus
2197 4032 2518 4090 intentatas,
2553 4039 2610 4082 et
2640 4027 3056 4082 benedictiones
3085 4022 3482 4093 ptenitentibus

1911 4124 2105 4184 factas,
2159 4119 2403 4175 ostendit
2455 4118 2677 4178 Judaeis,
2731 4130 2873 4184 saepe
2917 4113 3048 4168 olim
3100 4119 3222 4180 post
3263 4117 3482 4178 peccata

1909 4213 2166 4268 contritis
2217 4211 2401 4264 datam
2439 4223 2561 4263 esse.
2594 4206 2834 4268 veniam,
2870 4219 2980 4268 non
3002 4203 3170 4257 fuisse
3195 4215 3327 4254 vero
3362 4208 3485 4268 post

1909 4305 2153 4360 occisum
2171 4301 2471 4357 Christum.
2507 4318 2523 4348 ι
2543 4297 2602 4352 Id
2620 4296 2920 4366 saepissime
2939 4294 3142 4348 factum
3160 4301 3262 4354 est,
3284 4289 3482 4358 inquit.

1913 4406 1974 4451 ut
2012 4394 2317 4450 clarissime
2365 4401 2515 4461 patet
2568 4405 2635 4443 ex
2673 4387 2817 4441 libro
2849 4385 3129 4448 Judicum,
3169 4393 3227 4436 ct
3255 4381 3485 4435 historia

299 4495 368 4548 Χ.
413 4494 633 4548 Dictum
675 4494 962 4558 hactenus,
1016 4511 1128 4564 quo
1161 4503 1424 4563 tempore,
1469 4511 1581 4563 quo
1608 4494 1806 4564 impul-
1843 4513 1884 4566 ι)
1915 4489 2229 4558 Regnorum
2270 4495 2327 4539 et
2358 4482 2833 4551 Paralipomenon.
2887 4477 3080 4533 Postea
3103 4489 3234 4530 vero
3264 4470 3358 4542 qui
3389 4471 3485 4524 de-

225 4601 375 4646 sorc,
416 4593 474 4638 et
498 4600 604 4652 qua
635 4583 702 4638 de
742 4599 902 4637 causa
939 4599 1078 4652 opus
1105 4583 1248 4637 istud
1277 4591 1590 4652 susceptum
1622 4583 1694 4636 sit
1725 4591 1795 4636 at-

224 4693 333 4744 que
381 4675 553 4728 etiam
601 4675 909 4728 absolutum
969 4693 981 4726 :
1036 4690 1181 4727 nunc
1225 4688 1324 4726 cur
1349 4673 1454 4726 alia
1483 4672 1810 4741 explanandi

227 4766 431 4826 forma,
466 4780 628 4832 quam
660 4781 764 4832 qua
800 4764 1016 4825 inaiiis,
1051 4779 1182 4817 usus
1206 4763 1296 4825 sit,
1332 4763 1599 4816 rationein
1627 4762 1808 4823 adert,

227 4857 378 4925 quod
409 4857 484 4908 sit
521 4856 726 4914 utilior,
763 4855 908 4922 quod
949 4855 1021 4907 sit
1052 4855 1302 4922 exemplo
1328 4853 1530 4907 Christi
1561 4852 1810 4910 similior,

229 4946 378 5014 quod
441 4945 644 4998 Iastidii
683 4944 865 4998 minus
907 4944 1162 5013 taediique
1203 4944 1430 5002 habeat;
1489 4943 1689 4996 addere
1718 4959 1814 5010 po-

233 5047 380 5090 terat
406 5079 421 5096 ,
481 5038 526 5090 si
570 5037 835 5091 modestia
863 5036 1104 5098 sivisset,
1149 5035 1297 5104 quod
1327 5035 1815 5088 cruditnmscnem

236 5129 414 5192 magis
443 5127 653 5180 decent.

305 5217 399 5273 XI.
457 5218 767 5283 Quiestione
799 5218 854 5281 ‘2,
888 5218 920 5267 5
961 5227 1015 5272 et
1051 5219 1082 5271 ί
1120 5218 1172 5271 in
1215 5218 1473 5276 Cencsin,
1513 5233 1819 5271 sermonem

314 5387 337 5412 ⁸
369 5374 506 5426 Gen.
545 5389 577 5428 ι,
604 5371 691 5424 26.

1917 4577 2168 4631 hacchati
2199 4576 2416 4630 fuerant
2445 4575 2501 4628 in
2533 4572 2896 4630 Salvatorem,
2948 4568 3005 4622 in
3032 4567 3349 4621 universam
3376 4573 3486 4616 ter-

1915 4684 2028 4722 ram
2076 4676 2134 4722 et
2177 4681 2326 4720 mare
2358 4664 2594 4734 dispersi
2643 4670 2793 4724 sunt,
2845 4669 2902 4715 et
2949 4675 3073 4713 cum
3103 4652 3485 4726 quadringenti

1914 4762 2041 4813 :mni
2069 4758 2406 4817 ellluxerint.
2434 4770 2543 4810 non
2569 4763 2699 4812 sunt
2724 4750 3127 4806 revocationem
3149 4744 3482 4801 consecuti»

1913 4853 2356 4920 Quadringentos
2404 4864 2580 4902 annos
2624 4847 2808 4916 posuit
2857 4856 3090 4898 numero
3119 4840 3351 4906 integro,
3387 4833 3488 4888 etsi

1915 4946 2174 4997 deessent
2194 4940 2323 4994 anni
2355 4940 2435 5002 l7,
2463 4947 2756 5008 propterea
2776 4935 2922 5005 quod
2946 4939 3135 4988 exacta
3156 4925 3493 4996 computatio

1921 5034 2055 5087 mhil
2085 5032 2292 5086 Iaceret
2322 5030 2388 5083 ad
2421 5045 2533 5081 rem
2562 5069 2574 5087 ,
2625 5026 2896 5095 siquidem
2925 5029 3208 5091 comparat
3238 5017 3494 5086 pristinas

1921 5121 2107 5192 pupu'i
2143 5119 2356 5176 Judaici
2397 5119 2694 5172 scrvitutes
2723 5132 2850 5170 cum
2882 5122 3175 5184 postrema,
3204 5124 3324 5178 quse
3351 5121 3491 5174 qna-

1925 5216 2181 5270 ruml.bet
2225 5212 2454 5264 aliarum
2502 5209 2852 5263 dnrationeni
2901 5219 3160 5273 superare
3216 5201 3350 5254 satis
3395 5197 3493 5248 de-

1563 5485 1870 5540 St;lil'|.'l.il
1915 5485 2142 5539 Milli.

325 5694 363 5723 δ”
391 5694 465 5746 Ita
493 5693 606 5746 fere
645 5708 830 5760 supra,
864 5707 913 5758 ll.
953 5695 1123 5749 Ξυυοι
1157 5696 1275 5748 “liii.
1336 5696 1373 5723 ⁵³
1406 5695 1523 5747 Vill.
1552 5711 1733 5761 supra.
1760 5712 1809 5760 p.
1848 5695 1968 5746 207.

2054 5693 2092 5721 νε
2129 5690 2246 5742 V'id.
2275 5686 2550 5740 Undinnin
2585 5682 2655 5734 I’o.‘
2679 5681 2859 5742 script.
2896 5677 3098 5734 Cretes,
3123 5686 3160 5728 t.
3187 5675 3226 5737 l,
3254 5690 3308 5744 p.
3339 5670 3491 5735 1068,

253 5761 302 5795 ⁸³
330 5763 458 5817 Cum
485 5764 665 5824 iidem,
698 5747 806 5816 etc.
839 5746 892 5814 In
920 5766 1108 5831 primis
1131 5764 1454 5819 'I'heodorns
1496 5774 1546 5818 cl
1579 5746 1842 5818 Iliodoitns

1904 5765 2022 5815 για.
2056 5762 2089 5814 t.
2130 5778 2176 5810 ιι.
2215 5766 2404 5827 φηςι.
2443 5755 2532 5810 ~21.
2565 5749 2886 5810 2125,23,
2925 5746 3012 5810 δεῖ,
3045 5747 3132 5800 £0.
