4228 6446
758 416 864 480 215

1853 426 2230 486 GARNERII
2268 426 2763 489 DISSERTATIO
2802 429 2884 487 II.

3903 416 4016 480 2I6

759 527 1210 597 prehenderetur,
1257 530 1361 586 etsi
1409 531 1476 586 de
1520 532 1937 602 quadringentis
1962 537 2120 589 annis
2148 536 2332 605 plures
2362 544 2402 594 Α
2435 537 2612 604 gratia
2661 536 2857 589 factam
2918 531 3134 588 assidue
3190 527 3560 591 versantibus,
3592 526 3812 595 plurimi
3866 529 4016 581 asti-

758 632 923 684 quam
957 619 1350 686 septemdecim
1379 621 1826 692 detraherentur.

756 707 783 778 §
806 707 870 761 II.
898 708 1266 779 Interpretatio
1290 713 1342 764 in
1369 711 1607 766 Psalmos
1632 722 1837 766 centum
1859 723 1908 766 et
1929 715 2329 784 quinquaginta.

827 799 867 852 Ι.
931 800 1316 855 Theodoretus
1376 802 1849 872 interpretationis
1908 803 1963 855 in
2010 803 2334 856 Psalterium

756 891 1008 944 meminit
1029 907 1284 960 expresse
1315 892 1369 945 in
1393 893 1636 962 Epistola
1669 894 1735 948 ad
1763 893 2058 947 Eusebium
2085 891 2149 958 ³⁸,
2169 905 2333 961 atque

755 980 920 1032 etiam
938 982 1240 1048 quastione
1264 983 1332 1036 ιδ
1365 985 1421 1036 in
1449 983 1650 1037 librum
1671 983 1716 1036 ll
1748 983 1979 1052 Regum.

825 1069 888 1122 Ii.
925 1069 1178 1139 Suscepit
1201 1071 1369 1141 igitur
1393 1072 1448 1126 id
1474 1073 1655 1140 operis
1673 1081 1800 1126 ante
1824 1088 2026 1127 annum
2045 1073 2177 1137 453;
2206 1088 2332 1126 nam

754 1173 878 1213 cum
905 1161 1174 1215 scriberet
1194 1175 1338 1216 anno
1359 1163 1462 1217 445
1486 1164 1552 1216 ad
1577 1164 1898 1229 Eusebium,
1930 1165 2097 1219 tradit
2120 1180 2178 1218 se
2208 1173 2333 1218 ante

754 1250 1046 1305 duodecim
1071 1268 1246 1308 annos
1271 1253 1571 1307 confecisse
1619 1254 1790 1308 libros
1836 1271 1976 1324 quos
2015 1262 2329 1318 enumerat;

752 1352 1042 1397 enumerat
1065 1361 1196 1398 vero
1225 1344 1467 1399 secundo
1491 1346 1611 1399 loco
1635 1347 1884 1400 Psalterii
1912 1346 2327 1414 expositionem.

752 1429 1015 1496 Quamvis
1065 1434 1168 1487 hoc
1211 1443 1595 1503 argumentum
1642 1435 1924 1503 probabile
1969 1436 2041 1488 sit
2089 1449 2333 1503 veroque

754 1520 954 1582 simile,
1009 1520 1177 1576 debet
1211 1530 1394 1577 tamen
1447 1523 1654 1576 dictum
1699 1522 2029 1577 Theodoreti
2079 1522 2334 1592 restringi

753 1611 822 1665 ad
844 1612 1061 1681 priores
1085 1613 1279 1677 libros,
1327 1629 1468 1683 quos
1492 1622 1742 1668 recenset
1786 1632 1798 1666 :
1840 1629 1965 1668 nam
1989 1613 2331 1676 Philotheus,

686 1765 690 1768 ,
752 1702 846 1770 qui
873 1711 1188 1772 postremus
1211 1706 1546 1768 nominatur,
1578 1707 1668 1758 vix
1693 1715 1819 1760 ante
1843 1721 2046 1759 annum
2068 1705 2174 1758 445
2201 1704 2334 1758 scri-

752 1803 879 1862 ptus
905 1795 1011 1847 dici
1039 1803 1236 1864 potest,
1268 1803 1330 1848 ut
1358 1810 1459 1849 suo
1481 1796 1601 1850 loco
1631 1795 2118 1850 demonstrabitur.

2437 637 2579 681 mata
2620 630 2689 681 sit
2711 629 2775 683 “.
3673 675 3678 679 .

2506 718 2617 771 VII.
2646 716 2897 772 Ostendit
2928 717 3114 779 etiam,
3148 727 3312 783 quam
3338 711 3604 764 rationem
3646 710 3702 762 in
3726 723 4014 777 exponen-

2435 807 2520 862 dis
2549 809 2780 862 Psalmis
2805 815 3008 869 tcneat,
3037 813 3094 860 et
3125 818 3290 874 quam
3321 802 3391 856 ob
3429 815 3671 854 causam.
3713 818 3730 849 ι
3773 796 3910 852 Cum
3953 797 4015 851 in

2434 896 2616 948 varios
2654 895 2972 949 incidissem
3000 890 3445 952 commentarios,
3475 887 3569 958 qui
3609 887 3808 956 partim
3842 886 3896 939 in
3925 885 4013 938 al-

2433 987 2694 1057 legoriam
2733 989 2748 1006 '
2790 999 2917 1040 cum
2966 968 3139 1039 multa
3190 981 3439 1036 satietate
3498 979 3753 1041 abibant;
3805 976 4012 1044 partim

2433 1092 2566 1131 vero
2609 1076 2951 1146 prophetiam
2998 1072 3326 1144 quibusdam
3366 1069 3614 1124 historiis
3654 1068 3734 1121 sic
3777 1065 4010 1133 adapta—

2434 1168 2585 1231 bant,
2618 1176 2679 1221 ut
2706 1167 2909 1221 Judais
2952 1167 3137 1235 potius
3179 1161 3560 1233 interpretatio
3589 1159 4008 1226 suﬁragaretur,

2433 1273 2596 1327 quam
2624 1257 2749 1311 ﬁdei
2785 1256 3048 1310 alumnis:
3081 1253 3297 1307 solertis
3319 1267 3439 1305 esse
3487 1248 3694 1319 putavi,
3720 1256 3776 1301 et
3806 1247 4009 1300 horum

2433 1357 2490 1402 et
2525 1348 2744 1402 illorum
2784 1345 3232 1400 immodicitatcm
3268 1344 3475 1412 fugere.
3513 1340 3860 1406 Quacunque
3885 1337 4014 1405 qui-

2434 1439 2556 1494 dem
2584 1439 2777 1507 priscis
2825 1436 3071 1490 historiis
3103 1435 3475 1497 cohaerebant,
3507 1432 3592 1484 his
3635 1430 3748 1483 hac
3791 1442 4015 1481 accom-

2435 1529 2659 1585 modare
2680 1531 3015 1590 etiamnunc,
3045 1524 3427 1596 pradictiones
3459 1531 3640 1576 autem
3676 1520 3744 1574 de
3773 1519 4012 1572 Domino

2432 1622 2674 1685 Christo,
2704 1629 2758 1675 et
2780 1620 2847 1674 de
2878 1618 3120 1673 Ecclesia
3150 1633 3216 1671 ex
3249 1613 3502 1686 gentibus
3535 1610 3840 1674 conflanda,
3873 1624 4012 1664 nec-

2433 1728 2545 1766 non
2576 1712 2644 1766 de
2665 1710 2978 1781 evangelica
3003 1709 3303 1778 republica,
3327 1707 3503 1774 deque
3527 1703 3838 1773 apostolicis
3866 1716 4014 1770 pra-

2435 1801 2822 1864 dicationibus,
2851 1815 2960 1853 non
3003 1799 3126 1851 aliis
3162 1795 3487 1865 quibusdam
3538 1792 3834 1856 ascribere,
3857 1791 4010 1862 quod

820 1885 910 1938 ῙΠο
949 1884 1104 1950 Ουοά
1158 1887 1203 1940 Si
1248 1895 1429 1940 autem
1484 1902 1573 1941 res
1619 1887 1694 1941 ita
1736 1902 1793 1941 se
1832 1887 2016 1950 habet.
2067 1885 2121 1939 id
2151 1885 2332 1954 θρετίε
2368 1886 2404 1940 Β
2433 1894 2605 1950 Judai
2649 1893 2825 1947 facere
2877 1890 3077 1952 solent,
3120 1889 3214 1957 qui
3246 1887 3465 1941 malitia
3501 1884 3705 1939 assueti
3752 1891 3899 1946 sunt,
3949 1891 4012 1936 ct

750 1978 1114 2055 compositum
1137 1993 1258 2037 esse
1286 1987 1498 2046 oportet
1528 1986 1650 2047 post
1681 1978 1947 2048 synodum
1978 1977 2330 2046 Ephesinam,

696 2118 702 2123 ,
751 2083 876 2121 cum
929 2085 1016 2123 res
1072 2069 1407 2124 Nestoriana
1467 2070 1648 2124 adhuc
1701 2068 1997 2123 admodum
2029 2068 2330 2143 ferverent,

749 2175 960 2228 paxque
1005 2159 1147 2213 inter
1192 2160 1497 2224 Ecclesias,
1555 2161 1725 2214 invito
1764 2159 2130 2223 Theodoreto,
2187 2165 2332 2213 esset

749 2249 904 2302 inita.
952 2248 1179 2318 Oportet
1202 2257 1257 2303 et
1280 2250 1555 2318 pertinere
1585 2251 1651 2304 ad
1690 2251 1879 2314 libros,
1907 2251 2000 2318 qui
2045 2249 2098 2302 in
2131 2249 2332 2305 litteris

749 2340 815 2393 ad
839 2350 1084 2394 sanctum
1103 2341 1338 2395 Leonem
1370 2356 1512 2394 anno
1529 2341 1634 2395 “9
1656 2341 1817 2406 datis,
1864 2349 1990 2395 ante
2013 2340 2330 2410 quindecim

748 2447 919 2513 annos
947 2431 1140 2506 scripti
1166 2431 1440 2485 dicuntur.

818 2521 978 2591 265
1013 2521 1106 2575 ιν.
1146 2521 1277 2574 Inde
1315 2520 1373 2574 ﬁt
1397 2529 1478 2583 ut,
1504 2521 1761 2590 quoniam
1795 2537 1938 2590 ager
1978 2522 2197 2575 animus
2238 2521 2329 2574 vix

754 2614 1040 2667 continere
1070 2613 1208 2666 solet
1245 2622 1565 2682 conceptam
1606 2614 2080 2683 perturbationem
2100 2654 2114 2676 ,
2140 2629 2326 2667 erum-

748 2715 839 2775 pat
866 2707 1008 2760 inter
1031 2707 1503 2775 interpretandum
1533 2707 1765 2760 subinde
1793 2706 2043 2758 nonnihil
2094 2714 2192 2759 aut
2221 2704 2329 2758 ira-

749 2797 981 2859 cundia,
1014 2804 1108 2850 aut
1137 2798 1507 2863 querelarum,
1535 2806 1628 2849 aut
1663 2797 2038 2866 agritudinis:
2067 2796 2213 2865 quod
2242 2807 2324 2850 at-

751 2896 932 2942 tentus
955 2889 1129 2942 lector
1151 2903 1264 2942 non
1289 2890 1456 2942 semel
1491 2889 1826 2942 observabit.

823 2979 887 3033 V.
925 2979 1307 3032 Theodoretus
1333 2979 1504 3032 videri
1533 2987 1712 3047 potest
1733 2980 1982 3044 tradere,
2018 2994 2128 3034 non
2153 2978 2328 3033 conti-

748 3085 921 3124 nuum
966 3069 1137 3124 fuisse
1192 3071 1362 3123 totius
1404 3069 1588 3139 operis
1634 3069 1996 3124 elucubrandi
2058 3071 2322 3134 laborem,

751 3162 843 3215 sed
891 3161 1124 3214 aliorum
1163 3161 1466 3229 scriptione
1510 3161 1898 3230 interruptum.
1926 3162 2018 3215 Ait
2063 3163 2210 3216 enim
2232 3162 2275 3194 ⁸⁸
2307 3179 2319 3214 :

759 3272 778 3303 α
805 3253 918 3306 Hoc
944 3262 1191 3306 nostrum
1218 3253 1549 3306 desiderium
1574 3253 1921 3324 (explanandi
1952 3253 2322 3323 Psalterium),

752 3359 862 3397 non
896 3345 1144 3398 siverunt
1168 3343 1234 3397 ad
1273 3344 1434 3397 finem
1461 3345 1750 3412 pervenire
1779 3344 1837 3407 ii,
1865 3345 1958 3413 qui
1993 3360 2022 3398 a
2045 3344 2206 3397 nobis
2234 3360 2322 3396 sa-

751 3451 972 3489 crorum
1019 3436 1251 3488 aliorum
1285 3435 1626 3488 voluminum
1665 3437 2076 3504 explanationes
2117 3435 2324 3505 eIIlagi-

755 3535 959 3580 tarunt.
1002 3545 1019 3576 »
1051 3525 1232 3579 Malim
1259 3540 1360 3594 ego
1398 3534 1579 3579 tamen
1604 3526 1858 3580 assentiri
1885 3525 2177 3580 Sirmondo
2207 3525 2324 3578 exi-

752 3616 993 3670 stimanti
1024 3615 1297 3685 integrum
1331 3631 1469 3684 opus
1493 3626 1617 3685 post
1645 3624 1975 3671 memoratos
2009 3616 2182 3669 libros
2205 3631 2324 3670 esse

751 3704 1134 3775 compositum.
1161 3703 1216 3758 ld
1239 3705 1386 3758 enim
1415 3705 1648 3758 suadent
1685 3705 1852 3758 verba
1874 3705 2055 3758 allatis
2088 3705 2270 3772 priora
2307 3721 2320 3757 :

757 3816 773 3846 ‹
808 3799 1104 3866 PrOpterea
1133 3796 1274 3850 hanc
1301 3797 1532 3865 primam
1561 3797 1904 3865 prophetiam
1937 3796 2186 3850 volebam
2225 3812 2322 3850 ex-

754 3900 982 3955 ponere,
1019 3894 1182 3955 atque
1227 3887 1524 3956 ingeniosis
1573 3888 2002 3950 mercatoribus,
2038 3903 2157 3942 eam
2202 3903 2323 3957 qua

751 3978 805 4030 in
845 3977 1116 4046 profundo
1142 3987 1245 4041 est,
1272 3977 1566 4032 utilitatem
1594 3994 1920 4047 proponere,
1963 3986 2023 4031 ut
2064 3987 2324 4032 canentes

749 4068 933 4129 simul,
971 4077 1029 4121 et
1069 4083 1260 4121 eorum
1299 4084 1421 4137 qua
1459 4077 1734 4121 canuntur
1779 4068 2106 4122 sententiam
2146 4069 2324 4136 perci-

747 4159 981 4227 pientes,
1005 4157 1342 4227 duplicatum
1377 4157 1617 4211 fructum
1644 4157 1968 4228 percipiant.
2020 4177 2038 4208 ι
2081 4157 2324 4212 Suadent

746 4250 912 4303 etiam
965 4249 1244 4317 sequentia
1299 4266 1312 4301 :
1377 4269 1395 4300 ‹
1435 4250 1728 4318 Postquam
1769 4251 1937 4318 igitur
1963 4248 2116 4303 dedit
2162 4249 2324 4304 nobis

748 4340 908 4404 Deus,
957 4347 1018 4393 ut
1057 4339 1488 4394 commentarios
1528 4339 1582 4392 in
1626 4339 1742 4392 hac
1783 4339 1956 4407 ipsius
1986 4339 2206 4408 eloquia
2253 4339 2322 4392 ad

747 4430 910 4484 finem
959 4430 1544 4499 perduceremus;age
1595 4429 1760 4500 hujus
1805 4429 1970 4484 etiam
2017 4430 2323 4500 prOphetia

743 4521 1145 4588 expositionem
1169 4522 1322 4575 bono
1340 4520 1524 4574 animo
1547 4519 1951 4590 aggrediamur.
1982 4539 2000 4571 ι

817 4611 902 4666 Vl.
927 4611 1048 4677 Quo
1072 4611 1303 4667 consilio
1331 4612 1628 4666 accesserit
1657 4611 1724 4664 ad
1750 4612 1899 4665 hunc
1929 4611 2199 4675 laborem,
2225 4627 2318 4664 ex-

744 4703 903 4770 ponit
923 4702 1164 4757 dilucide
1195 4720 1208 4755 :
1261 4720 1280 4753 ι
1315 4701 1443 4754 Mihi
1477 4701 1698 4770 quidem
1741 4716 1852 4769 pra
1881 4701 2095 4754 cateris
2118 4701 2318 4755 divinis

745 4793 981 4846 oraculis
1020 4793 1260 4862 optabile
1313 4793 1435 4855 fuit,
1484 4792 1664 4862 magni
1703 4790 1924 4845 Davidis
1974 4791 2316 4860 prophetiam

746 4882 1127 4951 interpretari;
1159 4883 1603 4952 quandoquidem
1640 4883 1917 4952 religionis
1947 4883 2174 4946 alumni,
2203 4892 2316 4936 tum

743 4975 836 5040 qui
870 4975 1056 5037 urbes,
1081 4984 1192 5027 tum
1228 4975 1498 5043 quiagros
1524 4974 1791 5036 incolunt,
1819 4975 2150 5042 pracipuam
2179 4989 2316 5043 ope-

743 5082 858 5117 ram
909 5067 1040 5120 huic
1079 5069 1220 5136 parti
1258 5077 1458 5121 navant
1481 5083 1703 5132 omnes;
1730 5069 1784 5121 in
1824 5068 2016 5136 primis
2048 5083 2182 5122 vero
2225 5069 2318 5136 qui

747 5158 1102 5210 monasticam
1144 5159 1310 5212 vitam
1347 5169 1533 5229 agunt,
1555 5159 1672 5212 dies
1696 5167 1997 5227 noctesque
2027 5158 2320 5213 Davidieos

743 5262 933 5302 tersus
952 5248 1007 5300 in
1033 5264 1126 5303 ore
1151 5249 1374 5309 habent,
1407 5267 1424 5298 ι
1462 5259 1568 5302 etc.
1614 5248 1742 5303 Inde
1767 5263 1824 5302 se
1853 5249 2038 5318 prodit
2059 5247 2320 5302 nonnulla

740 5353 926 5403 causa,
961 5355 1060 5392 cur
1099 5355 1129 5392 a
1174 5339 1456 5394 monachis
1495 5340 2002 5408 interpretationem
2048 5341 2188 5394 hanc
2237 5338 2319 5392 sui

809 5499 837 5537 ιι
869 5497 1013 5552 Psal.
1039 5513 1089 5560 ι,
1115 5499 1166 5550 7.

2436 2001 2546 2040 sua
2570 1981 2972 2038 incredulitatis
2994 1980 3404 2035 excusationem
3439 1985 3648 2031 texunt.
3677 1974 3819 2030 Satis
3853 1973 4006 2028 enim

2433 2087 2515 2133 est
2555 2093 2739 2131 rerum
2788 2076 3027 2145 ipsarum
3069 2071 3465 2133 testimonium,
3507 2079 3567 2122 ut
3599 2067 3668 2121 ad
3710 2066 4007 2121 veritatem

2434 2167 2902 2237 interpretationis
2934 2163 3170 2219 deducat
3200 2177 3313 2225 eos,
3336 2161 3430 2230 qui
3465 2159 3610 2213 illam
3638 2157 3878 2226 reperire
3903 2154 4008 2209 de-

2432 2258 2674 2313 siderant
2709 2275 2721 2309 :
2752 2256 2898 2310 unde
2933 2270 3045 2309 non
3075 2252 3370 2309 admodum
3413 2249 3682 2304 laboriosa
3714 2247 3820 2301 erit
3842 2244 4008 2299 nobis

2430 2350 2805 2421 pradictionis
2840 2349 3148 2419 expositio,
3193 2345 3464 2415 siquidem
3512 2343 3652 2396 hanc
3701 2338 4006 2394 dilucidam

2430 2441 2558 2496 facit
2582 2442 2744 2511 266
2766 2455 2949 2494 rerum
2985 2437 3391 2506 contemplatio.
3420 2432 3773 2488 Studebimus
3794 2439 4004 2493 autem,

2429 2533 2574 2603 quod
2613 2533 2666 2585 in
2701 2532 2859 2585 nobis
2885 2531 3008 2594 erit,
3036 2528 3299 2582 orationis
3335 2525 3696 2595 prolixitatem
3732 2522 3923 2581 vitare,
3949 2529 4011 2574 et

2429 2621 2872 2692 compendiosam
2915 2620 3228 2674 volentibus
3274 2617 3562 2671 utilitatem
3611 2626 3938 2684 proponere.
3979 2629 4000 2661 ι

2427 2711 2576 2777 Quos
2598 2713 2799 2782 arguit,
2832 2718 2926 2764 aut
2973 2709 3267 2763 fastidiosa
3303 2705 3592 2775 allegoria,
3627 2712 3721 2756 aut
3747 2701 3901 2756 nimii
3947 2701 4008 2755 in

2427 2801 2644 2875 Judaos
2669 2801 2891 2862 favoris,
2918 2808 3013 2854 aut
3033 2799 3268 2852 tadiosa
3298 2795 3625 2866 prolixitatis
3641 2793 4005 2863 expositores,

2428 2894 2462 2946 ii
2500 2901 2628 2946 sunt
2668 2891 3060 2959 Apollinarius,
3098 2889 3421 2943 Theodorus
3458 2887 3874 2954 Mopsuestenus
3899 2923 3914 2947 ,
3949 2892 4011 2938 et

2426 2985 2851 3056 Chrysostomus
2909 3001 2922 3037 :
2983 2982 3260 3052 allegoriis
3315 2981 3544 3035 indulsit
3609 2979 4006 3048 Apollinarius,

2425 3074 2667 3129 Judaicis
2705 3071 3138 3142 expositionibus
3180 3071 3524 3134 Theodorus,
3563 3068 3995 3139 Chrysostomus

2425 3165 2750 3232 prolixitati.
2787 3163 3066 3216 Abstinuit
3088 3177 3220 3215 vero
3259 3161 3436 3213 abhis
3475 3157 3794 3213 auctoribus
3822 3159 4008 3212 nomi-

2427 3253 2596 3306 natim
2631 3252 2970 3321 appellandis
3002 3260 3228 3322 propter
3255 3250 3619 3305 reverentiam
3647 3267 3659 3302 :
3686 3265 3811 3303 nam
3839 3249 4008 3319 Apol-

2426 3346 2607 3399 linarii
2646 3345 2844 3398 famam
2884 3345 3254 3414 suspiciebat,
3295 3342 3540 3410 reliquos
3577 3341 3716 3395 duos
3744 3349 3802 3394 ut
3827 3340 4007 3410 magi-

2427 3446 2571 3491 stros
2603 3437 2837 3491 colebat.

2496 3527 2630 3580 VIII.
2676 3525 3125 3597 Chrysostomum
3179 3531 3358 3577 tamen
3408 3522 3481 3576 ita
3518 3526 3742 3576 secutus
3773 3527 3856 3572 est
3896 3517 4009 3572 hac

2426 3618 2480 3670 in
2532 3627 2716 3685 parte,
2773 3626 2830 3669 ut
2877 3615 3025 3668 aliud
3071 3613 3208 3668 nihil
3254 3615 3366 3668 fere
3425 3622 3685 3682 prastare
3732 3612 4006 3675 videatur,

2425 3723 2588 3775 quam
2644 3707 2790 3777 quod
2852 3707 3080 3761 eﬂ'usam
3135 3706 3282 3759 illius
3339 3704 3643 3758 orationem
3686 3702 4002 3756 contrahat.

2428 3797 2738 3853 Sententias
2763 3808 2909 3853 certe
2939 3798 3207 3866 expressit
3246 3812 3386 3865 sape
3425 3813 3437 3848 :
3471 3795 3636 3849 verba
3675 3804 3856 3848 autem
3901 3795 4009 3848 ali-

2426 3888 2643 3956 quando
2672 3887 2978 3956 exscripsit.
3008 3886 3064 3939 Id
3100 3902 3222 3939 cum
3255 3885 3507 3954 pluribus
3533 3885 3797 3953 exemplis
3827 3881 4004 3936 mani—

2425 3981 2622 4036 festum
2653 3979 2775 4042 fiat,
2803 3989 2915 4033 tum
2949 3978 3254 4032 clarissime
3284 3986 3464 4046 patet.
3505 3976 3549 4030 si
3589 3975 3875 4043 utriusque
3910 3973 4001 4026 in-

2425 4071 2682 4140 terpretis
2705 4077 2759 4122 et
2785 4069 2998 4136 legatur
3036 4076 3092 4121 et
3133 4065 3448 4120 conferatur
3487 4064 3913 4119 commentarius
3945 4063 4003 4116 in

2424 4161 2690 4232 psalmum
2727 4175 2755 4211 ι.
2780 4158 2845 4211 ad
2873 4157 2987 4211 hac
3007 4157 3208 4210 verba:
3243 4155 3376 4208 Ecce
3397 4157 3453 4208 in
3490 4154 3856 4223 iniquitatibus
3874 4169 4005 4205 con-

2424 4264 2600 4322 ceptus
2630 4268 2745 4304 sum
2787 4251 2834 4312 ι»,
2863 4258 2969 4303 etc.

2495 4342 2586 4397 IX.
2615 4340 2730 4395 Etsi
2758 4338 3054 4408 aliquando
3078 4343 3300 4391 secutus
3343 4335 3415 4390 sit
3446 4332 3816 4396 Theodorum,
3849 4333 4004 4386 hunc

2424 4435 2627 4490 deserit
2645 4442 2824 4486 tamen
2851 4439 2909 4484 ut
2932 4430 3250 4499 plurimum,
3269 4427 3435 4495 idque
3452 4426 3616 4494 justis
3635 4425 3702 4478 de
3719 4424 3900 4478 causis
3917 4423 3997 4477 ":

2348 4537 2394 4596 ι)
2421 4541 2547 4579 nam
2577 4523 2901 4577 Theodorus
2937 4521 3116 4590 primo
3141 4521 3308 4572 multa
3337 4518 3391 4570 in
3419 4516 3644 4571 Psalmis
3674 4515 3742 4570 de
3775 4514 4003 4568 Christo

2422 4617 2590 4676 dicta,
2630 4615 2920 4682 detorquet
2946 4612 3082 4674 alio;
3117 4610 3315 4664 deinde
3343 4609 3661 4662 adolescens
3687 4605 4001 4659 octodecim

2423 4719 2692 4760 annorum
2719 4703 2978 4757 Davidem
3009 4701 3400 4768 interpretatus
3438 4704 3540 4757 est,
3580 4710 3702 4748 cum
3737 4695 3860 4762 plus
3901 4693 4003 4746 ha-

2425 4798 2580 4851 beret
2619 4794 2860 4848 audacia
2895 4807 3057 4860 quam
3097 4789 3446 4843 eruditionis.
3488 4787 3681 4839 Postea
3722 4783 3995 4852 ejusmodi

2425 4885 2764 4955 expositione
2789 4882 3051 4935 invidiam
3082 4879 3376 4932 multorum
3399 4875 3501 4930 sibi
3532 4873 3808 4934 conflavit,
3835 4871 3997 4940 quasi

2425 4979 2628 5033 Judais
2663 4976 2866 5028 faveret
2897 4991 2910 5025 :
2943 4972 3179 5040 denique
3221 4970 3336 5038 ipse
3381 4983 3539 5021 suum
3575 4965 3816 5036 juvenile
3854 4978 4001 5031 opus

2423 5086 2532 5124 non
2566 5067 2858 5122 admodum
2909 5063 3191 5132 probabat,
3224 5069 3285 5113 ut
3324 5059 3585 5113 infectum
3610 5057 3774 5110 etiam
3807 5055 3996 5109 vellet.

2423 5162 2659 5229 Ingcnue
2700 5169 2878 5212 tamen
2929 5154 3230 5214 fatendum,
3263 5150 3407 5219 quod
3451 5166 3538 5203 res
3582 5157 3700 5211 est;
3749 5162 3810 5198 ea
3857 5161 4001 5198 non-

2423 5262 2701 5316 nunquam
2748 5247 2800 5298 in
2830 5243 3052 5299 Catenis
3094 5242 3198 5310 legi
3230 5257 3295 5294 ex
3322 5239 3614 5293 Theodoro
3650 5238 3702 5290 in
3725 5237 3995 5298 Psalmos,

2423 5353 2545 5406 qua
2574 5344 2882 5396 ostendant,
2918 5334 2988 5389 ab
3032 5333 3150 5402 ipso
3179 5331 3471 5385 litteralem
3500 5343 3718 5383 sensum
3759 5327 4001 5381 feliciter

2067 5612 2382 5668 SCHULZII
2424 5611 2657 5666 NOTAE.

773 5747 784 5756 ’
809 5745 856 5818 ’f
881 5747 1001 5801 Vid.
1026 5748 1202 5818 epist.
1237 5749 1324 5802 89..
1403 5751 1445 5780 ³⁸
1476 5749 1531 5803 1η
1556 5750 1711 5803 Praf.
1738 5751 1962 5816 hujusce
1992 5751 2202 5818 Operis.
2283 5753 2326 5783 ³⁸
2355 5751 2503 5804 Piur.
2525 5749 2812 5803 mstim.sit.
2838 5748 2961 5804 Hac
2988 5747 3204 5817 supplet
3231 5743 3500 5808 Oudinus,
3535 5740 3608 5795 De
3626 5742 3806 5811 script.
3829 5737 3987 5803 κει..

740 5825 780 5873 ι.
819 5815 861 5883 Ι,
902 5832 954 5886 p.
985 5817 1140 5871 1070.
1217 5818 1261 5850 ³⁷
1287 5818 1406 5872 Vid.
1442 5819 1672 5874 Fabricii
1701 5819 1944 5874 Biblioth.
1983 5815 2100 5885 Cia,
2133 5822 2239 5876 vol.
2278 5821 2332 5875 ll

2348 5862 2369 5887 η,
2399 5837 2451 5890 p.
2485 5819 2582 5875 160
2611 5834 2727 5887 seq.
