4228 6446
190 395 289 461 ΞΠ

186 506 499 577 expositum
540 503 740 569 fuisse,
788 514 850 557 ut
890 502 1142 556 mirabile
1187 502 1259 555 sit
1305 501 1359 555 in
1417 500 1763 555 adolescente
1797 505 1837 558 Α
1866 513 2029 565 sunt,
2076 520 2253 574 neque
2306 505 2537 559 minoris
2578 505 2835 558 momenti
2874 506 2920 537 "

186 606 397 653 tantam
434 594 743 665 Scriptura
772 592 1188 662 intelligentiam
1209 592 1474 645 exsistere
1496 590 1758 659 potuisse.

395 686 425 757 ς
454 687 547 740 lll.
581 685 954 755 Interpretatio
978 683 1182 738 Cantici
1208 684 1550 735 canticorum.

251 777 295 831 1.
325 778 762 846 lnterpretatum
786 790 846 830 se
863 774 1150 829 Canticum
1171 773 1509 828 canticorum
1536 779 1756 825 testans

182 866 593 930 Theodoretus,
638 864 808 921 semel
859 863 1105 934 quidem,
1132 862 1229 918 sed
1262 870 1481 933 aperte,
1523 862 1578 915 in
1613 862 1759 915 Prae.

184 956 387 1010 latione
429 954 807 1025 Expositionis
858 956 913 1008 in
966 954 1211 1009 Psalmos
1257 970 1269 1005 :
1310 970 1329 1003 ι
1376 952 1765 1021 lmposuerunt

182 1049 343 1103 nobis
371 1047 653 1110 nonnulli,
691 1055 753 1101 ut
776 1045 1061 1101 Canticum
1094 1044 1433 1099 canticorum
1463 1056 1763 1111 exponere-

183 1153 334 1203 mus;
358 1139 536 1207 aliqui
556 1152 688 1191 vero
704 1136 808 1190 viri
832 1135 1234 1190 desideriorum
1253 1135 1297 1165 ³⁸
1310 1134 1764 1188 desideraverunt

181 1230 535 1300 prophetiam
562 1243 929 1300 cognoscere;
959 1227 1049 1281 alii
1093 1226 1263 1280 divini
1308 1224 1635 1286 Ezechielis,
1666 1224 1760 1278 alii

182 1321 479 1375 duodecim
529 1320 924 1389 prophetarum
987 1318 1373 1388 praedictiones
1428 1317 1761 1370 obscuritate

182 1411 464 1464 involutas
510 1409 790 1464 enucleari
832 1407 935 1462 sibi
980 1422 1044 1461 ac
1084 1406 1352 1460 declarari
1392 1405 1758 1475 postularunt.

184 1499 483 1569 Postquam
517 1499 686 1569 igitur
728 1498 883 1552 dedit
927 1497 1086 1551 nobis
1124 1498 1299 1559 Deus,
1323 1504 1382 1549 ut
1427 1502 1764 1549 commenta-

183 1590 293 1645 rios
325 1591 387 1644 in
426 1591 544 1644 haec
576 1590 753 1658 ipsius
783 1589 1000 1657 eloquia
1028 1587 1094 1641 ad
1118 1587 1280 1640 ﬁnem
1306 1585 1758 1656 perdueeremus,

178 1698 274 1753 age
310 1683 487 1753 hujus
530 1682 697 1737 etiam
733 1679 1041 1750 prophetiae
1081 1678 1481 1749 expositionem
1528 1676 1761 1731 ﬁdenter

180 1774 589 1844 aggrediamur.
620 1791 639 1825 ι

244 1864 311 1918 ιι.
345 1864 429 1921 De
453 1861 910 1933 interpretatione
927 1873 1114 1929 porro,
1143 1873 1308 1927 quam
1348 1857 1533 1912 Graece
1555 1855 1759 1926 pariter

179 1973 239 2012 ac
259 1958 463 2011 Latine
485 1972 552 2011 ex
572 1956 692 2009 Zini
711 1954 968 2008 versione
989 1950 1503 2006 ediditSirmondus
1522 1948 1758 2013 ",dubi-

180 2050 376 2105 taverit
394 2048 540 2103 forte
561 2046 856 2118 quispiam,
874 2044 1015 2099 sitne
1040 2042 1393 2105 Theodoreti,
1413 2056 1481 2094 an
1511 2041 1755 2095 alterius.

245 2141 334 2198 ΠΙ.
361 2141 719 2197 Theodoreto
762 2138 955 2192 tribuit
978 2136 1308 2192 Sirmondus
1325 2176 1340 2199 ,
1375 2151 1476 2206 pro
1502 2149 1612 2204 quo
1637 2150 1759 2205 gra—

179 2235 398 2289 vissima
443 2229 605 2304 267
643 2247 742 2286 sex
771 2232 816 2264 ⁸ο
863 2238 1185 2301 argumenta
1212 2229 1439 2282 faciunt.
1488 2227 1750 2291 Primum,

180 2325 470 2395 ipsiusmet
502 2322 781 2378 Sirmondi
810 2318 1403 2391 viri.perspicacissimi
1433 2329 1596 2387 atque
1624 2335 1755 2373 eru-

177 2416 438 2472 ditissimi
479 2415 771 2486 judicium.
808 2414 1081 2474 Alterum,
1114 2411 1247 2466 ﬁdes
1304 2410 1507 2481 gemini
1558 2426 1753 2463 manu-

179 2507 367 2577 scripti
414 2504 647 2567 codicis,
677 2504 797 2558 ltali
828 2518 1027 2572 nempe
1048 2542 1061 2565 ,
1092 2518 1202 2571 quo
1232 2501 1558 2556 Franciécus
1591 2501 1758 2555 Zinus

177 2612 308 2651 usus
340 2604 452 2659 est,
498 2604 558 2647 et
608 2593 805 2657 nostri,
838 2608 948 2662 quo
1000 2590 1344 2647 Sirmondus.
1398 2591 1643 2646 Tertium
1685 2596 1748 2657 δι,

177 2690 471 2757 ipsiusmet
503 2684 837 2739 Theodoreti
884 2683 1293 2748 testimonium,
1328 2685 1647 2753 exposuisse
1696 2701 1755 2739 se

173 2779 399 2835 Cantica
433 2779 776 2832 canticorum
803 2775 1115 2831 scribentis.
1144 2773 1433 2840 Quartum,
1461 2775 1756 2830 auctoritas

176 2869 376 2939 Pelagii
399 2868 450 2922 ll
479 2865 777 2936 pontiﬁcis,
804 2876 899 2919 aut
936 2864 1185 2935 Gregorii
1215 2864 1391 2935 Magni
1425 2866 1608 2934 potius
1636 2866 1754 2935 epi-

172 2961 370 3014 stolam
416 2957 622 3027 Pelagii
666 2957 887 3017 nomine
925 2955 993 3010 ad
1042 2955 1215 3010 Eliam
1257 2956 1661 3025 Aquileiensem
1699 2965 1757 3011 et

172 3052 464 3121 episcopos
496 3048 671 3104 lstrite
704 3047 1016 3103 scribentis.
1050 3066 1067 3097 ‹
1105 3046 1244 3102 Cum
1295 3047 1642 3113 Theodorus,
1672 3048 1755 3102 in-

1356 393 1454 453 DE
1490 392 1748 452 LIBRlS
1777 392 2283 457 THEODORETI.

3331 398 3437 463 218

2984 522 2998 559 :
3046 520 3173 560 nam
3223 517 3435 573 auctor,

1866 593 2118 661 quisquis
2153 605 2257 658 est,
2292 596 2519 664 perinde
2544 611 2602 650 se
2632 595 2793 666 gerit,
2825 610 2888 650 ac
2918 596 2963 650 si
2990 598 3154 651 vellet
3184 597 3351 651 alium
3377 614 3435 654 se

1867 699 1896 736 a
1924 684 2271 739 Theodoreto
2302 687 2533 754 probare
2556 703 2571 752 ;
2596 686 2866 757 siquidem
2894 686 3060 742 refert
3078 688 3259 757 primo
3282 689 3349 753 “,
3380 690 3435 743 id

1866 789 1923 827 se
1943 775 2125 843 operis
2146 790 2485 846 aggressum,
2513 778 2764 846 quamvis
2801 777 3297 835 innumerabilibus
3316 788 3434 835 tum

1867 867 2107 931 urbanis,
2135 876 2248 921 tum
2282 868 2598 929 rusticanis,
2629 879 2744 923 tum
2775 868 3128 932 militaribus,
3158 878 3273 923 tum
3298 871 3433 925 civi-

1864 955 2029 1019 libus,
2088 965 2202 1009 tum
2259 955 2327 1010 ad
2377 956 2695 1021 Ecclesiam,
2741 965 2857 1010 tum
2910 957 2980 1011 ad
3041 938 3433 1027 rempublicam

1864 1046 2267 1113 pertinentibus
2313 1046 2769 1115 occupationibus
2806 1047 3102 1103 distractus
3133 1059 3298 1104 esset.
3330 1048 3434 1117 Qui

1864 1151 1995 1189 vero
2016 1136 2415 1202 Theodoretus,
2450 1152 2574 1190 cum
2616 1137 2671 1190 in
2704 1140 3037 1193 monasterio
3056 1140 3434 1210 episcopatum

1864 1242 2039 1295 usque
2066 1226 2283 1292 vixerit,
2324 1237 2380 1282 et
2400 1238 2687 1298 postquam
2745 1229 3119 1299 episcopatum
3165 1233 3431 1303 suscepit.

1862 1314 2063 1367 divinis
2087 1314 2251 1369 rebus
2281 1317 2576 1371 tractandis
2607 1326 2753 1371 totus
2776 1317 3108 1382 incubuerit,
3136 1328 3230 1373 aut
3263 1322 3433 1375 rusti—

1863 1407 2035 1470 canis,
2075 1415 2170 1460 aut
2216 1406 2547 1462 militaribus
2582 1408 2813 1479 aliisque
2849 1408 3091 1479 praefatis
3134 1412 3279 1464 curis
3315 1411 3431 1466 dis-

1864 1497 2223 1551 trahebatur?

1932 1586 1995 1639 V.
2040 1586 2225 1667 lunuit
2257 1586 2475 1651 deinde,
2504 1602 2562 1641 se
2602 1587 2817 1641 vivente
2849 1588 3014 1657 268
3043 1587 3431 1659 Chrysostomo

1862 1675 2101 1729 scribere
2133 1675 2199 1729 ”.
2243 1694 2263 1726 ι
2307 1675 2487 1730 Fortis
2516 1676 2605 1730 ille
2632 1675 2852 1745 pietatis
2891 1686 3262 1746 propugnator
3291 1678 3423 1732 Dio-

1862 1766 2053 1829 dorus,
2090 1773 2145 1819 et
2167 1766 2425 1831 Joannes,
2460 1766 2555 1835 qui
2598 1766 2667 1820 ad
2717 1766 2866 1821 hunc
2919 1784 3095 1838 usque
3149 1770 3292 1823 diem
3332 1770 3433 1826 do—

1863 1858 2055 1911 ctrinaa
2098 1857 2318 1911 ﬂuentis
2352 1857 2545 1926 irrigat
2570 1859 2887 1912 universum
2912 1858 3101 1914 orbem
3135 1870 3430 1926 terrarum,

1861 1948 2063 2003 librum
2094 1948 2242 2002 hunc
2272 1947 2610 2017 spiritualem
2663 1962 2785 2001 esse
2824 1959 3177 2004 censuerunt.
3208 1971 3225 2002 ι
3258 1952 3425 2021 Atqui

1862 2040 2241 2095 Theodoretus
2291 2040 2514 2109 scripsit
2560 2040 2617 2093 in
2652 2038 2912 2105 Cantica,
2960 2056 3083 2096 cum
3137 2043 3431 2114 epiSCOpus

1853 2135 1963 2205 jam
1992 2141 2156 2197 esset,
2178 2139 2235 2187 et
2262 2133 2354 2185 vix
2383 2132 2705 2187 vicesimum
2738 2133 2963 2187 tertium
3001 2135 3179 2190 artatis
3226 2151 3431 2191 annum

1859 2224 2134 2294 attigerat,
2197 2238 2321 2277 eum
2372 2220 2796 2294 Chrysostomus
2832 2224 3020 2279 vivere
3062 2216 3267 2280 desiit:
3298 2227 3428 2283 lun-

1859 2325 1980 2371 ctus
1997 2314 2142 2369 enim
2174 2322 2257 2368 est
2281 2312 2392 2367 fato
2425 2329 2569 2369 anno
2603 2315 2726 2368 407.
3269 2339 3273 2342 ν

1934 2408 2019 2463 Vl.
2073 2407 2281 2471 Tertio,
2326 2407 2381 2460 in
2413 2406 2767 2461 Theodorum
2807 2408 3253 2479 Mopsuestenum
3296 2426 3425 2483 gra-

1857 2503 1999 2557 viter
2057 2502 2358 2565 invehitur,
2404 2502 2571 2555 tacito
2612 2501 2834 2569 quidem
2880 2502 3125 2567 nomine,
3166 2503 3263 2558 sed
3312 2505 3428 2559 suis

1857 2594 1988 2648 satis
2032 2593 2445 2647 characteribus
2495 2593 2731 2647 indicata
2778 2610 3029 2663 persona.
3082 2593 3225 2660 Quid
3273 2597 3422 2652 enim

1856 2687 2078 2757 gravius
2106 2685 2214 2739 dici
2249 2695 2413 2755 queat
2434 2685 2486 2739 in
2512 2685 2691 2738 virum
2721 2702 2784 2739 ea
2812 2693 3133 2759 tempestate
3176 2687 3425 2742 celeber—

1859 2780 2079 2841 rimum,
2104 2794 2265 2847 quam
2312 2777 2493 2847 «quod
2525 2786 2711 2831 narret
2763 2776 2997 2840 fabulas,
3029 2792 3096 2830 ne
3142 2775 3428 2833 deliranti-

1856 2872 1959 2925 bus
1988 2871 2210 2939 quidem
2237 2870 2471 2923 aniculis
2517 2869 2742 2938 dignas;
2780 2868 2945 2922 falsas
2992 2875 3048 2922 et
3092 2869 3428 2938 perniciosas

1855 2964 2144 3033 opiniones
2184 2961 2457 3025 inducat;
2506 2960 2793 3014 maledicta
2840 2968 2896 3014 et
2948 2960 3312 3014 contumelias
3364 2960 3423 3014 in

1857 3056 2120 3127 Spiritum
2148 3066 2398 3109 sanetum
2441 3054 2731 3124 conjiciat;
2787 3051 3040 3106 Patribus
3083 3051 3242 3121 longe
3288 3050 3423 3106 infe-

174 3145 309 3214 quit,
346 3142 641 3198 Canticum
682 3141 1023 3194 canticorum
1058 3140 1221 3194 vellet
1265 3156 1567 3210 exponere,
1599 3141 1752 3196 Salo-
1780 3169 1827 3227 α
1858 3150 1974 3202 rior
2014 3148 2085 3202 sit
2116 3146 2387 3217 sapientia
2420 3155 2477 3200 et
2523 3145 2721 3214 spiritu
2747 3144 2854 3208 “,i
2905 3151 3012 3199 etc.
3069 3143 3427 3197 Theodorum

174 3251 391 3290 monem
440 3251 541 3305 per
566 3234 715 3288 hunc
741 3232 944 3286 librum
984 3231 1331 3303 Ethiopissaa
1362 3234 1560 3304 reginae
1594 3234 1751 3288 blan-

174 3327 344 3381 ditum
394 3341 523 3380 esse
556 3324 837 3395 professus
865 3334 950 3378 est
996 3324 1184 3394 :quod
1236 3324 1619 3379 Theodoretus
1666 3340 1753 3379 re—

174 3417 548 3488 prehendens,
581 3430 785 3469 nomen
831 3415 1053 3485 quidem
1101 3413 1376 3470 Theodori
1423 3416 1750 3485 suppressit,

174 3510 264 3564 sed
310 3519 502 3563 tamen
545 3508 825 3562 vesaniam
882 3506 1172 3577 patefecit;
1224 3506 1469 3576 ejusdem
1517 3523 1753 3577 namque

172 3602 294 3657 libri
328 3608 649 3656 commenta
671 3599 1009 3662 describens,
1038 3598 1114 3651 ait
1141 3615 1154 3651 :
1194 3597 1366 3653 Audio
1399 3597 1575 3668 plures
1609 3597 1752 3652 Can-

172 3694 327 3747 ticum
359 3691 694 3745 canticorum
732 3689 1097 3752 detrahentes,
1138 3695 1187 3740 et
1217 3705 1321 3741 non
1351 3689 1616 3742 credentes
1648 3691 1754 3759 spi-

172 3782 423 3836 ritualem
458 3797 569 3834 esse
615 3779 829 3845 librum,
865 3777 1075 3849 fabulas
1113 3787 1291 3832 autem
1329 3780 1590 3848 quasdam
1630 3781 1749 3832 ani-

170 3875 375 3929 calores
426 3888 521 3943 per
568 3872 841 3925 vesaniam
885 3879 1118 3923 texentes
1155 3886 1481 3940 componere,
1524 3879 1571 3922 et
1616 3886 1753 3940 pra:-

167 3981 370 4019 sumcre
413 3964 678 4026 dicentes,
716 3962 853 4031 quod
887 3963 1097 4031 sapiens
1131 3959 1383 4015 Salomon
1417 3961 1487 4014 ad
1521 3962 1751 4031 seipsum

170 4068 216 4112 et
244 4058 429 4127 ﬁliam
460 4056 757 4119 Pharaonis
793 4054 928 4107 hunc
963 4053 1151 4106 librant
1181 4053 1586 4122 conscripsisset.
1620 4050 1752 4117 Quae

168 4149 333 4205 verba
372 4154 594 4202 exstant
626 4146 669 4178 δ’
714 4145 770 4198 in
815 4143 1130 4213 praefatione
1163 4143 1349 4212 operis
1388 4159 1418 4195 a
1458 4142 1751 4197 Sirmondo

168 4240 316 4295 editi.
349 4238 641 4306 Quintum,
680 4235 924 4305 prolixus
951 4234 1172 4304 quidam
1222 4234 1523 4289 Ezechielis
1574 4234 1747 4299 locus,

168 4331 458 4385 continens
482 4327 653 4381 verba
669 4326 765 4379 Dei
790 4326 857 4379 ad
876 4324 1324 4395 Hierosolymam,
1365 4325 1453 4378 cui
1490 4324 1637 4378 velut
1668 4324 1751 4378 in—

168 4436 313 4475 sana
346 4418 655 4483 meretrici,
682 4416 989 4487 allegoricis
1016 4415 1270 4479 vocibus,
1302 4414 1583 4468 infandum
1632 4416 1749 4469 ido-

1857 3250 2037 3295 tamen
2066 3236 2471 3299 Theodoretus,
2498 3244 2553 3290 et
2571 3234 2746 3289 coluit
2784 3233 2979 3304 junior
3010 3240 3070 3286 ut
3109 3241 3324 3303 patrem
3355 3246 3421 3287 ac

1854 3332 2197 3401 magistrum,
2234 3337 2288 3383 et
2328 3337 2543 3382 matura
2595 3328 2705 3397 jam
2746 3333 2926 3389 astate,
2973 3325 3195 3394 scriptis
3240 3324 3421 3388 libris,

1854 3432 2043 3478 contra
2078 3421 2360 3492 Cyrillum,
2394 3420 2545 3473 velut
2563 3418 2810 3472 divinum
2835 3416 3057 3488 pietatis
3107 3431 3424 3487 propugna-

1854 3527 2027 3568 torem
2053 3511 2331 3576 defendit;
2373 3519 2429 3564 et
2474 3510 2637 3579 paulo
2671 3519 2798 3563 ante
2833 3508 3066 3571 obitum,
3119 3514 3252 3561 tunc
3297 3522 3424 3561 cum

1855 3604 2142 3658 Historiam
2158 3600 2564 3654 ecclesiasticam
2594 3600 2879 3663 scriberet,
2909 3598 3192 3652 immensis
3243 3597 3425 3652 laudi-

1854 3696 1955 3750 bus
1986 3693 2225 3756 ornavit,
2256 3691 2458 3767 «quasi
2510 3691 2676 3746 fuerit
2723 3692 2892 3746 totius
2940 3689 3198 3745 Ecclesia
3248 3690 3423 3759 magi-

1852 3796 1985 3849 ster,
2002 3785 2492 3853 haereticarumque
2504 3784 2750 3837 omnium
2770 3782 3079 3838 cohortium
3098 3781 3420 3845 debellator,

1852 3893 1916 3932 ac
1963 3877 2224 3946 optimam
2258 3875 2463 3930 divinis
2503 3874 2702 3928 ovibus
2757 3873 2985 3928 herbam
3041 3871 3424 3943 suppeditave-

1852 3970 1925 4023 rit
1944 3968 2011 4021 ⁸⁷.
2032 3988 2048 4015 ι

1922 4059 2032 4113 Vll.
2056 4057 2281 4124 Quarto,
2319 4057 2483 4111 tradit
2520 4056 2567 4088 ⁸⁸
2626 4071 2783 4111 sacra
2830 4056 3111 4109 volumina
3162 4054 3360 4123 partim
3390 4067 3423 4107 a

1851 4151 2118 4213 Manasse,
2152 4147 2247 4217 qui
2269 4163 2461 4201 omnes
2494 4148 2609 4201 sive
2636 4146 2872 4215 priores,
2916 4145 3031 4200 sive
3062 4143 3419 4214 posteriores,

1852 4258 2010 4313 reges
2037 4242 2247 4295 scelere
2274 4250 2330 4294 et
2376 4240 2659 4309 impietate
2716 4238 2870 4301 vicit,
2927 4237 3210 4292 combusta
3261 4251 3417 4300 esse;

1850 4334 2047 4404 partim
2072 4332 2406 4402 captivitatis
2441 4340 2714 4399 tempore.
2764 4330 2969 4399 templo
3025 4345 3056 4383 a
3106 4328 3421 4404 Babyloniis

1851 4401 2098 4487 incenso,
2133 4401 2355 4492 penitus
2398 4421 2697 4476 interiisse.
2742 4420 2872 4474 Tale
2895 4420 3033 4474 nihil
3072 4419 3140 4474 de
3173 4401 3418 4473 Manasse

167 4512 396 4567 lolatriz
442 4510 652 4565 crimen
694 4509 989 4578 exprobrat
1024 4507 1255 4561 :eodem
1293 4506 1382 4561 hic
1418 4515 1473 4560 et
1505 4506 1559 4560 in
1587 4522 1738 4560 eom-
1772 4518 1815 4571 ι)
1844 4514 2243 4577 Theodoretus,
2278 4528 2457 4581 neque
2518 4512 2662 4565 libro
2710 4519 2907 4580 quarto
2955 4511 3191 4581 Regum,
3238 4526 3419 4580 neque

167 4601 458 4656 mentariis
488 4599 557 4653 ad
588 4598 909 4669 prophetam
955 4612 1119 4650 sensu
1151 4612 1215 4649 ac
1255 4611 1392 4665 pene
1422 4595 1605 4649 verbis
1650 4612 1745 4650 ex-

170 4693 425 4758 plicatur.
461 4693 478 4711 ‘
526 4690 781 4751 Sextum,
825 4686 1183 4742 consonantia
1220 4702 1442 4750 eorum,
1485 4702 1605 4755 quae
1655 4687 1743 4742 hic

166 4784 497 4848 aﬂemntur,
525 4798 650 4838 cum
680 4780 909 4834 aliorum
937 4794 1165 4849 operum
1187 4789 1242 4831 et
1267 4778 1567 4847 praesertim
1591 4778 1743 4832 Com-

167 4875 569 4933 mentariorum
624 4874 679 4927 in
746 4873 992 4927 Psalmos
1045 4870 1180 4924 locis
1226 4885 1365 4939 pene
1412 4871 1736 4925 innumeris.

166 4968 543 5029 Postremum,
586 4979 890 5020 consensus
935 4961 1281 5017 eruditorum
1327 4961 1594 5024 virorum,
1625 4961 1739 5016 sive

163 5062 251 5129 qui
274 5058 637 5116 Sirmondum
671 5062 1106 5115 antecesserunt,
1126 5054 1240 5107 sive
1269 5052 1360 5120 qui
1388 5053 1563 5106 secuti
1587 5063 1735 5108 sunt.

226 5154 316 5208 IV.
350 5152 488 5218 Quae
514 5150 567 5204 in
597 5149 934 5203 contrarium
966 5155 1229 5217 pugnant,
1270 5160 1447 5214 neque
1480 5147 1739 5214 pauciora

1849 4605 2092 4660 secundo
2117 4603 2573 4672 Paralipomenon
2605 4602 2820 4667 scribit,
2861 4617 2988 4656 cum
3032 4608 3215 4655 tamen
3245 4600 3420 4671 ipsius

1848 4696 2032 4751 omnia
2060 4696 2267 4749 scelera
2289 4695 2565 4750 curiosius
2591 4702 2899 4749 recenseat.

1925 4785 2060 4840 Vill.
2085 4784 2311 4851 Quinto,
2343 4784 2673 4853 prolixiores
2696 4782 2775 4835 illi
2794 4781 3171 4835 commentarii
3197 4796 3306 4834 non
3330 4795 3418 4833 sa-

1849 4877 2007 4947 piunt
2051 4875 2567 4945 breviloquentiam,
2606 4889 2772 4943 quam
2812 4874 2869 4927 in
2922 4872 3047 4927 aliis
3071 4872 3303 4925 aliorum
3346 4870 3416 4925 li-

1847 4968 2071 5022 brorum
2100 4966 2555 5037 Expositionibus
2571 4965 2955 5020 Theodoretus
2980 4964 3254 5019 observat.

1918 5057 2006 5111 IX.
2036 5058 2303 5127 Denique,
2328 5057 2373 5112 si
2397 5074 2537 5126 opus
2576 5073 2607 5111 a
2629 5057 2766 5110 Zino
2817 5071 3039 5110 versum
3080 5051 3413 5109 Theodoreti

1848 5150 1937 5214 sit,
1997 5149 2199 5202 mirum
2253 5148 2500 5218 profecto
2561 5164 2661 5202 cur
2732 5145 3147 5212 Theodoretus,
3208 5142 3416 5199 erroris

1500 5306 1814 5363 SCllULle
1848 5309 2081 5365 ΝΟΤᾸΕ.

228 5452 274 5484 ⁸⁸
301 5450 418 5505 Viri
446 5450 612 5503 desid.
647 5449 885 5503 Danielis
905 5448 1183 5502 nimirum.

228 5452 274 5484 ⁸⁸
301 5450 418 5505 Viri
446 5450 612 5503 desid.
647 5449 885 5503 Danielis
905 5448 1183 5502 nimirum.
1287 5449 1331 5480 ³⁸
1364 5447 1485 5502 V'id.
1512 5464 1697 5518 supra,
1728 5466 1783 5519 p.
1819 5451 1834 5504 l

164 5520 318 5576 Praef.
355 5520 414 5573 in
448 5520 710 5574 Psalmos.
784 5519 829 5550 δ’
855 5519 1084 5573 Exstant
1118 5519 1185 5571 ab
1221 5518 1377 5574 initio
1420 5527 1461 5571 t.
1499 5519 1541 5572 ll
1602 5520 1736 5573 edit.
1783 5537 1834 5573 ιη

1364 5447 1485 5502 V'id.
1512 5464 1697 5518 supra,
1728 5466 1783 5519 p.
1819 5451 1934 5505 M9.
2040 5452 2081 5481 “
2116 5447 2235 5502 Sex.
2265 5447 2567 5517 Septimum
2598 5447 2821 5501 additur
2851 5461 3026 5501 exeun

1360 5534 1377 5570 ι
1420 5527 1461 5571 t.
1499 5519 1541 5572 ll
1602 5520 1736 5573 edit.
1783 5530 2005 5576 nostrai.
2058 5517 2193 5574 Vide
2239 5519 2403 5573 etiam
2435 5518 2647 5573 Fabric.
2678 5518 2797 5572 Le.
2827 5516 3030 5585 p.161.

2040 5452 2081 5481 δ’
2116 5446 2235 5502 Sea.
2265 5447 2821 5531 Septimumadditur
2851 5454 3085 5501 exeunte
3247 5444 3287 5474 “
3351 5444 3409 5498 In

2058 5517 2193 5567 Vide
2239 5528 2403 5567 etiam
2436 5519 2647 5567 Fabric.
2678 5518 2714 5567 Ι.
2744 5533 2797 5567 c.
2827 5532 2881 5567 ι).
2910 5516 3031 5567 161.
3106 5513 3129 5545 δ
3178 5514 3257 5567 Ad
3296 5515 3409 5567 haec

3312 5528 3412 5568 120

164 5598 485 5668 argumenta
535 5589 918 5668 respondimus
956 5589 1022 5668 _in
1067 5588 1200 5668 diss.
1233 5588 1300 5668 de
1329 5588 1445 5668 Vita
1459 5598 1539 5668 Aet
1575 5590 1796 5668 scriptis
1824 5589 2175 5668 Theodoreti,
2203 5589 2636 5668 qumpraamissa
2668 5597 2753 5668 est
2807 5580 2953 5668 tonio
2986 5580 3410 5668 l_._Argument:rs

166 5652 247 5713 ibi
266 5652 735 5720 commemoratis,
757 5674 879 5727 qua:
906 5659 973 5712 ad
1009 5658 1342 5725 probandam
1384 5658 1668 5710 αὺΘεντίαν
1688 5652 2108 5722 ’ροιηῐηοηιίιι-ἰί,
2139 5652 2304 5727 quém
2346 5652 2630 5720 habemus,
2670 5657 2904 5719 valeant,
2938 5652 3190 5727 addenda
3220 5662 3303 5727 est
3329 5652 3409 5706 si-

165 5728 418 5783 militudo
473 5744 689 5791 eorum,
718 5723 839 5796 qua:
885 5728 952 5781 ad
1001 5723 1270 5798 Psalnnnn
1300 5744 1428 5798 tam
1450 5728 1627 5798 ‘et__cle
1658 5729 1900 5795 ejusdem
1936 5728 2131 5798 Psalmi
2160 5723 2804 5798 'argumentoradﬂCant.
2854 5741 2930 5798 nl,
2976 5727 3042 5798 7,_
3158 5723 3404 5792 legimus.

163 5802 208 5826 "‘
239 5797 375 5853 Vide
411 5798 619 5868 prmlat.
653 5799 720 5852 ad
752 5798 905 5853 Cant.
939 5806 1082 5851 rant.
1160 5796 1204 5826 "
1236 5796 1368 5848 Ibid.
1449 5795 1491 5826 "‘
1526 5796 1662 5851 Ibid.

1738 5801 1779 5829 "
1809 5799 1940 5853 Hist.
1976 5797 2123 5861 eccl.,
2158 5799 2193 5851 Ι.
2226 5791 2277 5861 θ’,
2303 5813 2350 5852 c.
2379 5796 2468 5851 59.
2507 5797 2549 5829 ⁵⁸
2576 5795 2695 5849 Vid.
2729 5793 2945 5850 Praefat.
2978 5793 3044 5847 ad
3072 5791 3229 5847 Cant.
3260 5799 3405 5845 cant.
