4228 6446
734 398 838 460 219

1831 401 2208 460 GARNERII
2248 401 2742 466 DISSER'PATIO
2781 406 2854 466 ΙΙ.

3887 398 3994 460 m

734 507 956 562 iunnine
983 519 1290 576 suspectus,
1319 509 1385 563 ad
1417 509 1550 564 illud
1579 526 1687 564 non
1731 513 1960 580 perinde
2023 522 2187 582 atque
2237 513 2302 566 ad
2334 520 2379 574 Α
2410 517 2601 570 limam
2634 519 2969 571 solutionem
3001 515 3340 570 videbuntur
3364 515 3476 585 pati
3504 533 3515 568 :
3547 529 3672 570 nam
3697 526 3758 570 ut
3791 515 3988 571 ordine

734 602 875 654 alios
897 600 1072 654 libros
1125 603 1526 668 provocaverit,
1570 618 1679 670 quo
1724 603 1887 658 (idem
1937 620 2091 659 suam
2123 605 2191 658 de
2222 605 2308 656 in-

734 691 1050 745 carnatione
1082 700 1289 745 rectam
1329 707 1452 746 esse
1500 679 1793 763 probaret.
1847 698 2130 767 Nusquam
2163 699 2308 751 enim

733 787 828 833 aut
853 779 1078 843 clarius,
1117 790 1213 834 aut
1265 781 1526 838 Ecclesiae
1580 784 1866 840 catholica:
1917 800 2311 841 consonantiae

733 870 1034 938 quidquam
1063 870 1131 924 de
1158 869 1380 925 Christo
1402 873 1654 941 protulit.

803 983 867 1036 Χ.
897 983 1048 1037 Adde
1073 984 1219 1052 quod
1245 985 1300 1038 in
1322 983 1546 1040 Catenis
1567 988 1633 1041 ad
1657 987 1943 1043 Canticum
1967 991 2308 1046 canticorum

733 1091 762 1128 a
784 1077 1000 1130 nemine
1016 1070 1328 1142 adducitur,
1343 1092 1467 1131 cum
1488 1089 1665 1134 tamen
1681 1082 1872 1146 soleat,
1890 1091 1945 1136 et
1962 1085 2181 1152 quidem
2201 1085 2312 1139 fre-

734 1179 969 1238 quenter
985 1170 1054 1224 ad
1075 1171 1211 1224 alios
1224 1170 1524 1241 seriptura:
1539 1173 1726 1238 libros,
1746 1191 1887 1244 quos
1900 1178 2312 1233 commentariis

731 1260 1017 1328 exposuit;
1061 1261 1172 1314 imo
1201 1261 1293 1316 ubi
1328 1265 1519 1328 semel,
1577 1265 1724 1334 quod
1770 1266 1993 1335 quidem
2045 1269 2316 1326 memine-

735 1350 860 1413 rim,
889 1366 916 1403 a
945 1351 1234 1422 Neophyto
1265 1353 1538 1406 monacho
1591 1355 1849 1408 laudatur
1873 1396 1886 1418 ,
1941 1356 2311 1427 fragmentum

733 1442 799 1496 ad
817 1443 982 1497 verba
1015 1461 1093 1507 lll,
1131 1445 1184 1508 9,
1219 1445 1438 1514 Φορεῖον
1470 1445 1723 1513 ἐποίησεν
1755 1444 1930 1514 ἐαυτῷ
1967 1447 1994 1497 ὁ
2032 1445 2307 1515 βασιλεύς,

731 1541 866 1594 etc.,
906 1534 1153 1598 affertur,
1182 1533 1329 1602 quod
1379 1533 1581 1587 frustra
1625 1534 1679 1587 in
1707 1550 1875 1604 opere
1906 1533 2310 1590 Sirmondianae

732 1624 997 1678 editionis
1022 1639 1255 1692 quaeras.

807 1717 866 1770 In
906 1715 1010 1770 hac
1069 1717 1394 1786 quaestione,
1446 1715 1645 1781 fateor,
1693 1717 1826 1770 haesi
1883 1717 2010 1782 diu,
2065 1721 2310 1771 incertus

733 1821 842 1875 quo
865 1822 952 1860 me
980 1816 1248 1860 verterem
1271 1824 1284 1860 :
1317 1823 1442 1860 nam
1480 1808 1767 1876 utriusque
1793 1807 1966 1876 partis
1990 1817 2309 1878 argumenta

735 1899 899 1967 269
935 1898 1284 1963 videbantur,
1341 1901 1516 1969 prima
1556 1901 1779 1970 quidem
1829 1901 2010 1969 specie
2047 1899 2303 1965 intuenti,

735 1991 968 2052 invicta;
1011 1990 1107 2045 sed
1153 1989 1456 2046 reﬂectenti
1500 1993 1780 2056 animum,
1819 1991 2172 2061 aliquatenus
2220 1993 2306 2045 in-

733 2081 942 2136 ﬁrmari
991 2098 1152 2152 posse
1185 2083 1250 2137 δ’.

804 2173 937 2226 Nam
968 2175 1150 2242 primo
1174 2175 1226 2228 id
1256 2176 1402 2244 quod
1430 2192 1530 2246 pro
1560 2177 1743 2246 priore
1794 2186 1950 2246 parte
2000 2176 2307 2231 ducebatur

733 2267 801 2320 ab
829 2268 1154 2322 auctoritate
1210 2269 1521 2335 doctorum,
1569 2270 1770 2324 elevari
1832 2279 2013 2339 potest
2063 2269 2181 2324 sine
2215 2268 2311 2323 de-

735 2359 995 2413 trimento
1042 2360 1272 2414 honoris
1348 2361 1514 2414 tantis
1568 2360 1887 2414 nominibus
1943 2360 2158 2414 debiti:
2211 2360 2307 2430 qui

733 2452 879 2505 enim
914 2452 1268 2506 Sirmondum
1302 2453 1478 2508 secuti
1513 2463 1664 2518 sunt,
1713 2453 2008 2508 Sirmondo
2054 2454 2310 2522 religiose

733 2542 1120 2608 crediderunt;
1149 2543 1474 2598 Sirmondus
1498 2545 1653 2610 Zino,
1690 2545 1858 2599 Zinus
1893 2546 2106 2598 codicis
2135 2545 2309 2599 Graeci

733 2635 1081 2704 exscriptori.
1109 2636 1295 2690 Potuit
1319 2645 1499 2690 tamen
1524 2639 1832 2708 exscriptor
1868 2639 1921 2692 in
1950 2654 2193 2691 errorem
2218 2637 2306 2690 in-

733 2725 859 2779 duci
886 2741 914 2779 a
939 2726 1218 2795 prioribus
1242 2727 1394 2781 aliis:
1425 2744 1526 2781 nec
1551 2729 1601 2781 id
1657 2729 1856 2782 mirum
1906 2729 2082 2782 videri
2122 2728 2306 2794 debet,

735 2835 860 2872 cum
887 2820 998 2888 jam
1043 2819 1173 2873 inde
1206 2836 1235 2872 a
1283 2819 1390 2874 fine
1437 2822 1574 2874 sexti
1628 2821 1836 2886 smculi,
1897 2837 2007 2890 quo
2060 2829 2308 2889 tempore

735 2908 1034 2980 Gregorius
1067 2911 1294 2982 Magnus
1346 2913 1548 2982 Pelagii
1609 2915 1834 2967 nomine
1865 2914 2165 2978 scribebat,
2200 2921 2307 2966 tam

735 3000 898 3054 facile
931 3003 1176 3070 potuerit
1219 3004 1647 3058 commentarius
1691 3004 1891 3073 aliquis
1931 3005 1986 3057 in
2021 3003 2309 3058 Canticum

734 3093 1084 3148 Theodoreto
1116 3097 1376 3164 supponi,
1414 3112 1577 3165 quam
1630 3097 1806 3166 reipsa
1837 3096 1954 3166 ipso
1993 3097 2188 3165 quinto
2211 3113 2311 3151 sa:—

2414 609 2735 678 retrogrado
2763 624 2793 661 a
2825 618 3100 676 postrema
3128 608 3409 676 incipiam,
3450 623 3571 676 qua:
3602 607 3790 676 procul
3817 606 3991 662 dubio

2415 698 2650 750 multum
2717 695 2884 750 habet
2942 695 3240 766 ponderis,
3309 697 3672 751 nihilominus
3725 697 3989 752 adversus

2413 801 2532 839 eam
2565 802 2674 839 non
2714 785 3148 855 improbabiliter
3175 786 3284 840 dici
3324 795 3523 854 potest,
3544 787 3785 842 noluisse
3804 787 3987 842 Theo-

2415 878 2692 943 doretum,
2734 894 2859 933 cum
2890 878 3300 948 periclitaretur
3341 881 3410 934 de
3467 880 3593 944 fide,
3627 883 3874 936 exerceri
3900 883 3990 952 ju-

2412 972 2620 1027 dicium
2651 986 2718 1025 ex
2751 971 2913 1036 libro,
2945 970 3056 1040 quo
3087 971 3441 1024 Theodorum
3476 971 3822 1041 Mopsuestia:
3871 989 3990 1026 ma-

2411 1065 2638 1135 gistrum
2667 1078 2828 1117 suum
2887 1064 3170 1132 arguebat,
3239 1079 3306 1117 ne
3367 1064 3654 1118 damnasse
3699 1054 3992 1119 videretur

2412 1172 2572 1226 quem
2593 1164 2782 1226 postea
2813 1155 3180 1216 defendisset;
3209 1165 3376 1224 atque
3408 1156 3483 1210 ita
3542 1155 3783 1210 levitatis
3811 1165 3868 1210 et
3899 1158 3984 1211 in-

2411 1247 2732 1302 constantiae
2761 1263 2886 1302 reus
2945 1246 3116 1310 ﬁeret,
3155 1262 3268 1315 quo
3300 1254 3544 1316 tempore
3582 1247 3818 1302 maxime
3855 1262 3991 1302 con-

2411 1337 2666 1392 stantiam
2697 1351 2852 1390 suam
2876 1336 3194 1390 extollebat.

2483 1427 2735 1494 Quintam
2801 1428 3043 1480 elevarct
3106 1425 3422 1495 quispiam,
3495 1433 3753 1480 causatus
3811 1426 3992 1494 primo

2412 1518 2682 1590 ejusmodi
2733 1517 3084 1571 Canticorum
3127 1516 3530 1585 expositionem
3571 1533 3682 1572 non
3714 1532 3836 1572 esse
3864 1531 3993 1586 pro-

2413 1610 2688 1672 lixiorem,
2744 1624 2908 1678 quam
2956 1624 3078 1677 quae
3130 1609 3408 1673 Danielis;
3441 1608 3643 1663 deinde
3699 1619 3994 1678 utramque

2411 1717 2531 1755 esse
2556 1699 2890 1754 Theodoreti
2941 1701 3096 1769 quasi
3127 1701 3464 1764 tirocinium,
3507 1700 3653 1769 quod
3694 1701 3833 1754 solet
3864 1715 3991 1755 esse

2415 1791 2736 1854 verbosius;
2773 1789 3015 1858 denique
3033 1805 3157 1844 eum
3189 1800 3340 1853 tunc,
3387 1805 3510 1844 cum
3553 1791 3718 1860 270
3772 1799 3992 1845 utrum—

2415 1899 2521 1951 que
2553 1897 2692 1950 opus
2721 1881 3010 1945 scriberet,
3064 1882 3309 1935 nondum
3359 1882 3876 1952 breviloquentiam,
3929 1891 3994 1936 ut

2415 1975 2493 2038 fit,
2527 1972 2807 2028 scribendi
2841 1989 2966 2035 usu,
2999 1973 3280 2028 didicisse.

2478 2085 2596 2140 Jam
2641 2104 2775 2140 vero
2824 2095 3039 2155 quarta,
3083 2096 3144 2141 ut
3177 2096 3262 2142 est
3316 2087 3385 2142 ab
3426 2088 3780 2153 auctoritate,
3841 2087 3992 2156 quod

2412 2177 2584 2242 aiunt,
2635 2178 2918 2247 negativa,
2955 2178 3029 2231 ita
3072 2179 3253 2233 minus
3308 2178 3463 2233 firma
3520 2188 3768 2249 apparet.
3815 2178 3991 2245 Quid-

2412 2269 2465 2322 ni
2535 2269 2682 2322 enim
2744 2268 3133 2323 Theodoretus
3204 2284 3315 2322 uno
3365 2270 3418 2323 in
3488 2271 3609 2324 loco
3656 2270 3992 2339 scripserit,

2413 2361 2558 2428 quod
2599 2361 2686 2414 vel
2728 2359 2845 2428 ipse
2880 2362 2934 2414 in
2976 2361 3083 2415 alio
3103 2361 3538 2430 praetermiserit,
3563 2362 3649 2417 vel
3678 2362 3994 2431 reliquialii

2415 2453 2720 2505 tacuerint?
2740 2453 2942 2518 Quidni
2971 2453 3264 2516 Manasses,
3307 2468 3432 2507 cum
3464 2453 3733 2508 insaniret
3788 2454 3993 2524 impie-

2414 2543 2540 2597 tatis
2573 2551 2729 2603 :estu.
2758 2554 2968 2613 partem
3013 2544 3281 2598 librorum
3334 2558 3616 2598 sacrorum
3669 2547 3994 2599 combusse-

2417 2635 2505 2696 rit,
2535 2635 2802 2705 reliquam
2831 2647 3018 2706 postea
3042 2636 3229 2706 templi
3253 2636 3568 2691 incendium
3589 2638 3998 2707 absumpserit?

2486 2727 2673 2781 Tertia
2705 2736 2909 2789 autem,
2939 2742 3060 2796 qua:
3090 2727 3157 2781 ad
3181 2727 3532 2782 Theodorum
3564 2729 3824 2798 pertinet,
3851 2729 4000 2782 mul-

2417 2827 2642 2887 tumque
2666 2834 2860 2888 urgere
2886 2818 3124 2877 videtur.
3182 2828 3459 2889 utcunque
3505 2820 3770 2873 declinari
3813 2829 4002 2889 potest

2414 2927 2482 2966 ex
2511 2926 2598 2975 eo,
2629 2910 2773 2980 quod
2818 2899 3295 2979 interpretationis
3318 2912 3544 2979 hujusce
3587 2919 3778 2965 auctor
3810 2912 3996 2966 videa-

2417 3012 2508 3057 tur
2532 3002 2587 3056 in
2622 3018 2749 3056 eum
2799 3002 3067 3068 scribere,
3100 3017 3263 3071 quem
3295 3003 3457 3064 colat,
3488 3004 3752 3072 cujusque
3792 3019 3999 3056 nomen

2416 3110 2528 3163 prae
2559 3095 2867 3148 reverentia
2892 3094 3054 3148 silere
3079 3094 3209 3146 velit
3235 3111 3247 3146 :
3281 3093 3522 3162 alioquin
3544 3110 3642 3147 cur
3695 3103 4002 3147 testaretur

734 3188 859 3244 culo
921 3189 1190 3258 suppositi
1249 3202 1376 3245 sunt
1431 3190 1676 3258 quinque
1731 3189 2084 3242 historiarum
2145 3189 2306 3242 libri:
2337 3205 2381 3264 α
2416 3203 2474 3241 se
2507 3186 2574 3241 ad
2603 3201 2742 3256 Opus
2778 3185 2985 3256 impelli
3013 3185 3297 3255 religionis
3319 3185 3521 3247 studio,
3557 3195 3614 3238 et
3641 3183 4002 3238 veneratione

734 3280 927 3349 quidni
955 3281 1264 3349 suppositio
1292 3279 1650 3334 historiarum
1683 3279 2030 3334 Gennadium
2060 3280 2306 3351 ejusdem

736 3386 861 3424 cum
886 3369 1235 3424 Theodorcto
1259 3371 1444 3424 saeculi
1477 3370 1799 3438 scriptorem
1832 3370 2087 3423 Latinum
2120 3371 2309 3434 latuit;

738 3461 810 3514 ita
838 3460 1357 3514 commentariorum
1384 3460 1690 3528 suppositio
1719 3460 1917 3513 nesciri
1944 3460 2124 3529 potuit
2147 3476 2174 3514 a
2206 3460 2311 3514 La-

739 3553 854 3606 tino
883 3551 1302 3605 alteriussmculi
1349 3551 1672 3620 posterioris
1707 3551 1996 3619 Gregorio.

817 3641 907 3695 XI.
937 3642 1090 3696 Adde
1115 3642 1261 3711 quod
1291 3641 1598 3696 Ezechielis
1647 3643 1800 3696 locus
1832 3643 1991 3697 facile
2043 3644 2223 3713 potuit
2253 3644 2308 3698 in

736 3733 993 3787 eumdem
1046 3749 1269 3787 sensum
1314 3749 1345 3786 a
1385 3733 1602 3787 duobus
1653 3735 2047 3789 tractatoribus
2091 3737 2310 3805 exponi,

738 3836 861 3875 cum
891 3821 958 3875 ab
1011 3822 1268 3875 omnibus
1305 3839 1414 3877 uno
1445 3823 1556 3879 fere
1624 3824 1788 3879 modo
1830 3826 2158 3894 explicetur,
2212 3843 2315 3880 nec

739 3912 963 3968 dubiam
1010 3913 1209 3968 habeat
1259 3917 1732 3986 multiplicemque
1786 3917 2060 3988 allegoriae
2108 3919 2314 3972 intelli-

740 4003 1005 4073 gentiam.

812 4096 827 4111 °
859 4093 974 4146 ΧΠ.
1014 4093 1164 4148 Adde
1187 4095 1373 4160 etiam,
1426 4097 1570 4166 quod
1604 4098 1658 4151 in
1711 4099 2141 4154 commentarios
2184 4117 2314 4156 suos

742 4183 794 4237 in
846 4185 1188 4240 Ezechielem
1243 4186 1625 4242 Theodoretus
1673 4191 1915 4258 potuerit
1969 4191 2310 4256 transferre,

741 4276 885 4344 quod
921 4277 988 4329 ab
1016 4277 1329 4346 antiquiore
1370 4278 1554 4333 forsan
1597 4290 1909 4349 sumpserat
1959 4282 2311 4337 Canticorum

743 4363 1072 4434 interprete:
1126 4369 1366 4421 mutuari
1417 4370 1564 4422 enim
1614 4370 1754 4423 solet
1809 4387 1917 4424 non
1950 4387 2142 4440 pauca,
2194 4390 2314 4444 qua:

742 4455 858 4508 suis
918 4456 1139 4524 scriptis
1197 4456 1421 4511 inserat.
1479 4459 1595 4524 Qua
1635 4461 1992 4528 responsione
2047 4464 2313 4518 declinari

2422 3279 2666 3340 Patrum,
2685 3293 2823 3346 quos
2849 3278 3118 3338 nominat,
3145 3275 3392 3338 Eusebii,
3421 3273 3693 3345 Origenis,
3711 3273 3999 3345 Cypriani,

2417 3368 2625 3428 Basilii,
2650 3368 2936 3437 utriusque
2956 3365 3226 3435 Gregorii,
3255 3365 3473 3418 Diodori
3506 3373 3562 3418 et
3584 3363 3832 3421 Joannis.
3855 3379 4004 3432 quos

2417 3459 2758 3528 despexisset
2805 3458 2916 3520 ille,
2954 3472 3117 3526 quem
3152 3455 3466 3524 impugnat?
3529 3454 3641 3507 llos
3691 3461 3838 3508 certe
3883 3467 4003 3506 non

2418 3567 2607 3620 parum
2635 3550 2949 3619 despexisse
2977 3547 3305 3601 Theodorus
3336 3545 3592 3600 traditur.

2483 3643 2594 3697 Cur
2623 3643 2739 3696 haec
2770 3641 3000 3695 adderet
3031 3639 3114 3692 ﬂ°?
3154 3658 3171 3687 ι
3195 3637 3623 3692 Consideremus
3668 3651 3735 3690 an
3769 3650 3994 3703 :equum

2415 3733 2595 3796 situt,
2666 3741 2747 3785 tot
2791 3730 3067 3799 tantisque
3122 3729 3256 3782 viris
3305 3727 3601 3796 de5pectis,
3655 3734 4008 3794 contempto-

2416 3841 2522 3894 «lue
2549 3826 2665 3893 ipso
2690 3823 2900 3892 Spiritu
2927 3829 3136 3884 sancto,
3180 3821 3432 3891 proprias
3476 3819 3765 3889 opiniones
3803 3833 4006 3872 conse-

2415 3925 2653 3975 clcmur,
2695 3927 2804 3964 non
2852 3910 3140 3964 audientes
3190 3925 3338 3972 eum,
3393 3910 3484 3979 qui
3523 3909 3779 3978 pneclare
3826 3908 4001 3962 dixit:

2417 4002 2771 4073 Cogitationes
2795 4000 3107 4054 mortalium
3133 4000 3355 4063 timida’,
3391 4008 3438 4052 et
3475 4002 3687 4053 interna
3716 3998 4006 4069 providen-

2421 4097 2504 4149 tia:
2525 4098 2758 4165 ipsorum
2791 4103 2846 4158 c;
2873 4101 2929 4146 et
2953 4093 3174 4146 beatum
3205 4092 3432 4146 Paulum
3471 4091 3538 4145 de
3569 4091 3897 4160 quihusdam
3926 4091 4004 4143 ita

2413 4189 2762 4258 loquentem:
2816 4184 3162 4238 Evanuerunt
3214 4183 3269 4236 in
3327 4182 3730 4252 cogitationibus
3772 4182 3902 4243 suis,
3951 4191 4007 4234 et

2415 4281 2748 4333 obscuratum
2777 4286 2849 4332 est
2872 4278 3120 4347 insipiens
3145 4292 3232 4329 cor
3255 4292 3434 4328 eorum
3461 4273 3507 4328 ἀ.
3537 4275 3648 4329 Nos
3679 4274 3847 4344 igitur
3867 4289 4002 4328 cum

2417 4373 2577 4426 beato
2632 4371 2795 4424 Petro
2844 4369 2917 4422 ita
2970 4369 3312 4423 clamemus:
3381 4365 3599 4419 Obedire
3645 4372 3846 4436 oportet
3893 4364 4012 4418 Deo

2422 4463 2584 4531 magis
2629 4477 2787 4530 quant
2835 4458 3128 4512 hominibus
3173 4468 3217 4509 ε.
3266 4456 3520 4509 Dicamus
3555 4457 3682 4510 item
3729 4455 3796 4509 ad
3849 4456 4004 4512 illos.

742 4556 951 4610 queunt
992 4546 1095 4600 alia
1126 4548 1292 4600 etiam
1325 4557 1666 4617 argumenta,
1698 4566 1821 4619 qua:
1851 4567 1916 4604 ex
1955 4557 2313 4610 consonantia
2346 4546 2395 4604 Ι)
2420 4568 2488 4605 an
2509 4553 2716 4621 justum
2749 4551 2818 4604 sit
2865 4549 2918 4602 in
2949 4557 3246 4618 conspectu
3281 4548 3400 4611 Dei,
3431 4564 3529 4601 vos
3570 4547 3754 4616 potius
3781 4546 4005 4607 audire.

743 4639 1215 4709 interpretationis
1268 4642 1322 4695 in
1380 4642 1706 4708 Canticum,
1785 4661 1910 4698 cum
1993 4645 2314 4701 indubitatis

743 4728 1075 4782 Theodoreti
1107 4730 1348 4799 scriptis,
1381 4733 1687 4802 cujusmodi
1742 4735 2013 4802 expositio
2065 4737 2311 4795 Psalmo:

743 4835 885 4884 rum,
918 4820 1334 4889 prophetarum,
1381 4832 1437 4876 et
1492 4823 1761 4893 Apostoli,
1802 4837 2132 4881 sumuntur:
2172 4829 2314 4884 hanc

741 4923 871 4963 vero
925 4912 1340 4966 consonantiam
1399 4928 1518 4968 esse
1569 4931 1680 4969 non
1723 4917 2079 4982 mediocrem,
2126 4929 2180 4972 et
2213 4936 2313 4990 ego

744 4999 976 5054 libenter
1003 5000 1196 5065 fateor,
1225 5013 1279 5057 et
1311 5020 1474 5057 nemo
1499 5049 1513 5069 ,
1545 5007 1636 5074 qui
1674 5017 1924 5061 versatus
1957 5009 2026 5062 sit
2075 5010 2126 5063 in
2158 5011 2312 5064 evol-

743 5092 952 5157 vendis,
985 5109 1122 5160 quos
1151 5094 1285 5158 dixi,
1324 5095 1657 5151 Theodoreti
1694 5099 1871 5159 libris,
1911 5103 2210 5169 negaverit.

814 5183 1146 5239 Posterioris
1173 5201 1305 5239 vero
1335 5187 1507 5255 partis
1539 5191 1779 5243 rationes
1810 5192 1931 5258 plus
1964 5193 2166 5245 habent
2195 5194 2316 5262 qui-

739 5271 864 5327 dem
897 5276 950 5328 in
982 5277 1218 5344 speciem
1251 5279 1508 5333 momenti
1537 5299 1558 5355 :_
1584 5281 1676 5334 sed
1709 5283 1967 5348 quoniam
1997 5285 2312 5352 opinionem

743 5363 1098 5421 inveteratam
1150 5373 1459 5428 convellere
1505 5375 1781 5439 nituntur,
1819 5377 2023 5432 idcirco
2054 5378 2313 5445 probabi-

815 5534 837 5561 ε
873 5524 1000 5594 Sap.
1037 5543 1108 5590 ix,
1142 5528 1223 5581 Η.
1301 5527 1324 5566 d
1356 5530 1511 5584 Rom.
1541 5547 1576 5592 ι,
1618 5532 1706 5584 2|.
1788 5544 1811 5570 ι
1844 5535 1961 5588 Act.
1996 5551 2049 5595 v,
2085 5536 2172 5588 29.

2420 4656 2582 4710 quam
2610 4641 2800 4701 Deum,
2819 4639 3064 4710 judicatc
3086 4655 3098 4691 :
3130 4654 3229 4690 nos
3255 4638 3402 4690 enim
3428 4654 3535 4690 non
3553 4652 4010 4706 possumus,qu:e

2419 4731 2660 4785 vidimus
2685 4746 2781 4800 per
2814 4729 3085 4799 Spiritum
3123 4736 3399 4792 sanctum,
3439 4738 3494 4783 et
3533 4728 3866 4792 audivimus,
3890 4743 4009 4781 non

2418 4823 2590 4892 loqui.
2625 4842 2641 4873 ι
2673 4822 2825 4877 Adde
2859 4821 3006 4890 quod
3053 4820 3108 4873 in
3162 4819 3486 4889 praefatione
3532 4820 3897 4890 expositionis
3948 4819 4013 4873 in

2419 4913 2662 4968 Psalmos
2687 4912 3063 4974 Theodorum,
3103 4911 3213 4965 imo
3233 4919 3288 4965 et
3320 4911 3774 4982 Chrysostomum
3823 4911 4010 4965 tacitis

2422 5005 2740 5060 nominibus
2790 5004 3142 5075 perstringat,
3198 5003 3350 5055 illum
3396 5003 3602 5057 favoris
3659 5003 3712 5056 in
3758 5003 4008 5063 luna-os,

2424 5101 2588 5154 istum
2625 5098 2809 5152 nimia:
2836 5095 3173 5166 prolixitatis
3218 5111 3506 5149 accusans.

2494 5191 2746 5245 Secunda
2783 5188 2946 5258 paulo
2972 5187 3247 5242 difﬁcilior
3266 5195 3370 5249 est,
3424 5187 3526 5241 nisi
3578 5188 3701 5256 quis
3737 5185 4008 5256 excipiat,

2423 5285 2538 5337 lnec
2573 5280 2816 5337 auctoris
2843 5281 2910 5334 de
2943 5279 3050 5334 Chr
3071 5289 3340 5346 [sostomo
3368 5280 3561 5341 verba,
3602 5281 3658 5331 Ὀ
3712 5282 3823 5341 τοῖς
3878 5281 4013 5349 ῥεύ-

2428 5393 2553 5444 μπττ
2588 5375 2682 5442 τῆς
2711 5371 3063 5434 διδασκαλίας
3101 5373 3262 5442 μέχρι
3298 5374 3389 5426 καὶ
3415 5375 3661 5442 τήμερον
3697 5374 3879 5425 πᾶσαν
3905 5373 4008 5439 τὴν

2068 5667 2382 5721 SCIIULZII
2421 5667 2654 5719 Mill-li.

815 5773 853 5796 “
890 5772 1023 5849 Non
1061 5773 1195 5825 adeo
1224 5773 1525 5849 inusitasfcl
1560 5775 1875 5846 Gurncrius,
1911 5781 2009 5834 nisi
2069 5783 2305 5837 alienum
2361 5783 2550 5836 fmtum
2583 5797 2680 5849 pro
2715 5783 2950 5845 genuino
3005 5783 3163 5836 nobis
3220 5783 3510 5837 obtrutlerc
3550 5783 3828 5836 voluisset.
3875 5785 4005 5840 \‘td.

741 5851 898 5910 eaput
931 5843 1181 5896 ultimum
1225 5843 1386 5912 hujus
1415 5845 1832 5902 dissertationis.

1910 5852 1953 5883 ‘°
1995 5851 2110 5905 Vid.
2152 5853 2305 5908 l'ra'f.
2340 5852 2404 5905 ad
2438 5853 2591 5905 (lant.
2630 5851 2829 5904 cantic.
