4228 6446
187 368 279 429 Ξ]

1346 376 1442 433 DE
1485 376 1737 434 LIBRIS
1772 377 1872 435 ΤΗ
1886 378 2279 441 ΕΟῡυΙὶΕἸἹη

3337 394 3444 455 222

186 482 513 551 οἰκουμένην
571 483 811 553 ἀρδεύων
865 482 945 546 ⁸¹,
1009 482 1238 552 intelligi
1278 483 1483 537 debere
1539 500 1647 538 non
1696 484 1764 538 de

1821 495 1839 543 ι
1870 486 1969 548 illi,
2013 488 2215 543 obsunt
2246 492 2367 545 tria.
2411 493 2674 558 Primum,
2710 495 2909 550 locusa
2940 496 3225 567 NeOphyto
3252 514 3439 556 mona-

182 572 389 625 Joanne
418 573 562 641 ipso,
599 574 693 628 sed
718 574 786 627 de
828 574 1267 639 Joannislibris;
1312 591 1623 644 quanquam
1652 576 1767 629 vio-

185 662 328 716 lenta
352 664 474 718 haec
508 674 595 718 est
616 666 888 735 pauloque
922 665 1115 719 durior
1143 664 1461 733 explicatio.

249 751 306 803 In
332 753 516 819 prima
547 754 756 809 herere
811 755 943 808 mihi
976 770 1174 823 aquam
1224 754 1433 809 fateor:
1492 755 1765 823 siquidem

183 842 521 897 militaribus
579 845 728 899 curis
788 845 1083 914 impeditus
1143 846 1563 909 Theodoretus,
1632 847 1765 900 mihi

184 942 433 986 monstro
464 934 645 988 simile
676 936 938 1005 quiddam
966 944 1081 994 est:
1128 937 1232 990 nisi
1289 936 1433 992 forte
1476 938 1600 1006 quis
1641 947 1769 993 tunc

186 1021 522 1093 Cyrestieam
547 1028 847 1097 regionem,
879 1028 1167 1082 Persarum
1196 1037 1366 1093 metu,
1398 1030 1683 1094 militibus,
1711 1038 1769 1085 u‘.

194 1115 269 1177 lit,
297 1117 546 1173 licenter
590 1121 983 1189 populantibus
1032 1122 1202 1191 magis
1252 1138 1415 1191 quam
1464 1122 1765 1185 tuentibus,

189 1208 466 1275 oppletam
502 1209 675 1264 fuisse
701 1211 931 1265 divinet.
961 1211 1079 1265 Jam
1132 1226 1284 1275 vero,
1334 1211 1481 1279 quod
1544 1210 1767 1272 dicitur,

186 1314 321 1367 opus
352 1300 464 1355 hoc
503 1301 561 1355 in
604 1301 893 1355 Canticum
954 1302 1264 1355 Salomonis
1311 1318 1419 1355 non
1466 1302 1674 1355 laudari
1714 1302 1767 1355 in

192 1390 435 1453 Catenis,
474 1408 598 1461 quae
622 1395 783 1462 vulgo
806 1392 1099 1457 habentur,
1131 1393 1182 1447 id
1209 1392 1428 1462 quidem
1455 1408 1642 1444 verum
1665 1402 1765 1445 cst:

188 1482 277 1535 sed
330 1482 456 1536 ﬁeri
506 1484 685 1551 potuit
732 1499 798 1536 ex
855 1484 1012 1552 271
1063 1484 1295 1537 duarqu
1352 1500 1639 1538 causarum
1686 1486 1767 1537 vel

180 1574 370 1633 altera,
431 1574 520 1627 vel
569 1584 803 1643 utraque
845 1593 857 1627 :
914 1590 1037 1628 nam
1098 1574 1432 1629 Catenarum
1481 1575 1770 1628 ell'ectores

182 1664 403 1730 plurimi
462 1681 528 1718 ea
586 1675 747 1720 aetate
800 1666 1093 1729 \ixerunt,
1158 1682 1267 1735 qua
1330 1668 1469 1719 male
1513 1666 1771 1720 audiebat

184 1753 609 1817 Theodoretus,
672 1771 871 1825 nempe
915 1756 1061 1810 circa
1108 1765 1321 1810 sextum
1364 1758 1770 1824 septinmmque

182 1847 470 1909 seculum,
499 1848 584 1900 vel
637 1856 925 1900 octavum:
974 1853 1070 1900 aut
1104 1847 1317 1900 rariora
1371 1846 1614 1907 fuerunt,
1657 1862 1766 1913 quo

185 1949 433 2007 tempore
463 1939 599 1998 dixi.
628 1939 963 1994 Theodoreti
995 1955 1184 2007 opera,
1224 1941 1418 1993 saltem
1469 1940 1762 1991 nonnulla:

184 2046 297 2097 quze
323 2047 499 2084 causa
528 2032 826 2094 exstiterit,
859 2048 958 2086 cur
1008 2032 1238 2086 Photius
1299 2032 1553 2085 curiosus
1601 2039 1764 2084 ciete-

183 2122 377 2189 roquin
417 2122 692 2175 librorum
748 2139 776 2176 a
814 2124 1093 2179 veteribus
1128 2124 1406 2177 editorum
1448 2123 1761 2192 inquisitor,

183 2212 412 2281 hujusce
468 2214 524 2267 in
580 2212 869 2268 Canticum
924 2214 1361 2271 elucubrationis
1417 2231 1523 2268 non
1576 2215 1767 2268 memi-

183 2305 345 2355 nerit.

244 2395 325 2449 Ad
361 2395 443 2459 id,
462 2396 611 2465 quod
629 2396 860 2452 affertur
882 2414 946 2453 ex
970 2397 1041 2453 Ca
1052 2409 1173 2454 teua
1194 2399 1461 2469 Neophyti
1488 2397 1762 2459 monachi,

182 2486 505 2556 responderi
540 2487 651 2541 duo
705 2499 955 2557 possunt.
1004 2490 1273 2553 Alterum,
1328 2506 1427 2559 pro
1478 2488 1765 2543 Theodoro

181 2579 319 2632 forte
353 2579 655 2633 librarium
705 2579 1037 2634 Theodoreti
1087 2596 1284 2635 nomen
1338 2582 1619 2650 posuisse;
1656 2590 1765 2650 ‘pro

181 2667 498 2732 Theodoro,
543 2669 787 2737 inquam,
824 2684 933 2722 non
967 2669 1347 2737 Mopsuesteno
1396 2670 1487 2722 illo
1539 2669 1762 2731 celebri,

179 2761 274 2814 sed
332 2761 663 2815 Heracleota
714 2761 873 2829 longe
925 2762 1223 2823 anteriore,
1283 2768 1338 2813 et
1390 2761 1509 2830 ipso
1542 2760 1764 2831 quidem

180 2854 351 2906 nobili
391 2854 806 2921 Scripturarum
844 2854 1164 2921 interprete.
1202 2853 1471 2913 Alterum,
1512 2853 1763 2923 Neophy-

179 2954 294 2997 tum
318 2960 485 2999 suum
517 2943 811 3012 deceptum
862 2946 875 2961 ‘
914 2943 1105 3008 fuisse,
1154 2953 1210 2997 et
1263 2944 1609 2997 Theodoreto
1665 2946 1766 2997 tri-

178 3036 387 3099 buisse,
450 3035 598 3105 quod
652 3034 881 3089 alterius
932 3035 1216 3105 cujusdam
1249 3034 1391 3087 foret
1415 3034 1764 3088 Canticorum

1868 577 1972 631 eho
2014 578 2067 631 in
2096 594 2250 632 suam
2273 581 2532 637 Catenam
2558 586 2782 651 relatus,
2812 602 2919 641 non
2950 589 3224 656 reperitur
3251 591 3305 643 in
3336 592 3443 647 hoc

1868 685 2054 737 opere.
2089 670 2355 734 Alterum,
2393 676 2563 745 stylus
2590 692 2698 730 non
2723 677 2943 731 videtur
2973 677 3300 734 Theodoreti
3324 682 3441 737 ele-

1868 759 2105 826 gantiam
2132 770 2189 815 et
2218 761 2375 831 quasi
2410 762 2790 832 limpiditatem
2823 782 3037 835 sapere.
3072 767 3437 834 Postremum,

1870 856 1950 903 tot
1969 853 2292 908 seculorum
2316 855 2607 923 possessio,
2629 844 2792 913 tantis
2815 860 3049 913 testibus
3064 862 3437 929 comprobata,

1870 950 2022 997 tanto
2075 960 2344 1000 consensu
2377 947 2721 1002 eruditorum
2764 950 3024 1014 stabilita,
3068 952 3324 1022 prohibet
3372 970 3441 1008 ne

1871 1033 2218 1089 Theodoreto
2248 1037 2593 1107 abjudicetur
2643 1040 2894 1110 vulgatus
2924 1045 3354 1099 commentarius
3387 1046 3442 1099 in

1869 1123 2152 1179 Canticum
2186 1130 2521 1184 canticorum
2544 1132 2607 1185 ⁸³.

2393 1242 2553 1310 272
2572 1242 2795 1299 CAPUT
2828 1243 2912 1297 IV.

1872 1349 2120 1403 Receusio
2142 1366 2380 1419 operum,
2414 1368 2532 1421 quae
2567 1362 2701 1435 torno
2742 1355 2967 1407 secundo
3010 1356 3134 1409 edit.
3177 1354 3441 1410 Sirmondi

2480 1432 2832 1477 continentur.

1946 1533 2148 1587 Tonms
2192 1534 2465 1588 secundus
2514 1535 2897 1604 complectitur
2948 1536 3337 1591 commentaria
3385 1538 3438 1589 in

1874 1639 2064 1679 omnes
2108 1624 2381 1679 sexdecim
2414 1626 2730 1695 prophetas.
2761 1626 2883 1679 Ihec
2925 1641 3025 1694 pro
3053 1628 3167 1681 suis
3194 1626 3442 1697 agnoscit

1876 1716 2255 1771 Theodoretus
2284 1717 2444 1785 epist.
2479 1715 2585 1769 8‘2:
2629 1736 2644 1766 ι
2679 1716 2782 1770 Per
2805 1716 2899 1770 Dei
2934 1717 3162 1787 gratiam
3198 1716 3441 1785 Prophe-

1802 1822 1845 1881 Β
1876 1816 1956 1862 tas
2013 1824 2204 1863 omnes
2259 1808 2597 1875 interpretati
2654 1821 2858 1861 sumus.
2891 1826 2909 1857 ι
2971 1807 3038 1860 Ει
3084 1807 3245 1885 epist.
3298 1808 3436 1861 IIS:

1876 1920 1893 1949 ι
1921 1901 2197 1971 Explicata
2233 1909 2360 1954 sunt
2388 1916 2416 1953 a
2446 1913 2531 1952 me
2555 1899 2794 1951 oracula.
2830 1918 2847 1948 ι
2906 1898 2974 1952 Ει
3023 1899 3076 1950 in
3121 1899 3441 1956 Praefatione

1869 1994 2206 2047 Psalmornm
2242 2010 2253 2044 :
2317 2010 2334 2041 ς
2372 1991 2474 2045 Alii
2520 1990 2749 2043 aliorum
2783 2004 3066 2043 sacrorum
3101 1990 3439 2043 voluminum

1867 2084 2275 2152 explanationes
2300 2080 2663 2151 eﬂlagitarunt
2692 2080 3105 2149 ;imposuerunt
3127 2080 3285 2135 nobis
3305 2098 3443 2135 non-

1870 2173 2006 2225 nulli
2062 2181 2121 2224 ut
2150 2171 2435 2225 Canticum
2491 2169 2831 2225 canticorum
2873 2184 3291 2239 exponeremus.
3323 2172 3441 2225 Ali-

1867 2264 1959 2333 qui
2004 2280 2134 2317 vero
2181 2262 2284 2316 viri
2333 2260 2733 2315 desideriorum
2789 2260 3130 2330 prophetiam
3163 2261 3441 2316 desidera-

1867 2362 2063 2407 verunt
2102 2367 2453 2421 cognoscere.
2480 2349 2585 2403 Alii
2625 2350 2795 2403 divini
2822 2350 3144 2409 Ezechielis.
3181 2350 3271 2403 alii
3306 2349 3440 2405 duo-

1866 2444 2043 2499 decim
2091 2444 2480 2514 prophetarum
2515 2442 2899 2511 praedictiones
2922 2443 3257 2498 obscuritate
3282 2444 3440 2498 invo-

1868 2537 2011 2590 lutas
2037 2534 2317 2590 enucleari
2342 2534 2447 2588 sibi
2478 2544 2533 2587 et
2562 2532 2827 2586 declarari
2853 2536 3200 2602 postularunt
3226 2554 3238 2588 :
3266 2534 3443 2589 dedit-

1868 2644 1974 2697 que
2019 2628 2179 2682 nobis
2218 2628 2599 2681 universorum
2646 2625 2809 2687 Dens,
2843 2634 2901 2679 ut
2940 2628 3363 2681 commentarios
3387 2627 3441 2681 in

1870 2722 1983 2775 haec
2014 2720 2187 2790 ipsius
2216 2719 2399 2773 divina
2424 2719 2640 2789 eloquia
2662 2720 2725 2773 ad
2754 2720 2914 2773 linem
2940 2718 3387 2787 perduceremus.
3416 2737 3435 2770 ι

1872 2833 1897 2905 §
1928 2834 1968 2887 I.
1997 2833 2070 2886 De
2090 2833 2477 2886 commentariis
2508 2834 2560 2885 in
2584 2849 2762 2886 omnes
2804 2834 3083 2902 praphetas
3128 2833 3441 2902 generatim.

1937 2946 1977 2999 I.
2001 2946 2118 3012 Quo
2141 2947 2400 3014 temporis
2425 2946 2686 3000 ordinein
2715 2946 2957 3014 singulos
2978 2943 3272 3014 prephetas
3304 2945 3443 2999 scri-

1870 3038 2062 3105 pserit,
2116 3035 2313 3105 partim
2369 3035 2483 3103 ipse
2535 3042 2720 3104 aperte
2762 3033 3006 3102 exponit,
3046 3033 3239 3101 partim
3279 3048 3445 3101 argu-

178 3128 537 3198 expositoris.
579 3127 727 3188 Haec,
786 3127 983 3189 fateor,
1034 3129 1361 3196 conjecturae
1386 3137 1513 3180 sunt
1544 3145 1555 3179 :
1588 3128 1681 3180 sed
1713 3128 1764 3179 in
1797 3160 1837 3212 ρ
1872 3140 2050 3183 menta
2090 3128 2379 3197 colligendi
2413 3128 2744 3197 suppeditat.
2774 3126 2989 3181 Primus
3035 3140 3165 3194 ergo
3188 3123 3344 3179 labor
3388 3124 3443 3177 in

182 3237 237 3274 re
266 3220 443 3274 dubia
467 3219 593 3287 quis
621 3218 1078 3272 demonstrationi
1112 3219 1307 3273 locus?

246 3312 344 3366 His
379 3326 488 3380 ego
521 3311 830 3364 rationibus
868 3310 1164 3379 impeditus
1198 3312 1443 3375 tenebar,
1480 3327 1603 3366 cum
1631 3313 1767 3366 forte

181 3403 349 3457 incidi
378 3402 438 3454 in
456 3400 705 3455 Graecum
738 3399 982 3454 codicem
998 3402 1065 3463 ",
1092 3415 1254 3453 manu
1278 3400 1632 3455 eruditissimi
1657 3400 1770 3454 Sir-

180 3494 365 3547 mondi
389 3492 685 3561 scriptum,
715 3491 770 3544 in
800 3507 908 3559 quo
936 3491 1323 3544 continebatur
1342 3492 1610 3560 expositio
1630 3493 1769 3545 Can-

182 3579 271 3631 tici
309 3578 683 3640 canticorum,
719 3577 922 3630 nullius
956 3579 1200 3632 auctoris
1238 3580 1457 3633 nomine
1486 3581 1764 3649 inscripta.

181 3669 329 3723 Illam
360 3686 471 3739 ego
501 3685 625 3723 cum
651 3671 911 3739 legerent,
942 3670 1093 3723 visus
1116 3687 1233 3724 sum
1261 3671 1393 3723 mihi
1423 3671 1607 3725 videre
1630 3688 1767 3724 non-

181 3763 327 3815 nulla
354 3762 696 3815 Theodoreti
722 3761 943 3824 indicia,
972 3778 1093 3830 quae
1119 3778 1228 3830 quo
1251 3763 1513 3816 attentius
1542 3764 1767 3832 perlegi,

180 3869 242 3906 eo
279 3870 369 3907 me
401 3853 579 3923 magis
616 3853 951 3922 impulerunt
982 3854 1033 3906 in
1068 3862 1296 3921 partem,
1334 3854 1389 3906 in
1417 3870 1579 3923 quam
1613 3855 1768 3907 valde

181 3944 595 4014 propendebam
636 3962 647 3996 :
688 3960 827 4013 opus
850 3959 1068 4014 nempe,
1094 3946 1249 4014 cujus
1283 3962 1313 3998 a
1352 3962 1409 3999 se
1456 3946 1509 3999 in
1546 3944 1769 4000 Cantica

180 4035 449 4091 elaborati
473 4035 858 4089 Theodoretus
883 4036 1153 4099 meminit,
1192 4052 1301 4089 non
1346 4052 1465 4091 esse
1494 4053 1772 4091 commen-

182 4128 367 4189 tarios,
421 4142 563 4196 quos
610 4127 784 4181 edidit
836 4128 1320 4193 Sirmondus;sed
1363 4129 1518 4183 istam
1566 4131 1766 4198 potius,

181 4234 338 4286 quam
380 4218 731 4280 evolvebam,
785 4220 1207 4288 expositionem.
1270 4220 1417 4275 Nihil
1475 4221 1621 4273 enim
1679 4220 1769 4274 illa

181 4312 450 4372 continet,
480 4309 628 4378 quod
654 4310 951 4364 abhorreat
985 4328 1014 4365 a
1047 4313 1470 4372 consuetudine,
1496 4313 1765 4375 doctrina,

181 4411 339 4471 atque
373 4410 542 4455 aetate
573 4401 904 4457 Theodoreti
932 4420 945 4468 ;
979 4402 1144 4458 habet
1193 4420 1223 4458 e
1260 4406 1538 4458 contrario
1590 4406 1765 4475 plura,

1871 3224 2147 3277 Danielem
2178 3220 2448 3283 incubuit,
2474 3219 2748 3273 secundus
2771 3221 2825 3272 in
2852 3218 3218 3279 Ezechielem,
3246 3215 3443 3270 tertius

1872 3316 1923 3368 in
1960 3315 2199 3367 minores
2225 3311 2535 3374 duodecim,
2577 3318 2805 3380 quartus
2860 3310 2916 3364 in
2960 3310 3174 3373 Isaiam,
3214 3308 3443 3378 quintus

1872 3406 1925 3460 in
1954 3404 2267 3467 Jeremiam,
2300 3413 2613 3472 postremus
2633 3404 2686 3456 in
2714 3402 3179 3465 Lamentationes,
3208 3417 3440 3471 quarum

1872 3497 1925 3548 in
1983 3493 2087 3552 line
2118 3494 2232 3547 hare
2273 3494 2433 3549 habet
2465 3511 2476 3546 :
2536 3513 2551 3541 ι
2586 3493 2734 3549 [lane
2757 3491 2921 3546 etiam
2951 3492 3073 3546 aliis
3103 3491 3441 3561 propheticis

1869 3586 2027 3639 libris
2055 3585 2359 3654 adjeeimus
2391 3584 2927 3652 interpretationem,
2959 3584 3094 3637 adeo
3118 3591 3196 3645 ut,
3228 3598 3325 3651 per
3345 3582 3439 3636 Dei

1869 3676 2121 3746 gratiam,
2178 3675 2381 3728 nullam
2435 3674 2778 3744 prophetiam
2829 3674 3301 3745 interpretationis
3344 3690 3443 3729 ex-

1871 3776 2079 3836 pertem
2104 3766 2490 3835 reliquerimus
2512 3768 2575 3819 “.
2611 3786 2659 3842 ι.

1940 3859 2004 3912 Il.
2047 3859 2107 3912 In
2152 3858 2548 3911 commentario
2597 3858 2661 3911 ad
2698 3866 2862 3926 caput
2892 3876 3012 3915 xxxi
3052 3858 3303 3913 Jeremiae
3331 3874 3445 3911 me-

1871 3949 2029 4001 minit
2077 3948 2595 4002 commentariorum
2652 3947 2707 4000 in
2758 3948 3140 4002 Ezechielem:
3184 3967 3200 3997 l
3233 3947 3446 4001 Clarius

1871 4041 1972 4093 hoc
2010 4039 2175 4093 etiam
2210 4039 2347 4092 dixit
2383 4039 2643 4092 Dominus
2680 4055 2777 4108 per
2805 4039 3047 4092 divinum
3074 4038 3442 4101 Eeeebielem,

1870 4142 1925 4185 et
1960 4147 2058 4185 nos
2093 4131 2193 4199 ipsi
2238 4132 2489 4200 pluribus
2538 4131 2880 4199 interpretati
2927 4146 3118 4185 sumus
3145 4132 3211 4182 ⁸⁸.
3242 4150 3260 4180 ι
3312 4130 3446 4185 Eze—

1870 4224 2102 4278 chielem
2133 4216 2298 4291 igitur
2327 4231 2452 4276 ante
2485 4222 2781 4277 Jeremiam
2808 4223 3202 4291 interpretatus
3231 4232 3335 4276 est.

1942 4312 2142 4366 [IL-Ad
2177 4321 2340 4381 caput
2390 4328 2495 4364 xxu
2539 4310 2783 4380 ejusdem
2839 4312 3089 4365 Ieremia:
3111 4293 3445 4365 mentionem

1871 4404 2000 4457 lacit
2026 4402 2385 4472 expositionis
2430 4401 2483 4454 in
2511 4400 2701 4453 Isaiam
2734 4416 2744 4451 :
2781 4418 2799 4449 ‹
2837 4399 3029 4468 Hujus,
3066 4398 3262 4466 inquit,
3290 4398 3446 4451 Iocu-

180 4509 295 4561 qua:
327 4493 425 4546 his
458 4492 693 4546 miriﬁce
722 4503 1026 4563 congruant
1061 4513 1072 4546 :
1123 4496 1395 4563 siquidem
1432 4497 1614 4551 brevis
1656 4508 1759 4560 est,
1800 4504 1840 4556 D
1871 4495 2035 4548 tionis
2090 4494 2359 4547 rationem
2429 4492 2681 4562 pluribus
2728 4491 3094 4560 explicuimus
3157 4490 3210 4542 in
3273 4489 3444 4542 divini

180 4582 491 4652 cujusmodi
521 4596 712 4637 omnes
742 4583 992 4652 genuina:
1022 4583 1353 4639 Theodoreti
1372 4588 1759 4655 expositiones;

180 4674 473 4743 mysticum
496 4688 719 4727 sensum
748 4674 823 4728 ita
857 4675 1229 4744 persequitur,
1262 4686 1322 4730 ut
1354 4676 1565 4730 nullum
1602 4677 1763 4731 faciat

180 4764 477 4819 Theodoro
505 4765 889 4834 Mopsuesteno
914 4767 1219 4822 convicium
1248 4785 1262 4833 ;
1290 4768 1473 4821 verbis
1499 4768 1760 4834 abundat,

179 4869 299 4922 quze
332 4853 726 4909 Theodoretus
770 4855 993 4909 videtur
1017 4857 1301 4913 affectasse
1336 4874 1351 4923 ;
1383 4867 1440 4912 et
1470 4858 1764 4927 Scriptura:

183 4946 319 5007 loca,
350 4960 478 5014 quae
502 4944 830 5009 afferuntur,
862 4946 1090 5016 perinde
1125 4964 1188 5001 ac
1218 4948 1597 5002 Theodoretus
1644 4950 1765 5003 aliis

182 5037 235 5089 in
254 5038 417 5101 locis,
461 5038 878 5107 interpretatur.
913 5037 1243 5093 Brevitatem
1277 5050 1333 5094 et
1366 5040 1638 5095 Theodori
1677 5057 1765 5096 re—

182 5126 490 5181 verentiam
528 5126 640 5195 ipsa
670 5127 831 5181 lectio
858 5128 1197 5188 demonstrat
1230 5148 1242 5183 :
1270 5130 1375 5185 alia
1402 5131 1512 5185 duo
1544 5131 1765 5200 probari

182 5224 419 5284 possunt
448 5231 560 5269 non
583 5214 788 5269 diﬂieili
820 5217 1058 5285 negotio.

252 5309 459 5363 Verum
510 5308 807 5376 quominus
852 5308 1160 5364 adhaereant
1201 5310 1429 5365 ﬁrmiter
1450 5312 1766 5381 cogitationi

1870 4585 2021 4640 Isaia:
2068 4584 2598 4654 interpretatione.»
2658 4584 2797 4653 Ergo
2843 4582 3011 4635 etiam
3064 4581 3259 4634 Isaiam
3318 4590 3443 4634 ante

1867 4678 2157 4733 Jeremiam
2201 4676 2472 4744 exposuit.
2521 4676 2707 4742 Quid?
2741 4674 2886 4743 quod
2923 4673 3213 4727 admodum
3261 4672 3442 4726 credi-

1871 4768 1978 4824 bile
2028 4776 2132 4831 est,
2183 4768 2574 4822 commentaria
2622 4766 2834 4835 singula
2878 4780 2945 4819 eo
2972 4763 3173 4834 scripta
3203 4779 3321 4817 esse
3355 4778 3443 4815 or-

1871 4859 2017 4923 dine,
2054 4873 2163 4927 quo
2191 4866 2487 4912 censentur
2516 4857 2569 4911 in
2601 4855 2922 4911 Praefatione
2953 4855 3311 4916 Psalmorum,
3349 4852 3442 4906 ubi

1871 4949 2056 5004 Daniel
2088 4949 2348 5019 primum,
2388 4948 2590 5003 deinde
2615 4948 2891 5010 Ezechiel,
2921 4946 3267 5016 postmodum
3303 4946 3444 5000 duo-

1868 5040 2043 5094 decim
2074 5040 2355 5109 propheta
2390 5040 2632 5093 minores
2664 5048 3058 5092 memorantur.

1937 5133 2004 5186 Et
2046 5148 2177 5185 vero
2218 5132 2274 5185 in
2313 5131 2638 5186 Praefatione
2678 5130 2921 5186 Danielis
2959 5128 3244 5185 manifeste
3283 5129 3445 5184 docet

1869 5222 2248 5278 Theodoretus
2294 5239 2325 5277 a
2368 5239 2425 5278 se
2460 5223 2742 5277 Danielem
2787 5222 3022 5292 primum
3044 5222 3289 5275 omnium
3312 5236 3444 5290 pro-

1868 5314 2157 5384 phetarum
2203 5316 2512 5385 expositum
2541 5314 2732 5377 fuisse,
2762 5314 3035 5383 simulque
3063 5313 3192 5368 lacti
3222 5328 3441 5368 causam

1499 5510 1816 5566 SCIIULZII
1855 5509 2081 5566 ΝΟΤᾹΣ.

247 5649 291 5679 ⁸⁸
318 5645 486 5722 ΡηΡῄ
504 5646 571 5722 ad
585 5646 743 5722 Cant.
809 5648 959 5703 "Hie
985 5651 1103 5722 sine
1126 5651 1294 5703 dubio
1310 5662 1393 5705 est
1410 5651 1832 5706 commentarius
1853 5651 1963 5714 illc,
1979 5666 2147 5719 quem
2165 5651 2291 5704 alibi
2314 5654 2584 5722 mysticum
2603 5662 2778 5714 vocat,
2800 5668 3069 5721 quemque
3086 5650 3341 5705 Auctario
3365 5649 3443 5705 in—

186 5732 378 5772 serere
402 5718 596 5790 voluit.
619 5719 761 5775 lVid.
792 5721 1221 5787 caputultimum
1240 5722 1398 5790 hujus
1421 5722 1578 5785 diss.)
1601 5722 1705 5775 Sed
1738 5738 1844 5775 non
1880 5718 2033 5775 stetit
2060 5722 2356 5789 promissis.

188 5789 498 5843 mentarius
527 5787 580 5843 in
604 5790 761 5843 Cant.
802 5791 998 5846 eantic.
1026 5787 1336 5860 disputatur
1364 5792 1521 5855 india,
1556 5808 1606 5861 ι».
1640 5794 1704 5847 Ξῖ
1720 5793 1762 5845 ί.

2435 5724 2480 5753 ⁵³
2506 5726 2625 5787 Quo
2660 5732 2901 5791 tempore
2930 5722 3165 5791 scriptus
3193 5722 3263 5774 sit
3292 5737 3443 5774 com-

1841 5792 1884 5821 “
1918 5791 2033 5845 Vid.
2074 5800 2109 5844 ι.
2150 5792 2191 5845 Il
2246 5793 2378 5846 edit.
2422 5803 2639 5859 nosmc,
2678 5810 2728 5861 ιι.
2759 5792 2877 5847 668.
2960 5792 3004 5823 ’⁸
3040 5790 3201 5855 Ibid.,
3233 5806 3286 5860 p.
3320 5791 3438 5845 558.
