4228 6446
744 417 851 481 223

1835 418 2212 476 GARNERII
2256 419 2749 478 DISSERTATIO
2788 417 2868 476 ΙΙ.

3890 408 3999 470 224

738 530 979 587 atl‘crt“.
1000 526 1152 582 llune
1174 530 1496 598 prophetam
1519 531 1571 583 in
1599 530 1852 599 praesenti
1868 545 2132 585 conamur
2150 533 2319 585 inter-
2349 538 2389 592 Λ
2420 534 2513 587 sed
2541 533 2836 587 Hebraicos
2854 540 2910 585 et
2936 530 3177 591 lunares,
3204 535 3263 580 ut
3283 532 3461 591 vocat;
3486 539 3582 579 seu
3613 525 3709 594 qui
3739 524 3998 579 undecim

740 620 969 693 pretari,
995 635 1102 673 non
1131 620 1285 688 quasi
1317 621 1476 684 alios,
1503 619 1646 689 quod
1667 620 1809 673 absit
1838 622 1851 673 ἰ
1879 628 2315 684 contemnentes;

740 726 931 766 omnes
957 711 1104 764 enitn
1147 710 1402 765 novimus
1441 700 1562 765 esse
1605 710 1843 780 Spiritus
1887 712 2063 764 sancti
2112 711 2318 764 instru-

743 819 793 856 m
832 812 953 854 nta:
981 800 1075 854 sed
1106 802 1341 869 primum
1364 800 1587 870 quidem
1611 802 1787 871 ipsius
1808 802 2317 871 interpretationem

740 910 768 946 a
812 892 971 946 nobis
1004 891 1298 946 familiares
1325 892 1713 961 efﬂagitarunt,
1743 907 2073 961 aequumque
2097 892 2319 947 censui-

742 1000 884 1047 mus,
929 982 1255 1037 beneficium
1306 982 1373 1037 iis
1414 984 1511 1051 qui
1541 984 1839 1051 petierunt,
1874 999 1983 1037 non
2027 984 2318 1054 denegare.

745 1074 950 1128 Deinde
983 1073 1112 1126 facit
1138 1073 1299 1143 273
1328 1073 1643 1128 ,ιυόεεοτιιηι
1685 1074 1944 1137 amentia,
1985 1082 2045 1129 ut
2090 1075 2215 1129 aliis
2266 1074 2322 1129 in

745 1163 999 1233 praesenti
1022 1164 1262 1227 omissis,
1282 1164 1459 1233 hujus
1483 1163 1868 1232 praedictiones
1892 1164 2137 1219 enudare
2158 1173 2324 1234 atque

746 1254 961 1322 aperire
993 1254 1363 1324 aggredimur.
1402 1254 1479 1307 Eo
1510 1254 1784 1323 siquidem
1814 1255 2166 1326 impudentiae
2195 1271 2324 1325 pro-

746 1358 984 1407 cessere,
1012 1353 1123 1398 uta
1144 1344 1540 1413 prophetarum
1572 1346 1740 1400 choro
1767 1353 1784 1366 '
1809 1348 1987 1416 ipsum
2015 1357 2323 1419 segregent,

748 1436 1135 1503 prophctzeque
1172 1445 1537 1505 cognomento
1569 1436 1897 1491 defraudent
1933 1439 2000 1490 ⁵⁷.

820 1527 900 1580 Ad
927 1528 1031 1580 hoc
1053 1529 1425 1581 testimonium
1475 1528 1769 1584 observare
1815 1538 2050 1599 oportet,
2090 1531 2235 1599 quod
2272 1539 2329 1585 et

751 1616 1133 1671 Theodoretus
1178 1618 1312 1670 alias
1344 1618 1533 1681 refert,
1564 1635 1623 1674 se
1652 1636 1679 1674 a
1716 1637 1888 1691 puero
1914 1622 1967 1675 in
2002 1623 2172 1677 sacris
2210 1623 2326 1676 Lit-

752 1707 885 1759 teris
912 1706 1204 1760 educatum
1240 1724 1252 1759 :
1292 1708 1552 1761 Παιδόθεν
1577 1711 1757 1773 αὐτοῖς
1792 1712 2098 1782 ἐντραφείς.

822 1797 899 1849 De
947 1798 1087 1867 stylo
1134 1808 1185 1852 et
1240 1798 1309 1853 de
1360 1801 1573 1856 ratione
1632 1802 2027 1872 interpretandi
2077 1803 2130 1857 id
2164 1803 2328 1857 habet

2422 624 2616 678 diebus
2672 639 2701 677 a
2756 621 3075 692 vulgaribus
3123 618 3412 681 deficiunt,
3447 628 3613 686 atque
3645 616 3717 690 ita
3741 626 4000 670 constant

2421 716 2616 770 diebus
2648 714 2874 767 omnino
2921 712 3043 767 554.
3090 711 3179 765 Ait
3210 711 3379 781 igitur
3408 721 3587 763 armos-
3609 708 3878 778 ejusmodi
3913 708 3991 761 ef-

2424 804 2641 859 ﬂuxisse
2684 802 3119 872 quadringentos
3171 798 3535 869 quadraginta
3585 811 3615 849 a
3660 796 3884 850 Christo
3929 794 3997 848 ad

2425 903 2639 963 tempus
2685 908 2795 963 quo
2847 891 3010 963 274
3042 891 3338 945 scribebat.
3375 887 3501 941 Haec
3526 896 3707 940 autem
3730 899 3999 938 annorum

2423 1001 2633 1041 summa
2661 986 2705 1040 si
2732 981 3127 1053 multiplicetur
3154 982 3353 1035 indies
3394 980 3519 1042 354,
3562 976 3832 1033 exsistent
3879 990 4000 1030 om-

2423 1076 2555 1130 nino
2580 1072 2813 1139 l55,760
2836 1072 2989 1136 dies;
3014 1085 3136 1141 quae
3168 1070 3380 1123 dierum
3408 1082 3618 1121 summa
3652 1065 3698 1119 si
3725 1062 4000 1118 dividatur

2423 1166 2481 1224 in
2514 1167 2638 1230 565,
2684 1166 2962 1236 quomodo
2994 1170 3232 1232 oportet,
3269 1170 3330 1214 ut
3356 1158 3608 1215 Hebraici
3631 1156 3761 1211 anni
3787 1154 3856 1210 ad
3875 1154 4000 1208 vul-

2424 1273 2581 1329 gares
2623 1264 2976 1319 revocentur,
3024 1254 3157 1308 fient
3216 1250 3322 1305 426
3374 1249 3503 1303 anni
3563 1262 3690 1302 cum
3744 1243 4004 1299 undecim

2425 1348 2648 1402 circiter
2692 1345 2994 1401 mensibus.
3040 1343 3221 1411 Atque
3268 1340 3341 1393 ita
3374 1337 3759 1392 Theodoretus
3783 1332 4010 1402 scripsit

2426 1439 2483 1492 in
2528 1437 2804 1492 Danielem
2848 1448 2993 1487 anno
3031 1430 3303 1486 Hebraico
3319 1425 4011 1498 quadringentesimoqua—

2426 1528 2736 1597 dragesimo
2777 1532 2899 1595 post
2962 1533 3150 1576 natum
3204 1519 3505 1581 Christum,
3558 1516 3612 1570 id
3654 1525 3759 1579 est,
3791 1511 4009 1582 vulgari

2428 1634 2572 1673 anno
2614 1613 3161 1686 quadringentesimo
3213 1609 3478 1664 vicesimo
3504 1615 3658 1661 sexto
3688 1604 3791 1658 sub
3820 1601 4007 1655 finem.

2502 1711 2589 1764 IV.
2611 1710 2689 1763 Ex
2708 1710 2809 1762 hac
2824 1716 3006 1760 autem
3026 1704 3236 1774 epocha
3256 1701 3612 1770 innotescunt
3636 1697 3758 1748 tria.
3785 1696 3833 1747 i.
3861 1692 4011 1746 Can-

2434 1804 2662 1855 ticorum
2686 1796 3084 1866 expositionem
3115 1792 3310 1847 referri
3345 1790 3545 1844 debere
3572 1785 3638 1839 ad
3670 1796 3871 1839 annum
3902 1779 4015 1835 cir-

754 1887 998 1950 I‘ltotius,
1056 1888 1202 1956 quod
1252 1890 1354 1944 etsi
1401 1890 1540 1947 dixit
1576 1892 1644 1946 de
1696 1895 2101 1948 commentariis
2139 1893 2193 1947 in
2222 1894 2327 1947 Da-
2364 1861 2403 1917 Β
2435 1893 2575 1948 citer
2601 1891 2724 1954 425,
2753 1861 2877 1943 nam
2898 1885 3180 1958 praecessit
3209 1878 3603 1937 commentaria
3628 1877 3682 1930 in
3704 1873 4011 1929 Danielem.

751 1977 974 2042 uielem,
1014 1979 1178 2035 latius
1212 1989 1394 2036 tamen
1421 1985 1614 2051 procul
1656 1984 1827 2039 dubio
1852 1987 2093 2055 pertinet
2124 2004 2136 2039 :
2173 2006 2190 2036 ‹
2222 1986 2329 2040 Le-

753 2068 952 2137 gimus,
980 2069 1160 2139 inquit
1180 2071 1247 2135 ⁸⁸,
1281 2071 1424 2125 beati
1454 2073 1784 2128 Theodoreti
1812 2076 2327 2145 interpretationem

753 2159 1013 2215 Danielis.
1074 2162 1169 2215 Vir
1228 2178 1358 2217 sane
1407 2164 1604 2219 doctus
1650 2182 1760 2220 non
1804 2165 2093 2239 Hippolyto
2143 2168 2326 2231 modo,

754 2265 946 2303 verum
980 2252 1145 2306 etiam
1170 2253 1290 2307 aliis
1314 2255 1499 2309 multis
1538 2257 1983 2325 propheticorum
2014 2275 2328 2313 sermonum

755 2339 1215 2410 interpretatione
1264 2346 1562 2400 antecellit.
1619 2347 1793 2401 Dictio
1836 2350 1957 2418 ejus
1992 2359 2330 2404 commenta-

755 2433 913 2497 tioni,
953 2434 997 2487 si
1033 2436 1352 2505 cujusquam
1383 2438 1543 2496 alius.
1569 2439 1849 2507 aptissima
1885 2458 1897 2493 :
1935 2456 2057 2494 nam
2092 2448 2147 2494 et
2181 2442 2331 2510 puris

756 2522 1213 2595 signantibusque
1260 2528 1448 2581 verbis
1483 2527 1667 2582 abdita
1718 2545 1949 2599 quasque
1993 2539 2048 2584 et
2096 2531 2329 2585 obscura

759 2615 986 2679 revelat,
1041 2624 1097 2671 et
1125 2616 1475 2687 jucunditate
1508 2618 1742 2687 quadam
1774 2620 1930 2688 quasi
1972 2620 2331 2675 delinintento

758 2709 1027 2777 suavique
1071 2709 1259 2778 lepore
1310 2710 1375 2763 ad
1414 2710 1497 2763 sui
1542 2711 1833 2767 lectionem
1863 2712 2076 2766 invitat.
2105 2712 2247 2779 Quin
2278 2721 2333 2768 et

758 2814 825 2853 ex
879 2814 946 2852 eo
992 2801 1137 2868 quod
1188 2800 1255 2853 ad
1297 2803 1553 2871 ambages
1582 2804 1761 2857 nullas
1803 2803 2333 2873 digressionesquea

758 2891 1041 2959 proposito
1066 2901 1394 2961 argumento
1427 2893 1667 2957 recedat,
1701 2895 2010 2949 satietatem
2038 2910 2148 2948 non
2171 2895 2334 2950 modo

757 2980 963 3033 nullam
1000 2980 1179 3045 alI‘ert,
1232 2982 1328 3036 sed
1354 2997 1417 3035 ea
1453 2983 1699 3053 insuper,
1733 3000 1853 3053 qua:
1889 2986 1944 3039 in
1974 2985 2201 3039 dubium
2235 3002 2332 3040 vo-

756 3083 977 3136 cantur,
1018 3074 1134 3128 sine
1180 3075 1291 3128 ulla
1343 3076 1427 3128 vel
1471 3076 1790 3131 confusione
1836 3077 1920 3131 vel
1977 3077 2334 3146 dissipationc

758 3160 917 3215 facile
950 3171 1005 3216 et
1033 3164 1321 3218 commoda
1351 3165 1564 3219 ratione
1594 3181 1725 3219 suos
1756 3166 1990 3220 lectores
2016 3165 2196 3220 docet.
2223 3167 2333 3221 Vo-

758 3267 883 3306 cum
934 3253 1064 3307 item
1114 3256 1234 3324 ejus
1284 3255 1550 3319 delectus,
1583 3265 1746 3326 atque
1772 3258 1890 3326 ipsa
1915 3258 2238 3327 compositio
2268 3259 2337 3313 ab

759 3346 952 3399 Atticae
977 3346 1261 3417 elegantiae
1286 3348 1499 3416 origine
1524 3364 1633 3401 non
1657 3348 1877 3418 refugit,
1901 3350 2007 3404 nisi
2040 3351 2172 3419 quid
2198 3350 2335 3405 forte

756 3436 1033 3491 curiosius
1081 3436 1191 3491 illic
1244 3450 1518 3501 occurrat,
1566 3439 1712 3508 quod
1744 3440 1868 3508 quis
1901 3441 2202 3495 multorum
2235 3457 2335 3495 au-

761 3528 912 3583 ribus
968 3530 1247 3585 insolitum
1302 3530 1468 3584 dicat.
1531 3531 1936 3595 Hoeconstat,
1990 3533 2129 3586 nihil
2186 3548 2333 3597 eum,

758 3620 904 3688 quod
932 3620 1000 3674 ad
1025 3620 1496 3690 interpretandum
1543 3622 1727 3687 faciat,
1758 3624 2058 3687 declinare,
2090 3624 2338 3694 adeoque

760 3713 817 3766 in
834 3728 1108 3767 summum
1126 3715 1365 3768 evasisse
1379 3715 1709 3784 optimorum
1726 3715 2085 3785 interpretum
2100 3717 2336 3779 culmen,

762 3813 824 3858 ut
864 3820 976 3857 non
1008 3804 1166 3859 facile
1206 3805 1443 3874 aliquem
1483 3805 1560 3859 sis
1595 3814 1935 3875 reperturus,
1969 3806 2060 3875 qui
2099 3806 2192 3860 illo
2224 3822 2339 3860 me-

761 3895 870 3951 lius
891 3896 1127 3949 obscura
1150 3897 1407 3966 explicet,
1444 3914 1461 3946 ι
1496 3905 1603 3951 etc.

764 4028 792 4096 ᾗ
836 4029 903 4083 II.
948 4029 1024 4083 De
1068 4033 1463 4085 commentariis
1514 4034 1568 4085 in
1609 4033 1887 4103 prophetas
1917 4032 1970 4082 in
2004 4029 2337 4099 particulari.

834 4161 875 4215 I.
904 4163 1083 4217 Pauca
1109 4164 1358 4232 qutedam
1385 4165 1730 4219 observanda
1765 4172 1899 4234 puto
1942 4164 2011 4218 de
2059 4180 2339 4219 commen-

766 4252 921 4306 tariis
948 4254 1002 4307 in
1036 4254 1281 4325 singulos
1315 4257 1613 4325 prophetas
1640 4274 1651 4309 :
1690 4256 1756 4310 de
1784 4264 2029 4325 tempore
2061 4255 2340 4315 nimirum,

765 4361 877 4412 quo
925 4346 1127 4415 scripta
1166 4356 1336 4413 sunt;
1371 4348 1439 4402 de
1464 4348 1552 4411 iis,
1585 4363 1706 4416 quae
1732 4362 1795 4401 ex
1818 4347 2039 4402 Catenis
2061 4347 2115 4401 in
2149 4347 2341 4401 Isaiam

766 4446 1067 4506 excerpta;
1104 4448 1160 4492 et
1185 4438 1252 4493 de
1288 4439 1608 4508 Apollinarii
1657 4438 2032 4493 ἅνακυκλώσει
2070 4438 2124 4493 in
2173 4454 2339 4507 expo-

766 4527 966 4581 sitione
994 4528 1303 4583 Ezechielis
1330 4528 1585 4583 refutata.

839 4617 905 4670 Il.
943 4618 1063 4684 Quo
1099 4629 1345 4687 teu‘ipore
1382 4620 1660 4673 Danielem
1692 4618 2035 4687 interpretari
2062 4633 2349 4688 aggressus

767 4708 859 4766 sit.
887 4709 1064 4776 aperit
1102 4709 1320 4763 duobus
1356 4709 1409 4761 in
1446 4710 1603 4771 locis,
1632 4709 1835 4778 quibus
1866 4709 2053 4771 tradit,
2080 4724 2107 4761 a
2130 4708 2351 4762 Christo

767 4805 898 4849 nato
944 4796 1011 4850 ad
1046 4807 1292 4863 tempora
1323 4798 1521 4866 quibus
1543 4799 1755 4861 scribit,
1782 4797 2155 4852 intercessisse
2176 4801 2350 4849 annos

768 4887 1202 4957 quadringentos
1227 4889 1590 4957 quadraginta
1627 4897 1683 4942 et
1711 4889 1968 4957 amplius,
2004 4888 2056 4941 id
2089 4896 2194 4949 est,
2222 4902 2346 4939 cum

772 4976 985 5044 aliquot
1033 4979 1353 5032 mensibus:
1400 4978 1504 5032 hoc
1543 4978 1689 5031 enim
1735 4994 1963 5033 numero
1998 4977 2203 5031 indicat
2228 4978 2348 5030 vul-

768 5080 950 5132 garem
994 5066 1202 5121 Christi
1237 5083 1442 5121 annum
1474 5068 1599 5131 ωδ,
1649 5068 1795 5136 quod
1849 5084 1915 5121 ex
1965 5068 2108 5122 libro
2158 5084 2232 5128 ιχ,
2279 5066 2346 5120 ad

770 5167 933 5223 caput
957 5158 1013 5217 9,
1048 5159 1198 5213 hunc
1226 5160 1279 5213 in
1308 5161 1529 5214 modum
1549 5160 1981 5214 demonstratur.

846 5247 932 5302 Ill.
960 5250 1362 5315 Theodoretus,
1392 5260 1453 5305 ut
1480 5262 1714 5320 exponat
1749 5266 2043 5305 numerum
2079 5267 2347 5306 annorum

772 5342 866 5409 qui
914 5341 1152 5395 Daniclis
1188 5341 1562 5396 hebdomadas
1580 5340 1825 5402 coniicit,
1849 5342 2018 5395 sumit
2051 5356 2223 5396 annos
2282 5342 2349 5396 de

771 5433 975 5501 quibus
1042 5433 1265 5501 angelus
1322 5433 1528 5485 homini
1593 5432 1820 5485 Hebraeo
1902 5431 2176 5501 loquitur,
2243 5448 2350 5485 non

773 5524 941 5578 fuisse
971 5525 1223 5594 vulgares
1242 5540 1337 5578 seu
1371 5525 1597 5587 solares,
1626 5525 1718 5591 qui
1742 5524 1937 5577 diebus
1957 5524 2348 5587 constant565,

2432 1984 2487 2037 2.
2528 1982 2587 2035 In
2632 1995 2823 2034 onmes
2857 1978 3156 2047 prophetas
3187 1974 3454 2043 scriptum
3490 1969 3659 2023 fuisse
3682 1976 3809 2021 ante
3833 1972 4017 2017 motas

2435 2091 2464 2129 a
2512 2072 2769 2127 Nestorio
2818 2070 3030 2133 turbas,
3075 2076 3170 2122 aut
3201 2074 3351 2120 certe
3400 2063 3719 2133 priusquam
3757 2055 4017 2111 Theodo-

2436 2176 2587 2219 retus
2619 2163 2685 2217 iis
2740 2177 2799 2217 se
2845 2159 3230 2213 immisceret:
3280 2170 3382 2210 nec
3426 2154 3576 2207 enim
3631 2151 3686 2204 in
3739 2145 4014 2219 ejusmodi

2435 2253 2845 2312 commentariis
2878 2252 2946 2305 de
2967 2248 3347 2304 incarnatione
3373 2245 3665 2316 quidquam
3698 2238 4015 2298 disseritur,

2436 2347 2582 2418 quod
2638 2346 2723 2399 vel
2764 2344 2960 2398 leviter
3004 2340 3336 2410 quaestiones
3378 2334 3719 2391 contentiose
3766 2337 4019 2399 postmo-

2438 2442 2567 2495 dum
2591 2439 2822 2509 agitatas
2843 2437 3093 2506 attingat.
3132 2433 3185 2486 5.
3212 2431 3322 2486 Has
3351 2442 3545 2483 omnes
3565 2422 4021 2480 elucubrationes

2437 2531 2711 2601 pertinere
2738 2528 2804 2582 ad
2838 2542 3024 2597 Opera,
3067 2539 3188 2593 qua:
3208 2526 3223 2541 '
3248 2523 3302 2575 in
3333 2518 3574 2589 Epistula
3606 2515 3670 2570 ad
3694 2511 4019 2573 Eusebium,

2438 2630 2564 2674 ante
2595 2618 2863 2691 synodum
2896 2614 3225 2685 Ephesinam
3262 2628 3276 2676 ;
3312 2610 3364 2663 in
3390 2607 3633 2677 Epistola
3659 2603 3726 2658 ad
3761 2609 4020 2656 sanctum

2440 2713 2697 2772 Leonem,
2724 2716 2849 2762 ante
2874 2705 3063 2775 viginti
3095 2716 3286 2763 annos,
3324 2696 3629 2766 composita
3661 2693 3940 2747 dicuntur.

2510 2804 2574 2858 V.
2612 2799 2982 2870 Expositionis
3004 2811 3118 2850 sua:
3143 2795 3195 2846 in
3231 2792 3423 2845 Isaiam
3467 2785 3718 2842 meminit
3764 2779 4023 2837 Theodo-

2442 2905 2594 2949 retus
2627 2890 2928 2962 quaestione
2952 2887 3018 2942 52
3048 2888 3102 2940 in
3128 2891 3387 2953 quartum
3411 2882 3619 2949 Regum
3652 2894 3665 2930 :
3700 2896 3717 2927 ι
3745 2874 4023 2929 Caeterum

2440 2984 2694 3040 existimo
2727 2991 3200 3050 supervacaneum
3223 2974 3415 3028 eadem
3439 2970 3655 3024 dicere:
3677 2982 3801 3020 nam
3821 2965 4023 3019 Isaiam

2441 3077 2763 3148 prophetam
2796 3072 3161 3139 interpretans
3184 3066 3289 3119 hoc
3321 3059 3590 3131 explicavi
3624 3058 3689 3111 ⁸⁹.
3728 3076 3745 3107 ο
3777 3056 3844 3109 Et
3868 3062 4027 3123 post-

2440 3144 2505 3219 ea
2535 3144 2560 3217 ξ
2596 3182 2612 3213 ι
2652 3159 2890 3215 Ararath
2943 3165 3127 3211 autem
3176 3151 3394 3206 vocavit
3425 3146 3737 3203 Armeniam
3766 3163 3777 3197 :
3810 3144 4022 3198 etenim

2441 3256 2593 3310 Isaia:
2646 3250 2933 3323 prophetia
2995 3248 3136 3300 hanc
3183 3245 3345 3298 habet
3376 3238 3903 3310 interpretationem.
3940 3234 4024 3287 Ea

2440 3362 2591 3408 vero,
2634 3358 2756 3413 quae
2780 3342 2849 3396 ad
2878 3338 3295 3410 aegrotationem
3327 3333 3577 3388 Ezechia:
3616 3330 3915 3400 pertinent,
3956 3328 4020 3380 in

2440 3438 2613 3494 divini
2633 3436 2785 3489 Isaia:
2815 3430 3162 3502 prophetiam
3192 3443 3315 3483 cum
3347 3425 3399 3480 id
3434 3424 3566 3479 satis
3587 3419 4019 3480 declaraverim,

2441 3538 2907 3599 supervacaneum
2944 3522 3200 3578 existimo
3261 3519 3346 3572 bis
3399 3514 3649 3571 eamdem
3700 3513 3878 3567 facere
3932 3511 4030 3564 in-

2444 3618 2910 3689 terpretationem.
2945 3634 2963 3665 ι
3026 3612 3096 3666 Ει
3136 3610 3438 3679 quaestione
3488 3606 3559 3661 2‘2
3589 3605 3645 3659 in
3673 3602 3967 3659 Jeremiam
4004 3617 4027 3657 ι

2450 3732 2467 3762 ι
2510 3712 2577 3765 Et
2602 3710 2766 3779 hujus
2784 3703 3079 3761 locutionis
3125 3701 3392 3755 rationem
3447 3697 3700 3767 pluribus
3748 3692 4031 3764 explicui-

2442 3812 2565 3851 mus
2588 3798 2643 3851 in
2668 3794 2837 3848 divini
2862 3792 3013 3847 Isaia:
3036 3787 3485 3858 interpretatione
3509 3785 3574 3840 ‘°.
3610 3804 3628 3835 ι

2512 3887 2600 3941 Vl.
2639 3882 3064 3943 Commentaria,
3099 3877 3405 3948 cujusmodi
3443 3891 3475 3928 a
3505 3874 3856 3929 Theodoreto
3879 3872 4029 3924 scri-

2446 3986 2535 4047 pta
2583 3984 2734 4038 sunt,
2786 3988 2935 4026 nunc
2990 3984 3098 4023 non
3152 3966 3448 4028 habentur,
3502 3971 3598 4017 aut
3635 3962 3680 4015 si
3721 3962 4027 4019 habentur,

2445 4067 2592 4122 edita
2639 4081 2748 4120 non
2794 4072 2959 4118 sunt:
3003 4062 3099 4117 sed
3150 4076 3218 4115 ex
3250 4058 3471 4115 Catenis
3495 4057 3700 4113 Graecis
3723 4055 4032 4111 extraxisse

2446 4173 2527 4222 se,
2561 4173 2685 4226 qua:
2731 4157 2918 4218 vertit,
2969 4162 3203 4208 testatur
3247 4148 3611 4206 Sirmondus:
3663 4147 3806 4201 unde
3842 4144 3922 4209 lit,
3961 4152 4034 4198 ut

2449 4250 2501 4305 id
2536 4249 2720 4319 operis
2771 4248 2825 4301 in
2851 4247 2964 4300 sola
2997 4243 3381 4299 Sirmondiana
3407 4241 3653 4297 editione
3694 4236 4029 4307 reperiatur.

2518 4340 2629 4394 VII.
2656 4339 2874 4393 Memini
2898 4353 2985 4392 me
3020 4334 3318 4405 aliquando
3346 4333 3540 4387 audire
3571 4331 3751 4385 virum
3773 4329 4028 4390 doctum,

2449 4432 2541 4501 qui
2579 4430 2899 4485 nonnullam
2935 4426 3207 4497 ejusmodi
3256 4432 3640 4494 excerptorum
3682 4430 3894 4492 partem
3925 4419 4034 4473 tri-

2380 4553 2420 4605 D
2451 4522 2727 4576 buendam
2766 4520 3056 4574 Theodoro
3100 4518 3482 4585 Mopsuesteno
3530 4511 3657 4566 inde
3703 4510 4029 4579 conjiceret.

2453 4617 2501 4668 I.
2556 4612 2710 4678 Quod
2766 4610 3088 4665 Theodorus
3139 4608 3532 4675 interpretatus
3578 4604 3651 4658 sit
3690 4601 3909 4663 Isaiam,
3965 4613 4035 4655 ut

2450 4705 2616 4759 tradit
2666 4702 3031 4757 Hebed-Jesu.
3085 4700 3138 4752 2.
3191 4698 3349 4763 Quod
3391 4694 3637 4750 breviata
3663 4692 3939 4747 Theodori
3969 4702 4037 4745 et

2449 4793 2784 4849 Theodoreti
2808 4792 3029 4845 nomina
3056 4804 3200 4859 saepe
3229 4786 3660 4847 confundantur,
3687 4792 3805 4836 tum
3834 4797 3865 4835 a
3885 4797 4035 4835 eon-

2448 4882 2771 4946 fectoribus,
2799 4890 2914 4934 tum
2944 4896 2974 4934 a
3017 4878 3321 4933 lectoribus
3339 4876 3665 4931 Catenarum
3685 4871 4031 4927 Graecarum.

2453 4977 2505 5031 5.
2539 4978 2553 4995 ⁶
2581 4974 2735 5041 Quod
2766 4971 3164 5041 interpretandi
3215 4970 3357 5024 ratio
3397 4982 3538 5037 saepe
3586 4964 3781 5019 similis
3828 4963 3901 5016 sit
3948 4963 4034 5025 ei,

2454 5081 2616 5134 quam
2651 5063 2977 5117 indubitatis
3018 5062 3073 5115 in
3116 5060 3253 5114 locis
3300 5057 3626 5111 Theodorus
3650 5062 3874 5109 secutus
3917 5062 4033 5107 est.

2454 5157 2506 5209 4.
2546 5155 2700 5222 Quod
2736 5156 2789 5209 in
2824 5152 3093 5223 ejusmodi
3118 5150 3390 5219 excerptis
3413 5148 3481 5202 de
3512 5145 3889 5201 incarnatione
3916 5158 4036 5196 non

2450 5247 2557 5301 alia
2582 5245 2695 5299 fere
2721 5245 2999 5307 dicantur,
3024 5258 3187 5311 quam
3238 5256 3360 5310 qua:
3393 5238 3720 5293 Theodorus
3754 5251 3862 5289 non
3898 5250 4031 5304 gra—

2452 5347 2574 5391 vate
2606 5345 2917 5405 usurparet.
2948 5337 2999 5389 5.
3032 5334 3188 5400 Quod
3214 5348 3335 5402 quae
3360 5330 3743 5385 Theodoretus
3769 5325 4030 5384 tradidit.

2452 5444 2509 5484 se
2533 5429 2586 5482 in
2613 5426 3022 5483 commentariis
3048 5426 3102 5479 in
3123 5425 3315 5478 Isaiam
3337 5421 3684 5491 explicuisse,
3710 5420 3765 5472 in
3788 5418 3877 5479 iis,
3902 5431 4037 5485 quae

2454 5519 2778 5576 Sirmondus
2802 5520 2855 5571 in
2879 5519 3057 5572 lucem
3089 5516 3336 5592 protulit,
3362 5522 3453 5567 aut
3480 5512 3704 5565 omnino
3732 5525 3838 5562 non
3863 5523 4035 5576 repe—

2083 5676 2404 5733 SCIII'LZII
2446 5674 2674 5729 ΝΟΤΛἾ.

850 5810 899 5841 ⁸⁸
929 5810 1071 5865 Ι-ἶιίἰι.
1099 5817 1295 5867 nostra:
1348 5827 1401 5877 p.
1439 5810 1560 5865 509.
1640 5812 1683 5843 ³⁷
1722 5812 1856 5867 Ibid.

1934 5814 1977 5844 "
2012 5813 2166 5868 Phot.
2227 5813 2349 5867 cod.
2390 5811 2512 5866 ‘205.
2592 5811 2635 5842 ⁵9
2665 5809 2781 5863 Vid.
2820 5817 2857 5860 t.
2902 5806 2944 5869 I,
2977 5821 3028 5874 p.
3076 5802 3176 5859 550
3207 5818 3322 5872 seq.

3400 5802 3443 5833 ⁶⁰
3477 5800 3595 5853 Viti.
3630 5808 3668 5853 ι.
3700 5797 3763 5860 ll,
3799 5805 3855 5859 Ρ.
3896 5796 4034 5853 509.
