4228 6446
207 368 315 431 225

1377 366 1474 425 DE
1515 364 1771 423 LIBRIS
1806 366 2312 425 THEODORETI-

3357 368 3465 432 29.6

214 488 450 541 riantur,
486 489 583 536 aut
621 479 813 533 saltem
864 492 973 531 non
1003 474 1164 545 275
1196 475 1446 544 pluribus
1490 476 1736 544 exposita
1768 493 1785 539 ;
1822 487 1859 536 Α
1890 479 2163 545 posterior
2206 493 2351 529 anno
2378 478 2499 530 419.
2540 478 2718 543 Quare
2760 492 2825 531 ex
2861 479 3160 546 posteriore
3194 478 3470 549 cotligitur

212 569 362 642 quod
405 580 590 624 tamen
620 568 945 623 Theodorus
979 567 1268 635 promittit.

282 662 423 717 VIII.
462 661 541 716 Ad
586 671 838 714 extrema
880 659 1046 712 verba
1082 656 1389 711 Ezechielis
1414 656 1456 685 ⁶¹
1497 654 1798 725 prophetae,

212 750 419 820 quibus
461 748 805 820 promittitur
835 748 1112 802 restitutio
1136 746 1372 799 civitatis
1394 744 1798 815 Ilierosolynnr,

213 844 465 913 disputat
510 841 722 910 prolixe
776 836 1449 893 Theodoretusadversus
1476 835 1797 905 Apollinarii

212 947 466 988 errorem
501 930 570 985 de
591 929 994 991 ἀνακυκλώσει,
1031 942 1194 997 quem
1220 926 1466 981 Andreas
1492 925 1802 979 Samosate-

215 1038 322 1075 nus
363 1021 572 1092 Cyrillo
605 1019 831 1090 objecit,
863 1033 987 1071 cum
1020 1017 1246 1071 tertium
1283 1014 1799 1070 anathematismum

214 1120 463 1165 vexaret.
519 1110 716 1163 Mirum
771 1124 924 1171 vero,
972 1123 1071 1161 cur
1118 1105 1501 1159 Theodoretus
1526 1104 1580 1155 in
1615 1115 1804 1155 recen-

213 1202 405 1255 sendis
428 1199 754 1269 Apollinarii
787 1198 1072 1252 erroribus
1107 1195 1161 1248 in
1184 1194 1327 1247 libro
1355 1208 1405 1246 tv
1421 1192 1800 1246 Hmreticarum

215 1291 549 1359 fabularum,
589 1290 751 1343 anilis
797 1289 1025 1357 hujusce
1055 1285 1263 1340 fabellae
1293 1300 1403 1338 non
1434 1282 1749 1338 meminerit
1786 1302 1799 1334 :

214 1399 412 1436 verum
449 1388 829 1451 perspexerat,
858 1379 1059 1449 Cyrillo
1084 1394 1151 1432 ne
1190 1376 1428 1447 speciem
1452 1374 1674 1443 quidem
1701 1372 1802 1425 de-

214 1473 495 1526 Iiramenti
530 1480 639 1524 tam
669 1468 893 1523 absurdi
925 1466 1104 1537 alIingi
1154 1479 1352 1536 posse;
1400 1462 1634 1530 ideoque
1678 1475 1800 1514 cum

214 1565 283 1617 de
318 1562 601 1617 haereticis
633 1576 697 1615 ea
730 1571 939 1615 tantum
977 1561 1460 1619 commemoraret,
1496 1568 1617 1622 quae
1659 1568 1799 1604 non-

217 1654 424 1709 nullam
459 1653 642 1709 facere
676 1660 901 1723 possent
933 1648 1179 1713 ὲνὼσεως
1210 1647 1334 1701 καθ’
1377 1646 1673 1699 ὑπόστασιν
1700 1642 1799 1697 de-

214 1746 536 1803 fensoribus
580 1744 843 1799 invidiam
891 1741 1171 1797 societatis
1208 1754 1332 1794 eum
1364 1736 1701 1807 Apollinario
1730 1735 1795 1797 “,

1908 567 2236 634 compositos
2259 581 2379 619 esse
2402 569 2825 621 commentarios
2849 577 2974 621 ante
3005 584 3207 623 annum
3230 570 3331 624 457
3356 587 3369 635 ;
3402 584 3469 624 ex

1904 658 2110 725 priore,
2138 657 2285 726 quod
2307 658 2468 711 etiam
2499 670 2623 712 ante
2652 675 2855 713 annum
2888 659 3013 713 453.

1975 748 2063 801 III.
2136 748 2363 802 Constat
2418 763 2550 802 vero
2601 750 2819 803 eosdem
2868 751 3294 805 commentarios
3342 765 3474 806 esse

1904 840 2257 908 posteriores,
2290 849 2403 893 tum
2435 838 2667 909 dialogis
2710 840 2974 895 adversus
3014 841 3251 895 Arianos
3271 849 3329 895 et
3360 842 3469 895 Ma.

1902 930 2252 994 cedonianos,
2291 940 2403 984 tum
2441 930 2865 999 reprehensione
2894 931 3473 986 anathematismorum

1903 1019 2112 1090 Cyrilli.
2132 1020 2265 1074 Nam
2281 1021 2483 1090 dialogi
2500 1022 2551 1074 in
2573 1022 2761 1090 primae
2777 1022 2844 1075 ad
2862 1021 3178 1077 Corinthios
3195 1024 3375 1093 capite
3410 1039 3476 1077 xv

1905 1120 2283 1164 memorantur
2308 1126 2323 1175 ;
2360 1112 2718 1179 reprehensio
2748 1112 2804 1166 in
2831 1112 3009 1183 capite
3040 1129 3090 1167 xl
3116 1114 3373 1183 Epistolaa
3405 1114 3473 1168 ad

1905 1200 2302 1268 Philippenses.
2336 1198 2535 1265 Quare,
2571 1217 2696 1256 cum
2724 1202 2923 1273 dialogi
2954 1202 3188 1257 confecti
3220 1204 3331 1257 sint
3351 1215 3476 1259 ante

1912 1305 2108 1343 mnum
2158 1289 2281 1353 429,
2316 1291 2671 1359 reprehensio
2722 1308 2868 1347 anno
2918 1292 3015 1347 4⁸51
3048 1333 3062 1357 ,
3112 1307 3337 1347 necesse
3392 1302 3476 1348 est

1904 1385 2330 1439 commentarios
2389 1386 2443 1439 in
2505 1386 2656 1440 Pauli
2705 1388 2974 1456 Epistolas
3003 1389 3239 1457 scriptos
3261 1402 3382 1441 esse
3408 1401 3477 1441 eo

1906 1476 2167 1544 temporis
2218 1477 2528 1538 intervallo,
2569 1478 2713 1546 quod
2760 1479 2829 1531 ab
2859 1479 3133 1547 Ephesina
3166 1478 3373 1548 synodo
3406 1477 3477 1531 ad

1906 1583 2106 1621 annum
2128 1568 2231 1622 455
2256 1569 2557 1623 interﬂuxit
2586 1587 2598 1623 :
2638 1585 2749 1639 quo
2780 1580 3023 1640 tempore
3053 1570 3265 1625 scilicet
3299 1568 3478 1621 Theo-

1905 1660 2130 1715 doretus
2163 1669 2465 1714 secesserat
2509 1670 2702 1730 sponte
2725 1660 2950 1732 Cyrum,
2984 1676 3093 1714 non
3125 1667 3334 1714 tantum
3362 1672 3477 1711 mo-

1908 1750 2041 1803 leste
2090 1751 2272 1804 ferens
2305 1751 2493 1804 initam
2524 1765 2553 1803 a
2593 1750 2802 1805 Joanne
2833 1767 2958 1807 cum
2996 1750 3202 1821 Cyrillo
3241 1763 3429 1821 pacem
3458 1764 3476 1812 ;

215 1838 351 1893 Salis
379 1837 576 1891 habui!
604 1851 669 1891 ea
689 1835 873 1890 dicere
898 1834 966 1888 de
997 1834 1101 1887 hoc
1126 1831 1409 1890 δωτθιίεοο
1436 1842 1559 1897 (Im3
1591 1824 1657 1878 ad
1685 1840 1797 1877 rem
1836 1812 1869 1865 υ
1904 1841 1996 1894 sed
2033 1842 2200 1895 etiam
2231 1842 2575 1895 Antiochiam
2604 1856 2713 1895 non
2757 1843 3005 1905 veniens,
3058 1842 3162 1897 nisi
3191 1857 3317 1896 eum
3347 1855 3445 1911 syn

215 1943 371 1981 suam
403 1927 651 1981 facerent
678 1942 693 1991 ;
727 1935 931 1979 caetera
962 1919 1335 1992 praetermisit,
1368 1934 1489 1988 qua:
1534 1913 1667 1968 alias
1725 1921 1803 1967 ta-

216 2033 343 2072 men
380 2016 751 2087 exposuisset.

286 2108 380 2165 IX.
438 2108 691 2164 Notanda
739 2121 907 2177 porro
944 2112 1028 2159 est
1069 2104 1383 2160 dissertatio
1419 2104 1523 2159 ista
1552 2104 1801 2159 Theodo-

216 2202 361 2256 reti:
410 2198 659 2255 ostendit
684 2198 833 2254 enim
888 2213 1009 2267 qua:
1052 2196 1220 2252 fuerit
1256 2196 1577 2266 Apollinarii
1624 2211 1798 2258 mens,

212 2308 377 2362 quam
433 2290 617 2353 multi,
665 2291 831 2345 etiam
880 2289 1061 2360 magni
1113 2288 1373 2352 nominis,
1423 2297 1539 2341 tum
1560 2295 1800 2347 veteres,

217 2389 331 2431 tum
367 2378 710 2431 recentiores
747 2377 873 2441 viri,
902 2386 998 2430 aut
1024 2377 1345 2439 nescierint,
1376 2386 1467 2430 aut
1496 2391 1604 2428 non
1644 2375 1802 2429 refel-

213 2470 381 2523 lerint
408 2488 421 2523 :
454 2470 550 2540 qui
580 2469 726 2523 enim
758 2468 1189 2530 ἁνακυκλώσεως
1212 2476 1269 2522 et
1292 2466 1798 2538 χιλιονταετηρίδος,

214 2571 413 2632 praeter
464 2562 754 2621 Basilium.
787 2560 1224 2623 Nazianzenum,
1278 2560 1704 2631 Hieronymum,
1746 2568 1803 2613 et

212 2654 495 2708 Andream
524 2653 943 2707 Samosatenum
974 2651 1309 2715 meminerit,
1342 2651 1617 2707 neminem
1650 2650 1797 2713 novi,

210 2747 378 2799 etiam
415 2746 564 2800 inter
596 2745 1015 2814 haereseologos.
1051 2744 1171 2798 Non
1205 2743 1457 2798 meminit
1478 2751 1626 2797 certe
1672 2742 1799 2796 Phi-

214 2832 460 2896 lastrius,
523 2847 634 2885 non
685 2831 1045 2901 Epiphanius,
1101 2846 1211 2885 non
1266 2830 1626 2900 Augustinus,
1690 2846 1798 2883 non

214 2920 519 2975 Primasius
552 2920 933 2976 Praedestinati
964 2929 1160 2974 auctor
1204 2918 1269 2983 ⁸³,
1304 2935 1405 2974 nec
1457 2918 1553 2973 alii
1608 2933 1801 2973 conse-

211 3012 439 3081 quentis
467 3012 591 3067 aevi.

858 3118 1084 3175 CAPUT
1104 3121 1165 3175 V.

288 3232 549 3289 Rmmio
587 3247 825 3302 operum,
854 3247 984 3302 Aqua:
1030 3232 1364 3302 continentur
1408 3238 1547 3285 toma
1581 3234 1732 3286 tertio

798 3298 1037 3353 editionis
1076 3298 1237 3355 Sirm.

282 3394 500 3449 'I'omus
546 3391 745 3447 tertius
792 3390 1061 3444 dividitur
1116 3390 1171 3443 in
1220 3390 1359 3445 duas
1403 3402 1606 3461 partes.
1645 3393 1805 3447 Prior

213 3481 612 3553 complectitur
644 3478 1085 3533 Commentarios
1113 3480 1167 3533 in
1187 3495 1379 3534 omnes
1399 3481 1646 3549 Apostoli
1672 3482 1804 3551 Epi-

214 3575 405 3638 stolas,
466 3571 741 3642 posterior
793 3570 1085 3624 Historiam
1143 3570 1571 3637 ecclesiasticam,
1628 3574 1804 3626 Histo-

213 3665 349 3717 riam
374 3662 681 3732 religiosam
698 3660 811 3714 sive
838 3657 1191 3723 Philotimum,
1225 3669 1281 3713 et
1312 3659 1583 3728 Epistolas
1610 3661 1730 3715 116.

214 3774 240 3845 ς
292 3775 330 3829 Ι.
387 3773 472 3827 De
534 3771 927 3845 commentariis
976 3771 1031 3823 in
1085 3770 1349 3845 Epistolds
1411 3773 1804 3842 quatuordecim

756 3840 915 3894 Pauli
962 3840 1274 3909 generatim.

277 3935 321 3989 1.
368 3933 579 3988 Totum
629 3945 787 4000 opus,
834 3944 946 3999 quo
998 3929 1384 3999 interpretatio
1436 3930 1801 4000 Epistolarum

214 4026 363 4081 Pauli
383 4022 732 4085 continetur,
750 4019 1132 4074 Theodoretus
1151 4019 1681 4075 Commentariorum
1708 4038 1805 4074 no-

212 4117 358 4170 mine
382 4114 647 4184 appellat,
675 4110 978 4180 qumstione
1003 4111 1026 4164 1
1060 4111 1113 4163 in
1136 4110 1462 4165 Leviticum.
1488 4111 1623 4165 Cum
1654 4112 1823 4175 enim,

213 4207 659 4275 interrogantem
719 4200 1045 4265 induxisset,
1105 4220 1123 4251 ι
1160 4217 1267 4270 qua
1319 4202 1386 4255 de
1443 4217 1605 4255 causa
1658 4201 1802 4256 Deus

213 4297 400 4352 σπειτὶ
458 4294 568 4349 sibi
602 4293 871 4348 sacrificia
919 4294 1284 4361 praeceperit;
1328 4312 1345 4343 ι
1384 4294 1797 4360 respondet“:

220 4404 239 4433 ι
270 4384 346 4438 De
392 4382 486 4436 his
513 4381 758 4435 diximus
781 4380 969 4434 multis
1000 4380 1056 4433 in
1082 4380 1218 4434 locis
1250 4398 1261 4433 :
1298 4390 1411 4433 tum
1438 4382 1492 4434 in
1531 4381 1636 4443 his,
1682 4399 1803 4450 qua:

1904 1933 2027 1987 odis
2056 1933 2322 1987 interesse
2349 1940 2657 2003 cogeretur.

1973 2022 2057 2076 IV.
2091 2023 2211 2088 Quo
2231 2024 2464 2077 consilio
2499 2023 2565 2077 ad
2612 2022 2965 2077 scribendum
3000 2022 3311 2088 accesserit,
3366 2039 3477 2077 non

1902 2116 2126 2182 aperit;
2178 2129 2376 2182 neque,
2428 2122 2490 2167 ut
2546 2114 2663 2169 ﬁeri
2713 2116 2871 2178 solet,
2928 2115 3070 2169 inter
3098 2114 3478 2183 prtel’andum;

1903 2220 2081 2273 neque
2115 2206 2167 2258 in
2196 2205 2425 2274 epistola
2460 2206 2634 2275 prima
2666 2206 2988 2261 etsecunda
3022 2206 3095 2260 ad
3138 2206 3397 2271 amicum,
3445 2224 3478 2261 ει

1902 2311 2012 2364 quo
2042 2296 2147 2366 legi
2174 2305 2480 2365 optaverat,
2513 2297 2658 2367 quod
2689 2297 3001 2366 scripsisset
3028 2314 3042 2363 ;
3067 2297 3267 2368 conjici
3298 2307 3481 2352 tamen

1904 2385 1956 2439 id
1994 2395 2173 2454 potest
2204 2402 2269 2439 ex
2323 2385 2643 2439 conditione
2687 2386 3236 2455 temporumzvoluit
3284 2402 3483 2456 nempe

1904 2475 1988 2529 sui
2012 2489 2262 2528 secessus
2290 2474 2403 2527 otio
2433 2473 2564 2539 frui,
2593 2486 2647 2528 et
2681 2475 2923 2529 animum
2970 2490 3201 2531 avocare
3239 2491 3269 2530 a
3313 2475 3484 2531 rebus

1903 2582 2024 2636 quae
2062 2567 2416 2636 gerebantur,
2451 2581 2679 2636 qumque
2721 2566 2771 2621 ei
2811 2566 3141 2622 videbantur
3168 2574 3224 2621 et
3255 2568 3482 2640 ingratae

1901 2666 1956 2710 et
1987 2658 2250 2711 molesta‘.

1974 2751 2036 2804 V.
2086 2750 2145 2803 In
2196 2748 2518 2803 Prml‘atione
2566 2761 2799 2819 occupat
2826 2750 3234 2805 accusationem
3264 2766 3480 2817 eorum,

1901 2842 1995 2911 qui
2028 2857 2169 2910 aegre
2202 2841 2407 2893 lerrent
2430 2841 2498 2894 ab
2546 2842 2728 2911 aliquo
2759 2844 3006 2903 tractari,
3044 2843 3189 2912 quod
3218 2843 3321 2897 viri
3367 2843 3480 2898 duo

1904 2932 2359 3002 praestantissimi,
2390 2931 2816 3003 Chrysostomns
2844 2945 3008 3003 atque
3029 2934 3352 2989 Theodorus
3369 2936 3481 2990 Mo-

1906 3033 2229 3093 psuestenus
2282 3027 2297 3044 '
2342 3040 2516 3093 nuper
2561 3026 2945 3080 absolvissent.
2979 3026 3087 3080 llos
3115 3027 3261 3081 enim
3290 3028 3481 3083 ambos

1828 3146 1867 3199 (τ
1904 3116 2171 3185 significat
2196 3117 2314 3170 istis
2336 3116 2586 3179 vocibus,
2621 3118 2758 3187 μετὰ
2786 3117 2875 3169 τὸν
2903 3117 3048 3169 δεῖνα
3078 3118 3171 3170 καὶ
3192 3118 3282 3170 τὸν
3311 3118 3479 3183 δεῖνα,

1906 3209 2029 3269 τοὺς
2072 3208 2169 3276 τῆς
2214 3208 2534 3277 οἰκουμένης
2562 3208 2874 3276 φωστῆρας,
2905 3215 3010 3261 etc.
3042 3207 3262 3263 Rcl‘ellit
3294 3217 3479 3264 autem

1905 3296 2309 3350 accusationem
2364 3296 2629 3365 exemplis
2670 3310 2701 3349 a
2726 3294 3005 3365 Scriptura
3037 3296 3243 3365 petitis,
3278 3296 3483 3365 quibus

1907 3387 2053 3455 ipsos
2092 3386 2255 3440 etiam
2296 3388 2538 3440 minores
2579 3402 2608 3440 a
2643 3386 2755 3441 Deo
2795 3387 2967 3456 gratia
3012 3387 3243 3441 donatos
3271 3387 3338 3441 ad
3383 3402 3481 3441 co-

1903 3477 2213 3546 gnoscenda
2256 3477 2514 3547 mysteria
2556 3476 2772 3546 probat.
2821 3478 2938 3531 Jam
2973 3491 3106 3531 vero
3143 3492 3480 3547 preponens,

1904 3583 2009 3635 qua
2056 3566 2263 3620 ratione
2299 3566 2610 3634 exponendi
2644 3566 2910 3621 utendum
2941 3573 3119 3635 putet,
3148 3567 3393 3621 ostendit
3420 3582 3480 3622 se

1904 3674 2002 3712 sua
2034 3660 2175 3712 velle
2220 3659 2487 3713 brevitate
2518 3658 2770 3713 homines
2810 3658 2877 3713 ad
2909 3658 3200 3727 legendum
3234 3658 3480 3723 allicere,

1904 3765 2043 3818 quos
2073 3749 2446 3820 Chrysosto'mi
2478 3750 2861 3819 Theodorique
2914 3749 3154 3803 oratoria
3192 3749 3483 3819 prolixitas

1905 3843 2257 3894 absterreret.

1976 3932 2063 3986 VI.
2112 3933 2291 3986 Locus
2337 3947 2503 4001 porro
2553 3932 2766 4001 primus
2810 3932 2878 3985 ad
2925 3931 3263 3996 Corinthios,
3287 3931 3340 3985 in
3368 3946 3482 4002 quo

1908 4021 1969 4075 fit
2026 4035 2207 4075 sermo
2257 4020 2323 4074 de
2383 4020 2613 4089 dialogis
2658 4020 2922 4073 adversus
2976 4020 3233 4084 Arianos,
3283 4021 3363 4074 sic
3421 4035 3482 4076 se

1905 4114 2069 4167 habet
2096 4132 2109 4166 :
2169 4133 2185 4163 ι
2213 4110 2367 4165 lIune
2416 4112 2596 4165 locum
2626 4111 2684 4173 ii,
2708 4110 2801 4179 qui
2826 4126 2949 4165 cum
2977 4110 3107 4164 Ario
3127 4120 3183 4165 et
3208 4111 3482 4166 Eunomia

1904 4205 2167 4267 sentiunt,
2199 4204 2250 4257 in
2278 4218 2374 4256 ore
2406 4203 2607 4257 habere
2636 4202 2851 4257 assidue
2900 4212 3333 4266 consueverunt,
3359 4204 3479 4258 exi-

1904 4300 2208 4354 stimantes.
2244 4296 2346 4349 hac
2395 4295 2608 4348 ratione
2657 4310 2714 4349 se
2773 4294 2841 4348 de
2890 4294 3164 4363 Unigeniti
3212 4294 3477 4365 dignitate

1904 4387 2194 4440 detrahere
2238 4386 2303 4437 “.
2344 4404 2361 4434 ›
2392 4384 2569 4437 Locus
2588 4399 2720 4437 vero
2750 4391 2833 4437 est
2859 4401 2871 4435 :
2908 4403 2925 4433 ι
2961 4383 3098 4437 Cum
3130 4391 3315 4437 autem
3347 4384 3477 4438 sub-

213 4487 410 4531 contra
466 4474 687 4529 Graecos
730 4473 1074 4543 scripsimus,
1124 4481 1180 4527 et
1213 4472 1481 4526 adversus
1524 4472 1795 4537 haereses;
1835 4480 2041 4547 [)jeeta
2092 4477 2167 4529 illi
2218 4475 2421 4529 fuerint
2465 4476 2668 4539 omnia,
2717 4484 2848 4528 tunc
2895 4483 2951 4527 et
2998 4475 3111 4546 ipse
3147 4475 3318 4529 Filius
3344 4475 3479 4529 sub-

217 4577 328 4622 tum
388 4568 452 4622 in
499 4566 587 4629 iis,
641 4581 763 4635 qua:
810 4565 1071 4618 adversus
1134 4578 1356 4633 magos;
1417 4572 1680 4631 praeterea
1742 4566 1797 4618 in

215 4658 667 4714 enarrationibus
685 4657 1107 4727 Prophetarum,
1126 4662 1182 4709 et
1207 4655 1260 4709 in
1284 4654 1648 4724 Epistolarum
1672 4672 1803 4724 apo-

217 4753 542 4807 stolicarum
569 4748 998 4803 commentariis.
1035 4770 1052 4798 ι

281 4844 348 4899 II.
396 4841 655 4897 Meminit
708 4848 972 4909 praeterea
1013 4839 1243 4908 epistola
1275 4840 1324 4902 1,
1349 4837 1402 4901 2,
1436 4837 1523 4901 82,
1554 4838 1672 4901 11⁸5,
1708 4838 1803 4892 sed

217 4936 393 5004 prima
444 4942 501 4987 et
528 4932 772 4987 secunda
810 4932 1014 4985 nullam
1046 4931 1253 4985 habent
1292 4930 1557 4999 temporis
1589 4940 1796 4994 notam,

221 5026 382 5097 276
426 5023 636 5077 habent
678 5022 797 5077 alia:
844 5022 967 5077 duae
996 5039 1010 5075 :
1042 5037 1165 5075 nam
1194 5030 1427 5089 utraque
1462 5031 1800 5075 commenta-

222 5118 330 5171 rios
382 5123 642 5170 rccenset
692 5114 835 5168 inter
882 5128 1046 5182 opera
1104 5122 1231 5166 ante
1283 5128 1456 5166 annos
1508 5111 1798 5165 duodecim

222 5208 399 5273 edita;
433 5206 531 5261 sed
562 5206 713 5275 prior
727 5204 851 5259 data
872 5213 977 5270 est,
1000 5213 1061 5259 ut
1077 5220 1217 5276 srepe
1236 5204 1495 5267 diximus,
1515 5219 1657 5257 anno
1675 5203 1798 5266 445,

291 5364 311 5405 ί
350 5364 373 5419 I
404 5363 536 5419 Cor.
572 5378 662 5425 xv,
700 5362 790 5416 28.

1898 4568 2081 4637 jectus
2106 4566 2211 4618 erit
2244 4564 2316 4627 ei,
2349 4564 2441 4633 qui
2469 4564 2830 4634 subjecitsibi
2853 4564 3036 4617 omnia
3068 4563 3111 4618 ί.
3150 4583 3168 4614 ι
3197 4562 3369 4630 Quem
3392 4566 3476 4619 lo-

1902 4671 2026 4709 cum
2052 4663 2339 4723 postquam
2369 4653 2701 4707 declarasset
2725 4654 2953 4723 prolixe,
2980 4656 3299 4709 memoratis
3316 4654 3479 4709 Chr-i-

1903 4744 1973 4796 sti
2026 4742 2238 4795 naturis
2288 4740 2521 4803 duabus,
2581 4740 2800 4794 tandem
2856 4742 3053 4796 addit:
3107 4762 3125 4793 ι
3159 4743 3359 4797 Verum
3408 4743 3483 4801 de

1904 4834 1991 4887 his
2018 4835 2239 4903 copiose
2287 4833 2654 4887 disseruimus
2707 4833 2760 4886 in
2819 4834 3023 4888 nostris
3078 4834 3343 4889 adversus
3382 4849 3480 4891 eos

1902 4925 2402 4978 concertationibus
2446 4944 2462 4973 ι
2485 4924 2694 4987 Graece,
2717 4926 2773 4976 ἐν
2788 4926 2897 4986 τοῖς
2914 4925 3049 4993 πρὸς
3065 4924 3261 4987 αὐτοὺς
3278 4925 3479 4992 ἀγῶσι.

1904 5017 2118 5085 Agones
2169 5030 2300 5067 vero
2358 5025 2485 5069 sunt
2534 5024 2735 5069 mutua:
2788 5014 3205 5085 conﬂigentium
3253 5015 3478 5084 petitio-

1906 5122 2022 5168 nes,
2080 5106 2240 5174 277
2285 5121 2407 5173 qua:
2435 5105 2656 5173 proprie
2686 5106 2884 5175 dialogi
2910 5114 3058 5170 sunt,
3082 5105 3319 5159 maxime
3347 5122 3479 5161 cum

1907 5198 2155 5269 polemici
2204 5197 2494 5251 exsistunt.
2553 5196 2627 5250 De
2680 5197 2923 5267 Apostoli
2971 5197 3095 5253 loco
3147 5198 3365 5253 dicetur
3419 5198 3479 5254 in

1554 5469 1867 5527 SCIII’LZII
1907 5468 2139 5523 NOTAS.

292 5644 332 5674 “
359 5640 561 5696 Eucti.
586 5637 768 5694 Editio
801 5638 953 5708 prior
1000 5638 1238 5694 habebat
1284 5637 1551 5693 Jercmiae.
1584 5635 1715 5708 Vidi,
1739 5650 1924 5708 supra,
1961 5646 1999 5691 t.
2032 5634 2095 5698 ll,
2124 5648 2184 5708 p._
2200 5632 2383 5708 1015,⁸
2409 5644 2611 5708 notata.
2692 5634 2736 5665 "
2774 5612 3475 5708 Guinjﬁpolljnariolie

231 5711 323 5781 hac
350 5709 649 5781 hypothesi
681 5702 876 5781 vidfp.
910 5708 1029 5764 N9.
1108 5710 1154 5741 ⁶³
1193 5708 1369 5762 Prwd.
1407 5718 1544 5763 auct.
1582 5702 1828 5762 Oudinns
1868 5706 1904 5758 Ι.
1954 5722 2000 5756 ‹·.
2040 5721 2093 5773 p.
2129 5702 2282 5767 1081,
2322 5704 2474 5759 addit
2519 5713 2754 5775 putatus.
2834 5704 2877 5735 “
2918 5703 3039 5758 Vid.
3085 5714 3123 5759 t.
3154 5705 3197 5772 I,
3245 5722 3298 5776 p.
3344 5707 3467 5762 176

232 5780 273 5812 ⁸⁸
297 5779 491 5837 Viti—ft.
528 5780 619 5846 III,
648 5794 703 5849 p.
726 5779 824 5834 271
852 5793 970 5849 seq.
