4228 6446
699 353 804 417 2ΞΞἸ

1808 350 2183 411 ΟΑΒΝΕΙΠΙ
2229 351 2724 414 DlSSERTATIO
2764 353 2847 414 II.

3850 353 3956 414 228

705 463 1023 519 recensione
1073 471 1164 514 aut
1206 464 1508 517 assertione
1537 462 1720 530 potius
1750 461 2128 531 hujuscemodi
2161 459 2280 514 dia-
2311 469 2350 520 Α
2383 461 2477 515 sed
2519 462 2736 532 sapius.
2780 461 2935 528 Quod
2971 477 3135 530 porro
3180 469 3399 533 negant,
3428 459 3597 531 hujus
3621 461 3957 516 mentionem

705 557 947 626 logorutn
958 595 970 606 .

776 645 885 699 VII.
937 644 994 697 In
1032 643 1436 697 commentariis
1452 640 1532 694 ad
1569 652 1732 711 caput
1773 659 1839 695 xx
1871 641 1936 695 ad
1972 640 2279 710 Philippen-

705 751 812 798 ses,
837 750 960 787 cum
994 732 1728 803 exposuissetcelebreillud
1749 732 1952 785 dictum
1986 730 2231 798 Apostoli
2263 749 2274 782 :

705 825 815 878 Hoc
858 826 995 878 enim
1041 826 1227 877 sentite
1270 826 1326 875 in
1371 823 1546 886 vobis,
1595 822 1733 892 quod
1768 829 1816 873 et
1859 823 1914 873 in
1947 820 2152 876 Christo
2191 820 2280 874 Je-

708 929 766 966 su
791 922 815 959 κ
843 953 857 975 ,
895 923 1025 975 etc.,
1065 911 1239 981 pergit
1275 911 1331 964 in
1375 911 1494 965 hate
1538 911 1701 964 verba
1743 926 1756 960 ε
1803 927 1821 957 ι
1861 907 2086 963 Omnem
2133 917 2279 962 certe

710 1003 939 1056 haeresin
975 1017 1072 1070 per
1122 1017 1297 1070 pauca
1346 1001 1462 1055 hate
1495 999 1662 1053 verba
1695 999 2022 1068 expugnavit
2064 999 2282 1052 divinus

614 1093 616 1095 ’
708 1093 1020 1161 Apostolus,
1059 1101 1172 1146 tum
1195 1109 1291 1147 eos
1311 1094 1404 1162 qui
1439 1091 1779 1145 divinitatem
1826 1090 2099 1160 Unigeniti
2131 1089 2274 1144 blas-

711 1184 989 1252 phemant,
1016 1193 1072 1238 et
1105 1184 1198 1253 qui
1253 1185 1371 1253 ejus
1397 1183 1788 1236 humanitatem
1810 1190 2029 1251 negant,
2055 1191 2168 1234 tum
2187 1196 2282 1234 eos

713 1280 1011 1341 praeterea,
1067 1273 1161 1340 qui
1222 1273 1542 1341 hypostases
1597 1286 1692 1324 seu
1749 1286 2011 1339 personas
2060 1271 2279 1323 confun-

713 1360 852 1414 dunt
866 1352 1002 1412 “9".
1017 1381 1034 1412 ι
1046 1361 1270 1426 Deinde,
1290 1362 1572 1416 conlutato
1590 1361 1825 1415 Sabellio
1837 1377 1960 1414 cum
1974 1362 2105 1426 suis,
2123 1373 2285 1431 atque

710 1449 875 1504 etiam
905 1451 1034 1505 Ario
1067 1461 1123 1506 et
1161 1451 1452 1514 Eunomio,
1489 1452 1558 1505 de
1593 1451 1772 1505 forma
1795 1452 1890 1506 Dei
1922 1459 1978 1506 et
1998 1453 2138 1506 servi
2172 1453 2285 1506 dis-

712 1549 868 1608 putat
903 1542 1157 1596 eumdem
1222 1542 1278 1595 in
1323 1543 1569 1606 modum,
1611 1558 1720 1610 quo
1763 1543 1966 1596 iecerat
2001 1543 2053 1594 in
2100 1558 2286 1611 repre-

716 1631 979 1685 hensione
997 1633 1461 1696 anathematismi;
1483 1640 1538 1686 et
1557 1633 1773 1685 tandem
1801 1633 2075 1684 concludit
2098 1650 2108 1684 :
2141 1653 2157 1681 ι
2180 1631 2284 1686 Sed

714 1720 781 1773 de
802 1721 890 1774 his
915 1721 1080 1774 etiam
1113 1722 1242 1775 alibi
1275 1723 1495 1792 copiose
1531 1721 1914 1776 disseruimus.
1955 1742 1971 1772 ι

785 1810 921 1865 V'Ill.
951 1789 1364 1866 Observandum
1393 1827 1556 1881 porro
1605 1811 2012 1879 Theodoretum
2045 1827 2289 1880 quacun-
2317 1789 2360 1847 Β

715 1916 821 1969 que
846 1900 969 1953 data
1004 1900 1290 1953 occasione
1326 1901 1509 1954 invehi
1541 1901 1594 1953 in
1637 1900 1822 1954 Arium
1849 1911 1904 1954 et
1925 1901 2285 1964 Eunomium;

719 1991 774 2044 in
799 1990 1170 2045 Macedoninm
1189 1991 1256 2044 de
1280 1991 1516 2058 Spiritus
1540 1991 1711 2043 sancti
1729 1990 2290 2044 consubStantialitate

717 2082 855 2135 male
905 2080 1261 2146 sentientem;
1313 2081 1367 2134 in
1405 2095 1503 2134 eos
1553 2081 1649 2149 qui
1705 2080 2039 2149 passibilem,
2087 2080 2290 2149 quique

721 2180 1016 2235 mortuum,
1044 2181 1098 2225 et
1142 2171 1458 2242 pontificem
1490 2181 1759 2234 nostrum,
1792 2171 1963 2224 Deum
1991 2187 2108 2226 esse
2142 2171 2286 2225 dice-

722 2269 862 2324 rent,
889 2260 983 2329 qui
1015 2275 1277 2330 personas
1308 2260 1363 2312 in
1387 2259 1607 2314 Christo
1633 2258 2049 2322 confunderent,
2081 2275 2190 2312 non
2211 2259 2294 2313 di-

721 2350 854 2404 visis
910 2350 977 2403 iis
1008 2365 1129 2419 qua:
1170 2349 1238 2404 de
1283 2348 1504 2405 Christo
1553 2349 1809 2402 dicuntur
1859 2348 1912 2402 in
1953 2348 2245 2418 Seripturis
2279 2369 2290 2402 :

719 2455 829 2510 quo
859 2439 1003 2494 facto
1037 2440 1378 2494 demonstrat
1414 2440 1688 2509 opinionis
1710 2451 1909 2494 nostra:
1941 2440 2294 2509 probabilita-

723 2539 832 2584 tem
871 2529 938 2584 de
971 2538 1213 2600 tempore
1251 2537 1308 2584 et
1329 2531 1558 2584 consilio
1589 2530 1824 2599 suscepti
1859 2531 2062 2599 operis,
2101 2548 2297 2602 nempe

723 2629 846 2690 post
879 2619 1144 2690 synodum
1192 2618 1522 2688 Ephesinam
1549 2628 1604 2673 et
1642 2633 1828 2688 pacem
1880 2617 2089 2684 initam,
2136 2637 2298 2691 quam

723 2728 845 2766 cum
870 2727 1012 2782 aegre
1045 2711 1236 2775 ferret,
1261 2711 1408 2763 nulla
1433 2726 1544 2764 non
1571 2725 1703 2764 usus
1729 2718 1812 2763 est
1837 2711 2094 2779 carpendi
2121 2713 2296 2783 capita

723 2803 1024 2874 Cyrilliana
1060 2803 1495 2871 opportunitate.

795 2893 886 2948 IX.
912 2894 978 2947 Et
1000 2908 1130 2947 vero
1163 2892 1365 2961 quibus
1382 2892 1626 2960 Apostoli
1660 2893 1794 2948 locis
1815 2895 2159 2964 potissimum
2183 2908 2301 2950 rem

725 2996 881 3036 suam
921 2981 976 3034 in
1020 2981 1451 3050 reprehensione
1488 2982 1726 3050 capitum
1767 2983 2036 3037 coniicere
2075 2983 2180 3038 sibi
2217 2984 2303 3036 vi-

727 3089 820 3128 sus
845 3082 983 3136 erat,
1026 3073 1093 3127 ad
1135 3073 1234 3127 hos
1279 3070 1524 3143 singulos
1570 3075 1775 3129 diutius
1811 3076 1865 3129 in
1891 3075 2298 3130 commentariis

728 3166 917 3228 haeret,
943 3167 1227 3235 carpitque
1275 3166 1440 3219 tacito
1483 3167 1728 3230 nomine,
1776 3176 1997 3236 prOptcr
2029 3176 2294 3236 tempora,

728 3272 894 3327 quem
939 3266 1099 3311 antea
1130 3257 1306 3326 palam
1344 3266 1616 3326 arguerat.
1664 3259 1900 3329 Legendi
1947 3275 2052 3328 prae
2094 3261 2303 3314 castoris

730 3349 836 3403 loci
869 3349 958 3402 isti
984 3349 1185 3418 Ephes.
1223 3365 1261 3411 ι,
1289 3349 1386 3413 20;
1419 3349 1629 3404 Coloss.
1665 3367 1736 3413 ιι,
1768 3352 1826 3416 8;
1864 3352 2100 3420 Philipp.
2136 3369 2204 3416 ιι,
2231 3354 2300 3416 5;

733 3441 970 3502 1161)ι’.ἰ.
1008 3443 1102 3507 il;
1142 3457 1212 3504 tv,
1241 3442 1340 3507 i4;
1373 3458 1425 3504 v,
1460 3442 1482 3495 i
1512 3452 1567 3495 et
1594 3443 1681 3497 l0.
1724 3479 1728 3481 ›

804 3534 871 3588 Χ.
905 3534 1214 3600 Quinetiam
1258 3536 1311 3588 in
1367 3551 1462 3588 eos
1497 3536 1726 3589 maxime
1761 3535 2050 3589 haereticos
2097 3535 2306 3588 invehi-

734 3636 843 3690 tur,
884 3641 1120 3696 quorum
1170 3626 1486 3680 societatem
1539 3625 1740 3695 Cyrillo
1790 3626 1844 3679 in
1885 3627 2307 3695 reprehensione

735 3717 976 3786 capitum
1016 3717 1226 3788 objicit,
1282 3718 1471 3770 Arium
1515 3725 1571 3771 et
1616 3717 1966 3780 Eunomium,
2019 3727 2124 3771 etc.
2167 3717 2306 3782 Quid

735 3807 882 3874 quod
919 3807 986 3860 de
1009 3806 1182 3860 forma
1213 3807 1356 3860 servi
1388 3812 1443 3859 et
1473 3805 1728 3874 pontiﬁce
1774 3806 1885 3858 Deo
1907 3846 1920 3867 ,
1964 3806 2154 3858 eadem
2194 3807 2308 3859 fere

738 3897 905 3951 habet
956 3898 1010 3951 in
1045 3896 1487 3958 commentariis,
1533 3905 1696 3964 atque
1748 3896 1803 3948 in
1848 3897 2305 3964 reprehensione;

737 3988 931 4042 eodem
962 3988 1252 4057 utrobique
1280 3989 1442 4042 modo
1479 3987 1906 4042 incarnationem
1933 3987 2186 4054 explicat,
2214 4002 2312 4055 per

742 4078 1082 4131 indutionem
1123 4087 1181 4133 et
1233 4078 1690 4133 inhabitatiOnem
1741 4077 1982 4130 hominis
2029 4091 2058 4129 a
2106 4077 2308 4132 Verbo.

740 4169 880 4234 Quid
921 4169 1134 4223 multa?
1183 4169 1354 4224 Nemo
1402 4171 1597 4240 legerit
1631 4177 1929 4237 utrumque
1971 4183 2110 4237 opus
2149 4169 2313 4238 paulo

743 4259 1042 4325 attentius,
1101 4261 1235 4329 quin
1290 4261 1544 4314 eumdem
1595 4261 1651 4314 in
1715 4267 1949 4328 utroque
2013 4259 2311 4327 spiritum,

743 4350 1099 4420 eamdemque
1123 4351 1428 4406 doctrinam
1452 4360 1728 4421 agnoscat.

1080 4518 1108 4586 §
1142 4517 1206 4571 II.
1239 4548 1311 4558 —
1339 4518 1571 4573 Historia
1595 4519 1965 4573 ecclesiastica.

817 4664 859 4718 ι.
914 4666 1053 4720 Sunt
1085 4667 1178 4735 qui
1211 4667 1616 4724 Theodoretum
1654 4680 1849 4740 putent
1883 4671 2130 4724 Historia!
2157 4671 2320 4724 cccle-

746 4756 971 4808 siastica:
1018 4773 1291 4826 nusquam
1341 4761 1656 4814 meminisse
1699 4779 1711 4813 :
1749 4777 1857 4815 non
1889 4761 2190 4816 dillitentur
2237 4761 2316 4814 illi

751 4853 953 4909 tamen,
981 4847 1146 4916 278
1174 4848 1308 4917 quin
1334 4865 1454 4903 eam
1485 4850 1599 4920 ipse
1636 4851 1920 4922 agnoverit
1951 4852 2102 4905 velut
2123 4867 2275 4906 suam
2301 4869 2317 4917 ;

749 4937 1192 5005 quandoquidem
1220 4939 1274 4992 in
1309 4955 1375 4994 ea
1403 4943 1737 4996 mentionem
1771 4941 1900 4996 fecit
1922 4940 2200 5006 Philol/cei,
2223 4957 2325 4996 ceu

752 5025 1014 5096 religiosae
1044 5028 1289 5084 historiae
1321 5046 1353 5084 a
1393 5046 1449 5086 se
1474 5033 1819 5101 conscriptae.

818 5116 886 5172 II.
910 5117 1064 5183 Quod
1108 5119 1165 5174 in
1192 5137 1257 5176 ea
1293 5121 1548 5176 Pltilothei
1582 5124 1896 5178 meminisse
1922 5123 2132 5186 dicunt,
2171 5122 2328 5177 facile

752 5209 1039 5264 consentio
1067 5227 1080 5262 :
1107 5211 1358 5265 meminit
1382 5213 1552 5278 enim,
1589 5228 1700 5266 non
1733 5214 1921 5279 semel,
1958 5214 2125 5268 utilli
2150 5215 2325 5280 aiunt,

827 5367 854 5406 ⁸
882 5365 1119 5437 Philipp.
1159 5383 1218 5431 ιι,
1254 5369 1287 5422 5

2379 552 2571 606 fecisse
2627 553 2681 606 in
2729 554 2853 607 aliis
2903 551 3198 621 operibus,
3238 552 3491 607 assentiri
3545 566 3656 605 non
3708 567 3958 620 possum,

2379 650 2603 708 prOpter
2640 651 2825 709 aperta
2859 641 3024 695 verba
3051 655 3172 710 qua:
3206 641 3459 710 leguntur
3503 639 3557 692 in
3591 628 3734 691 libro
3758 653 3809 692 tv
3836 637 3960 692 Har-

2381 732 2660 782 reticarum
2687 730 3012 798 fabularum,
3039 745 3159 799 cap.
3193 729 3242 782 1.
3276 729 3568 796 Postquam
3593 726 3738 781 enim
3778 725 3959 779 Theo-

2380 821 2605 875 dorelus
2649 821 2819 875 multa
2864 821 2930 874 de
2985 823 3115 875 Ario
3166 820 3432 882 narravit,
3470 834 3594 872 mox
3635 817 3956 888 subjungit:

2389 930 2406 960 ι
2449 911 2553 965 Sed
2607 927 2730 964 cum
2779 911 2894 964 hare
2945 911 2998 964 in
3055 911 3289 965 Historia
3347 909 3698 962 ecclesiastica
3741 906 3961 977 copiose

2381 1002 2820 1070 conscripserim,
2846 1015 3315 1068 supervacaneum
3351 1008 3482 1068 puto
3515 997 3606 1051 hic
3633 996 3821 1051 dicere
3841 997 3909 1050 ⁸⁸.
3936 1017 3952 1046 ι

2383 1090 2449 1142 Et
2497 1092 2678 1143 statim
2709 1091 2886 1160 capite
2921 1090 2976 1153 εὶ,
3018 1089 3109 1142 ubi
3145 1087 3211 1142 de
3255 1088 3506 1141 Eudoxio
3531 1087 3642 1158 agit
3675 1104 3686 1138 :
3723 1105 3739 1136 ι
3777 1087 3853 1140 Ac
3892 1101 3962 1138 ne

2382 1181 2638 1234 omnibus
2661 1182 2914 1236 dicendis
2933 1183 3032 1236 sim
3054 1181 3299 1248 longior;
3324 1180 3522 1233 horum
3539 1181 3686 1234 enim
3711 1180 3960 1234 omnium

2387 1271 2441 1324 in
2472 1286 2637 1338 opere
2667 1271 2758 1324 illo
2781 1272 3002 1324 memini
3028 1272 3093 1326 6°.
3128 1293 3146 1322 ι
3182 1271 3394 1324 Τούτων
3413 1271 3520 1342 γὰρ
3544 1270 3761 1323 πάντων
3790 1271 3961 1340 ἐμνή-

2387 1363 2517 1432 σΟην
2556 1364 2611 1414 ἐν
2641 1365 2702 1432 τῇ
2737 1361 2916 1430 ἐκεὶιῃ
2951 1365 3262 1430 συγγραφῇ.

2457 1452 2543 1506 Ill.
2572 1453 2935 1506 Meminerunt
2955 1461 3150 1521 praeter
3166 1451 3571 1505 Theodoretum
3602 1451 3715 1516 alii,
3744 1449 3963 1506 Genna-

2387 1542 2510 1595 dius
2535 1545 2611 1604 7°,
2652 1543 3010 1596 Cassiodorus
3039 1544 3106 1605 ⁷¹,
3145 1543 3369 1595 Pholins
3413 1544 3479 1598 ".
3531 1552 3587 1596 et
3623 1543 3966 1611 Nicephorus

2386 1634 2731 1688 Callistus".
2775 1635 2880 1688 Sed
2908 1633 3223 1686 Gennadius
3263 1634 3444 1687 verbis
3494 1632 3788 1686 admodum
3835 1648 3963 1700 pcr-

2388 1726 2582 1795 plexis,
2617 1740 2738 1795 quas
2781 1741 2906 1778 mox
2955 1724 3020 1777 ad
3067 1741 3295 1778 examen
3334 1725 3717 1779 vocabuntur:
3750 1722 3967 1778 Cassio—

2390 1817 2558 1871 dorus
2587 1832 2781 1886 magna
2810 1832 2933 1869 cum
2961 1815 3142 1880 laude,
3174 1825 3234 1869 ut
3256 1815 3348 1884 qui
3377 1814 3672 1869 Latinitate
3707 1815 3967 1869 donatam

2389 1909 2457 1962 ab
2505 1907 2812 1977 Epiphanio
2869 1906 3206 1961 Scholastico
3254 1906 3528 1960 contraxit
3566 1905 3619 1959 in
3656 1905 3964 1974 epitomen,

2388 1997 2670 2064 voluitque
2713 2011 2833 2048 esse
2869 2005 3078 2064 partem
3111 1994 3384 2057 historiae,
3416 2009 3578 2063 quam
3613 1993 3969 2062 Tripartitam

2389 2098 2608 2144 vocant.
2645 2090 2662 2108 ‘
2704 2089 2934 2142 Photins
2985 2088 3172 2142 critice
3216 2104 3228 2139 :
3273 2107 3289 2137 ί
3323 2087 3486 2141 Lecta
3527 2095 3609 2141 est
3639 2085 3971 2140 Theodoreti

2394 2182 2624 2235 Historia
2670 2179 3039 2234 ecclesiastica.
3077 2178 3330 2233 Omnium
3365 2194 3503 2247 quos
3531 2177 3774 2248 proxime
3801 2179 3977 2231 nomi-

2392 2272 2515 2325 navi
2550 2271 2946 2342 (nominaverat
2973 2270 3292 2333 Eusebium,
3331 2270 3632 2332 Socratem,
3661 2268 3972 2338 Evagrium,

2395 2360 2807 2429 Sozomenum),
2844 2361 3263 2414 convenientem
3286 2359 3458 2429 magis
3494 2358 3740 2412 IllSlOI‘IZB
3775 2359 3975 2430 slylum

2395 2450 2619 2504 adhibet
2657 2467 2670 2503 :
2705 2450 2886 2505 clarus
2930 2450 3076 2504 enim
3133 2458 3188 2502 et
3233 2448 3453 2518 grandis
3499 2456 3604 2512 est,
3646 2447 3977 2515 minimeque

2398 2542 2713 2597 redundans
2735 2584 2748 2605 ,
2786 2543 2890 2596 nisi
2926 2541 3071 2611 quod
3114 2541 3562 2595 translationibus
3601 2540 3864 2594 audacius
3892 2539 3981 2592 in-

2401 2635 2635 2697 terdum,
2661 2643 2715 2688 et
2749 2649 2888 2704 pene
2935 2633 3118 2702 inepte
3158 2643 3364 2687 utatur.
3397 2653 3413 2684 ι
3446 2631 3790 2700 Nicephorus
3811 2631 3982 2685 verbo

2400 2742 2512 2779 uno
2543 2743 2555 2779 :
2592 2745 2609 2776 ι
2635 2724 2952 2779 Elaboravit
2976 2733 3031 2777 et
3067 2725 3171 2776 alia
3196 2723 3324 2786 duo,
3346 2738 3578 2790 quorum
3605 2738 3774 2776 unum
3802 2721 3973 2776 Histo~

2401 2817 2539 2869 riam
2588 2815 3011 2876 ecclesiasticam,
3041 2815 3290 2868 alterum
3326 2814 3680 2876 Philol/leum,
3725 2828 3819 2866 seu
3852 2813 3978 2866 reli-

2403 2903 2606 2972 giosam
2643 2903 2947 2964 historiam,
2979 2913 3157 2957 vocat.
3193 2924 3208 2953 ι

2475 2993 2749 3047 Audacem
2784 2993 2950 3063 igitur
3001 3002 3165 3062 atque
3202 2993 3367 3046 etiam
3400 2990 3773 3061 imprudentem
3822 3005 3984 3058 opor-

2409 3092 2485 3138 tet
2516 3101 2641 3138 eum
2681 3099 2820 3147 esse,
2847 3085 2938 3152 qui
2975 3086 3111 3152 aptis
3148 3083 3218 3134 ita
3250 3090 3462 3144 notum,
3498 3082 3572 3135 ita
3598 3090 3877 3146 testatum,
3913 3081 3985 3133 ita

2409 3178 2755 3233 manifestum
2795 3177 3123 3231 Theodoreti
3151 3191 3270 3229 esse
3317 3183 3496 3243 neget,
3555 3181 3618 3226 ut
3670 3171 3897 3232 Coccus.
3933 3181 3986 3224 et

2409 3272 2498 3325 alii
2535 3286 2640 3323 non
2677 3269 2931 3322 meliores
2968 3286 2981 3321 :
3013 3267 3146 3322 certi
3195 3267 3421 3336 rejicere
3462 3263 3665 3332 scripta
3714 3271 3987 3322 veterum,

2411 3361 2806 3429 qualiacunque
2858 3359 3074 3412 tandem
3105 3357 3234 3420 sint,
3270 3355 3315 3409 si
3372 3353 3488 3407 suis
3539 3350 3990 3405 novitatibusin-

2414 3451 2782 3506 commodent.

2483 3565 2570 3620 IV.
2639 3564 2756 3629 Qno
2819 3573 3063 3631 tempore
3103 3561 3302 3629 scripta
3345 3559 3415 3612 sit
3438 3559 3501 3619 ⁷⁵,
3533 3569 3695 3609 nemo
3719 3553 3991 3606 hactenus

2415 3670 2566 3711 certo
2593 3656 2869 3711 deﬁnivit.
2907 3655 3020 3709 Nec
3047 3653 3193 3708 enim
3222 3652 3328 3706 ulla
3367 3664 3490 3719 pars
3523 3648 3637 3701 visa
3667 3655 3752 3700 est
3781 3655 3996 3711 tempo-

2417 3749 2493 3803 ris
2530 3757 2716 3802 notam
2770 3746 3046 3816 prtcl‘erre.
3094 3745 3212 3798 Non
3250 3740 3515 3811 pradatio,
3557 3739 3612 3792 in
3659 3753 3765 3806 qua
3810 3745 3994 3788 tamen

2415 3841 2552 3892 solet
2583 3837 2784 3906 aliquid
2818 3835 3084 3906 ejusmodi
3122 3833 3380 3903 prtemitti
3408 3849 3420 3884 :
3451 3846 3561 3883 non
3601 3828 3742 3891 ﬁnis,
3779 3827 3870 3880 ubi
3914 3841 4000 3879 re-

2417 3930 2667 3982 feruntur
2707 3928 2998 3997 praesulum
3052 3926 3271 3979 nomina
3298 3965 3310 3985 ,
3341 3923 3432 3991 qui
3477 3919 3778 3989 majoribus
3807 3916 4001 3970 Eccle-

2417 4023 2512 4076 siis
2547 4021 2884 4090 praefuerunt
2915 4033 3060 4071 :non
3083 4016 3254 4070 series
3280 4011 3541 4073 historiae,
3579 4030 3595 4059 ι
3627 4024 3748 4078 quas
3775 4017 3998 4060 centum

2417 4120 2473 4166 et
2491 4111 2731 4180 quinque
2763 4123 3028 4162 annorum
3071 4115 3285 4174 tempus
3343 4097 3747 4169 complectitur,
3787 4097 3854 4150 ab
3879 4095 3999 4150 Arii

2417 4201 2634 4255 vesania
2679 4200 2968 4269 incipiens,
3013 4197 3380 4263 desinensqne
3421 4195 3475 4246 in
3500 4191 3652 4244 obitu
3697 4188 3998 4242 illustrium

2419 4291 2660 4346 virorum
2694 4290 2968 4345 Theodori
3002 4299 3057 4342 et
3079 4285 3346 4341 Theodoti
3373 4285 3438 4337 ⁷⁵.
3476 4303 3493 4334 ι

2489 4404 2552 4456 V.
2590 4401 2836 4456 Proclive
2859 4407 3004 4453 esset
3023 4397 3234 4466 opinari
3276 4411 3343 4449 eo
3379 4404 3622 4463 tempore
3641 4392 4000 4450 elaboratam,

2422 4506 2532 4560 quo
2550 4490 2757 4551 ﬁnitur,
2803 4488 2856 4542 id
2888 4496 2992 4551 est,
3021 4501 3164 4540 anno
3187 4483 3391 4540 Christi
3428 4483 3566 4548 427;
3592 4480 3697 4536 nisi
3731 4479 4002 4540 obstaret,

2423 4581 2570 4650 quod
2596 4580 2649 4634 in
2672 4580 2813 4633 libro
2833 4579 3010 4648 primo
3035 4583 3338 4646 quartaque
3365 4574 3572 4627 mentio
3595 4573 3686 4625 ﬁat
3713 4569 4004 4632 Philotimi;

2425 4672 2480 4725 in
2511 4671 2734 4741 quinto,
2777 4678 3052 4722 motarum
3094 4665 3332 4721 Nestorii
3375 4679 3539 4720 causa
3591 4674 3892 4732 pugnarum
3937 4660 4007 4712 de

2425 4763 2551 4817 ﬁde.
2604 4761 2738 4816 Cum
2772 4761 2918 4812 enim
2963 4757 3280 4827 Apollinarii
3334 4755 3568 4810 haeresin
3626 4750 4010 4806 Theodoretns

2425 4861 2704 4906 narrasset
2730 4870 2742 4904 :
2769 4850 2934 4920 279
2965 4868 2983 4900 ι
3014 4849 3094 4902 Ex
3126 4849 3228 4901 hac
3265 4847 3473 4909 radice,
3509 4843 3686 4912 inquit
3709 4843 3776 4903 "',
3829 4840 3882 4892 in
3906 4839 4010 4892 Ec-

2427 4941 2610 4996 clesiis
2635 4950 2822 4995 natum
2853 4948 2959 5005 est,
2987 4938 3134 5008 quod
3158 4953 3265 4992 una
3295 4937 3480 4990 carnis
3504 4942 3559 4988 et
3585 4929 3890 4986 divinitatis
3910 4945 4011 4983 na-

2433 5043 2554 5087 tura
2587 5033 2827 5096 dicitur,
2870 5030 3129 5100 quodque
3181 5026 3457 5082 divinitati
3483 5021 3764 5094 Unigeniti
3817 5018 4010 5089 passio

2430 5124 2745 5185 aserihitur.
2781 5132 2838 5176 et
2866 5122 2970 5176 alia
3013 5121 3065 5176 id
3097 5132 3300 5190 genus,
3341 5117 3411 5171 de
3437 5114 3639 5185 quibus
3678 5110 4008 5182 populorum

2431 5215 2888 5282 sacerdotumque
2939 5211 3239 5267 certamina
3283 5209 3634 5263 exstiterunt.
3675 5222 3693 5253 ι
3724 5200 3855 5267 Quae
3895 5198 4012 5252 duo

2095 5507 2414 5564 SCHULZII
2450 5502 2684 5558 ΝΟΤίΕ.

822 5643 943 5718 ⁸ξ·⁶⁷
972 5643 1096 5718 Haec
1119 5648 1401 5718 pertinent
1437 5647 1502 5701 ad
1527 5663 1646 5718 cap.
1674 5665 1734 5710 ιι,
1757 5664 1900 5704 vers.
1937 5645 2177 5718 H.77Vid.
2209 5654 2248 5697 t.
2268 5643 2360 5718 Ill,

2397 5658 2450 5712 P-
2482 5641 2623 5712 ‘55:
2681 5637 2726 5712 (:8
2913 5634 3064 5712 ILIY’.

3104 5649 3156 5702 βο
3193 5633 3298 5686 5⁵2
3343 5647 3458 5702 εθιιτ
3535 5625 3761 5702 “.lbig'.‘

3790 5639 3844 5693 p.
3876 5625 4006 5680 55.1.

758 5714 804 5746 νο
838 5711 912 5787 υς
932 5694 1062 5787 si:
1072 5694 1991 5787 idégt'}..'3:ip7'3ti?"17bis}?ad
2007 5694 2421 5787 ιιίὶςίἇῇζένὲᾖρνῖ

2338 5694 2440 5765 (iri.
2494 5694 2559 5743 7“
2587 5707 2722 5762 Cod.
2765 5705 2852 5759 51.
2929 5703 2975 5736 ⁷³
3009 5694 3267 5765 I.ib'.x1v,
3322 5718 3369 5755 (τ.
3589 5695 3632 5728 ⁷⁸
3661 5694 3779 5750 Vid.
3813 5710 4006 5764 supra,

761 5799 813 5853 p.
853 5784 972 5838 188.
1049 5787 1094 5818 ⁷⁵
1118 5786 1236 5842 Vid.
1277 5783 1618 5842 Histfech.
1654 5805 1705 5852 v,
1738 5804 1784 5841 ς.
1818 5789 1905 5843 39.
1983 5789 2025 5819 ⁷⁸
2064 5785 2226 5848 ibid.,
2256 5800 2302 5838 c.
2329 5783 2381 5837 5.
