4228 6446
222 376 332 441 929

1394 370 1489 428 DE
1524 368 1777 427 LIBRIS
1809 368 1909 426 ΤΗ
1918 369 2292 430 EODORETI
2303 407 2313 418 -

3367 375 3472 443 230

222 485 344 553 ipse
370 482 549 551 capita
609 480 815 550 Cyrillo
865 478 1105 548 objicere
1156 477 1384 531 solebat.
1434 479 1594 545 Atqui
1648 485 1807 529 mota:
1842 487 1877 533 Α
1914 484 2026 530 tus:
2064 493 2152 530 res
2177 480 2322 530 enim
2351 477 2667 547 complexus
2682 454 2764 533 est
2786 487 3001 534 centum
3033 489 3087 535 et
3112 480 3467 552 quadraginta

220 583 355 628 sunt
390 574 562 625 turbae
601 587 747 623 anno
788 570 911 631 429,
952 578 1007 622 et
1055 568 1356 621 Philotimi:
1391 568 1547 637 longe
1594 566 1804 621 tardius

217 663 407 717 editus
448 672 531 714 est
552 663 624 719 ",
672 674 867 728 nempe
901 674 1044 711 anno
1074 659 1176 713 444
1210 668 1302 712 aut
1332 659 1456 722 M5,
1494 668 1642 713 certe
1694 673 1801 709 non

260 763 347 804 ost
376 753 501 804 “ti.

260 769 347 804 osr
376 769 501 804 nu.

221 769 256 821 Ρ
293 841 383 893 VI.
424 837 681 893 Nonnulli
723 845 939 906 tempus
976 836 1312 907 coniiciunt,
1354 839 1549 903 partim
1592 849 1657 888 ex
1702 849 1799 897 eo,

218 930 369 996 quod
413 937 675 999 regnante
726 927 1033 981 Theodosio
1060 928 1259 995 scripta
1288 927 1385 988 sit;
1432 926 1626 995 partim
1657 925 1801 993 quod

219 1021 275 1071 in
312 1020 465 1072 nullo
496 1019 602 1072 alio
635 1034 802 1086 opere
830 1018 1160 1087 appelletur;
1193 1019 1300 1071 imo
1330 1034 1429 1071 nec
1456 1017 1508 1070 in
1538 1018 1661 1070 ullis
1678 1016 1804 1085 Epi-

216 1110 422 1172 stolis,
470 1110 525 1161 in
570 1109 775 1177 quibus
825 1116 1003 1161 tamen
1056 1118 1251 1160 cetera
1296 1115 1593 1160 censentur
1630 1123 1641 1157 :
1676 1105 1801 1158 inde

216 1199 371 1251 enim
399 1197 740 1251 concludunt
788 1197 928 1250 hanc
967 1197 1439 1251 clucubrationem
1480 1195 1649 1249 fuisse
1708 1204 1802 1248 aut

211 1289 471 1359 omnium
515 1300 848 1357 postremam
869 1330 883 1351 ,
913 1298 1007 1341 aut
1040 1300 1439 1357 postremarum
1472 1302 1656 1340 unam.
1694 1287 1800 1341 Ve-

214 1394 345 1433 rum
376 1380 527 1448 quod
571 1380 639 1434 de
681 1395 847 1449 regno
881 1379 1172 1432 Theodosii
1209 1378 1455 1440 affertur,
1498 1392 1620 1430 mox
1655 1392 1801 1431 com-

214 1470 761 1539 probabiturzquod
804 1470 871 1523 de
924 1471 1142 1525 silentio
1187 1470 1437 1531 additur,
1484 1469 1692 1536 prolata
1734 1483 1799 1520 ex

212 1558 365 1611 libro
429 1568 629 1626 quarto
678 1559 1058 1611 Haareticarum
1107 1556 1409 1626 fabularum
1466 1555 1798 1610 Theodoreti

209 1648 387 1701 verba
428 1649 760 1717 improbant.

287 1740 403 1793 VII.
439 1739 656 1793 Certius
684 1739 889 1807 aliquid
924 1738 991 1792 de
1022 1754 1165 1791 anno
1197 1737 1489 1791 conficitur
1548 1754 1615 1791 ex
1658 1738 1798 1791 libro

212 1846 269 1891 γ,
311 1844 436 1897 cap.
472 1829 560 1882 58.
599 1829 781 1882 Audas
806 1830 984 1891 enim,
1032 1830 1186 1894 cujus
1228 1828 1434 1880 mentio
1476 1826 1535 1879 fit
1570 1843 1636 1880 eo
1667 1827 1791 1889 loci,

217 1920 275 1972 in
315 1919 547 1973 Perside
575 1934 768 1988 passus
791 1928 875 1971 est
900 1919 987 1972 die
1022 1919 1082 1972 '6
1108 1919 1230 1971 Maii
1274 1934 1418 1971 anno
1437 1917 1557 1979 ΗΟ,
1585 1917 1685 1971 sub
1714 1918 1792 1971 Is-

211 2010 458 2078 degerde
508 2026 632 2079 rege
659 2050 672 2071 ,
710 2009 877 2077 Magis
913 2010 1347 2078 persecutionem
1388 2008 1742 2063 suadentibus
1778 2026 1790 2061 :

211 2101 368 2169 atqui
430 2100 615 2154 Audas
670 2101 1014 2154 occasionem
1074 2099 1224 2153 dedit
1278 2098 1684 2168 persecutioni,
1735 2107 1793 2151 ut

214 2203 470 2257 constat;
491 2202 546 2247 et
569 2192 952 2248 Theodoretns
982 2194 1146 2247 tradit
1178 2193 1638 2262 persecutionem,
1666 2202 1794 2245 tunc

211 2302 340 2339 cum
373 2286 668 2349 scriberet,
690 2288 801 2356 jam
838 2287 1064 2341 durasse
1105 2287 1326 2356 triginta
1361 2286 1517 2340 annis
1552 2305 1563 2339 :
1592 2288 1795 2341 scribe-

214 2376 309 2428 bat
338 2376 511 2445 igitur
539 2391 682 2429 anno
706 2376 827 2430 450.

240 2534 246 2538 .
288 2466 429 2519 VIII.
462 2467 581 2520 Non
631 2468 697 2521 de
728 2483 873 2522 anno
917 2476 1164 2533 tantum,
1213 2468 1307 2523 sed
1352 2468 1419 2523 de
1460 2468 1585 2522 anni
1630 2469 1793 2522 etiam

213 2564 368 2624 parte
395 2558 537 2609 certi
574 2557 779 2626 aliquid
803 2552 964 2612 statui
998 2569 1219 2628 potest:
1262 2576 1385 2613 nam
1418 2559 1795 2614 Theodoretus

212 2656 383 2716 caput
424 2648 493 2701 56
524 2648 651 2701 libri
684 2650 863 2716 quinti
892 2650 1143 2712 absolvit,
1176 2649 1483 2703 Theodosio
1514 2648 1689 2704 adhuc
1713 2650 1793 2702 ri-

214 2748 404 2793 vente.
434 2738 574 2793 Cum
611 2740 757 2793 enim
796 2748 983 2810 ageret
1013 2741 1079 2795 de
1133 2742 1380 2810 reliquiis
1420 2740 1794 2812 Chrysostomi

209 2829 755 2900 Constantinopolim
792 2832 1019 2885 relatis:
1063 2852 1080 2883 ι
1124 2830 1301 2898 Hunc,
1358 2832 1536 2901 inquit
1566 2830 1633 2894 ⁷⁸,
1676 2832 1796 2885 tho-

214 2937 444 2975 saurum
476 2923 533 2975 in
557 2922 747 2976 urbem
775 2922 961 2976 intulit
992 2923 1058 2985 is,
1090 2924 1183 2992 qui
1223 2924 1453 2991 imperio
1484 2938 1630 2975 nunc
1659 2924 1799 2992 poti-

217 3023 325 3075 tur,
354 3014 452 3082 qui
489 3014 575 3067 avi
611 3029 811 3067 nomen
841 3017 1086 3074 sortitus,
1132 3017 1254 3085 ejus
1286 3030 1501 3084 quoque
1540 3016 1797 3083 pietatem

214 3116 404 3157 servat
429 3104 828 3171 incorruptam.
868 3105 969 3158 Hic
993 3106 1183 3158 oculos
1204 3115 1259 3159 et
1278 3104 1519 3160 frontem
1545 3106 1599 3160 in
1617 3106 1796 3161 loculo

214 3191 487 3261 deﬁgens,
515 3207 613 3259 pro
646 3193 969 3260 parentibus
992 3208 1183 3262 preces
1206 3193 1361 3256 fudit,
1387 3201 1443 3247 et
1476 3196 1544 3248 iis
1574 3196 1667 3264 qui
1703 3211 1799 3263 per

215 3281 587 3351 ignorantiam
614 3290 924 3349 peccarant,
965 3293 1025 3338 ut
1058 3283 1386 3352 ignosceret,
1420 3284 1791 3353 supplicavit.»

214 3371 353 3425 Cum
380 3386 519 3439 ergo
543 3370 886 3425 Theodosius
916 3371 1116 3426 obierit
1134 3373 1222 3426 die
1254 3373 1322 3427 29
1347 3374 1472 3427 Julii
1502 3390 1646 3427 anno
1674 3374 1797 3436 450,

220 3463 631 3531 imperiumque
667 3462 971 3516 Marcianus
992 3479 1022 3517 a
1053 3464 1341 3518 Pulcheria
1361 3473 1663 3534 senatuque
1688 3466 1799 3519 ele-

218 3562 343 3605 ctus
377 3552 739 3620 eapessiverit
764 3553 853 3607 die
872 3554 943 3607 25
977 3554 1242 3624 Augusti;
1285 3565 1498 3624 oportet
1528 3564 1587 3608 ut
1621 3557 1800 3624 priore

219 3644 347 3698 Inui
372 3652 535 3712 parte
555 3643 847 3698 Historiam
867 3644 1151 3698 Theodore
1161 3656 1246 3699 tus
1270 3656 1365 3699 aut
1391 3648 1797 3715 conscripserit,

217 3740 310 3785 aut
364 3740 520 3785 certe
569 3730 899 3796 absolverit;
954 3732 1196 3786 nondum
1243 3734 1452 3788 scilicet
1501 3734 1703 3788 auditis
1744 3735 1798 3788 in

218 3818 453 3874 Oriente
474 3821 543 3873 de
566 3820 719 3875 obitu
752 3820 1043 3876 Theodosii
1080 3823 1319 3887 nuntiis,
1351 3824 1443 3893 qni
1471 3825 1648 3879 solent
1679 3840 1797 3879 esse

219 3910 305 3965 bis
337 3912 411 3965 de
439 3911 604 3965 rebus
636 3911 927 3965 celerrimi.

289 4000 385 4054 IX.
450 4000 681 4071 Scripsit
733 4002 1113 4057 Theodoretus
1148 4043 1161 4066 ,
1210 4003 1356 4071 quod
1415 4003 1529 4073 ipse
1578 4003 1798 4073 quidem

220 4092 415 4153 tradit,
478 4092 548 4144 τὰ
590 4092 885 4162 λειπόμενα
930 4093 1027 4163 τῆς
1072 4094 1610 4161 Ἐκκλησιαστικῆς
1644 4098 1801 4148 ιστο-

216 4184 376 4250 ρΙας⁹
438 4198 576 4251 quas
600 4198 764 4237 voces
807 4183 1201 4252 interpretatur
1232 4185 1317 4237 vir
1345 4185 1593 4238 eruditus
1613 4226 1627 4247 ,
1652 4186 1801 4239 velut

221 4271 457 4333 diceret,
496 4287 560 4324 ea
603 4288 724 4340 qua:
771 4271 981 4326 Socrati
1020 4274 1470 4343 Sozomenoque,
1510 4276 1643 4329 viris
1690 4292 1797 4329 non

221 4362 614 4417 scientissimis
643 4377 829 4417 rerum
862 4364 1236 4428 orientalium,
1260 4365 1491 4429 desunt,
1521 4382 1599 4429 se,
1624 4366 1715 4433 qui
1745 4367 1796 4419 in

220 4452 451 4507 Oriente
489 4453 717 4519 viveret,
759 4454 1245 4525 intelligentiorem
1283 4458 1558 4527 supplere.
1596 4456 1797 4511 Verum

221 4562 332 4600 non
359 4546 540 4608 aliud,
569 4548 783 4615 opinor,
810 4546 898 4600 his
925 4548 1155 4601 vocibus
1178 4548 1447 4611 innuitur,
1466 4564 1628 4617 quam
1652 4548 1798 4617 quod

222 4636 612 4691 Theodoretus
636 4637 855 4691 Eusebii
880 4638 1116 4691 voluerit
1135 4638 1430 4691 Historiam
1454 4637 1795 4691 continuare.

222 4727 486 4781 Aitenim
518 4727 596 4778 ’ἐ
634 4746 650 4776 ι
676 4725 816 4792 Quia
860 4728 1131 4782 Eusebius
1176 4727 1493 4781 Paltestinus
1524 4743 1555 4780 a
1598 4726 1800 4781 sanctis

223 4817 494 4886 apostolis
526 4818 690 4886 280
704 4834 933 4873 exorsus
960 4836 1049 4874 res
1069 4820 1123 4873 in
1143 4820 1400 4874 Ecclesiis
1429 4828 1607 4889 gestas
1628 4834 1799 4887 usque

224 4907 293 4959 ad
328 4905 679 4961 Constantini
719 4908 831 4961 Deo
884 4908 1067 4964 dilecti
1098 4909 1409 4979 imperium,
1443 4908 1796 4977 conscripsit;

223 5010 329 5066 ego
379 4995 531 5057 inde,
565 4996 656 5048 ubi
692 4997 781 5049 ille
829 4998 1106 5053 scribendi
1151 4998 1313 5053 ﬁnem
1350 4998 1480 5053 fecit
1504 5038 1518 5063 ,
1555 4998 1799 5054 historite

225 5099 365 5138 mea:
392 5084 592 5137 ducam
621 5084 858 5139 initium.
893 5105 910 5135 ι
943 5086 1183 5156 ldipsum
1211 5095 1367 5141 antea
1389 5085 1641 5141 Socrates
1664 5101 1800 5155 prte-

224 5174 447 5228 stiterat
475 5192 488 5227 :
519 5173 644 5229 inde
670 5176 813 5229 enim
841 5192 1086 5241 exorsus,
1121 5177 1213 5232 ubi
1233 5178 1497 5232 Eusebius
1525 5176 1685 5232 ﬁnem
1720 5176 1802 5231 fe-

227 5274 404 5328 cerat,
439 5267 659 5336 longius
688 5268 917 5324 deduxit
950 5271 1257 5337 historiam,
1288 5287 1451 5341 quam
1489 5271 1803 5326 Theodore-

1906 580 2197 618 annorum.

1975 655 2041 709 Χ.
2087 655 2223 709 Cum
2252 658 2443 710 scribit
2486 676 2541 714 se
2566 660 2851 713 historiam
2875 669 3093 714 centum
3133 671 3191 717 et
3226 664 3470 733 quinque

1902 758 2171 797 annorum
2199 746 2471 809 texuisse,
2528 767 2543 797 ι
2586 750 2787 818 quippe
2822 766 2942 818 qute
2982 751 3049 804 ab
3090 751 3204 805 Arii
3249 755 3469 807 vesania

1906 836 2193 904 incipiens,
2243 836 2455 891 desinat
2514 838 2566 890 in
2620 840 2771 893 obitu
2818 841 3174 895 laudabilium
3226 843 3469 897 virorum

1904 926 2179 981 Theodori
2225 938 2279 982 et
2332 928 2706 983 Theodoti":
2743 952 2758 980 ι
2790 940 3008 1000 oportet
3046 948 3172 987 eum
3229 932 3470 988 historiae

1906 1016 2119 1070 initium
2158 1018 2377 1071 duxisse
2405 1019 2472 1071 ab
2505 1034 2648 1072 anno
2675 1018 2796 1072 522.
2828 1020 2957 1075 Inde
2990 1022 3137 1077 enim
3168 1021 3234 1076 ad
3260 1023 3469 1077 obitum

1905 1108 2179 1162 Theodori
2206 1117 2262 1161 et
2298 1109 2565 1161 Theodoti
2595 1110 2833 1179 spatium
2866 1111 2963 1163 105
2998 1097 3263 1166 annorum
3291 1113 3459 1169 inter-

1905 1197 2095 1261 fluxit;
2129 1198 2397 1265 siquidem
2425 1198 2666 1251 defuncti
2702 1209 2833 1253 sunt
2862 1200 3024 1253 ambo
3057 1216 3198 1255 anno
3218 1202 3339 1256 427.

1973 1287 2065 1343 XI.
2092 1287 2195 1341 Sed
2225 1286 2502 1356 quomodo
2531 1288 2720 1341 scribit
2752 1304 2807 1342 se
2836 1288 2903 1341 ab
2948 1289 3103 1343 Arii‘
3133 1278 3470 1346 vesania'in-

1902 1380 2132 1448 cepisse,
2160 1394 2283 1431 eum
2314 1377 2606 1431 hereticus
2637 1378 2726 1430 ille
2753 1378 3057 1432 insaniendi
3091 1378 3307 1432 initium
3328 1381 3471 1435 fece-

1904 1470 1971 1520 rit
1990 1469 2099 1536 jam
2126 1467 2251 1520 inde
2284 1466 2352 1519 ab
2374 1481 2514 1518 anno
2544 1465 2665 1519 3I5.
2691 1464 2975 1530 Quomodo
2998 1474 3183 1519 contra
3222 1466 3289 1519 ab
3325 1482 3468 1519 anno

1901 1559 2003 1612 522
2036 1558 2322 1612 historiam
2354 1556 2641 1610 inchoasse
2668 1554 2953 1618 dicendus,
2984 1570 3105 1608 cum
3148 1572 3257 1620 res,
3284 1557 3467 1611 subla-

1901 1652 1970 1703 tis
2000 1650 2243 1720 tyrannis
2278 1648 2571 1711 Maxentio,
2607 1647 2917 1711 Maximino,
2943 1656 2997 1701 et
3029 1648 3259 1711 Licinio,
3288 1657 3469 1718 gestas

1900 1758 1956 1794 se
1989 1756 2213 1795 narrare
2249 1740 2528 1794 fateatur?
2561 1739 2839 1809 Siquidem
2882 1740 3125 1793 Licinius
3178 1755 3323 1794 anno
3363 1740 3466 1795 525

1831 1820 1869 1867 Β
1898 1832 2148 1885 sublatus
2170 1831 2259 1883 sit.
2296 1831 2497 1883 Verum
2526 1828 2595 1881 ab
2623 1844 2689 1880 eo
2717 1835 2958 1896 tempore
2982 1829 3204 1911 incepit,
3236 1845 3346 1898 quo
3376 1845 3467 1883 ve-

1896 1921 2046 1973 sania
2072 1919 2187 1973 Arii
2228 1933 2335 1972 non
2360 1920 2471 1989 jam
2499 1933 2555 1971 se
2588 1915 2818 1987 Egypto
2847 1917 3136 1980 continuit,
3163 1918 3257 1971 sed
3291 1919 3467 1972 allatis

1894 2010 1963 2063 ad
1992 2010 2376 2080 imperatorem
2407 2009 2647 2077 querelis
2683 2008 2758 2061 ita
2794 2008 2995 2077 erupit,
3032 2017 3092 2061 ut
3132 2008 3199 2063 de
3226 2010 3465 2079 cogenda

1894 2103 2102 2175 synodo
2128 2102 2345 2155 Nicmna
2374 2101 2639 2153 continuo
2677 2100 3007 2167 cogitaretur
3036 2118 3047 2151 :
3076 2100 3271 2155 idvero
3287 2102 3463 2155 conti-

1892 2197 1969 2265 git
2023 2194 2167 2247 circa
2208 2207 2408 2245 annum
2447 2190 2570 2243 523.
2626 2188 2745 2255 Quo
2776 2191 2938 2243 etiam
2992 2206 3136 2245 anno
3182 2192 3361 2247 victus
3392 2194 3464 2248 ita

1893 2295 2011 2339 crat
2034 2283 2290 2345 Licinius,
2321 2292 2379 2336 ut
2410 2282 2618 2335 sublata
2650 2282 2819 2351 ipsius
2854 2282 3096 2352 tyrannis
3133 2283 3330 2339 merito
3357 2283 3465 2340 dici

1894 2380 2078 2438 queat.

1964 2462 2078 2515 XII.
2111 2463 2169 2515 Id
2210 2463 2393 2531 operis
2423 2461 2654 2515 Photius
2706 2476 2813 2514 non
2860 2461 3210 2517 mediocriter
3256 2464 3462 2530 laudat,

1895 2552 2219 2622 pnefertque
2236 2552 2496 2615 Socratis,
2522 2551 2806 2606 Sozomeni
2850 2552 3172 2622 Evagriique
3190 2553 3461 2610 historiis:

1894 2660 2004 2713 quo
2044 2644 2239 2697 merito
2266 2644 2380 2712 ipse
2409 2642 2641 2707 viderit;
2674 2643 2727 2696 in
2771 2657 2837 2697 eo
2862 2650 3039 2698 tamen
3076 2644 3351 2701 desiderat
3378 2646 3459 2700 di-

1896 2738 2095 2792 ctionis
2120 2739 2531 2807 proprietatem.
2558 2736 2697 2790 Sunt
2722 2736 2814 2805 qui
2855 2736 3171 2791 desiderent
3193 2741 3357 2792 etiam
3385 2738 3468 2793 di-

1896 2827 2237 2897 ligentiorem
2268 2836 2576 2894 temporum
2617 2824 3027 2879 distinctionem
3086 2836 3251 2895 atque
3281 2843 3465 2882 rerum

1897 2919 2168 2973 ordinem.

1965 3010 2100 3063 χιιι.
2133 3008 2333 3078 Objicit
2372 3008 2669 3077 Gregorius
2714 3007 2939 3076 Magnus
2988 3009 3247 3062 memoria
3282 3009 3467 3079 lapsus

1900 3102 1953 3154 in
1982 3099 2305 3170 appellando
2334 3100 2552 3152 nomine
2570 3098 2638 3162 ⁸¹,
2665 3099 2947 3167 multiplex
2966 3098 3309 3154 mendacium
3333 3101 3465 3154 alia-

1901 3208 2004 3261 que
2037 3190 2231 3260 ﬂagitia
2262 3208 2273 3242 :
2316 3210 2333 3240 ‹
2378 3190 2483 3243 Sed
2519 3190 2688 3258 ipsam
2720 3206 2939 3259 quoque
2966 3189 3252 3245 Sozomeni
3283 3191 3467 3245 Ilisto-

1901 3284 2035 3337 riam
2085 3283 2242 3336 sedes
2289 3282 2585 3350 apostolica
2628 3282 2876 3349 accipere
2926 3290 3164 3343 recusat,
3208 3284 3464 3350 quoniam

1902 3374 2071 3428 multa
2098 3372 2378 3434 mentitur,
2410 3380 2466 3425 et
2492 3372 2839 3425 Theodorum
2890 3372 3230 3441 Mopsuestia:
3260 3375 3466 3442 laudat,

1901 3473 1956 3517 et
1993 3479 2163 3532 usque
2218 3463 2285 3515 ad
2324 3461 2486 3515 finem
2537 3463 2723 3516 obitus
2765 3466 2849 3516 sui
2898 3478 3153 3533 magnum
3186 3464 3467 3521 doctorem

1902 3556 2071 3609 fuisse
2102 3554 2375 3623 perhibet.
2423 3553 2607 3606 Restat
2648 3569 2776 3622 ergo
2812 3562 2889 3617 ut,
2929 3554 2971 3608 si
3013 3554 3139 3623 quis
3186 3555 3468 3611 historiam

1900 3647 2047 3699 illam
2082 3645 2306 3713 recipit,
2337 3643 2545 3714 synodo
2574 3644 2673 3712 piae
2702 3644 2977 3698 memoria:
3006 3644 3298 3699 Iustiniani
3334 3655 3471 3701 tem-

1901 3736 2127 3805 poribus
2162 3735 2233 3789 de
2273 3734 2451 3801 tribus
2491 3734 2743 3802 capitulis
2772 3734 2927 3789 factae
2963 3736 3324 3791 contradicat.
3364 3738 3468 3804 Qui

1899 3842 2031 3897 ergo
2076 3826 2205 3880 huic
2233 3825 2505 3879 contraria
2546 3824 2728 3878 dicere
2771 3841 2877 3877 non
2907 3825 3072 3889 valet,
3116 3826 3260 3880 illam
3301 3828 3471 3882 histo-

1902 3921 2037 3972 riam
2064 3932 2283 3971 necesse
2316 3924 2400 3969 est
2427 3925 2487 3969 ut
2520 3916 2794 3984 repellat.»
2819 3914 3177 3971 Sozomenum
3199 3919 3335 3973 dixit
3372 3936 3470 3989 pro

1901 4005 2301 4059 Tlieodoreto”
2335 4022 2347 4057 :
2378 4020 2555 4072 neque
2601 4004 2748 4057 enim
2789 4005 3057 4059 hactenus
3080 4007 3313 4061 eruditis
3340 4024 3467 4077 per-

1900 4096 2073 4151 suasit
2116 4094 2515 4148 illustrissimus
2568 4094 2855 4149 Annalium
2893 4098 3207 4165 scriptor",
3264 4100 3469 4169 Grego—

1901 4186 2042 4239 rium
2069 4185 2237 4237 verbo
2269 4200 2377 4237 non
2400 4200 2519 4238 esse
2553 4186 2783 4254 lapsum.

1973 4276 2111 4329 XIV.
2137 4274 2411 4329 Judicinm
2456 4282 2603 4328 certe
2638 4274 2885 4343 Gregorii
2935 4276 3109 4345 Magni
3148 4277 3216 4331 de
3246 4280 3468 4334 menda-

1901 4364 2000 4419 ciis
2030 4363 2380 4426 Theodoreti,
2426 4362 2479 4416 id
2512 4370 2615 4425 est,
2650 4363 2716 4416 de
2749 4365 2987 4433 peccatis
3029 4366 3295 4423 adversus
3326 4376 3466 4424 tem-

1832 4484 1879 4541 D
1907 4470 2096 4524 porum
2119 4464 2176 4507 et
2206 4467 2388 4507 rerum
2421 4454 2720 4517 rationem,
2764 4455 3048 4511 manifeste
3079 4458 3346 4515 Baronius
3374 4477 3468 4530 ap-

1905 4543 2180 4614 probavit,
2211 4544 2494 4612 productis
2520 4544 2678 4612 281
2716 4552 2862 4598 tomo
2907 4545 2974 4599 IV
3003 4547 3094 4607 (ne
3122 4548 3252 4616 quid
3289 4549 3466 4603 dicam

1904 4636 1971 4689 de
2011 4634 2077 4687 Ill
2103 4633 2236 4704 etV)
2265 4635 2545 4703 plusquam
2572 4632 2887 4702 quindecim
2910 4636 3216 4699 errdribus,
3240 4653 3379 4707 quos
3410 4640 3469 4694 in

1906 4726 2072 4779 haece
2111 4724 2337 4778 historia
2365 4723 2833 4793 deprehendisset.
2866 4724 3099 4780 Protulit
3128 4728 3264 4783 alios
3300 4746 3465 4799 quos-

1906 4816 2028 4869 dam
2069 4814 2124 4867 in
2151 4814 2297 4868 notis
2337 4814 2450 4867 suis
2476 4812 2721 4879 Valesius
2751 4832 2764 4866 :
2796 4829 2899 4869 nec
2939 4830 3129 4869 omnes
3154 4825 3335 4872 tamen
3381 4834 3469 4873 re-

1905 4903 2138 4969 censuit,
2194 4911 2273 4967 ut,
2328 4902 2473 4972 quod
2527 4902 2805 4958 Bonifacio
2858 4905 3111 4961 Zozimus
3155 4906 3211 4961 in
3258 4923 3471 4964 summo

1906 4994 2223 5066 pontificatu
2247 4994 2575 5049 successisse
2605 4993 2837 5057 dicatur,
2865 5010 2988 5048 cum
3015 4995 3264 5051 Zosimus
3283 5008 3470 5052 contra

1904 5086 2183 5142 Bonifacio
2241 5084 2569 5148 decesserit,
2613 5094 2719 5139 etc.
2781 5085 2913 5139 Tam
2956 5086 3258 5155 frequentis
3288 5087 3474 5157 lapsus

1907 5194 2068 5233 causa
2093 5192 2217 5230 mox
2244 5175 2527 5229 afferetur.

1982 5267 2071 5323 XV
2127 5267 2186 5321 In
2208 5266 2356 5321 hunc
2384 5264 2631 5322 laborem
2656 5267 2905 5322 incubuit
2928 5268 2996 5322 ab
3014 5269 3207 5323 amicis
3231 5279 3468 5340 rogatus,

1567 5421 1889 5477 SCHULZII
1929 5416 2161 5474 ΝΟΤιΕ.

306 5601 508 5677 ⁷]Ϋί(1.
528 5619 711 5677 supra,
742 5619 862 5677 pag.
1062 5606 1139 5677 Ατξ
1168 5604 1448 5677 Ηὶετηεοςζ.
1474 5604 1510 5657 1.
1535 5620 1586 5677 v,
1612 5618 1659 5656 c.
1690 5603 1776 5655 56.

1854 5604 1900 5636 ⁷⁸
1922 5603 2389 5677 Vid._Prommium
2423 5605 2556 5659 Hist.
2576 5607 2698 5659 τιτι.
2775 5607 2821 5639 ⁸⁸
2853 5607 2983 5661 Hist.
3012 5610 3133 5664 eccl.
3157 5623 3193 5665 ι.
3218 5627 3273 5677 v,
3298 5626 3346 5667 c.
3379 5611 3469 5668 39.

230 5673 275 5704 ⁸¹
316 5674 437 5729 Lib.
464 5690 556 5735 vn,
580 5674 741 5742 epist.
774 5673 860 5726 51.

935 5674 979 5705 ⁸²
998 5674 1075 5728 Ad
1110 5674 1350 5727 Socratis
1379 5673 1669 5725 Histeriam
1704 5672 1881 5725 ecclcs.
1919 5674 2009 5727 alii
2040 5675 2153 5729 Iuec
2187 5677 2391 5729 referre
2432 5678 2739 5741 voluerunt,
2760 5677 2853 5730 sed
2882 5679 3061 5733 minus
3086 5672 3332 5742 recte.’ut
3355 5696 3473 5736 mo-

232 5745 354 5798 nuit
401 5744 616 5813 Ittigius
655 5742 729 5795 De
770 5742 1012 5797 Biblioth.
1045 5753 1093 5797 et
1135 5742 1345 5798 Catenis
1381 5742 1512 5805 PP.,
1541 5758 1592 5811 p.
1630 5742 1751 5796 750.
1828 5744 1875 5775 ⁸⁸
1907 5743 2025 5796 Vid.
2064 5744 2354 5798 Baronium
2400 5746 2453 5799 in
2480 5746 2700 5810 Annal.,
2724 5756 2761 5797 ι.
2792 5745 2855 5810 V,
2893 5746 3103 5816 p.'572.
