  <div class='ocr_page' id='page_1' title='image "/cluster/home/n/w/nwhite01/storage/ocr_20150623/84/nnc1.0114605970/125.png"; bbox 0 0 4228 6446; ppageno 0'>
   <div class='ocr_carea' id='block_1_1' title="bbox 717 437 818 502">
    <p class='ocr_par' dir='ltr' id='par_1_1' title="bbox 717 437 818 502">
     <span class='ocr_line' id='line_1_1' title="bbox 717 437 818 502; baseline 0.01 -2"><span class='ocrx_word' id='word_1_1' title='bbox 717 437 818 502; x_wconf 83' lang='grc'><strong>231</strong></span> 
     </span>
    </p>
   </div>
   <div class='ocr_carea' id='block_1_2' title="bbox 1848 422 2875 486">
    <p class='ocr_par' dir='ltr' id='par_1_2' title="bbox 1848 422 2875 486">
     <span class='ocr_line' id='line_1_2' title="bbox 1848 422 2875 486; baseline -0.005 0"><span class='ocrx_word' id='word_1_2' title='bbox 1848 425 2223 486; x_wconf 69' lang='lat' dir='ltr'><strong>SARNERII</strong></span> <span class='ocrx_word' id='word_1_3' title='bbox 2264 422 2756 484; x_wconf 80' lang='lat' dir='ltr'><strong>DISSERTATIO</strong></span> <span class='ocrx_word' id='word_1_4' title='bbox 2793 422 2875 482; x_wconf 86' lang='grc' dir='ltr'><strong>ΙΙ.</strong></span> 
     </span>
    </p>
   </div>
   <div class='ocr_carea' id='block_1_3' title="bbox 3866 417 3982 484">
    <p class='ocr_par' dir='ltr' id='par_1_3' title="bbox 3866 417 3982 484">
     <span class='ocr_line' id='line_1_3' title="bbox 3866 417 3982 484; baseline 0.026 -3"><span class='ocrx_word' id='word_1_5' title='bbox 3866 417 3982 484; x_wconf 77' lang='lat'><strong>232</strong></span> 
     </span>
    </p>
   </div>
   <div class='ocr_carea' id='block_1_4' title="bbox 720 525 3974 615">
    <p class='ocr_par' dir='ltr' id='par_1_4' title="bbox 720 525 3974 615">
     <span class='ocr_line' id='line_1_4' title="bbox 720 525 3974 615; baseline -0.006 -15"><span class='ocrx_word' id='word_1_6' title='bbox 720 563 831 603; x_wconf 89' lang='lat' dir='ltr'><strong>non</strong></span> <span class='ocrx_word' id='word_1_7' title='bbox 854 542 996 615; x_wconf 89' lang='lat' dir='ltr'><strong>quod</strong></span> <span class='ocrx_word' id='word_1_8' title='bbox 1023 541 1314 596; x_wconf 83' lang='lat' dir='ltr'><strong>crederem</strong></span> <span class='ocrx_word' id='word_1_9' title='bbox 1340 552 1479 606; x_wconf 89' lang='lat' dir='ltr'><strong>opus</strong></span> <span class='ocrx_word' id='word_1_10' title='bbox 1499 548 1617 589; x_wconf 88' lang='lat' dir='ltr'><strong>esse</strong></span> <span class='ocrx_word' id='word_1_11' title='bbox 1642 533 1695 587; x_wconf 89' lang='lat' dir='ltr'><strong>id</strong></span> <span class='ocrx_word' id='word_1_12' title='bbox 1732 533 1840 603; x_wconf 92' lang='lat' dir='ltr'><strong>agi,</strong></span> <span class='ocrx_word' id='word_1_13' title='bbox 1862 532 2008 603; x_wconf 89' lang='lat' dir='ltr'><strong>quod</strong></span> <span class='ocrx_word' id='word_1_14' title='bbox 2037 534 2293 587; x_wconf 77' lang='lat' dir='ltr'><strong>Socrates</strong></span> <span class='ocrx_word' id='word_1_15' title='bbox 2322 540 2363 592; x_wconf 78' lang='grc' dir='ltr'><strong>Α</strong></span> <span class='ocrx_word' id='word_1_16' title='bbox 2394 532 2540 586; x_wconf 89' lang='lat' dir='ltr'><strong>enim</strong></span> <span class='ocrx_word' id='word_1_17' title='bbox 2567 530 2908 600; x_wconf 74' lang='lat' dir='ltr'><strong>frequentius</strong></span> <span class='ocrx_word' id='word_1_18' title='bbox 2938 528 3139 600; x_wconf 85' lang='lat' dir='ltr'><strong>objccit</strong></span> <span class='ocrx_word' id='word_1_19' title='bbox 3174 525 3399 598; x_wconf 83' lang='lat' dir='ltr'><strong>Cyrillo,</strong></span> <span class='ocrx_word' id='word_1_20' title='bbox 3421 539 3586 595; x_wconf 83' lang='lat' dir='ltr'><strong>quam</strong></span> <span class='ocrx_word' id='word_1_21' title='bbox 3620 526 3767 596; x_wconf 87' lang='lat' dir='ltr'><strong>quod</strong></span> <span class='ocrx_word' id='word_1_22' title='bbox 3794 525 3864 580; x_wconf 87' lang='lat' dir='ltr'><strong>ab</strong></span> <span class='ocrx_word' id='word_1_23' title='bbox 3896 526 3974 581; x_wconf 88' lang='lat' dir='ltr'><strong>is-</strong></span> 
     </span>
    </p>
   </div>
   <div class='ocr_carea' id='block_1_5' title="bbox 730 623 2297 698">
    <p class='ocr_par' dir='ltr' id='par_1_5' title="bbox 730 623 2297 698">
     <span class='ocr_line' id='line_1_5' title="bbox 730 623 2297 698; baseline -0.01 -9"><span class='ocrx_word' id='word_1_24' title='bbox 730 640 1175 698; x_wconf 82' lang='lat' dir='ltr'><strong>Sozomenusque</strong></span> <span class='ocrx_word' id='word_1_25' title='bbox 1223 628 1635 698; x_wconf 66' lang='lat' dir='ltr'><strong>praastitissent,</strong></span> <span class='ocrx_word' id='word_1_26' title='bbox 1669 623 1764 677; x_wconf 90' lang='lat' dir='ltr'><strong>sed</strong></span> <span class='ocrx_word' id='word_1_27' title='bbox 1803 635 1863 677; x_wconf 90' lang='lat' dir='ltr'><strong>ut</strong></span> <span class='ocrx_word' id='word_1_28' title='bbox 1908 623 2010 676; x_wconf 91' lang='lat' dir='ltr'><strong>hac</strong></span> <span class='ocrx_word' id='word_1_29' title='bbox 2063 637 2297 690; x_wconf 89' lang='lat' dir='ltr'><strong>occupa-</strong></span> 
     </span>
    </p>
   </div>
   <div class='ocr_carea' id='block_1_6' title="bbox 727 714 2299 784">
    <p class='ocr_par' dir='ltr' id='par_1_6' title="bbox 727 714 2299 784">
     <span class='ocr_line' id='line_1_6' title="bbox 727 714 2299 784; baseline -0.01 -3"><span class='ocrx_word' id='word_1_30' title='bbox 727 729 877 781; x_wconf 88' lang='lat' dir='ltr'><strong>tione</strong></span> <span class='ocrx_word' id='word_1_31' title='bbox 923 722 1167 777; x_wconf 72' lang='lat' dir='ltr'><strong>animiin)</strong></span> <span class='ocrx_word' id='word_1_32' title='bbox 1214 717 1503 774; x_wconf 81' lang='lat' dir='ltr'><strong>scribentis</strong></span> <span class='ocrx_word' id='word_1_33' title='bbox 1547 733 1577 771; x_wconf 95' lang='lat' dir='ltr'><strong>a</strong></span> <span class='ocrx_word' id='word_1_34' title='bbox 1610 715 1937 770; x_wconf 75' lang='lat' dir='ltr'><strong>calamitatis</strong></span> <span class='ocrx_word' id='word_1_35' title='bbox 1972 714 2299 784; x_wconf 81' lang='lat' dir='ltr'><strong>cogitatione</strong></span> 
     </span>
    </p>
   </div>
   <div class='ocr_carea' id='block_1_7' title="bbox 727 817 1085 871">
    <p class='ocr_par' dir='ltr' id='par_1_7' title="bbox 727 817 1085 871">
     <span class='ocr_line' id='line_1_7' title="bbox 727 817 1085 871; baseline -0.02 1"><span class='ocrx_word' id='word_1_36' title='bbox 727 817 1085 871; x_wconf 88' lang='lat' dir='ltr'><strong>abducerent.</strong></span> 
     </span>
    </p>
   </div>
   <div class='ocr_carea' id='block_1_8' title="bbox 796 890 2303 970">
    <p class='ocr_par' dir='ltr' id='par_1_8' title="bbox 796 890 2303 970">
     <span class='ocr_line' id='line_1_8' title="bbox 796 890 2303 970; baseline -0.009 -12"><span class='ocrx_word' id='word_1_37' title='bbox 796 903 936 958; x_wconf 92' lang='lat' dir='ltr'><strong>XVI.</strong></span> <span class='ocrx_word' id='word_1_38' title='bbox 965 900 1222 970; x_wconf 89' lang='lat' dir='ltr'><strong>Oportuit</strong></span> <span class='ocrx_word' id='word_1_39' title='bbox 1242 912 1374 951; x_wconf 86' lang='lat' dir='ltr'><strong>vero</strong></span> <span class='ocrx_word' id='word_1_40' title='bbox 1405 898 1547 950; x_wconf 92' lang='lat' dir='ltr'><strong>miro</strong></span> <span class='ocrx_word' id='word_1_41' title='bbox 1588 897 1642 949; x_wconf 89' lang='lat' dir='ltr'><strong>in</strong></span> <span class='ocrx_word' id='word_1_42' title='bbox 1674 895 1727 949; x_wconf 91' lang='lat' dir='ltr'><strong>id</strong></span> <span class='ocrx_word' id='word_1_43' title='bbox 1754 893 1936 950; x_wconf 84' lang='lat' dir='ltr'><strong>studio</strong></span> <span class='ocrx_word' id='word_1_44' title='bbox 1967 891 2099 946; x_wconf 92' lang='lat' dir='ltr'><strong>ferri</strong></span> <span class='ocrx_word' id='word_1_45' title='bbox 2126 890 2303 945; x_wconf 85' lang='lat' dir='ltr'><strong>Theo—</strong></span> 
     </span>
    </p>
   </div>
   <div class='ocr_carea' id='block_1_9' title="bbox 728 982 2304 1060">
    <p class='ocr_par' dir='ltr' id='par_1_9' title="bbox 728 982 2304 1060">
     <span class='ocr_line' id='line_1_9' title="bbox 728 982 2304 1060; baseline -0.009 -11"><span class='ocrx_word' id='word_1_46' title='bbox 728 997 1004 1057; x_wconf 83' lang='lat' dir='ltr'><strong>doretnm,</strong></span> <span class='ocrx_word' id='word_1_47' title='bbox 1033 1003 1092 1046; x_wconf 92' lang='lat' dir='ltr'><strong>ut</strong></span> <span class='ocrx_word' id='word_1_48' title='bbox 1124 991 1217 1060; x_wconf 87' lang='lat' dir='ltr'><strong>qui</strong></span> <span class='ocrx_word' id='word_1_49' title='bbox 1263 1006 1357 1045; x_wconf 83' lang='lat' dir='ltr'><strong>sex</strong></span> <span class='ocrx_word' id='word_1_50' title='bbox 1400 989 1673 1044; x_wconf 88' lang='lat' dir='ltr'><strong>mensium</strong></span> <span class='ocrx_word' id='word_1_51' title='bbox 1710 986 1888 1056; x_wconf 81' lang='lat' dir='ltr'><strong>Spatio</strong></span> <span class='ocrx_word' id='word_1_52' title='bbox 1924 992 2032 1038; x_wconf 86' lang='lat' dir='ltr'><strong>tam</strong></span> <span class='ocrx_word' id='word_1_53' title='bbox 2064 982 2304 1037; x_wconf 90' lang='lat' dir='ltr'><strong>laborio-</strong></span> 
     </span>
    </p>
   </div>
   <div class='ocr_carea' id='block_1_10' title="bbox 725 1078 2308 1147">
    <p class='ocr_par' dir='ltr' id='par_1_10' title="bbox 725 1078 2308 1147">
     <span class='ocr_line' id='line_1_10' title="bbox 725 1078 2308 1147; baseline -0.011 -3"><span class='ocrx_word' id='word_1_54' title='bbox 725 1104 844 1144; x_wconf 96' lang='lat' dir='ltr'><strong>sam</strong></span> <span class='ocrx_word' id='word_1_55' title='bbox 874 1085 1156 1141; x_wconf 82' lang='lat' dir='ltr'><strong>historiam</strong></span> <span class='ocrx_word' id='word_1_56' title='bbox 1189 1083 1444 1137; x_wconf 86' lang='lat' dir='ltr'><strong>texuerit.</strong></span> <span class='ocrx_word' id='word_1_57' title='bbox 1471 1081 1649 1147; x_wconf 87' lang='lat' dir='ltr'><strong>Quare</strong></span> <span class='ocrx_word' id='word_1_58' title='bbox 1677 1078 1826 1132; x_wconf 90' lang='lat' dir='ltr'><strong>credi</strong></span> <span class='ocrx_word' id='word_1_59' title='bbox 1846 1084 2029 1146; x_wconf 86' lang='lat' dir='ltr'><strong>posset</strong></span> <span class='ocrx_word' id='word_1_60' title='bbox 2049 1090 2188 1143; x_wconf 90' lang='lat' dir='ltr'><strong>opus</strong></span> <span class='ocrx_word' id='word_1_61' title='bbox 2210 1088 2308 1143; x_wconf 90' lang='lat' dir='ltr'><strong>per</strong></span> 
     </span>
    </p>
   </div>
   <div class='ocr_carea' id='block_1_11' title="bbox 733 1166 2309 1235">
    <p class='ocr_par' dir='ltr' id='par_1_11' title="bbox 733 1166 2309 1235">
     <span class='ocr_line' id='line_1_11' title="bbox 733 1166 2309 1235; baseline -0.01 -3"><span class='ocrx_word' id='word_1_62' title='bbox 733 1181 913 1233; x_wconf 88' lang='lat' dir='ltr'><strong>otium</strong></span> <span class='ocrx_word' id='word_1_63' title='bbox 946 1186 1105 1231; x_wconf 89' lang='lat' dir='ltr'><strong>antea</strong></span> <span class='ocrx_word' id='word_1_64' title='bbox 1138 1174 1443 1235; x_wconf 88' lang='lat' dir='ltr'><strong>inchoasse,</strong></span> <span class='ocrx_word' id='word_1_65' title='bbox 1468 1186 1615 1226; x_wconf 91' lang='lat' dir='ltr'><strong>nunc</strong></span> <span class='ocrx_word' id='word_1_66' title='bbox 1644 1169 1960 1231; x_wconf 81' lang='lat' dir='ltr'><strong>absolvisse,</strong></span> <span class='ocrx_word' id='word_1_67' title='bbox 1988 1166 2094 1220; x_wconf 92' lang='lat' dir='ltr'><strong>nisi</strong></span> <span class='ocrx_word' id='word_1_68' title='bbox 2125 1174 2309 1219; x_wconf 82' lang='lat' dir='ltr'><strong>texen-</strong></span> 
     </span>
    </p>
   </div>
   <div class='ocr_carea' id='block_1_12' title="bbox 733 1258 2309 1330">
    <p class='ocr_par' dir='ltr' id='par_1_12' title="bbox 733 1258 2309 1330">
     <span class='ocr_line' id='line_1_12' title="bbox 733 1258 2309 1330; baseline -0.011 -6"><span class='ocrx_word' id='word_1_69' title='bbox 733 1270 816 1324; x_wconf 69' lang='lat' dir='ltr'><strong>dae</strong></span> <span class='ocrx_word' id='word_1_70' title='bbox 851 1270 1092 1322; x_wconf 80' lang='lat' dir='ltr'><strong>historiae</strong></span> <span class='ocrx_word' id='word_1_71' title='bbox 1122 1266 1343 1319; x_wconf 89' lang='lat' dir='ltr'><strong>modum</strong></span> <span class='ocrx_word' id='word_1_72' title='bbox 1388 1263 1671 1323; x_wconf 86' lang='lat' dir='ltr'><strong>tenuisset,</strong></span> <span class='ocrx_word' id='word_1_73' title='bbox 1708 1260 1802 1330; x_wconf 90' lang='lat' dir='ltr'><strong>qui</strong></span> <span class='ocrx_word' id='word_1_74' title='bbox 1842 1274 1952 1313; x_wconf 93' lang='lat' dir='ltr'><strong>non</strong></span> <span class='ocrx_word' id='word_1_75' title='bbox 1986 1258 2309 1311; x_wconf 88' lang='lat' dir='ltr'><strong>diuturnum</strong></span> 
     </span>
    </p>
   </div>
   <div class='ocr_carea' id='block_1_13' title="bbox 732 1351 2312 1430">
    <p class='ocr_par' dir='ltr' id='par_1_13' title="bbox 732 1351 2312 1430">
     <span class='ocr_line' id='line_1_13' title="bbox 732 1351 2312 1430; baseline -0.01 -15"><span class='ocrx_word' id='word_1_76' title='bbox 732 1361 976 1430; x_wconf 78' lang='lat' dir='ltr'><strong>exigeret</strong></span> <span class='ocrx_word' id='word_1_77' title='bbox 998 1368 1210 1427; x_wconf 89' lang='lat' dir='ltr'><strong>tempus</strong></span> <span class='ocrx_word' id='word_1_78' title='bbox 1236 1357 1305 1408; x_wconf 91' lang='lat' dir='ltr'><strong>ab</strong></span> <span class='ocrx_word' id='word_1_79' title='bbox 1336 1354 1557 1407; x_wconf 86' lang='lat' dir='ltr'><strong>homine</strong></span> <span class='ocrx_word' id='word_1_80' title='bbox 1592 1368 1775 1406; x_wconf 90' lang='lat' dir='ltr'><strong>rerum</strong></span> <span class='ocrx_word' id='word_1_81' title='bbox 1814 1351 2020 1405; x_wconf 84' lang='lat' dir='ltr'><strong>sciente</strong></span> <span class='ocrx_word' id='word_1_82' title='bbox 2050 1357 2106 1402; x_wconf 91' lang='lat' dir='ltr'><strong>et</strong></span> <span class='ocrx_word' id='word_1_83' title='bbox 2129 1362 2312 1417; x_wconf 89' lang='lat' dir='ltr'><strong>prom-</strong></span> 
     </span>
    </p>
   </div>
   <div class='ocr_carea' id='block_1_14' title="bbox 733 1438 2309 1520">
    <p class='ocr_par' dir='ltr' id='par_1_14' title="bbox 733 1438 2309 1520">
     <span class='ocr_line' id='line_1_14' title="bbox 733 1438 2309 1520; baseline -0.009 -16"><span class='ocrx_word' id='word_1_84' title='bbox 733 1458 829 1520; x_wconf 90' lang='lat' dir='ltr'><strong>pto</strong></span> <span class='ocrx_word' id='word_1_85' title='bbox 857 1450 1101 1503; x_wconf 87' lang='lat' dir='ltr'><strong>scribere</strong></span> <span class='ocrx_word' id='word_1_86' title='bbox 1138 1464 1150 1499; x_wconf 93' lang='lat'>:</span> <span class='ocrx_word' id='word_1_87' title='bbox 1191 1446 1359 1500; x_wconf 91' lang='lat' dir='ltr'><strong>totius</strong></span> <span class='ocrx_word' id='word_1_88' title='bbox 1386 1443 1533 1498; x_wconf 90' lang='lat' dir='ltr'><strong>enim</strong></span> <span class='ocrx_word' id='word_1_89' title='bbox 1572 1458 1697 1512; x_wconf 90' lang='lat' dir='ltr'><strong>pars</strong></span> <span class='ocrx_word' id='word_1_90' title='bbox 1722 1441 1921 1501; x_wconf 85' lang='lat' dir='ltr'><strong>media,</strong></span> <span class='ocrx_word' id='word_1_91' title='bbox 1945 1448 2106 1507; x_wconf 90' lang='lat' dir='ltr'><strong>atque</strong></span> <span class='ocrx_word' id='word_1_92' title='bbox 2144 1438 2309 1492; x_wconf 89' lang='lat' dir='ltr'><strong>etiam</strong></span> 
     </span>
    </p>
   </div>
   <div class='ocr_carea' id='block_1_15' title="bbox 736 1530 2312 1610">
    <p class='ocr_par' dir='ltr' id='par_1_15' title="bbox 736 1530 2312 1610">
     <span class='ocr_line' id='line_1_15' title="bbox 736 1530 2312 1610; baseline -0.008 -15"><span class='ocrx_word' id='word_1_93' title='bbox 736 1541 929 1610; x_wconf 89' lang='lat' dir='ltr'><strong>major,</strong></span> <span class='ocrx_word' id='word_1_94' title='bbox 957 1539 1117 1607; x_wconf 89' lang='lat' dir='ltr'><strong>plena</strong></span> <span class='ocrx_word' id='word_1_95' title='bbox 1144 1545 1230 1591; x_wconf 92' lang='lat' dir='ltr'><strong>est</strong></span> <span class='ocrx_word' id='word_1_96' title='bbox 1274 1535 1521 1605; x_wconf 85' lang='lat' dir='ltr'><strong>epistolis</strong></span> <span class='ocrx_word' id='word_1_97' title='bbox 1550 1533 1844 1605; x_wconf 85' lang='lat' dir='ltr'><strong>synodicis,</strong></span> <span class='ocrx_word' id='word_1_98' title='bbox 1876 1530 2312 1598; x_wconf 90' lang='lat' dir='ltr'><strong>testimoniisque</strong></span> 
     </span>
    </p>
   </div>
   <div class='ocr_carea' id='block_1_16' title="bbox 736 1622 2310 1696">
    <p class='ocr_par' dir='ltr' id='par_1_16' title="bbox 736 1622 2310 1696">
     <span class='ocr_line' id='line_1_16' title="bbox 736 1622 2310 1696; baseline -0.008 -13"><span class='ocrx_word' id='word_1_99' title='bbox 736 1628 981 1690; x_wconf 88' lang='lat' dir='ltr'><strong>insertis,</strong></span> <span class='ocrx_word' id='word_1_100' title='bbox 1016 1642 1137 1696; x_wconf 68' lang='lat' dir='ltr'><strong>qua:</strong></span> <span class='ocrx_word' id='word_1_101' title='bbox 1170 1625 1434 1679; x_wconf 86' lang='lat' dir='ltr'><strong>brevibus</strong></span> <span class='ocrx_word' id='word_1_102' title='bbox 1464 1622 1873 1677; x_wconf 85' lang='lat' dir='ltr'><strong>narrationibus</strong></span> <span class='ocrx_word' id='word_1_103' title='bbox 1889 1627 2310 1675; x_wconf 87' lang='lat' dir='ltr'><strong>connectuntur.</strong></span> 
     </span>
    </p>
   </div>
   <div class='ocr_carea' id='block_1_17' title="bbox 810 1708 2316 1783">
    <p class='ocr_par' dir='ltr' id='par_1_17' title="bbox 810 1708 2316 1783">
     <span class='ocr_line' id='line_1_17' title="bbox 810 1708 2316 1783; baseline -0.009 -8"><span class='ocrx_word' id='word_1_104' title='bbox 810 1720 971 1775; x_wconf 80' lang='lat' dir='ltr'><strong>XVII.</strong></span> <span class='ocrx_word' id='word_1_105' title='bbox 1005 1718 1159 1783; x_wconf 85' lang='lat' dir='ltr'><strong>Quod</strong></span> <span class='ocrx_word' id='word_1_106' title='bbox 1188 1717 1232 1770; x_wconf 89' lang='lat' dir='ltr'><strong>si</strong></span> <span class='ocrx_word' id='word_1_107' title='bbox 1266 1713 1650 1768; x_wconf 75' lang='lat' dir='ltr'><strong>Tbeodoretus</strong></span> <span class='ocrx_word' id='word_1_108' title='bbox 1678 1713 1744 1765; x_wconf 90' lang='lat' dir='ltr'><strong>ad</strong></span> <span class='ocrx_word' id='word_1_109' title='bbox 1786 1709 2140 1765; x_wconf 90' lang='lat' dir='ltr'><strong>scribendum</strong></span> <span class='ocrx_word' id='word_1_110' title='bbox 2158 1708 2316 1761; x_wconf 89' lang='lat' dir='ltr'><strong>abre-</strong></span> 
     </span>
    </p>
   </div>
   <div class='ocr_carea' id='block_1_18' title="bbox 736 1796 2312 1883">
    <p class='ocr_par' dir='ltr' id='par_1_18' title="bbox 736 1796 2312 1883">
     <span class='ocr_line' id='line_1_18' title="bbox 736 1796 2312 1883; baseline -0.011 -17"><span class='ocrx_word' id='word_1_111' title='bbox 736 1823 864 1883; x_wconf 91' lang='lat' dir='ltr'><strong>ptus</strong></span> <span class='ocrx_word' id='word_1_112' title='bbox 882 1817 1114 1865; x_wconf 61' lang='lat' dir='ltr'><strong>estaestu</strong></span> <span class='ocrx_word' id='word_1_113' title='bbox 1139 1805 1445 1877; x_wconf 62' lang='lat' dir='ltr'><strong>praefervidi</strong></span> <span class='ocrx_word' id='word_1_114' title='bbox 1473 1803 1697 1859; x_wconf 83' lang='lat' dir='ltr'><strong>doloris.</strong></span> <span class='ocrx_word' id='word_1_115' title='bbox 1718 1801 1935 1871; x_wconf 86' lang='lat' dir='ltr'><strong>ingenio</strong></span> <span class='ocrx_word' id='word_1_116' title='bbox 1959 1798 2232 1853; x_wconf 90' lang='lat' dir='ltr'><strong>abutentis</strong></span> <span class='ocrx_word' id='word_1_117' title='bbox 2249 1796 2312 1851; x_wconf 92' lang='lat' dir='ltr'><strong>ad</strong></span> 
     </span>
    </p>
   </div>
   <div class='ocr_carea' id='block_1_19' title="bbox 2404 614 3978 689">
    <p class='ocr_par' dir='ltr' id='par_1_19' title="bbox 2404 614 3978 689">
     <span class='ocr_line' id='line_1_19' title="bbox 2404 614 3978 689; baseline -0.004 -14"><span class='ocrx_word' id='word_1_118' title='bbox 2404 622 2473 676; x_wconf 91' lang='lat' dir='ltr'><strong>tis</strong></span> <span class='ocrx_word' id='word_1_119' title='bbox 2499 636 2750 674; x_wconf 90' lang='lat' dir='ltr'><strong>errorum</strong></span> <span class='ocrx_word' id='word_1_120' title='bbox 2782 618 3056 689; x_wconf 80' lang='lat' dir='ltr'><strong>magistris</strong></span> <span class='ocrx_word' id='word_1_121' title='bbox 3090 632 3268 679; x_wconf 91' lang='lat' dir='ltr'><strong>suam,</strong></span> <span class='ocrx_word' id='word_1_122' title='bbox 3295 617 3409 669; x_wconf 90' lang='lat' dir='ltr'><strong>sive</strong></span> <span class='ocrx_word' id='word_1_123' title='bbox 3428 614 3497 668; x_wconf 88' lang='lat' dir='ltr'><strong>de</strong></span> <span class='ocrx_word' id='word_1_124' title='bbox 3523 615 3728 668; x_wconf 88' lang='lat' dir='ltr'><strong>unione</strong></span> <span class='ocrx_word' id='word_1_125' title='bbox 3754 623 3978 669; x_wconf 81' lang='lat' dir='ltr'><strong>natura-</strong></span> 
     </span>
    </p>
   </div>
   <div class='ocr_carea' id='block_1_20' title="bbox 2402 704 3978 781">
    <p class='ocr_par' dir='ltr' id='par_1_20' title="bbox 2402 704 3978 781">
     <span class='ocr_line' id='line_1_20' title="bbox 2402 704 3978 781; baseline -0.003 -17"><span class='ocrx_word' id='word_1_126' title='bbox 2402 728 2545 775; x_wconf 89' lang='lat' dir='ltr'><strong>rum,</strong></span> <span class='ocrx_word' id='word_1_127' title='bbox 2581 711 2694 765; x_wconf 87' lang='lat' dir='ltr'><strong>sive</strong></span> <span class='ocrx_word' id='word_1_128' title='bbox 2720 710 2786 765; x_wconf 91' lang='lat' dir='ltr'><strong>de</strong></span> <span class='ocrx_word' id='word_1_129' title='bbox 2811 710 3161 781; x_wconf 87' lang='lat' dir='ltr'><strong>processione</strong></span> <span class='ocrx_word' id='word_1_130' title='bbox 3197 705 3436 777; x_wconf 89' lang='lat' dir='ltr'><strong>Spiritus</strong></span> <span class='ocrx_word' id='word_1_131' title='bbox 3459 704 3652 763; x_wconf 88' lang='lat' dir='ltr'><strong>sancti,</strong></span> <span class='ocrx_word' id='word_1_132' title='bbox 3670 704 3978 760; x_wconf 88' lang='lat' dir='ltr'><strong>doctrinam</strong></span> 
     </span>
    </p>
   </div>
   <div class='ocr_carea' id='block_1_21' title="bbox 2404 804 2728 872">
    <p class='ocr_par' dir='ltr' id='par_1_21' title="bbox 2404 804 2728 872">
     <span class='ocr_line' id='line_1_21' title="bbox 2404 804 2728 872; baseline -0.006 -15"><span class='ocrx_word' id='word_1_133' title='bbox 2404 804 2679 872; x_wconf 91' lang='lat' dir='ltr'><strong>acceperit</strong></span> <span class='ocrx_word' id='word_1_134' title='bbox 2705 804 2728 856; x_wconf 82' lang='lat'><strong>?</strong></span> 
     </span>
    </p>
   </div>
   <div class='ocr_carea' id='block_1_22' title="bbox 2474 886 3981 965">
    <p class='ocr_par' dir='ltr' id='par_1_22' title="bbox 2474 886 3981 965">
     <span class='ocr_line' id='line_1_22' title="bbox 2474 886 3981 965; baseline -0.007 -14"><span class='ocrx_word' id='word_1_135' title='bbox 2474 897 2593 951; x_wconf 87' lang='lat' dir='ltr'><strong>XX.</strong></span> <span class='ocrx_word' id='word_1_136' title='bbox 2618 895 2824 965; x_wconf 90' lang='lat' dir='ltr'><strong>Opinor</strong></span> <span class='ocrx_word' id='word_1_137' title='bbox 2850 894 3017 965; x_wconf 90' lang='lat' dir='ltr'><strong>igitur</strong></span> <span class='ocrx_word' id='word_1_138' title='bbox 3056 892 3318 963; x_wconf 81' lang='lat' dir='ltr'><strong>primum.</strong></span> <span class='ocrx_word' id='word_1_139' title='bbox 3337 889 3444 943; x_wconf 92' lang='lat' dir='ltr'><strong>hoc</strong></span> <span class='ocrx_word' id='word_1_140' title='bbox 3469 903 3609 959; x_wconf 91' lang='lat' dir='ltr'><strong>opus</strong></span> <span class='ocrx_word' id='word_1_141' title='bbox 3646 886 3981 941; x_wconf 82' lang='lat' dir='ltr'><strong>Theodoreti</strong></span> 
     </span>
    </p>
   </div>
   <div class='ocr_carea' id='block_1_23' title="bbox 2405 977 3980 1053">
    <p class='ocr_par' dir='ltr' id='par_1_23' title="bbox 2405 977 3980 1053">
     <span class='ocr_line' id='line_1_23' title="bbox 2405 977 3980 1053; baseline -0.008 -11"><span class='ocrx_word' id='word_1_142' title='bbox 2405 987 2552 1042; x_wconf 90' lang='lat' dir='ltr'><strong>aliud</strong></span> <span class='ocrx_word' id='word_1_143' title='bbox 2582 987 2721 1040; x_wconf 88' lang='lat' dir='ltr'><strong>nihil</strong></span> <span class='ocrx_word' id='word_1_144' title='bbox 2747 1000 2868 1039; x_wconf 90' lang='lat' dir='ltr'><strong>esse</strong></span> <span class='ocrx_word' id='word_1_145' title='bbox 2890 992 3088 1053; x_wconf 58' lang='lat' dir='ltr'><strong>printer</strong></span> <span class='ocrx_word' id='word_1_146' title='bbox 3109 987 3124 1004; x_wconf 84' lang='lat'><strong><em>‘</em></strong></span> <span class='ocrx_word' id='word_1_147' title='bbox 3142 981 3429 1035; x_wconf 85' lang='lat' dir='ltr'><strong>historiam</strong></span> <span class='ocrx_word' id='word_1_148' title='bbox 3452 979 3664 1033; x_wconf 70' lang='lat' dir='ltr'><strong>Arianae.</strong></span> <span class='ocrx_word' id='word_1_149' title='bbox 3685 977 3980 1038; x_wconf 63' lang='lat' dir='ltr'><strong>haereseos,</strong></span> 
     </span>
    </p>
   </div>
   <div class='ocr_carea' id='block_1_24' title="bbox 2408 1066 3984 1147">
    <p class='ocr_par' dir='ltr' id='par_1_24' title="bbox 2408 1066 3984 1147">
     <span class='ocr_line' id='line_1_24' title="bbox 2408 1066 3984 1147; baseline -0.009 -15"><span class='ocrx_word' id='word_1_150' title='bbox 2408 1078 2521 1133; x_wconf 90' lang='lat' dir='ltr'><strong>sive</strong></span> <span class='ocrx_word' id='word_1_151' title='bbox 2550 1078 2606 1131; x_wconf 91' lang='lat' dir='ltr'><strong>in</strong></span> <span class='ocrx_word' id='word_1_152' title='bbox 2632 1077 2831 1147; x_wconf 87' lang='lat' dir='ltr'><strong>seipsa,</strong></span> <span class='ocrx_word' id='word_1_153' title='bbox 2865 1076 2977 1129; x_wconf 88' lang='lat' dir='ltr'><strong>sive</strong></span> <span class='ocrx_word' id='word_1_154' title='bbox 3006 1074 3060 1128; x_wconf 88' lang='lat' dir='ltr'><strong>in</strong></span> <span class='ocrx_word' id='word_1_155' title='bbox 3097 1072 3411 1143; x_wconf 85' lang='lat' dir='ltr'><strong>propagine.</strong></span> <span class='ocrx_word' id='word_1_156' title='bbox 3454 1068 3683 1133; x_wconf 88' lang='lat' dir='ltr'><strong>Deinde,</strong></span> <span class='ocrx_word' id='word_1_157' title='bbox 3716 1066 3890 1136; x_wconf 89' lang='lat' dir='ltr'><strong>ipsam</strong></span> <span class='ocrx_word' id='word_1_158' title='bbox 3914 1081 3984 1119; x_wconf 88' lang='lat' dir='ltr'><strong>eo</strong></span> 
     </span>
    </p>
   </div>
   <div class='ocr_carea' id='block_1_25' title="bbox 2408 1158 3983 1237">
    <p class='ocr_par' dir='ltr' id='par_1_25' title="bbox 2408 1158 3983 1237">
     <span class='ocr_line' id='line_1_25' title="bbox 2408 1158 3983 1237; baseline -0.009 -14"><span class='ocrx_word' id='word_1_159' title='bbox 2408 1169 2639 1223; x_wconf 89' lang='lat' dir='ltr'><strong>consilio</strong></span> <span class='ocrx_word' id='word_1_160' title='bbox 2679 1168 2937 1237; x_wconf 89' lang='lat' dir='ltr'><strong>scriptam</strong></span> <span class='ocrx_word' id='word_1_161' title='bbox 2980 1165 3173 1229; x_wconf 87' lang='lat' dir='ltr'><strong>fuisse,</strong></span> <span class='ocrx_word' id='word_1_162' title='bbox 3210 1173 3272 1217; x_wconf 93' lang='lat' dir='ltr'><strong>ut</strong></span> <span class='ocrx_word' id='word_1_163' title='bbox 3304 1160 3728 1217; x_wconf 88' lang='lat' dir='ltr'><strong>ostenderentur</strong></span> <span class='ocrx_word' id='word_1_164' title='bbox 3779 1158 3983 1217; x_wconf 87' lang='lat' dir='ltr'><strong>fontes.</strong></span> 
     </span>
    </p>
   </div>
   <div class='ocr_carea' id='block_1_26' title="bbox 2409 1252 3983 1329">
    <p class='ocr_par' dir='ltr' id='par_1_26' title="bbox 2409 1252 3983 1329">
     <span class='ocr_line' id='line_1_26' title="bbox 2409 1252 3983 1329; baseline -0.008 -14"><span class='ocrx_word' id='word_1_165' title='bbox 2409 1276 2477 1315; x_wconf 80' lang='lat' dir='ltr'><strong>ex</strong></span> <span class='ocrx_word' id='word_1_166' title='bbox 2538 1261 2741 1329; x_wconf 88' lang='lat' dir='ltr'><strong>quibus</strong></span> <span class='ocrx_word' id='word_1_167' title='bbox 2795 1258 3145 1313; x_wconf 87' lang='lat' dir='ltr'><strong>Theodoreto</strong></span> <span class='ocrx_word' id='word_1_168' title='bbox 3192 1256 3517 1309; x_wconf 79' lang='lat' dir='ltr'><strong>viderentur</strong></span> <span class='ocrx_word' id='word_1_169' title='bbox 3575 1252 3681 1305; x_wconf 90' lang='lat' dir='ltr'><strong>orti</strong></span> <span class='ocrx_word' id='word_1_170' title='bbox 3736 1263 3983 1313; x_wconf 88' lang='lat' dir='ltr'><strong>errores,</strong></span> 
     </span>
    </p>
   </div>
   <div class='ocr_carea' id='block_1_27' title="bbox 2409 1339 3988 1419">
    <p class='ocr_par' dir='ltr' id='par_1_27' title="bbox 2409 1339 3988 1419">
     <span class='ocr_line' id='line_1_27' title="bbox 2409 1339 3988 1419; baseline -0.009 -14"><span class='ocrx_word' id='word_1_171' title='bbox 2409 1365 2547 1419; x_wconf 91' lang='lat' dir='ltr'><strong>quos</strong></span> <span class='ocrx_word' id='word_1_172' title='bbox 2568 1350 2856 1419; x_wconf 82' lang='lat' dir='ltr'><strong>aﬁingebat</strong></span> <span class='ocrx_word' id='word_1_173' title='bbox 2880 1347 3200 1403; x_wconf 88' lang='lat' dir='ltr'><strong>Catholicis.</strong></span> <span class='ocrx_word' id='word_1_174' title='bbox 3233 1344 3443 1407; x_wconf 89' lang='lat' dir='ltr'><strong>Tertio,</strong></span> <span class='ocrx_word' id='word_1_175' title='bbox 3468 1344 3524 1397; x_wconf 90' lang='lat' dir='ltr'><strong>in</strong></span> <span class='ocrx_word' id='word_1_176' title='bbox 3558 1340 3798 1403; x_wconf 81' lang='lat' dir='ltr'><strong>Arianis,</strong></span> <span class='ocrx_word' id='word_1_177' title='bbox 3826 1339 3988 1392; x_wconf 92' lang='lat' dir='ltr'><strong>unio-</strong></span> 
     </span>
    </p>
   </div>
   <div class='ocr_carea' id='block_1_28' title="bbox 2411 1431 3990 1512">
    <p class='ocr_par' dir='ltr' id='par_1_28' title="bbox 2411 1431 3990 1512">
     <span class='ocr_line' id='line_1_28' title="bbox 2411 1431 3990 1512; baseline -0.008 -15"><span class='ocrx_word' id='word_1_178' title='bbox 2411 1442 2497 1498; x_wconf 88' lang='lat' dir='ltr'><strong>nis</strong></span> <span class='ocrx_word' id='word_1_179' title='bbox 2552 1441 2905 1512; x_wconf 65' lang='lat' dir='ltr'><strong>hypostaticze</strong></span> <span class='ocrx_word' id='word_1_180' title='bbox 2955 1439 3306 1502; x_wconf 76' lang='lat' dir='ltr'><strong>defensores;</strong></span> <span class='ocrx_word' id='word_1_181' title='bbox 3350 1436 3404 1489; x_wconf 89' lang='lat' dir='ltr'><strong>in</strong></span> <span class='ocrx_word' id='word_1_182' title='bbox 3451 1432 3690 1488; x_wconf 85' lang='lat' dir='ltr'><strong>Eusebio</strong></span> <span class='ocrx_word' id='word_1_183' title='bbox 3734 1431 3990 1485; x_wconf 81' lang='lat' dir='ltr'><strong>Nicome-</strong></span> 
     </span>
    </p>
   </div>
   <div class='ocr_carea' id='block_1_29' title="bbox 2412 1519 3991 1601">
    <p class='ocr_par' dir='ltr' id='par_1_29' title="bbox 2412 1519 3991 1601">
     <span class='ocr_line' id='line_1_29' title="bbox 2412 1519 3991 1601; baseline -0.008 -15"><span class='ocrx_word' id='word_1_184' title='bbox 2412 1532 2612 1597; x_wconf 89' lang='lat' dir='ltr'><strong>diensi,</strong></span> <span class='ocrx_word' id='word_1_185' title='bbox 2632 1530 2920 1601; x_wconf 83' lang='lat' dir='ltr'><strong>Cyrillum;</strong></span> <span class='ocrx_word' id='word_1_186' title='bbox 2954 1529 3011 1583; x_wconf 91' lang='lat' dir='ltr'><strong>in</strong></span> <span class='ocrx_word' id='word_1_187' title='bbox 3045 1528 3343 1583; x_wconf 78' lang='lat' dir='ltr'><strong>Athanasio</strong></span> <span class='ocrx_word' id='word_1_188' title='bbox 3367 1534 3529 1594; x_wconf 89' lang='lat' dir='ltr'><strong>atque</strong></span> <span class='ocrx_word' id='word_1_189' title='bbox 3544 1523 3707 1577; x_wconf 90' lang='lat' dir='ltr'><strong>etiam</strong></span> <span class='ocrx_word' id='word_1_190' title='bbox 3732 1522 3787 1576; x_wconf 91' lang='lat' dir='ltr'><strong>in</strong></span> <span class='ocrx_word' id='word_1_191' title='bbox 3818 1519 3991 1589; x_wconf 83' lang='lat' dir='ltr'><strong>Chry-</strong></span> 
     </span>
    </p>
   </div>
   <div class='ocr_carea' id='block_1_30' title="bbox 2414 1608 3991 1683">
    <p class='ocr_par' dir='ltr' id='par_1_30' title="bbox 2414 1608 3991 1683">
     <span class='ocr_line' id='line_1_30' title="bbox 2414 1608 3991 1683; baseline -0.009 -8"><span class='ocrx_word' id='word_1_192' title='bbox 2414 1629 2655 1675; x_wconf 88' lang='lat' dir='ltr'><strong>sostomo</strong></span> <span class='ocrx_word' id='word_1_193' title='bbox 2674 1659 2688 1683; x_wconf 92' lang='lat'><strong>,</strong></span> <span class='ocrx_word' id='word_1_194' title='bbox 2727 1620 3038 1673; x_wconf 86' lang='lat' dir='ltr'><strong>Nestorium</strong></span> <span class='ocrx_word' id='word_1_195' title='bbox 3064 1636 3078 1683; x_wconf 93' lang='lat'><strong>;</strong></span> <span class='ocrx_word' id='word_1_196' title='bbox 3125 1618 3260 1672; x_wconf 87' lang='lat' dir='ltr'><strong>alios</strong></span> <span class='ocrx_word' id='word_1_197' title='bbox 3287 1613 3519 1670; x_wconf 86' lang='lat' dir='ltr'><strong>Nestorii</strong></span> <span class='ocrx_word' id='word_1_198' title='bbox 3544 1613 3750 1666; x_wconf 84' lang='lat' dir='ltr'><strong>amicos</strong></span> <span class='ocrx_word' id='word_1_199' title='bbox 3778 1610 3835 1663; x_wconf 92' lang='lat' dir='ltr'><strong>in</strong></span> <span class='ocrx_word' id='word_1_200' title='bbox 3866 1608 3991 1662; x_wconf 85' lang='lat' dir='ltr'><strong>aliis</strong></span> 
     </span>
    </p>
   </div>
   <div class='ocr_carea' id='block_1_31' title="bbox 2414 1702 3989 1777">
    <p class='ocr_par' dir='ltr' id='par_1_31' title="bbox 2414 1702 3989 1777">
     <span class='ocr_line' id='line_1_31' title="bbox 2414 1702 3989 1777; baseline -0.007 -13"><span class='ocrx_word' id='word_1_201' title='bbox 2414 1711 2765 1764; x_wconf 91' lang='lat' dir='ltr'><strong>adumbratos</strong></span> <span class='ocrx_word' id='word_1_202' title='bbox 2787 1726 2925 1764; x_wconf 84' lang='lat' dir='ltr'><strong>esse.</strong></span> <span class='ocrx_word' id='word_1_203' title='bbox 2970 1709 3176 1775; x_wconf 93' lang='lat' dir='ltr'><strong>Quarto</strong></span> <span class='ocrx_word' id='word_1_204' title='bbox 3202 1708 3439 1777; x_wconf 85' lang='lat' dir='ltr'><strong>denique</strong></span> <span class='ocrx_word' id='word_1_205' title='bbox 3462 1704 3724 1776; x_wconf 86' lang='lat' dir='ltr'><strong>Cyrillum</strong></span> <span class='ocrx_word' id='word_1_206' title='bbox 3763 1711 3820 1755; x_wconf 91' lang='lat' dir='ltr'><strong>et</strong></span> <span class='ocrx_word' id='word_1_207' title='bbox 3852 1702 3989 1755; x_wconf 89' lang='lat' dir='ltr'><strong>Pro—</strong></span> 
     </span>
    </p>
   </div>
   <div class='ocr_carea' id='block_1_32' title="bbox 2416 1792 3992 1870">
    <p class='ocr_par' dir='ltr' id='par_1_32' title="bbox 2416 1792 3992 1870">
     <span class='ocr_line' id='line_1_32' title="bbox 2416 1792 3992 1870; baseline -0.008 -15"><span class='ocrx_word' id='word_1_208' title='bbox 2416 1802 2561 1855; x_wconf 91' lang='lat' dir='ltr'><strong>clum</strong></span> <span class='ocrx_word' id='word_1_209' title='bbox 2593 1801 2647 1854; x_wconf 91' lang='lat' dir='ltr'><strong>in</strong></span> <span class='ocrx_word' id='word_1_210' title='bbox 2677 1801 2762 1864; x_wconf 89' lang='lat' dir='ltr'><strong>iis,</strong></span> <span class='ocrx_word' id='word_1_211' title='bbox 2781 1800 2873 1870; x_wconf 92' lang='lat' dir='ltr'><strong>qui</strong></span> <span class='ocrx_word' id='word_1_212' title='bbox 2892 1800 3186 1854; x_wconf 91' lang='lat' dir='ltr'><strong>Diodorum</strong></span> <span class='ocrx_word' id='word_1_213' title='bbox 3205 1798 3527 1852; x_wconf 86' lang='lat' dir='ltr'><strong>Tarsensem</strong></span> <span class='ocrx_word' id='word_1_214' title='bbox 3554 1804 3611 1849; x_wconf 92' lang='lat' dir='ltr'><strong>et</strong></span> <span class='ocrx_word' id='word_1_215' title='bbox 3637 1792 3992 1847; x_wconf 88' lang='lat' dir='ltr'><strong>Theodorum</strong></span> 
     </span>
    </p>
   </div>
   <div class='ocr_carea' id='block_1_33' title="bbox 737 1885 3991 1960">
    <p class='ocr_par' dir='ltr' id='par_1_33' title="bbox 737 1885 3991 1960">
     <span class='ocr_line' id='line_1_33' title="bbox 737 1885 3991 1960; baseline -0.006 -6"><span class='ocrx_word' id='word_1_216' title='bbox 737 1900 1033 1954; x_wconf 88' lang='lat' dir='ltr'><strong>vindictam</strong></span> <span class='ocrx_word' id='word_1_217' title='bbox 1073 1897 1140 1950; x_wconf 93' lang='lat' dir='ltr'><strong>de</strong></span> <span class='ocrx_word' id='word_1_218' title='bbox 1172 1894 1499 1949; x_wconf 89' lang='lat' dir='ltr'><strong>adversariis</strong></span> <span class='ocrx_word' id='word_1_219' title='bbox 1527 1891 1847 1947; x_wconf 82' lang='lat' dir='ltr'><strong>sumendam</strong></span> <span class='ocrx_word' id='word_1_220' title='bbox 1868 1890 1934 1951; x_wconf 64' lang='lat'><strong>8&quot;,</strong></span> <span class='ocrx_word' id='word_1_221' title='bbox 1973 1887 2313 1942; x_wconf 88' lang='lat' dir='ltr'><strong>admirabili-</strong></span> <span class='ocrx_word' id='word_1_222' title='bbox 2346 1889 2386 1942; x_wconf 83' lang='grc' dir='ltr'><strong>Β</strong></span> <span class='ocrx_word' id='word_1_223' title='bbox 2415 1892 2887 1960; x_wconf 82' lang='lat' dir='ltr'><strong>Mopsuestenum,</strong></span> <span class='ocrx_word' id='word_1_224' title='bbox 2925 1891 3077 1945; x_wconf 89' lang='lat' dir='ltr'><strong>velut</strong></span> <span class='ocrx_word' id='word_1_225' title='bbox 3119 1890 3439 1951; x_wconf 65' lang='lat' dir='ltr'><strong>haereticos,</strong></span> <span class='ocrx_word' id='word_1_226' title='bbox 3469 1887 3690 1956; x_wconf 89' lang='lat' dir='ltr'><strong>scriptis</strong></span> <span class='ocrx_word' id='word_1_227' title='bbox 3721 1885 3991 1953; x_wconf 83' lang='lat' dir='ltr'><strong>factisque</strong></span> 
     </span>
    </p>
   </div>
   <div class='ocr_carea' id='block_1_34' title="bbox 740 1980 2314 2053">
    <p class='ocr_par' dir='ltr' id='par_1_34' title="bbox 740 1980 2314 2053">
     <span class='ocr_line' id='line_1_34' title="bbox 740 1980 2314 2053; baseline -0.011 -7"><span class='ocrx_word' id='word_1_228' title='bbox 740 1992 867 2046; x_wconf 87' lang='lat' dir='ltr'><strong>tatis</strong></span> <span class='ocrx_word' id='word_1_229' title='bbox 916 1989 1149 2043; x_wconf 92' lang='lat' dir='ltr'><strong>multum</strong></span> <span class='ocrx_word' id='word_1_230' title='bbox 1202 1986 1443 2041; x_wconf 89' lang='lat' dir='ltr'><strong>brevitas</strong></span> <span class='ocrx_word' id='word_1_231' title='bbox 1497 1983 1760 2053; x_wconf 90' lang='lat' dir='ltr'><strong>temporis</strong></span> <span class='ocrx_word' id='word_1_232' title='bbox 1817 1980 2030 2032; x_wconf 87' lang='lat' dir='ltr'><strong>amittet</strong></span> <span class='ocrx_word' id='word_1_233' title='bbox 2070 1995 2083 2029; x_wconf 90' lang='lat'><strong>:</strong></span> <span class='ocrx_word' id='word_1_234' title='bbox 2124 1987 2314 2032; x_wconf 89' lang='lat' dir='ltr'><strong>notum</strong></span> 
     </span>
    </p>
   </div>
   <div class='ocr_carea' id='block_1_35' title="bbox 740 2067 2315 2150">
    <p class='ocr_par' dir='ltr' id='par_1_35' title="bbox 740 2067 2315 2150">
     <span class='ocr_line' id='line_1_35' title="bbox 740 2067 2315 2150; baseline -0.013 -11"><span class='ocrx_word' id='word_1_235' title='bbox 740 2084 888 2139; x_wconf 87' lang='lat' dir='ltr'><strong>enim</strong></span> <span class='ocrx_word' id='word_1_236' title='bbox 940 2082 1071 2150; x_wconf 89' lang='lat' dir='ltr'><strong>quid</strong></span> <span class='ocrx_word' id='word_1_237' title='bbox 1102 2078 1273 2149; x_wconf 86' lang='lat' dir='ltr'><strong>possit</strong></span> <span class='ocrx_word' id='word_1_238' title='bbox 1301 2076 1553 2131; x_wconf 87' lang='lat' dir='ltr'><strong>facundia</strong></span> <span class='ocrx_word' id='word_1_239' title='bbox 1579 2076 1839 2134; x_wconf 86' lang='lat' dir='ltr'><strong>irascens,</strong></span> <span class='ocrx_word' id='word_1_240' title='bbox 1866 2084 2136 2139; x_wconf 88' lang='lat' dir='ltr'><strong>quamque</strong></span> <span class='ocrx_word' id='word_1_241' title='bbox 2171 2067 2315 2121; x_wconf 89' lang='lat' dir='ltr'><strong>cele-</strong></span> 
     </span>
    </p>
   </div>
   <div class='ocr_carea' id='block_1_36' title="bbox 744 2157 2318 2226">
    <p class='ocr_par' dir='ltr' id='par_1_36' title="bbox 744 2157 2318 2226">
     <span class='ocr_line' id='line_1_36' title="bbox 744 2157 2318 2226; baseline -0.01 -1"><span class='ocrx_word' id='word_1_242' title='bbox 744 2188 831 2225; x_wconf 90' lang='lat' dir='ltr'><strong>res</strong></span> <span class='ocrx_word' id='word_1_243' title='bbox 872 2171 1071 2223; x_wconf 86' lang='lat' dir='ltr'><strong>habeat</strong></span> <span class='ocrx_word' id='word_1_244' title='bbox 1105 2177 1306 2226; x_wconf 91' lang='lat' dir='ltr'><strong>motus,</strong></span> <span class='ocrx_word' id='word_1_245' title='bbox 1354 2181 1478 2219; x_wconf 92' lang='lat' dir='ltr'><strong>cum</strong></span> <span class='ocrx_word' id='word_1_246' title='bbox 1525 2180 1582 2219; x_wconf 87' lang='lat' dir='ltr'><strong>se</strong></span> <span class='ocrx_word' id='word_1_247' title='bbox 1624 2171 1718 2216; x_wconf 84' lang='lat' dir='ltr'><strong>aut</strong></span> <span class='ocrx_word' id='word_1_248' title='bbox 1750 2160 2067 2215; x_wconf 78' lang='lat' dir='ltr'><strong>ulciscitur.</strong></span> <span class='ocrx_word' id='word_1_249' title='bbox 2100 2167 2195 2212; x_wconf 85' lang='lat' dir='ltr'><strong>aut</strong></span> <span class='ocrx_word' id='word_1_250' title='bbox 2224 2157 2318 2211; x_wconf 90' lang='lat' dir='ltr'><strong>de-</strong></span> 
     </span>
    </p>
   </div>
   <div class='ocr_carea' id='block_1_37' title="bbox 744 2249 2319 2331">
    <p class='ocr_par' dir='ltr' id='par_1_37' title="bbox 744 2249 2319 2331">
     <span class='ocr_line' id='line_1_37' title="bbox 744 2249 2319 2331; baseline -0.008 -15"><span class='ocrx_word' id='word_1_251' title='bbox 744 2263 937 2326; x_wconf 89' lang='lat' dir='ltr'><strong>fendit,</strong></span> <span class='ocrx_word' id='word_1_252' title='bbox 965 2258 1264 2331; x_wconf 76' lang='lat' dir='ltr'><strong>praesertim</strong></span> <span class='ocrx_word' id='word_1_253' title='bbox 1291 2258 1333 2311; x_wconf 89' lang='lat' dir='ltr'><strong>si</strong></span> <span class='ocrx_word' id='word_1_254' title='bbox 1361 2256 1638 2318; x_wconf 82' lang='lat' dir='ltr'><strong>defendit,</strong></span> <span class='ocrx_word' id='word_1_255' title='bbox 1679 2255 1752 2308; x_wconf 82' lang='lat' dir='ltr'><strong>ita</strong></span> <span class='ocrx_word' id='word_1_256' title='bbox 1784 2262 1843 2306; x_wconf 92' lang='lat' dir='ltr'><strong>ut</strong></span> <span class='ocrx_word' id='word_1_257' title='bbox 1870 2266 2119 2323; x_wconf 81' lang='lat' dir='ltr'><strong>regerere</strong></span> <span class='ocrx_word' id='word_1_258' title='bbox 2145 2249 2319 2320; x_wconf 83' lang='lat' dir='ltr'><strong>possit</strong></span> 
     </span>
    </p>
   </div>
   <div class='ocr_carea' id='block_1_38' title="bbox 744 2348 1735 2409">
    <p class='ocr_par' dir='ltr' id='par_1_38' title="bbox 744 2348 1735 2409">
     <span class='ocr_line' id='line_1_38' title="bbox 744 2348 1735 2409; baseline -0.011 0"><span class='ocrx_word' id='word_1_259' title='bbox 744 2355 1039 2409; x_wconf 83' lang='lat' dir='ltr'><strong>artificiose</strong></span> <span class='ocrx_word' id='word_1_260' title='bbox 1062 2353 1269 2407; x_wconf 88' lang='lat' dir='ltr'><strong>crimen</strong></span> <span class='ocrx_word' id='word_1_261' title='bbox 1298 2351 1350 2403; x_wconf 89' lang='lat' dir='ltr'><strong>in</strong></span> <span class='ocrx_word' id='word_1_262' title='bbox 1378 2348 1735 2403; x_wconf 86' lang='lat' dir='ltr'><strong>adversarios.</strong></span> 
     </span>
    </p>
   </div>
   <div class='ocr_carea' id='block_1_39' title="bbox 818 2454 2317 2535">
    <p class='ocr_par' dir='ltr' id='par_1_39' title="bbox 818 2454 2317 2535">
     <span class='ocr_line' id='line_1_39' title="bbox 818 2454 2317 2535; baseline -0.012 -11"><span class='ocrx_word' id='word_1_263' title='bbox 818 2468 1006 2523; x_wconf 89' lang='lat' dir='ltr'><strong>XVIII.</strong></span> <span class='ocrx_word' id='word_1_264' title='bbox 1046 2465 1226 2535; x_wconf 83' lang='lat' dir='ltr'><strong>Atque</strong></span> <span class='ocrx_word' id='word_1_265' title='bbox 1273 2465 1389 2518; x_wconf 81' lang='lat' dir='ltr'><strong>haec</strong></span> <span class='ocrx_word' id='word_1_266' title='bbox 1426 2476 1590 2516; x_wconf 90' lang='lat' dir='ltr'><strong>causa</strong></span> <span class='ocrx_word' id='word_1_267' title='bbox 1629 2466 1714 2515; x_wconf 91' lang='lat' dir='ltr'><strong>est</strong></span> <span class='ocrx_word' id='word_1_268' title='bbox 1763 2473 1873 2512; x_wconf 89' lang='lat' dir='ltr'><strong>non</strong></span> <span class='ocrx_word' id='word_1_269' title='bbox 1923 2454 2317 2525; x_wconf 87' lang='lat' dir='ltr'><strong>improbabilis,</strong></span> 
     </span>
    </p>
   </div>
   <div class='ocr_carea' id='block_1_40' title="bbox 747 2546 2320 2617">
    <p class='ocr_par' dir='ltr' id='par_1_40' title="bbox 747 2546 2320 2617">
     <span class='ocr_line' id='line_1_40' title="bbox 747 2546 2320 2617; baseline -0.012 -1"><span class='ocrx_word' id='word_1_270' title='bbox 747 2560 892 2617; x_wconf 86' lang='lat' dir='ltr'><strong>unde</strong></span> <span class='ocrx_word' id='word_1_271' title='bbox 929 2566 1009 2613; x_wconf 79' lang='lat' dir='ltr'><strong>tot</strong></span> <span class='ocrx_word' id='word_1_272' title='bbox 1055 2555 1512 2611; x_wconf 89' lang='lat' dir='ltr'><strong>hallucinationes</strong></span> <span class='ocrx_word' id='word_1_273' title='bbox 1540 2550 1816 2605; x_wconf 69' lang='lat' dir='ltr'><strong>historica:</strong></span> <span class='ocrx_word' id='word_1_274' title='bbox 1856 2547 2123 2617; x_wconf 78' lang='lat' dir='ltr'><strong>originem</strong></span> <span class='ocrx_word' id='word_1_275' title='bbox 2154 2546 2320 2599; x_wconf 82' lang='lat' dir='ltr'><strong>duxe-</strong></span> 
     </span>
    </p>
   </div>
   <div class='ocr_carea' id='block_1_41' title="bbox 748 2639 2320 2721">
    <p class='ocr_par' dir='ltr' id='par_1_41' title="bbox 748 2639 2320 2721">
     <span class='ocr_line' id='line_1_41' title="bbox 748 2639 2320 2721; baseline -0.013 -12"><span class='ocrx_word' id='word_1_276' title='bbox 748 2656 862 2709; x_wconf 86' lang='lat' dir='ltr'><strong>rint</strong></span> <span class='ocrx_word' id='word_1_277' title='bbox 894 2672 906 2707; x_wconf 88' lang='lat'><strong>:</strong></span> <span class='ocrx_word' id='word_1_278' title='bbox 936 2651 1209 2721; x_wconf 87' lang='lat' dir='ltr'><strong>siquidem</strong></span> <span class='ocrx_word' id='word_1_279' title='bbox 1241 2661 1483 2718; x_wconf 65' lang='lat' dir='ltr'><strong>praeceps</strong></span> <span class='ocrx_word' id='word_1_280' title='bbox 1514 2652 1569 2698; x_wconf 88' lang='lat' dir='ltr'><strong>et</strong></span> <span class='ocrx_word' id='word_1_281' title='bbox 1602 2642 1951 2697; x_wconf 91' lang='lat' dir='ltr'><strong>turbulentus</strong></span> <span class='ocrx_word' id='word_1_282' title='bbox 1982 2639 2198 2693; x_wconf 89' lang='lat' dir='ltr'><strong>animus</strong></span> <span class='ocrx_word' id='word_1_283' title='bbox 2230 2653 2320 2691; x_wconf 90' lang='lat' dir='ltr'><strong>so-</strong></span> 
     </span>
    </p>
   </div>
   <div class='ocr_carea' id='block_1_42' title="bbox 746 2732 2319 2812">
    <p class='ocr_par' dir='ltr' id='par_1_42' title="bbox 746 2732 2319 2812">
     <span class='ocr_line' id='line_1_42' title="bbox 746 2732 2319 2812; baseline -0.013 -11"><span class='ocrx_word' id='word_1_284' title='bbox 746 2746 825 2803; x_wconf 91' lang='lat' dir='ltr'><strong>let</strong></span> <span class='ocrx_word' id='word_1_285' title='bbox 849 2745 952 2800; x_wconf 90' lang='lat' dir='ltr'><strong>sibi</strong></span> <span class='ocrx_word' id='word_1_286' title='bbox 990 2743 1157 2812; x_wconf 77' lang='lat' dir='ltr'><strong>magis</strong></span> <span class='ocrx_word' id='word_1_287' title='bbox 1184 2754 1348 2810; x_wconf 87' lang='lat' dir='ltr'><strong>quam</strong></span> <span class='ocrx_word' id='word_1_288' title='bbox 1385 2737 1507 2792; x_wconf 90' lang='lat' dir='ltr'><strong>aliis</strong></span> <span class='ocrx_word' id='word_1_289' title='bbox 1540 2734 1859 2797; x_wconf 88' lang='lat' dir='ltr'><strong>attendere;</strong></span> <span class='ocrx_word' id='word_1_290' title='bbox 1885 2732 2128 2799; x_wconf 91' lang='lat' dir='ltr'><strong>dumque</strong></span> <span class='ocrx_word' id='word_1_291' title='bbox 2166 2740 2319 2782; x_wconf 87' lang='lat' dir='ltr'><strong>motu</strong></span> 
     </span>
    </p>
   </div>
   <div class='ocr_carea' id='block_1_43' title="bbox 750 2820 2324 2903">
    <p class='ocr_par' dir='ltr' id='par_1_43' title="bbox 750 2820 2324 2903">
     <span class='ocr_line' id='line_1_43' title="bbox 750 2820 2324 2903; baseline -0.011 -12"><span class='ocrx_word' id='word_1_292' title='bbox 750 2852 852 2891; x_wconf 90' lang='lat' dir='ltr'><strong>suo</strong></span> <span class='ocrx_word' id='word_1_293' title='bbox 901 2834 1195 2903; x_wconf 85' lang='lat' dir='ltr'><strong>abripitur,</strong></span> <span class='ocrx_word' id='word_1_294' title='bbox 1225 2831 1279 2884; x_wconf 92' lang='lat' dir='ltr'><strong>in</strong></span> <span class='ocrx_word' id='word_1_295' title='bbox 1309 2827 1582 2899; x_wconf 72' lang='lat' dir='ltr'><strong>adiunctis</strong></span> <span class='ocrx_word' id='word_1_296' title='bbox 1606 2840 1786 2881; x_wconf 91' lang='lat' dir='ltr'><strong>rerum</strong></span> <span class='ocrx_word' id='word_1_297' title='bbox 1821 2820 2324 2892; x_wconf 90' lang='lat' dir='ltr'><strong>circumspiciendis</strong></span> 
     </span>
    </p>
   </div>
   <div class='ocr_carea' id='block_1_44' title="bbox 754 2928 1318 2991">
    <p class='ocr_par' dir='ltr' id='par_1_44' title="bbox 754 2928 1318 2991">
     <span class='ocr_line' id='line_1_44' title="bbox 754 2928 1318 2991; baseline -0.012 -10"><span class='ocrx_word' id='word_1_298' title='bbox 754 2928 963 2981; x_wconf 69' lang='lat' dir='ltr'><strong>merere</strong></span> <span class='ocrx_word' id='word_1_299' title='bbox 979 2939 1087 2978; x_wconf 88' lang='lat' dir='ltr'><strong>non</strong></span> <span class='ocrx_word' id='word_1_300' title='bbox 1115 2930 1318 2991; x_wconf 87' lang='lat' dir='ltr'><strong>potest.</strong></span> 
     </span>
    </p>
   </div>
   <div class='ocr_carea' id='block_1_45' title="bbox 821 3021 2324 3099">
    <p class='ocr_par' dir='ltr' id='par_1_45' title="bbox 821 3021 2324 3099">
     <span class='ocr_line' id='line_1_45' title="bbox 821 3021 2324 3099; baseline -0.011 -9"><span class='ocrx_word' id='word_1_301' title='bbox 821 3035 963 3090; x_wconf 88' lang='lat' dir='ltr'><strong>XIX.</strong></span> <span class='ocrx_word' id='word_1_302' title='bbox 1020 3035 1136 3089; x_wconf 87' lang='lat' dir='ltr'><strong>Jam</strong></span> <span class='ocrx_word' id='word_1_303' title='bbox 1184 3045 1319 3085; x_wconf 92' lang='lat' dir='ltr'><strong>vero</strong></span> <span class='ocrx_word' id='word_1_304' title='bbox 1361 3027 1507 3099; x_wconf 92' lang='lat' dir='ltr'><strong>quod</strong></span> <span class='ocrx_word' id='word_1_305' title='bbox 1565 3035 1791 3096; x_wconf 89' lang='lat' dir='ltr'><strong>propter</strong></span> <span class='ocrx_word' id='word_1_306' title='bbox 1826 3022 2110 3077; x_wconf 79' lang='lat' dir='ltr'><strong>levandam</strong></span> <span class='ocrx_word' id='word_1_307' title='bbox 2158 3021 2324 3075; x_wconf 88' lang='lat' dir='ltr'><strong>animi</strong></span> 
     </span>
    </p>
   </div>
   <div class='ocr_carea' id='block_1_46' title="bbox 754 3115 2327 3198">
    <p class='ocr_par' dir='ltr' id='par_1_46' title="bbox 754 3115 2327 3198">
     <span class='ocr_line' id='line_1_46' title="bbox 754 3115 2327 3198; baseline -0.011 -15"><span class='ocrx_word' id='word_1_308' title='bbox 754 3126 1138 3198; x_wconf 76' lang='lat' dir='ltr'><strong>:cgritudinem</strong></span> <span class='ocrx_word' id='word_1_309' title='bbox 1180 3120 1559 3176; x_wconf 81' lang='lat' dir='ltr'><strong>Tbeodoretus</strong></span> <span class='ocrx_word' id='word_1_310' title='bbox 1588 3118 1655 3172; x_wconf 90' lang='lat' dir='ltr'><strong>ad</strong></span> <span class='ocrx_word' id='word_1_311' title='bbox 1700 3115 2047 3171; x_wconf 87' lang='lat' dir='ltr'><strong>scribendum</strong></span> <span class='ocrx_word' id='word_1_312' title='bbox 2083 3128 2327 3167; x_wconf 88' lang='lat' dir='ltr'><strong>accesse-</strong></span> 
     </span>
    </p>
   </div>
   <div class='ocr_carea' id='block_1_47' title="bbox 2418 1976 3993 2048">
    <p class='ocr_par' dir='ltr' id='par_1_47' title="bbox 2418 1976 3993 2048">
     <span class='ocr_line' id='line_1_47' title="bbox 2418 1976 3993 2048; baseline -0.006 -10"><span class='ocrx_word' id='word_1_313' title='bbox 2418 1985 2808 2048; x_wconf 82' lang='lat' dir='ltr'><strong>traduxissent,</strong></span> <span class='ocrx_word' id='word_1_314' title='bbox 2842 1983 3004 2037; x_wconf 88' lang='lat' dir='ltr'><strong>tacite</strong></span> <span class='ocrx_word' id='word_1_315' title='bbox 3042 1992 3173 2037; x_wconf 92' lang='lat' dir='ltr'><strong>tunc</strong></span> <span class='ocrx_word' id='word_1_316' title='bbox 3196 1981 3394 2046; x_wconf 87' lang='lat' dir='ltr'><strong>refelli,</strong></span> <span class='ocrx_word' id='word_1_317' title='bbox 3431 1994 3556 2034; x_wconf 89' lang='lat' dir='ltr'><strong>cum</strong></span> <span class='ocrx_word' id='word_1_318' title='bbox 3579 1987 3810 2045; x_wconf 89' lang='lat' dir='ltr'><strong>uterque</strong></span> <span class='ocrx_word' id='word_1_319' title='bbox 3838 1976 3993 2030; x_wconf 91' lang='lat' dir='ltr'><strong>velut</strong></span> 
     </span>
    </p>
   </div>
   <div class='ocr_carea' id='block_1_48' title="bbox 2420 2074 3222 2131">
    <p class='ocr_par' dir='ltr' id='par_1_48' title="bbox 2420 2074 3222 2131">
     <span class='ocr_line' id='line_1_48' title="bbox 2420 2074 3222 2131; baseline -0.004 0"><span class='ocrx_word' id='word_1_320' title='bbox 2420 2077 2544 2131; x_wconf 86' lang='lat' dir='ltr'><strong>fidei</strong></span> <span class='ocrx_word' id='word_1_321' title='bbox 2574 2076 2829 2131; x_wconf 87' lang='lat' dir='ltr'><strong>defensor</strong></span> <span class='ocrx_word' id='word_1_322' title='bbox 2863 2074 3142 2130; x_wconf 89' lang='lat' dir='ltr'><strong>inducitur</strong></span> <span class='ocrx_word' id='word_1_323' title='bbox 3157 2075 3222 2128; x_wconf 82' lang='grc'><strong>⁸⁸.</strong></span> 
     </span>
    </p>
   </div>
   <div class='ocr_carea' id='block_1_49' title="bbox 2488 2157 3997 2233">
    <p class='ocr_par' dir='ltr' id='par_1_49' title="bbox 2488 2157 3997 2233">
     <span class='ocr_line' id='line_1_49' title="bbox 2488 2157 3997 2233; baseline -0.005 -15"><span class='ocrx_word' id='word_1_324' title='bbox 2488 2164 2629 2218; x_wconf 85' lang='lat' dir='ltr'><strong>XXI.</strong></span> <span class='ocrx_word' id='word_1_325' title='bbox 2652 2165 2855 2219; x_wconf 88' lang='lat' dir='ltr'><strong>Horum</strong></span> <span class='ocrx_word' id='word_1_326' title='bbox 2889 2172 3123 2233; x_wconf 89' lang='lat' dir='ltr'><strong>quatuor</strong></span> <span class='ocrx_word' id='word_1_327' title='bbox 3142 2162 3417 2233; x_wconf 87' lang='lat' dir='ltr'><strong>opinionis</strong></span> <span class='ocrx_word' id='word_1_328' title='bbox 3440 2176 3572 2217; x_wconf 56' lang='lat' dir='ltr'><strong>mea:</strong></span> <span class='ocrx_word' id='word_1_329' title='bbox 3603 2158 3843 2229; x_wconf 87' lang='lat' dir='ltr'><strong>capitum</strong></span> <span class='ocrx_word' id='word_1_330' title='bbox 3884 2157 3997 2226; x_wconf 88' lang='lat' dir='ltr'><strong>pri-</strong></span> 
     </span>
    </p>
   </div>
   <div class='ocr_carea' id='block_1_50' title="bbox 2420 2247 3995 2326">
    <p class='ocr_par' dir='ltr' id='par_1_50' title="bbox 2420 2247 3995 2326">
     <span class='ocr_line' id='line_1_50' title="bbox 2420 2247 3995 2326; baseline -0.009 -12"><span class='ocrx_word' id='word_1_331' title='bbox 2420 2274 2569 2314; x_wconf 89' lang='lat' dir='ltr'><strong>mum</strong></span> <span class='ocrx_word' id='word_1_332' title='bbox 2599 2259 2754 2313; x_wconf 87' lang='lat' dir='ltr'><strong>facile</strong></span> <span class='ocrx_word' id='word_1_333' title='bbox 2775 2258 2879 2313; x_wconf 81' lang='lat' dir='ltr'><strong>sibi</strong></span> <span class='ocrx_word' id='word_1_334' title='bbox 2910 2254 3263 2326; x_wconf 87' lang='lat' dir='ltr'><strong>persuadebit</strong></span> <span class='ocrx_word' id='word_1_335' title='bbox 3295 2255 3363 2317; x_wconf 89' lang='lat' dir='ltr'><strong>is,</strong></span> <span class='ocrx_word' id='word_1_336' title='bbox 3395 2252 3489 2323; x_wconf 92' lang='lat' dir='ltr'><strong>qui</strong></span> <span class='ocrx_word' id='word_1_337' title='bbox 3511 2252 3641 2306; x_wconf 86' lang='lat' dir='ltr'><strong>totis</strong></span> <span class='ocrx_word' id='word_1_338' title='bbox 3658 2251 3900 2320; x_wconf 82' lang='lat' dir='ltr'><strong>quinque</strong></span> <span class='ocrx_word' id='word_1_339' title='bbox 3924 2247 3995 2301; x_wconf 87' lang='lat' dir='ltr'><strong>li-</strong></span> 
     </span>
    </p>
   </div>
   <div class='ocr_carea' id='block_1_51' title="bbox 2420 2341 3999 2415">
    <p class='ocr_par' dir='ltr' id='par_1_51' title="bbox 2420 2341 3999 2415">
     <span class='ocr_line' id='line_1_51' title="bbox 2420 2341 3999 2415; baseline -0.008 -13"><span class='ocrx_word' id='word_1_340' title='bbox 2420 2348 2533 2402; x_wconf 92' lang='lat' dir='ltr'><strong>bris</strong></span> <span class='ocrx_word' id='word_1_341' title='bbox 2552 2347 2698 2400; x_wconf 91' lang='lat' dir='ltr'><strong>aliud</strong></span> <span class='ocrx_word' id='word_1_342' title='bbox 2728 2347 2864 2401; x_wconf 91' lang='lat' dir='ltr'><strong>nibil</strong></span> <span class='ocrx_word' id='word_1_343' title='bbox 2896 2362 2994 2415; x_wconf 92' lang='lat' dir='ltr'><strong>per</strong></span> <span class='ocrx_word' id='word_1_344' title='bbox 3022 2360 3079 2399; x_wconf 88' lang='lat' dir='ltr'><strong>se</strong></span> <span class='ocrx_word' id='word_1_345' title='bbox 3104 2344 3324 2398; x_wconf 86' lang='lat' dir='ltr'><strong>tractari</strong></span> <span class='ocrx_word' id='word_1_346' title='bbox 3346 2341 3661 2402; x_wconf 86' lang='lat' dir='ltr'><strong>adverterit,</strong></span> <span class='ocrx_word' id='word_1_347' title='bbox 3686 2354 3850 2409; x_wconf 86' lang='lat' dir='ltr'><strong>quam</strong></span> <span class='ocrx_word' id='word_1_348' title='bbox 3873 2352 3999 2407; x_wconf 65' lang='lat' dir='ltr'><strong>quae</strong></span> 
     </span>
    </p>
   </div>
   <div class='ocr_carea' id='block_1_52' title="bbox 2421 2429 3997 2504">
    <p class='ocr_par' dir='ltr' id='par_1_52' title="bbox 2421 2429 3997 2504">
     <span class='ocr_line' id='line_1_52' title="bbox 2421 2429 3997 2504; baseline -0.006 -13"><span class='ocrx_word' id='word_1_349' title='bbox 2421 2438 2488 2491; x_wconf 92' lang='lat' dir='ltr'><strong>ad</strong></span> <span class='ocrx_word' id='word_1_350' title='bbox 2538 2436 2769 2491; x_wconf 56' lang='lat' dir='ltr'><strong>haeresin</strong></span> <span class='ocrx_word' id='word_1_351' title='bbox 2797 2436 3052 2489; x_wconf 86' lang='lat' dir='ltr'><strong>Arianam</strong></span> <span class='ocrx_word' id='word_1_352' title='bbox 3096 2434 3431 2504; x_wconf 76' lang='lat' dir='ltr'><strong>spectant&quot;.</strong></span> <span class='ocrx_word' id='word_1_353' title='bbox 3484 2432 3615 2499; x_wconf 71' lang='lat' dir='ltr'><strong>Quae</strong></span> <span class='ocrx_word' id='word_1_354' title='bbox 3647 2431 3791 2485; x_wconf 90' lang='lat' dir='ltr'><strong>enim</strong></span> <span class='ocrx_word' id='word_1_355' title='bbox 3826 2429 3997 2484; x_wconf 90' lang='lat' dir='ltr'><strong>attin-</strong></span> 
     </span>
    </p>
   </div>
   <div class='ocr_carea' id='block_1_53' title="bbox 2422 2525 3998 2601">
    <p class='ocr_par' dir='ltr' id='par_1_53' title="bbox 2422 2525 3998 2601">
     <span class='ocr_line' id='line_1_53' title="bbox 2422 2525 3998 2601; baseline -0.007 -17"><span class='ocrx_word' id='word_1_356' title='bbox 2422 2540 2624 2601; x_wconf 86' lang='lat' dir='ltr'><strong>guntur</strong></span> <span class='ocrx_word' id='word_1_357' title='bbox 2655 2539 2936 2600; x_wconf 70' lang='lat' dir='ltr'><strong>praeterea,</strong></span> <span class='ocrx_word' id='word_1_358' title='bbox 2968 2525 3213 2597; x_wconf 91' lang='lat' dir='ltr'><strong>episodia</strong></span> <span class='ocrx_word' id='word_1_359' title='bbox 3254 2525 3502 2596; x_wconf 69' lang='lat' dir='ltr'><strong>quaedam</strong></span> <span class='ocrx_word' id='word_1_360' title='bbox 3532 2530 3691 2588; x_wconf 90' lang='lat' dir='ltr'><strong>sunt,</strong></span> <span class='ocrx_word' id='word_1_361' title='bbox 3720 2536 3821 2576; x_wconf 90' lang='lat' dir='ltr'><strong>nec</strong></span> <span class='ocrx_word' id='word_1_362' title='bbox 3866 2534 3998 2591; x_wconf 82' lang='lat' dir='ltr'><strong>pro-</strong></span> 
     </span>
    </p>
   </div>
   <div class='ocr_carea' id='block_1_54' title="bbox 2423 2619 3046 2689">
    <p class='ocr_par' dir='ltr' id='par_1_54' title="bbox 2423 2619 3046 2689">
     <span class='ocr_line' id='line_1_54' title="bbox 2423 2619 3046 2689; baseline -0.008 -13"><span class='ocrx_word' id='word_1_363' title='bbox 2423 2623 2551 2686; x_wconf 76' lang='lat' dir='ltr'><strong>lixa,</strong></span> <span class='ocrx_word' id='word_1_364' title='bbox 2594 2637 2695 2675; x_wconf 91' lang='lat' dir='ltr'><strong>nec</strong></span> <span class='ocrx_word' id='word_1_365' title='bbox 2720 2619 3046 2689; x_wconf 85' lang='lat' dir='ltr'><strong>frequentia.</strong></span> 
     </span>
    </p>
   </div>
   <div class='ocr_carea' id='block_1_55' title="bbox 2485 2729 4000 2799">
    <p class='ocr_par' dir='ltr' id='par_1_55' title="bbox 2485 2729 4000 2799">
     <span class='ocr_line' id='line_1_55' title="bbox 2485 2729 4000 2799; baseline -0.008 -10"><span class='ocrx_word' id='word_1_366' title='bbox 2485 2735 2650 2789; x_wconf 87' lang='lat' dir='ltr'><strong>XXII.</strong></span> <span class='ocrx_word' id='word_1_367' title='bbox 2680 2735 2944 2788; x_wconf 87' lang='lat' dir='ltr'><strong>Narratur</strong></span> <span class='ocrx_word' id='word_1_368' title='bbox 2973 2733 3026 2785; x_wconf 91' lang='lat' dir='ltr'><strong>in</strong></span> <span class='ocrx_word' id='word_1_369' title='bbox 3062 2731 3204 2785; x_wconf 91' lang='lat' dir='ltr'><strong>libro</strong></span> <span class='ocrx_word' id='word_1_370' title='bbox 3234 2729 3411 2799; x_wconf 88' lang='lat' dir='ltr'><strong>primo</strong></span> <span class='ocrx_word' id='word_1_371' title='bbox 3430 2769 3444 2792; x_wconf 91' lang='lat'><strong>,</strong></span> <span class='ocrx_word' id='word_1_372' title='bbox 3472 2742 3582 2797; x_wconf 92' lang='lat' dir='ltr'><strong>quo</strong></span> <span class='ocrx_word' id='word_1_373' title='bbox 3612 2740 3796 2780; x_wconf 88' lang='lat' dir='ltr'><strong>rerum</strong></span> <span class='ocrx_word' id='word_1_374' title='bbox 3831 2732 4000 2787; x_wconf 87' lang='lat' dir='ltr'><strong>statu,</strong></span> 
     </span>
    </p>
   </div>
   <div class='ocr_carea' id='block_1_56' title="bbox 2425 2818 4002 2897">
    <p class='ocr_par' dir='ltr' id='par_1_56' title="bbox 2425 2818 4002 2897">
     <span class='ocr_line' id='line_1_56' title="bbox 2425 2818 4002 2897; baseline -0.008 -15"><span class='ocrx_word' id='word_1_375' title='bbox 2425 2844 2536 2897; x_wconf 91' lang='lat' dir='ltr'><strong>quo</strong></span> <span class='ocrx_word' id='word_1_376' title='bbox 2577 2828 2632 2881; x_wconf 89' lang='lat' dir='ltr'><strong>in</strong></span> <span class='ocrx_word' id='word_1_377' title='bbox 2677 2829 2819 2888; x_wconf 89' lang='lat' dir='ltr'><strong>loco,</strong></span> <span class='ocrx_word' id='word_1_378' title='bbox 2867 2824 3090 2878; x_wconf 68' lang='lat' dir='ltr'><strong>breresis</strong></span> <span class='ocrx_word' id='word_1_379' title='bbox 3128 2823 3348 2883; x_wconf 88' lang='lat' dir='ltr'><strong>Ariana,</strong></span> <span class='ocrx_word' id='word_1_380' title='bbox 3376 2818 3616 2888; x_wconf 91' lang='lat' dir='ltr'><strong>quando,</strong></span> <span class='ocrx_word' id='word_1_381' title='bbox 3640 2832 3749 2887; x_wconf 93' lang='lat' dir='ltr'><strong>quo</strong></span> <span class='ocrx_word' id='word_1_382' title='bbox 3774 2825 4002 2886; x_wconf 85' lang='lat' dir='ltr'><strong>parente</strong></span> 
     </span>
    </p>
   </div>
   <div class='ocr_carea' id='block_1_57' title="bbox 2425 2908 4000 2985">
    <p class='ocr_par' dir='ltr' id='par_1_57' title="bbox 2425 2908 4000 2985">
     <span class='ocr_line' id='line_1_57' title="bbox 2425 2908 4000 2985; baseline -0.009 -11"><span class='ocrx_word' id='word_1_383' title='bbox 2425 2930 2553 2975; x_wconf 81' lang='lat' dir='ltr'><strong>nata</strong></span> <span class='ocrx_word' id='word_1_384' title='bbox 2577 2919 2666 2981; x_wconf 91' lang='lat' dir='ltr'><strong>sit,</strong></span> <span class='ocrx_word' id='word_1_385' title='bbox 2708 2933 2843 2985; x_wconf 91' lang='lat' dir='ltr'><strong>quas</strong></span> <span class='ocrx_word' id='word_1_386' title='bbox 2877 2919 3059 2985; x_wconf 83' lang='lat' dir='ltr'><strong>partes</strong></span> <span class='ocrx_word' id='word_1_387' title='bbox 3095 2912 3371 2975; x_wconf 86' lang='lat' dir='ltr'><strong>habuerit,</strong></span> <span class='ocrx_word' id='word_1_388' title='bbox 3421 2926 3556 2981; x_wconf 89' lang='lat' dir='ltr'><strong>quas</strong></span> <span class='ocrx_word' id='word_1_389' title='bbox 3593 2908 4000 2971; x_wconf 89' lang='lat' dir='ltr'><strong>conversiones,</strong></span> 
     </span>
    </p>
   </div>
   <div class='ocr_carea' id='block_1_58' title="bbox 2427 2999 4003 3081">
    <p class='ocr_par' dir='ltr' id='par_1_58' title="bbox 2427 2999 4003 3081">
     <span class='ocr_line' id='line_1_58' title="bbox 2427 2999 4003 3081; baseline -0.009 -16"><span class='ocrx_word' id='word_1_390' title='bbox 2427 3026 2671 3081; x_wconf 89' lang='lat' dir='ltr'><strong>quasque</strong></span> <span class='ocrx_word' id='word_1_391' title='bbox 2699 3009 2932 3064; x_wconf 90' lang='lat' dir='ltr'><strong>diversis</strong></span> <span class='ocrx_word' id='word_1_392' title='bbox 2964 3006 3304 3076; x_wconf 88' lang='lat' dir='ltr'><strong>temporibus</strong></span> <span class='ocrx_word' id='word_1_393' title='bbox 3343 3004 3561 3066; x_wconf 90' lang='lat' dir='ltr'><strong>formas,</strong></span> <span class='ocrx_word' id='word_1_394' title='bbox 3592 3017 3623 3055; x_wconf 90' lang='lat' dir='ltr'><strong>a</strong></span> <span class='ocrx_word' id='word_1_395' title='bbox 3665 3000 3866 3070; x_wconf 88' lang='lat' dir='ltr'><strong>quibus</strong></span> <span class='ocrx_word' id='word_1_396' title='bbox 3895 2999 4003 3052; x_wconf 90' lang='lat' dir='ltr'><strong>im-</strong></span> 
     </span>
    </p>
   </div>
   <div class='ocr_carea' id='block_1_59' title="bbox 2428 3092 4006 3173">
    <p class='ocr_par' dir='ltr' id='par_1_59' title="bbox 2428 3092 4006 3173">
     <span class='ocr_line' id='line_1_59' title="bbox 2428 3092 4006 3173; baseline -0.008 -16"><span class='ocrx_word' id='word_1_397' title='bbox 2428 3113 2683 3173; x_wconf 84' lang='lat' dir='ltr'><strong>pugnata,</strong></span> <span class='ocrx_word' id='word_1_398' title='bbox 2717 3118 2855 3172; x_wconf 91' lang='lat' dir='ltr'><strong>quas</strong></span> <span class='ocrx_word' id='word_1_399' title='bbox 2886 3100 3117 3155; x_wconf 90' lang='lat' dir='ltr'><strong>moverit</strong></span> <span class='ocrx_word' id='word_1_400' title='bbox 3145 3108 3200 3154; x_wconf 90' lang='lat' dir='ltr'><strong>et</strong></span> <span class='ocrx_word' id='word_1_401' title='bbox 3227 3106 3457 3168; x_wconf 87' lang='lat' dir='ltr'><strong>quantas</strong></span> <span class='ocrx_word' id='word_1_402' title='bbox 3485 3095 3693 3157; x_wconf 89' lang='lat' dir='ltr'><strong>turbas,</strong></span> <span class='ocrx_word' id='word_1_403' title='bbox 3729 3092 4006 3162; x_wconf 89' lang='lat' dir='ltr'><strong>quomodo</strong></span> 
     </span>
    </p>
   </div>
   <div class='ocr_carea' id='block_1_60' title="bbox 758 3182 4006 3285">
    <p class='ocr_par' dir='ltr' id='par_1_60' title="bbox 758 3182 4006 3285">
     <span class='ocr_line' id='line_1_60' title="bbox 758 3182 4006 3285; baseline -0.011 -12"><span class='ocrx_word' id='word_1_404' title='bbox 758 3182 848 3283; x_wconf 50' lang='lat' dir='ltr'><strong>rii,</strong></span> <span class='ocrx_word' id='word_1_405' title='bbox 871 3219 1025 3272; x_wconf 87' lang='lat' dir='ltr'><strong>facile</strong></span> <span class='ocrx_word' id='word_1_406' title='bbox 1044 3216 1280 3285; x_wconf 87' lang='lat' dir='ltr'><strong>probant</strong></span> <span class='ocrx_word' id='word_1_407' title='bbox 1302 3212 1545 3267; x_wconf 88' lang='lat' dir='ltr'><strong>conditio</strong></span> <span class='ocrx_word' id='word_1_408' title='bbox 1576 3220 1880 3279; x_wconf 86' lang='lat' dir='ltr'><strong>temporum</strong></span> <span class='ocrx_word' id='word_1_409' title='bbox 1902 3206 1970 3267; x_wconf 76' lang='lat'><strong>&quot;,</strong></span> <span class='ocrx_word' id='word_1_410' title='bbox 2000 3204 2329 3258; x_wconf 85' lang='lat' dir='ltr'><strong>Theodoreti</strong></span> <span class='ocrx_word' id='word_1_411' title='bbox 2359 3215 2402 3271; x_wconf 65' lang='grc' dir='ltr'><strong>(ζ</strong></span> <span class='ocrx_word' id='word_1_412' title='bbox 2432 3194 2623 3247; x_wconf 59' lang='lat' dir='ltr'><strong>Name</strong></span> <span class='ocrx_word' id='word_1_413' title='bbox 2673 3190 2928 3243; x_wconf 73' lang='lat' dir='ltr'><strong>damnata</strong></span> <span class='ocrx_word' id='word_1_414' title='bbox 2968 3189 3068 3254; x_wconf 79' lang='lat' dir='ltr'><strong>Sit;</strong></span> <span class='ocrx_word' id='word_1_415' title='bbox 3104 3197 3307 3257; x_wconf 82' lang='lat' dir='ltr'><strong>quanta</strong></span> <span class='ocrx_word' id='word_1_416' title='bbox 3342 3188 3516 3257; x_wconf 83' lang='lat' dir='ltr'><strong>pietas</strong></span> <span class='ocrx_word' id='word_1_417' title='bbox 3559 3182 3904 3239; x_wconf 85' lang='lat' dir='ltr'><strong>Constantini</strong></span> <span class='ocrx_word' id='word_1_418' title='bbox 3948 3182 4006 3236; x_wconf 90' lang='lat' dir='ltr'><strong>in</strong></span> 
     </span>
    </p>
   </div>
   <div class='ocr_carea' id='block_1_61' title="bbox 758 3296 2334 3381">
    <p class='ocr_par' dir='ltr' id='par_1_61' title="bbox 758 3296 2334 3381">
     <span class='ocr_line' id='line_1_61' title="bbox 758 3296 2334 3381; baseline -0.011 -15"><span class='ocrx_word' id='word_1_419' title='bbox 758 3311 1056 3381; x_wconf 89' lang='lat' dir='ltr'><strong>ingenium,</strong></span> <span class='ocrx_word' id='word_1_420' title='bbox 1098 3316 1153 3361; x_wconf 91' lang='lat' dir='ltr'><strong>ct</strong></span> <span class='ocrx_word' id='word_1_421' title='bbox 1188 3307 1301 3375; x_wconf 91' lang='lat' dir='ltr'><strong>ipsa</strong></span> <span class='ocrx_word' id='word_1_422' title='bbox 1340 3305 1526 3366; x_wconf 91' lang='lat' dir='ltr'><strong>etiam,</strong></span> <span class='ocrx_word' id='word_1_423' title='bbox 1568 3303 1610 3356; x_wconf 93' lang='lat' dir='ltr'><strong>si</strong></span> <span class='ocrx_word' id='word_1_424' title='bbox 1644 3302 1807 3370; x_wconf 86' lang='lat' dir='ltr'><strong>paulo</strong></span> <span class='ocrx_word' id='word_1_425' title='bbox 1848 3299 2109 3354; x_wconf 82' lang='lat' dir='ltr'><strong>attentius</strong></span> <span class='ocrx_word' id='word_1_426' title='bbox 2155 3296 2334 3350; x_wconf 88' lang='lat' dir='ltr'><strong>consi-</strong></span> 
     </span>
    </p>
   </div>
   <div class='ocr_carea' id='block_1_62' title="bbox 758 3390 2334 3463">
    <p class='ocr_par' dir='ltr' id='par_1_62' title="bbox 758 3390 2334 3463">
     <span class='ocr_line' id='line_1_62' title="bbox 758 3390 2334 3463; baseline -0.011 -8"><span class='ocrx_word' id='word_1_427' title='bbox 758 3403 1003 3463; x_wconf 86' lang='lat' dir='ltr'><strong>deretur,</strong></span> <span class='ocrx_word' id='word_1_428' title='bbox 1042 3396 1292 3451; x_wconf 87' lang='lat' dir='ltr'><strong>historia.</strong></span> <span class='ocrx_word' id='word_1_429' title='bbox 1320 3395 1453 3448; x_wconf 83' lang='lat' dir='ltr'><strong>Nam</strong></span> <span class='ocrx_word' id='word_1_430' title='bbox 1504 3390 1824 3446; x_wconf 89' lang='lat' dir='ltr'><strong>incredibile</strong></span> <span class='ocrx_word' id='word_1_431' title='bbox 1865 3405 1973 3441; x_wconf 91' lang='lat' dir='ltr'><strong>non</strong></span> <span class='ocrx_word' id='word_1_432' title='bbox 2014 3396 2098 3441; x_wconf 91' lang='lat' dir='ltr'><strong>est</strong></span> <span class='ocrx_word' id='word_1_433' title='bbox 2135 3395 2334 3456; x_wconf 87' lang='lat' dir='ltr'><strong>myste-</strong></span> 
     </span>
    </p>
   </div>
   <div class='ocr_carea' id='block_1_63' title="bbox 762 3477 2333 3548">
    <p class='ocr_par' dir='ltr' id='par_1_63' title="bbox 762 3477 2333 3548">
     <span class='ocr_line' id='line_1_63' title="bbox 762 3477 2333 3548; baseline -0.01 -4"><span class='ocrx_word' id='word_1_434' title='bbox 762 3492 827 3546; x_wconf 89' lang='lat' dir='ltr'><strong>rii</strong></span> <span class='ocrx_word' id='word_1_435' title='bbox 870 3489 1120 3544; x_wconf 80' lang='lat' dir='ltr'><strong>nonnihil</strong></span> <span class='ocrx_word' id='word_1_436' title='bbox 1151 3487 1205 3540; x_wconf 87' lang='lat' dir='ltr'><strong>in</strong></span> <span class='ocrx_word' id='word_1_437' title='bbox 1239 3502 1303 3540; x_wconf 89' lang='lat' dir='ltr'><strong>ea</strong></span> <span class='ocrx_word' id='word_1_438' title='bbox 1323 3486 1493 3539; x_wconf 80' lang='lat' dir='ltr'><strong>latere</strong></span> <span class='ocrx_word' id='word_1_439' title='bbox 1515 3524 1528 3546; x_wconf 93' lang='lat'><strong>,</strong></span> <span class='ocrx_word' id='word_1_440' title='bbox 1567 3497 1669 3535; x_wconf 91' lang='lat' dir='ltr'><strong>nec</strong></span> <span class='ocrx_word' id='word_1_441' title='bbox 1695 3482 1813 3535; x_wconf 87' lang='lat' dir='ltr'><strong>sine</strong></span> <span class='ocrx_word' id='word_1_442' title='bbox 1839 3479 2147 3548; x_wconf 90' lang='lat' dir='ltr'><strong>conquisita</strong></span> <span class='ocrx_word' id='word_1_443' title='bbox 2179 3477 2333 3531; x_wconf 90' lang='lat' dir='ltr'><strong>calli-</strong></span> 
     </span>
    </p>
   </div>
   <div class='ocr_carea' id='block_1_64' title="bbox 760 3569 2333 3643">
    <p class='ocr_par' dir='ltr' id='par_1_64' title="bbox 760 3569 2333 3643">
     <span class='ocr_line' id='line_1_64' title="bbox 760 3569 2333 3643; baseline -0.01 -7"><span class='ocrx_word' id='word_1_444' title='bbox 760 3583 887 3637; x_wconf 90' lang='lat' dir='ltr'><strong>dius</strong></span> <span class='ocrx_word' id='word_1_445' title='bbox 908 3596 1092 3643; x_wconf 55' lang='lat' dir='ltr'><strong>causag</strong></span> <span class='ocrx_word' id='word_1_446' title='bbox 1120 3576 1407 3632; x_wconf 76' lang='lat' dir='ltr'><strong>exordium</strong></span> <span class='ocrx_word' id='word_1_447' title='bbox 1446 3574 1571 3627; x_wconf 92' lang='lat' dir='ltr'><strong>duci</strong></span> <span class='ocrx_word' id='word_1_448' title='bbox 1601 3572 1669 3626; x_wconf 90' lang='lat' dir='ltr'><strong>ab</strong></span> <span class='ocrx_word' id='word_1_449' title='bbox 1697 3579 1820 3625; x_wconf 90' lang='lat' dir='ltr'><strong>ortu</strong></span> <span class='ocrx_word' id='word_1_450' title='bbox 1843 3570 2067 3624; x_wconf 77' lang='lat' dir='ltr'><strong>ltzeresis</strong></span> <span class='ocrx_word' id='word_1_451' title='bbox 2099 3569 2333 3629; x_wconf 69' lang='lat' dir='ltr'><strong>Arianae,</strong></span> 
     </span>
    </p>
   </div>
   <div class='ocr_carea' id='block_1_65' title="bbox 763 3659 2335 3741">
    <p class='ocr_par' dir='ltr' id='par_1_65' title="bbox 763 3659 2335 3741">
     <span class='ocr_line' id='line_1_65' title="bbox 763 3659 2335 3741; baseline -0.01 -14"><span class='ocrx_word' id='word_1_452' title='bbox 763 3673 1061 3728; x_wconf 88' lang='lat' dir='ltr'><strong>terminum</strong></span> <span class='ocrx_word' id='word_1_453' title='bbox 1089 3669 1217 3741; x_wconf 89' lang='lat' dir='ltr'><strong>poni</strong></span> <span class='ocrx_word' id='word_1_454' title='bbox 1248 3670 1302 3722; x_wconf 91' lang='lat' dir='ltr'><strong>in</strong></span> <span class='ocrx_word' id='word_1_455' title='bbox 1334 3665 1603 3721; x_wconf 88' lang='lat' dir='ltr'><strong>Theodoti</strong></span> <span class='ocrx_word' id='word_1_456' title='bbox 1653 3663 2039 3731; x_wconf 86' lang='lat' dir='ltr'><strong>Theodorique</strong></span> <span class='ocrx_word' id='word_1_457' title='bbox 2076 3661 2252 3722; x_wconf 92' lang='lat' dir='ltr'><strong>obitu,</strong></span> <span class='ocrx_word' id='word_1_458' title='bbox 2281 3659 2335 3712; x_wconf 85' lang='lat' dir='ltr'><strong>id</strong></span> 
     </span>
    </p>
   </div>
   <div class='ocr_carea' id='block_1_66' title="bbox 760 3750 2336 3831">
    <p class='ocr_par' dir='ltr' id='par_1_66' title="bbox 760 3750 2336 3831">
     <span class='ocr_line' id='line_1_66' title="bbox 760 3750 2336 3831; baseline -0.011 -11"><span class='ocrx_word' id='word_1_459' title='bbox 760 3774 867 3829; x_wconf 73' lang='lat' dir='ltr'><strong>est,</strong></span> <span class='ocrx_word' id='word_1_460' title='bbox 904 3765 956 3817; x_wconf 88' lang='lat' dir='ltr'><strong>in</strong></span> <span class='ocrx_word' id='word_1_461' title='bbox 986 3772 1235 3831; x_wconf 89' lang='lat' dir='ltr'><strong>tempore</strong></span> <span class='ocrx_word' id='word_1_462' title='bbox 1282 3772 1393 3827; x_wconf 91' lang='lat' dir='ltr'><strong>quo</strong></span> <span class='ocrx_word' id='word_1_463' title='bbox 1432 3756 1720 3811; x_wconf 84' lang='lat' dir='ltr'><strong>Nestorius</strong></span> <span class='ocrx_word' id='word_1_464' title='bbox 1760 3752 2004 3807; x_wconf 89' lang='lat' dir='ltr'><strong>Sisinnio</strong></span> <span class='ocrx_word' id='word_1_465' title='bbox 2062 3753 2115 3805; x_wconf 91' lang='lat' dir='ltr'><strong>in</strong></span> <span class='ocrx_word' id='word_1_466' title='bbox 2152 3750 2336 3804; x_wconf 89' lang='lat' dir='ltr'><strong>sedem</strong></span> 
     </span>
    </p>
   </div>
   <div class='ocr_carea' id='block_1_67' title="bbox 765 3840 2340 3921">
    <p class='ocr_par' dir='ltr' id='par_1_67' title="bbox 765 3840 2340 3921">
     <span class='ocr_line' id='line_1_67' title="bbox 765 3840 2340 3921; baseline -0.011 -12"><span class='ocrx_word' id='word_1_467' title='bbox 765 3856 919 3910; x_wconf 89' lang='lat' dir='ltr'><strong>urbis</strong></span> <span class='ocrx_word' id='word_1_468' title='bbox 963 3851 1123 3921; x_wconf 68' lang='lat' dir='ltr'><strong>regite</strong></span> <span class='ocrx_word' id='word_1_469' title='bbox 1161 3846 1445 3903; x_wconf 90' lang='lat' dir='ltr'><strong>successit.</strong></span> <span class='ocrx_word' id='word_1_470' title='bbox 1499 3845 1634 3900; x_wconf 88' lang='lat' dir='ltr'><strong>Nam</strong></span> <span class='ocrx_word' id='word_1_471' title='bbox 1677 3859 1800 3897; x_wconf 91' lang='lat' dir='ltr'><strong>cum</strong></span> <span class='ocrx_word' id='word_1_472' title='bbox 1860 3842 2082 3896; x_wconf 83' lang='lat' dir='ltr'><strong>haeresis</strong></span> <span class='ocrx_word' id='word_1_473' title='bbox 2129 3840 2340 3894; x_wconf 57' lang='lat' dir='ltr'><strong>Arianae</strong></span> 
     </span>
    </p>
   </div>
   <div class='ocr_carea' id='block_1_68' title="bbox 764 3930 2341 4011">
    <p class='ocr_par' dir='ltr' id='par_1_68' title="bbox 764 3930 2341 4011">
     <span class='ocr_line' id='line_1_68' title="bbox 764 3930 2341 4011; baseline -0.013 -11"><span class='ocrx_word' id='word_1_474' title='bbox 764 3945 1079 4001; x_wconf 81' lang='lat' dir='ltr'><strong>exstiterint</strong></span> <span class='ocrx_word' id='word_1_475' title='bbox 1123 3948 1307 4011; x_wconf 88' lang='lat' dir='ltr'><strong>partes</strong></span> <span class='ocrx_word' id='word_1_476' title='bbox 1331 3937 1486 3991; x_wconf 56' lang='lat' dir='ltr'><strong>duae:</strong></span> <span class='ocrx_word' id='word_1_477' title='bbox 1531 3936 1720 3996; x_wconf 89' lang='lat' dir='ltr'><strong>altera,</strong></span> <span class='ocrx_word' id='word_1_478' title='bbox 1750 3948 1871 4003; x_wconf 78' lang='lat' dir='ltr'><strong>qua:</strong></span> <span class='ocrx_word' id='word_1_479' title='bbox 1898 3930 2175 3985; x_wconf 88' lang='lat' dir='ltr'><strong>Christum</strong></span> <span class='ocrx_word' id='word_1_480' title='bbox 2216 3944 2341 3998; x_wconf 84' lang='lat' dir='ltr'><strong>per-</strong></span> 
     </span>
    </p>
   </div>
   <div class='ocr_carea' id='block_1_69' title="bbox 766 4020 2341 4094">
    <p class='ocr_par' dir='ltr' id='par_1_69' title="bbox 766 4020 2341 4094">
     <span class='ocr_line' id='line_1_69' title="bbox 766 4020 2341 4094; baseline -0.013 -3"><span class='ocrx_word' id='word_1_481' title='bbox 766 4036 971 4092; x_wconf 88' lang='lat' dir='ltr'><strong>fectum</strong></span> <span class='ocrx_word' id='word_1_482' title='bbox 1001 4047 1123 4087; x_wconf 90' lang='lat' dir='ltr'><strong>esse</strong></span> <span class='ocrx_word' id='word_1_483' title='bbox 1162 4032 1366 4094; x_wconf 89' lang='lat' dir='ltr'><strong>Deum;</strong></span> <span class='ocrx_word' id='word_1_484' title='bbox 1402 4028 1606 4089; x_wconf 90' lang='lat' dir='ltr'><strong>altera,</strong></span> <span class='ocrx_word' id='word_1_485' title='bbox 1640 4040 1760 4093; x_wconf 72' lang='lat' dir='ltr'><strong>quze</strong></span> <span class='ocrx_word' id='word_1_486' title='bbox 1808 4024 2110 4092; x_wconf 88' lang='lat' dir='ltr'><strong>perfectum</strong></span> <span class='ocrx_word' id='word_1_487' title='bbox 2166 4020 2341 4073; x_wconf 85' lang='lat' dir='ltr'><strong>homi-</strong></span> 
     </span>
    </p>
   </div>
   <div class='ocr_carea' id='block_1_70' title="bbox 769 4111 2341 4191">
    <p class='ocr_par' dir='ltr' id='par_1_70' title="bbox 769 4111 2341 4191">
     <span class='ocr_line' id='line_1_70' title="bbox 769 4111 2341 4191; baseline -0.011 -12"><span class='ocrx_word' id='word_1_488' title='bbox 769 4140 893 4179; x_wconf 90' lang='lat' dir='ltr'><strong>nem</strong></span> <span class='ocrx_word' id='word_1_489' title='bbox 924 4129 1147 4191; x_wconf 85' lang='lat' dir='ltr'><strong>negaret</strong></span> <span class='ocrx_word' id='word_1_490' title='bbox 1180 4137 1193 4172; x_wconf 90' lang='lat'><strong>:</strong></span> <span class='ocrx_word' id='word_1_491' title='bbox 1225 4118 1605 4172; x_wconf 91' lang='lat' dir='ltr'><strong>Tbeodoretus</strong></span> <span class='ocrx_word' id='word_1_492' title='bbox 1633 4114 1807 4167; x_wconf 88' lang='lat' dir='ltr'><strong>videri</strong></span> <span class='ocrx_word' id='word_1_493' title='bbox 1844 4120 2022 4182; x_wconf 91' lang='lat' dir='ltr'><strong>potest</strong></span> <span class='ocrx_word' id='word_1_494' title='bbox 2057 4111 2341 4177; x_wconf 89' lang='lat' dir='ltr'><strong>utriusque</strong></span> 
     </span>
    </p>
   </div>
   <div class='ocr_carea' id='block_1_71' title="bbox 770 4209 2339 4288">
    <p class='ocr_par' dir='ltr' id='par_1_71' title="bbox 770 4209 2339 4288">
     <span class='ocr_line' id='line_1_71' title="bbox 770 4209 2339 4288; baseline -0.01 -16"><span class='ocrx_word' id='word_1_495' title='bbox 770 4219 941 4288; x_wconf 84' lang='lat' dir='ltr'><strong>partis</strong></span> <span class='ocrx_word' id='word_1_496' title='bbox 990 4215 1275 4270; x_wconf 91' lang='lat' dir='ltr'><strong>historiam</strong></span> <span class='ocrx_word' id='word_1_497' title='bbox 1320 4227 1489 4282; x_wconf 85' lang='lat' dir='ltr'><strong>Opera</strong></span> <span class='ocrx_word' id='word_1_498' title='bbox 1542 4227 1649 4263; x_wconf 89' lang='lat' dir='ltr'><strong>una</strong></span> <span class='ocrx_word' id='word_1_499' title='bbox 1688 4209 1926 4263; x_wconf 89' lang='lat' dir='ltr'><strong>voluisse</strong></span> <span class='ocrx_word' id='word_1_500' title='bbox 1978 4220 2339 4275; x_wconf 90' lang='lat' dir='ltr'><strong>componere;</strong></span> 
     </span>
    </p>
   </div>
   <div class='ocr_carea' id='block_1_72' title="bbox 768 4296 2345 4377">
    <p class='ocr_par' dir='ltr' id='par_1_72' title="bbox 768 4296 2345 4377">
     <span class='ocr_line' id='line_1_72' title="bbox 768 4296 2345 4377; baseline -0.011 -13"><span class='ocrx_word' id='word_1_501' title='bbox 768 4309 866 4364; x_wconf 89' lang='lat' dir='ltr'><strong>sed</strong></span> <span class='ocrx_word' id='word_1_502' title='bbox 892 4306 1090 4377; x_wconf 89' lang='lat' dir='ltr'><strong>prioris</strong></span> <span class='ocrx_word' id='word_1_503' title='bbox 1120 4318 1335 4365; x_wconf 87' lang='lat' dir='ltr'><strong>revera,</strong></span> <span class='ocrx_word' id='word_1_504' title='bbox 1388 4300 1711 4370; x_wconf 88' lang='lat' dir='ltr'><strong>posterioris</strong></span> <span class='ocrx_word' id='word_1_505' title='bbox 1746 4299 1895 4353; x_wconf 90' lang='lat' dir='ltr'><strong>velut</strong></span> <span class='ocrx_word' id='word_1_506' title='bbox 1928 4297 1981 4349; x_wconf 90' lang='lat' dir='ltr'><strong>in</strong></span> <span class='ocrx_word' id='word_1_507' title='bbox 2010 4296 2265 4365; x_wconf 87' lang='lat' dir='ltr'><strong>imagine,</strong></span> <span class='ocrx_word' id='word_1_508' title='bbox 2289 4303 2345 4347; x_wconf 90' lang='lat' dir='ltr'><strong>et</strong></span> 
     </span>
    </p>
   </div>
   <div class='ocr_carea' id='block_1_73' title="bbox 771 4387 2341 4466">
    <p class='ocr_par' dir='ltr' id='par_1_73' title="bbox 771 4387 2341 4466">
     <span class='ocr_line' id='line_1_73' title="bbox 771 4387 2341 4466; baseline -0.009 -14"><span class='ocrx_word' id='word_1_509' title='bbox 771 4397 1193 4466; x_wconf 80' lang='grc' dir='ltr'><strong>αἰνιγματικῶς.</strong></span> <span class='ocrx_word' id='word_1_510' title='bbox 1241 4394 1428 4447; x_wconf 87' lang='lat' dir='ltr'><strong>Potest</strong></span> <span class='ocrx_word' id='word_1_511' title='bbox 1468 4391 1630 4445; x_wconf 89' lang='lat' dir='ltr'><strong>etiam</strong></span> <span class='ocrx_word' id='word_1_512' title='bbox 1663 4389 1860 4453; x_wconf 89' lang='lat' dir='ltr'><strong>videri,</strong></span> <span class='ocrx_word' id='word_1_513' title='bbox 1910 4387 2038 4442; x_wconf 91' lang='lat' dir='ltr'><strong>dum</strong></span> <span class='ocrx_word' id='word_1_514' title='bbox 2089 4387 2341 4440; x_wconf 90' lang='lat' dir='ltr'><strong>Arianam</strong></span> 
     </span>
    </p>
   </div>
   <div class='ocr_carea' id='block_1_74' title="bbox 775 4482 2342 4555">
    <p class='ocr_par' dir='ltr' id='par_1_74' title="bbox 775 4482 2342 4555">
     <span class='ocr_line' id='line_1_74' title="bbox 775 4482 2342 4555; baseline -0.008 -11"><span class='ocrx_word' id='word_1_515' title='bbox 775 4488 1008 4545; x_wconf 70' lang='lat' dir='ltr'><strong>haeresin</strong></span> <span class='ocrx_word' id='word_1_516' title='bbox 1045 4487 1208 4555; x_wconf 73' lang='grc'><strong>282</strong></span> <span class='ocrx_word' id='word_1_517' title='bbox 1232 4485 1515 4545; x_wconf 87' lang='lat' dir='ltr'><strong>describit,</strong></span> <span class='ocrx_word' id='word_1_518' title='bbox 1548 4482 1858 4545; x_wconf 89' lang='lat' dir='ltr'><strong>ostendere,</strong></span> <span class='ocrx_word' id='word_1_519' title='bbox 1893 4496 2029 4549; x_wconf 90' lang='lat' dir='ltr'><strong>quas</strong></span> <span class='ocrx_word' id='word_1_520' title='bbox 2079 4495 2178 4533; x_wconf 91' lang='lat' dir='ltr'><strong>suo</strong></span> <span class='ocrx_word' id='word_1_521' title='bbox 2204 4490 2342 4532; x_wconf 89' lang='lat' dir='ltr'><strong>tem-</strong></span> 
     </span>
    </p>
   </div>
   <div class='ocr_carea' id='block_1_75' title="bbox 2435 3272 4011 3352">
    <p class='ocr_par' dir='ltr' id='par_1_75' title="bbox 2435 3272 4011 3352">
     <span class='ocr_line' id='line_1_75' title="bbox 2435 3272 4011 3352; baseline -0.006 -16"><span class='ocrx_word' id='word_1_522' title='bbox 2435 3284 2560 3344; x_wconf 87' lang='lat' dir='ltr'><strong>Iide,</strong></span> <span class='ocrx_word' id='word_1_523' title='bbox 2592 3297 2715 3335; x_wconf 92' lang='lat' dir='ltr'><strong>cum</strong></span> <span class='ocrx_word' id='word_1_524' title='bbox 2758 3282 3020 3334; x_wconf 80' lang='lat' dir='ltr'><strong>adversus</strong></span> <span class='ocrx_word' id='word_1_525' title='bbox 3048 3281 3280 3333; x_wconf 92' lang='lat' dir='ltr'><strong>Arianos</strong></span> <span class='ocrx_word' id='word_1_526' title='bbox 3305 3277 3526 3352; x_wconf 85' lang='lat' dir='ltr'><strong>tuenda,</strong></span> <span class='ocrx_word' id='word_1_527' title='bbox 3562 3285 3675 3329; x_wconf 87' lang='lat' dir='ltr'><strong>tum</strong></span> <span class='ocrx_word' id='word_1_528' title='bbox 3713 3274 3856 3344; x_wconf 89' lang='lat' dir='ltr'><strong>apud</strong></span> <span class='ocrx_word' id='word_1_529' title='bbox 3886 3272 4011 3327; x_wconf 83' lang='lat' dir='ltr'><strong>infi-</strong></span> 
     </span>
    </p>
   </div>
   <div class='ocr_carea' id='block_1_76' title="bbox 2433 3366 4009 3444">
    <p class='ocr_par' dir='ltr' id='par_1_76' title="bbox 2433 3366 4009 3444">
     <span class='ocr_line' id='line_1_76' title="bbox 2433 3366 4009 3444; baseline -0.006 -16"><span class='ocrx_word' id='word_1_530' title='bbox 2433 3374 2583 3428; x_wconf 87' lang='lat' dir='ltr'><strong>deles</strong></span> <span class='ocrx_word' id='word_1_531' title='bbox 2607 3373 2988 3444; x_wconf 88' lang='lat' dir='ltr'><strong>propaganda;</strong></span> <span class='ocrx_word' id='word_1_532' title='bbox 3013 3381 3146 3441; x_wconf 91' lang='lat' dir='ltr'><strong>quot</strong></span> <span class='ocrx_word' id='word_1_533' title='bbox 3181 3378 3359 3424; x_wconf 87' lang='lat' dir='ltr'><strong>tamen</strong></span> <span class='ocrx_word' id='word_1_534' title='bbox 3388 3367 3768 3423; x_wconf 66' lang='lat' dir='ltr'><strong>haereticorum</strong></span> <span class='ocrx_word' id='word_1_535' title='bbox 3798 3366 4009 3419; x_wconf 88' lang='lat' dir='ltr'><strong>fraudi-</strong></span> 
     </span>
    </p>
   </div>
   <div class='ocr_carea' id='block_1_77' title="bbox 2434 3458 4014 3535">
    <p class='ocr_par' dir='ltr' id='par_1_77' title="bbox 2434 3458 4014 3535">
     <span class='ocr_line' id='line_1_77' title="bbox 2434 3458 4014 3535; baseline -0.006 -14"><span class='ocrx_word' id='word_1_536' title='bbox 2434 3467 2538 3521; x_wconf 90' lang='lat' dir='ltr'><strong>hus</strong></span> <span class='ocrx_word' id='word_1_537' title='bbox 2570 3475 2762 3535; x_wconf 88' lang='lat' dir='ltr'><strong>captus</strong></span> <span class='ocrx_word' id='word_1_538' title='bbox 2786 3465 2890 3529; x_wconf 93' lang='lat' dir='ltr'><strong>sit;</strong></span> <span class='ocrx_word' id='word_1_539' title='bbox 2931 3464 3025 3532; x_wconf 91' lang='lat' dir='ltr'><strong>qui</strong></span> <span class='ocrx_word' id='word_1_540' title='bbox 3056 3462 3240 3516; x_wconf 90' lang='lat' dir='ltr'><strong>obitus</strong></span> <span class='ocrx_word' id='word_1_541' title='bbox 3268 3461 3416 3526; x_wconf 85' lang='lat' dir='ltr'><strong>Arii;</strong></span> <span class='ocrx_word' id='word_1_542' title='bbox 3441 3460 3533 3529; x_wconf 92' lang='lat' dir='ltr'><strong>qui</strong></span> <span class='ocrx_word' id='word_1_543' title='bbox 3562 3468 3618 3513; x_wconf 93' lang='lat' dir='ltr'><strong>et</strong></span> <span class='ocrx_word' id='word_1_544' title='bbox 3648 3474 3878 3528; x_wconf 90' lang='lat' dir='ltr'><strong>quarum</strong></span> <span class='ocrx_word' id='word_1_545' title='bbox 3907 3458 4014 3512; x_wconf 88' lang='lat' dir='ltr'><strong>Ec-</strong></span> 
     </span>
    </p>
   </div>
   <div class='ocr_carea' id='block_1_78' title="bbox 2436 3548 4010 3623">
    <p class='ocr_par' dir='ltr' id='par_1_78' title="bbox 2436 3548 4010 3623">
     <span class='ocr_line' id='line_1_78' title="bbox 2436 3548 4010 3623; baseline -0.008 -13"><span class='ocrx_word' id='word_1_546' title='bbox 2436 3557 2724 3610; x_wconf 90' lang='lat' dir='ltr'><strong>clesiarum</strong></span> <span class='ocrx_word' id='word_1_547' title='bbox 2753 3554 2994 3623; x_wconf 85' lang='lat' dir='ltr'><strong>episcopi</strong></span> <span class='ocrx_word' id='word_1_548' title='bbox 3016 3552 3230 3605; x_wconf 88' lang='lat' dir='ltr'><strong>Arianis</strong></span> <span class='ocrx_word' id='word_1_549' title='bbox 3263 3550 3516 3613; x_wconf 89' lang='lat' dir='ltr'><strong>faverint,</strong></span> <span class='ocrx_word' id='word_1_550' title='bbox 3546 3557 3640 3602; x_wconf 89' lang='lat' dir='ltr'><strong>aut</strong></span> <span class='ocrx_word' id='word_1_551' title='bbox 3664 3548 4010 3611; x_wconf 88' lang='lat' dir='ltr'><strong>obstiterint;</strong></span> 
     </span>
    </p>
   </div>
   <div class='ocr_carea' id='block_1_79' title="bbox 2438 3638 4013 3717">
    <p class='ocr_par' dir='ltr' id='par_1_79' title="bbox 2438 3638 4013 3717">
     <span class='ocr_line' id='line_1_79' title="bbox 2438 3638 4013 3717; baseline -0.006 -17"><span class='ocrx_word' id='word_1_552' title='bbox 2438 3656 2641 3717; x_wconf 86' lang='lat' dir='ltr'><strong>quanta</strong></span> <span class='ocrx_word' id='word_1_553' title='bbox 2677 3661 2867 3715; x_wconf 90' lang='lat' dir='ltr'><strong>passus</strong></span> <span class='ocrx_word' id='word_1_554' title='bbox 2894 3644 3223 3698; x_wconf 83' lang='lat' dir='ltr'><strong>Athanasius</strong></span> <span class='ocrx_word' id='word_1_555' title='bbox 3247 3683 3260 3705; x_wconf 90' lang='lat'><strong>,</strong></span> <span class='ocrx_word' id='word_1_556' title='bbox 3301 3642 3369 3695; x_wconf 91' lang='lat' dir='ltr'><strong>ab</strong></span> <span class='ocrx_word' id='word_1_557' title='bbox 3397 3641 3518 3711; x_wconf 91' lang='lat' dir='ltr'><strong>ipso</strong></span> <span class='ocrx_word' id='word_1_558' title='bbox 3545 3641 3710 3694; x_wconf 89' lang='lat' dir='ltr'><strong>etiam</strong></span> <span class='ocrx_word' id='word_1_559' title='bbox 3740 3638 4013 3693; x_wconf 80' lang='lat' dir='ltr'><strong>Constan-</strong></span> 
     </span>
    </p>
   </div>
   <div class='ocr_carea' id='block_1_80' title="bbox 2439 3728 4014 3805">
    <p class='ocr_par' dir='ltr' id='par_1_80' title="bbox 2439 3728 4014 3805">
     <span class='ocr_line' id='line_1_80' title="bbox 2439 3728 4014 3805; baseline -0.006 -16"><span class='ocrx_word' id='word_1_560' title='bbox 2439 3736 2575 3799; x_wconf 91' lang='lat' dir='ltr'><strong>tino,</strong></span> <span class='ocrx_word' id='word_1_561' title='bbox 2621 3751 2723 3805; x_wconf 89' lang='lat' dir='ltr'><strong>pro</strong></span> <span class='ocrx_word' id='word_1_562' title='bbox 2751 3733 2915 3790; x_wconf 83' lang='lat' dir='ltr'><strong>Verbi</strong></span> <span class='ocrx_word' id='word_1_563' title='bbox 2943 3733 3258 3797; x_wconf 90' lang='lat' dir='ltr'><strong>divinitate;</strong></span> <span class='ocrx_word' id='word_1_564' title='bbox 3299 3746 3421 3800; x_wconf 62' lang='lat' dir='ltr'><strong>qua;</strong></span> <span class='ocrx_word' id='word_1_565' title='bbox 3470 3729 3523 3781; x_wconf 92' lang='lat' dir='ltr'><strong>in</strong></span> <span class='ocrx_word' id='word_1_566' title='bbox 3551 3728 3739 3781; x_wconf 83' lang='lat' dir='ltr'><strong>exsilia</strong></span> <span class='ocrx_word' id='word_1_567' title='bbox 3762 3728 4014 3796; x_wconf 87' lang='lat' dir='ltr'><strong>ejectus;</strong></span> 
     </span>
    </p>
   </div>
   <div class='ocr_carea' id='block_1_81' title="bbox 2438 3818 4017 3896">
    <p class='ocr_par' dir='ltr' id='par_1_81' title="bbox 2438 3818 4017 3896">
     <span class='ocr_line' id='line_1_81' title="bbox 2438 3818 4017 3896; baseline -0.006 -17"><span class='ocrx_word' id='word_1_568' title='bbox 2438 3842 2602 3896; x_wconf 89' lang='lat' dir='ltr'><strong>quam</strong></span> <span class='ocrx_word' id='word_1_569' title='bbox 2620 3827 2779 3896; x_wconf 74' lang='lat'><strong>233</strong></span> <span class='ocrx_word' id='word_1_570' title='bbox 2800 3826 2887 3895; x_wconf 89' lang='lat' dir='ltr'><strong>pie</strong></span> <span class='ocrx_word' id='word_1_571' title='bbox 2904 3824 3295 3879; x_wconf 90' lang='lat' dir='ltr'><strong>Constantinus</strong></span> <span class='ocrx_word' id='word_1_572' title='bbox 3311 3820 3529 3876; x_wconf 91' lang='lat' dir='ltr'><strong>obierit.</strong></span> <span class='ocrx_word' id='word_1_573' title='bbox 3552 3819 3730 3887; x_wconf 84' lang='lat' dir='ltr'><strong>Atque</strong></span> <span class='ocrx_word' id='word_1_574' title='bbox 3746 3818 3863 3870; x_wconf 78' lang='lat' dir='ltr'><strong>haec</strong></span> <span class='ocrx_word' id='word_1_575' title='bbox 3882 3831 4017 3886; x_wconf 82' lang='lat' dir='ltr'><strong>syn-</strong></span> 
     </span>
    </p>
   </div>
   <div class='ocr_carea' id='block_1_82' title="bbox 2440 3918 2963 3990">
    <p class='ocr_par' dir='ltr' id='par_1_82' title="bbox 2440 3918 2963 3990">
     <span class='ocr_line' id='line_1_82' title="bbox 2440 3918 2963 3990; baseline -0.01 -15"><span class='ocrx_word' id='word_1_576' title='bbox 2440 3921 2588 3990; x_wconf 90' lang='lat' dir='ltr'><strong>opsis</strong></span> <span class='ocrx_word' id='word_1_577' title='bbox 2621 3919 2745 3972; x_wconf 91' lang='lat' dir='ltr'><strong>libri</strong></span> <span class='ocrx_word' id='word_1_578' title='bbox 2782 3918 2963 3988; x_wconf 89' lang='lat' dir='ltr'><strong>primi.</strong></span> 
     </span>
    </p>
   </div>
   <div class='ocr_carea' id='block_1_83' title="bbox 2517 4022 4016 4089">
    <p class='ocr_par' dir='ltr' id='par_1_83' title="bbox 2517 4022 4016 4089">
     <span class='ocr_line' id='line_1_83' title="bbox 2517 4022 4016 4089; baseline -0.01 0"><span class='ocrx_word' id='word_1_579' title='bbox 2517 4034 2700 4089; x_wconf 65' lang='lat' dir='ltr'><strong>XXIII.</strong></span> <span class='ocrx_word' id='word_1_580' title='bbox 2740 4032 3026 4087; x_wconf 89' lang='lat' dir='ltr'><strong>Secundus</strong></span> <span class='ocrx_word' id='word_1_581' title='bbox 3066 4030 3310 4085; x_wconf 91' lang='lat' dir='ltr'><strong>continet</strong></span> <span class='ocrx_word' id='word_1_582' title='bbox 3350 4027 3426 4081; x_wconf 88' lang='lat' dir='ltr'><strong>rei</strong></span> <span class='ocrx_word' id='word_1_583' title='bbox 3466 4027 3681 4082; x_wconf 61' lang='lat' dir='ltr'><strong>Arianae</strong></span> <span class='ocrx_word' id='word_1_584' title='bbox 3722 4022 4016 4079; x_wconf 88' lang='lat' dir='ltr'><strong>historiam</strong></span> 
     </span>
    </p>
   </div>
   <div class='ocr_carea' id='block_1_84' title="bbox 2443 4112 4017 4185">
    <p class='ocr_par' dir='ltr' id='par_1_84' title="bbox 2443 4112 4017 4185">
     <span class='ocr_line' id='line_1_84' title="bbox 2443 4112 4017 4185; baseline -0.01 -6"><span class='ocrx_word' id='word_1_585' title='bbox 2443 4126 2545 4180; x_wconf 91' lang='lat' dir='ltr'><strong>sub</strong></span> <span class='ocrx_word' id='word_1_586' title='bbox 2582 4123 2906 4179; x_wconf 88' lang='lat' dir='ltr'><strong>Constantio</strong></span> <span class='ocrx_word' id='word_1_587' title='bbox 2949 4138 2961 4174; x_wconf 92' lang='lat'><strong>:</strong></span> <span class='ocrx_word' id='word_1_588' title='bbox 3000 4129 3254 4174; x_wconf 89' lang='lat' dir='ltr'><strong>narratur</strong></span> <span class='ocrx_word' id='word_1_589' title='bbox 3295 4120 3441 4173; x_wconf 90' lang='lat' dir='ltr'><strong>enim</strong></span> <span class='ocrx_word' id='word_1_590' title='bbox 3479 4116 3690 4185; x_wconf 87' lang='lat' dir='ltr'><strong>primus</strong></span> <span class='ocrx_word' id='word_1_591' title='bbox 3730 4112 4017 4168; x_wconf 79' lang='lat' dir='ltr'><strong>Athanasii</strong></span> 
     </span>
    </p>
   </div>
   <div class='ocr_carea' id='block_1_85' title="bbox 2443 4204 4021 4272">
    <p class='ocr_par' dir='ltr' id='par_1_85' title="bbox 2443 4204 4021 4272">
     <span class='ocr_line' id='line_1_85' title="bbox 2443 4204 4021 4272; baseline -0.008 -3"><span class='ocrx_word' id='word_1_592' title='bbox 2443 4213 2828 4269; x_wconf 82' lang='lat' dir='ltr'><strong>Alexandriam</strong></span> <span class='ocrx_word' id='word_1_593' title='bbox 2857 4228 2887 4267; x_wconf 90' lang='lat' dir='ltr'><strong>e</strong></span> <span class='ocrx_word' id='word_1_594' title='bbox 2921 4211 3111 4267; x_wconf 86' lang='lat' dir='ltr'><strong>Galliis</strong></span> <span class='ocrx_word' id='word_1_595' title='bbox 3154 4210 3383 4272; x_wconf 85' lang='lat' dir='ltr'><strong>reditus,</strong></span> <span class='ocrx_word' id='word_1_596' title='bbox 3430 4216 3545 4261; x_wconf 91' lang='lat' dir='ltr'><strong>tum</strong></span> <span class='ocrx_word' id='word_1_597' title='bbox 3580 4205 3884 4261; x_wconf 82' lang='lat' dir='ltr'><strong>Constantii</strong></span> <span class='ocrx_word' id='word_1_598' title='bbox 3915 4204 4021 4256; x_wconf 81' lang='lat' dir='ltr'><strong>im-</strong></span> 
     </span>
    </p>
   </div>
   <div class='ocr_carea' id='block_1_86' title="bbox 2443 4294 4021 4373">
    <p class='ocr_par' dir='ltr' id='par_1_86' title="bbox 2443 4294 4021 4373">
     <span class='ocr_line' id='line_1_86' title="bbox 2443 4294 4021 4373; baseline -0.007 -16"><span class='ocrx_word' id='word_1_599' title='bbox 2443 4304 2715 4373; x_wconf 91' lang='lat' dir='ltr'><strong>peratoris</strong></span> <span class='ocrx_word' id='word_1_600' title='bbox 2748 4302 2982 4357; x_wconf 89' lang='lat' dir='ltr'><strong>defectio</strong></span> <span class='ocrx_word' id='word_1_601' title='bbox 3022 4317 3051 4355; x_wconf 91' lang='lat' dir='ltr'><strong>a</strong></span> <span class='ocrx_word' id='word_1_602' title='bbox 3086 4300 3191 4354; x_wconf 84' lang='lat' dir='ltr'><strong>fide</strong></span> <span class='ocrx_word' id='word_1_603' title='bbox 3225 4298 3524 4359; x_wconf 87' lang='lat' dir='ltr'><strong>catholica,</strong></span> <span class='ocrx_word' id='word_1_604' title='bbox 3565 4296 3807 4351; x_wconf 89' lang='lat' dir='ltr'><strong>secunda</strong></span> <span class='ocrx_word' id='word_1_605' title='bbox 3842 4294 4021 4348; x_wconf 78' lang='lat' dir='ltr'><strong>Atha-</strong></span> 
     </span>
    </p>
   </div>
   <div class='ocr_carea' id='block_1_87' title="bbox 2446 4387 4022 4462">
    <p class='ocr_par' dir='ltr' id='par_1_87' title="bbox 2446 4387 4022 4462">
     <span class='ocr_line' id='line_1_87' title="bbox 2446 4387 4022 4462; baseline -0.006 -15"><span class='ocrx_word' id='word_1_606' title='bbox 2446 4394 2581 4448; x_wconf 90' lang='lat' dir='ltr'><strong>nasii</strong></span> <span class='ocrx_word' id='word_1_607' title='bbox 2619 4394 2899 4462; x_wconf 81' lang='lat' dir='ltr'><strong>relegatio,</strong></span> <span class='ocrx_word' id='word_1_608' title='bbox 2926 4393 3189 4461; x_wconf 89' lang='lat' dir='ltr'><strong>Paulique</strong></span> <span class='ocrx_word' id='word_1_609' title='bbox 3208 4387 3798 4457; x_wconf 88' lang='lat' dir='ltr'><strong>Constantinopolitani</strong></span> <span class='ocrx_word' id='word_1_610' title='bbox 3820 4388 4022 4457; x_wconf 85' lang='lat' dir='ltr'><strong>ejectio</strong></span> 
     </span>
    </p>
   </div>
   <div class='ocr_carea' id='block_1_88' title="bbox 2448 4476 4023 4549">
    <p class='ocr_par' dir='ltr' id='par_1_88' title="bbox 2448 4476 4023 4549">
     <span class='ocr_line' id='line_1_88' title="bbox 2448 4476 4023 4549; baseline -0.004 -14"><span class='ocrx_word' id='word_1_611' title='bbox 2448 4483 2501 4535; x_wconf 85' lang='lat' dir='ltr'><strong>in</strong></span> <span class='ocrx_word' id='word_1_612' title='bbox 2521 4484 2713 4536; x_wconf 90' lang='lat' dir='ltr'><strong>urbem</strong></span> <span class='ocrx_word' id='word_1_613' title='bbox 2734 4482 3014 4535; x_wconf 91' lang='lat' dir='ltr'><strong>Cucusum</strong></span> <span class='ocrx_word' id='word_1_614' title='bbox 3050 4498 3062 4532; x_wconf 91' lang='lat'><strong>:</strong></span> <span class='ocrx_word' id='word_1_615' title='bbox 3092 4488 3279 4549; x_wconf 89' lang='lat' dir='ltr'><strong>postea</strong></span> <span class='ocrx_word' id='word_1_616' title='bbox 3303 4477 3602 4532; x_wconf 85' lang='lat' dir='ltr'><strong>Macedonii</strong></span> <span class='ocrx_word' id='word_1_617' title='bbox 3624 4476 3871 4537; x_wconf 65' lang='lat' dir='ltr'><strong>haeresis,</strong></span> <span class='ocrx_word' id='word_1_618' title='bbox 3896 4491 4023 4545; x_wconf 69' lang='lat' dir='ltr'><strong>qua:</strong></span> 
     </span>
    </p>
   </div>
   <div class='ocr_carea' id='block_1_89' title="bbox 775 4549 4021 4648">
    <p class='ocr_par' dir='ltr' id='par_1_89' title="bbox 775 4549 4021 4648">
     <span class='ocr_line' id='line_1_89' title="bbox 775 4549 4021 4648; baseline -0.004 -18"><span class='ocrx_word' id='word_1_619' title='bbox 775 4594 909 4648; x_wconf 89' lang='lat' dir='ltr'><strong>pore</strong></span> <span class='ocrx_word' id='word_1_620' title='bbox 934 4590 1155 4645; x_wconf 89' lang='lat' dir='ltr'><strong>serpere</strong></span> <span class='ocrx_word' id='word_1_621' title='bbox 1180 4573 1427 4643; x_wconf 88' lang='lat' dir='ltr'><strong>putabat,</strong></span> <span class='ocrx_word' id='word_1_622' title='bbox 1463 4572 1633 4642; x_wconf 88' lang='lat' dir='ltr'><strong>ipsius</strong></span> <span class='ocrx_word' id='word_1_623' title='bbox 1659 4569 2005 4639; x_wconf 84' lang='lat' dir='ltr'><strong>propagines,</strong></span> <span class='ocrx_word' id='word_1_624' title='bbox 2033 4568 2085 4621; x_wconf 90' lang='lat' dir='ltr'><strong>id</strong></span> <span class='ocrx_word' id='word_1_625' title='bbox 2110 4579 2213 4631; x_wconf 89' lang='lat' dir='ltr'><strong>est,</strong></span> <span class='ocrx_word' id='word_1_626' title='bbox 2251 4568 2345 4620; x_wconf 85' lang='lat' dir='ltr'><strong>de-</strong></span> <span class='ocrx_word' id='word_1_627' title='bbox 2379 4549 2421 4603; x_wconf 76' lang='grc' dir='ltr'><strong>ί)</strong></span> <span class='ocrx_word' id='word_1_628' title='bbox 2449 4572 2661 4625; x_wconf 66' lang='lat' dir='ltr'><strong>Arianae</strong></span> <span class='ocrx_word' id='word_1_629' title='bbox 2686 4570 2920 4633; x_wconf 87' lang='lat' dir='ltr'><strong>soboles,</strong></span> <span class='ocrx_word' id='word_1_630' title='bbox 2944 4578 3167 4623; x_wconf 85' lang='lat' dir='ltr'><strong>exortus</strong></span> <span class='ocrx_word' id='word_1_631' title='bbox 3192 4586 3206 4634; x_wconf 90' lang='lat'><strong>;</strong></span> <span class='ocrx_word' id='word_1_632' title='bbox 3235 4584 3352 4637; x_wconf 65' lang='lat' dir='ltr'><strong>quae</strong></span> <span class='ocrx_word' id='word_1_633' title='bbox 3375 4567 3426 4619; x_wconf 91' lang='lat' dir='ltr'><strong>in</strong></span> <span class='ocrx_word' id='word_1_634' title='bbox 3446 4565 3680 4619; x_wconf 89' lang='lat' dir='ltr'><strong>concilio</strong></span> <span class='ocrx_word' id='word_1_635' title='bbox 3702 4563 4021 4617; x_wconf 88' lang='lat' dir='ltr'><strong>Sardicensi</strong></span> 
     </span>
    </p>
   </div>
   <div class='ocr_carea' id='block_1_90' title="bbox 777 4661 2341 4732">
    <p class='ocr_par' dir='ltr' id='par_1_90' title="bbox 777 4661 2341 4732">
     <span class='ocr_line' id='line_1_90' title="bbox 777 4661 2341 4732; baseline -0.006 -9"><span class='ocrx_word' id='word_1_636' title='bbox 777 4680 1085 4725; x_wconf 90' lang='lat' dir='ltr'><strong>monstrare</strong></span> <span class='ocrx_word' id='word_1_637' title='bbox 1119 4668 1172 4721; x_wconf 85' lang='lat' dir='ltr'><strong>in</strong></span> <span class='ocrx_word' id='word_1_638' title='bbox 1198 4667 1348 4731; x_wconf 86' lang='lat' dir='ltr'><strong>Ario,</strong></span> <span class='ocrx_word' id='word_1_639' title='bbox 1374 4665 1664 4727; x_wconf 88' lang='lat' dir='ltr'><strong>Eunomio,</strong></span> <span class='ocrx_word' id='word_1_640' title='bbox 1712 4664 2044 4732; x_wconf 88' lang='lat' dir='ltr'><strong>Apollinario</strong></span> <span class='ocrx_word' id='word_1_641' title='bbox 2081 4670 2136 4715; x_wconf 91' lang='lat' dir='ltr'><strong>et</strong></span> <span class='ocrx_word' id='word_1_642' title='bbox 2166 4661 2341 4715; x_wconf 81' lang='lat' dir='ltr'><strong>Mace-</strong></span> 
     </span>
    </p>
   </div>
   <div class='ocr_carea' id='block_1_91' title="bbox 776 4752 2347 4825">
    <p class='ocr_par' dir='ltr' id='par_1_91' title="bbox 776 4752 2347 4825">
     <span class='ocr_line' id='line_1_91' title="bbox 776 4752 2347 4825; baseline -0.008 -10"><span class='ocrx_word' id='word_1_643' title='bbox 776 4761 963 4817; x_wconf 88' lang='lat' dir='ltr'><strong>donio.</strong></span> <span class='ocrx_word' id='word_1_644' title='bbox 992 4759 1142 4813; x_wconf 89' lang='lat' dir='ltr'><strong>velut</strong></span> <span class='ocrx_word' id='word_1_645' title='bbox 1174 4756 1229 4812; x_wconf 87' lang='lat' dir='ltr'><strong>in</strong></span> <span class='ocrx_word' id='word_1_646' title='bbox 1265 4756 1602 4825; x_wconf 89' lang='lat' dir='ltr'><strong>parentibus,</strong></span> <span class='ocrx_word' id='word_1_647' title='bbox 1650 4755 1913 4825; x_wconf 84' lang='lat' dir='ltr'><strong>Cyrillum</strong></span> <span class='ocrx_word' id='word_1_648' title='bbox 1944 4763 1999 4807; x_wconf 90' lang='lat' dir='ltr'><strong>et</strong></span> <span class='ocrx_word' id='word_1_649' title='bbox 2035 4752 2347 4825; x_wconf 82' lang='lat' dir='ltr'><strong>Catltolicos</strong></span> 
     </span>
    </p>
   </div>
   <div class='ocr_carea' id='block_1_92' title="bbox 778 4842 2344 4912">
    <p class='ocr_par' dir='ltr' id='par_1_92' title="bbox 778 4842 2344 4912">
     <span class='ocr_line' id='line_1_92' title="bbox 778 4842 2344 4912; baseline -0.006 -8"><span class='ocrx_word' id='word_1_650' title='bbox 778 4851 1001 4904; x_wconf 88' lang='lat' dir='ltr'><strong>unionis</strong></span> <span class='ocrx_word' id='word_1_651' title='bbox 1030 4847 1405 4901; x_wconf 90' lang='lat' dir='ltr'><strong>substantialis</strong></span> <span class='ocrx_word' id='word_1_652' title='bbox 1450 4845 1789 4909; x_wconf 86' lang='lat' dir='ltr'><strong>defensores,</strong></span> <span class='ocrx_word' id='word_1_653' title='bbox 1831 4859 1968 4912; x_wconf 90' lang='lat' dir='ltr'><strong>quos</strong></span> <span class='ocrx_word' id='word_1_654' title='bbox 2005 4842 2344 4906; x_wconf 88' lang='lat' dir='ltr'><strong>traducebat,</strong></span> 
     </span>
    </p>
   </div>
   <div class='ocr_carea' id='block_1_93' title="bbox 778 4932 2349 5008">
    <p class='ocr_par' dir='ltr' id='par_1_93' title="bbox 778 4932 2349 5008">
     <span class='ocr_line' id='line_1_93' title="bbox 778 4932 2349 5008; baseline -0.006 -12"><span class='ocrx_word' id='word_1_655' title='bbox 778 4943 930 4996; x_wconf 88' lang='lat' dir='ltr'><strong>velut</strong></span> <span class='ocrx_word' id='word_1_656' title='bbox 967 4937 1234 5008; x_wconf 78' lang='lat' dir='ltr'><strong>eiusmodi</strong></span> <span class='ocrx_word' id='word_1_657' title='bbox 1286 4938 1522 5007; x_wconf 90' lang='lat' dir='ltr'><strong>pestium</strong></span> <span class='ocrx_word' id='word_1_658' title='bbox 1574 4936 1715 4990; x_wconf 87' lang='lat' dir='ltr'><strong>filios</strong></span> <span class='ocrx_word' id='word_1_659' title='bbox 1766 4947 1861 4990; x_wconf 91' lang='lat' dir='ltr'><strong>aut</strong></span> <span class='ocrx_word' id='word_1_660' title='bbox 1897 4942 2145 5003; x_wconf 89' lang='lat' dir='ltr'><strong>nepotes.</strong></span> <span class='ocrx_word' id='word_1_661' title='bbox 2205 4932 2349 4997; x_wconf 86' lang='lat' dir='ltr'><strong>Quid</strong></span> 
     </span>
    </p>
   </div>
   <div class='ocr_carea' id='block_1_94' title="bbox 2451 4654 4023 4731">
    <p class='ocr_par' dir='ltr' id='par_1_94' title="bbox 2451 4654 4023 4731">
     <span class='ocr_line' id='line_1_94' title="bbox 2451 4654 4023 4731; baseline -0.006 -15"><span class='ocrx_word' id='word_1_662' title='bbox 2451 4675 2597 4731; x_wconf 76' lang='lat' dir='ltr'><strong>gesta</strong></span> <span class='ocrx_word' id='word_1_663' title='bbox 2627 4663 2759 4725; x_wconf 87' lang='lat' dir='ltr'><strong>sint;</strong></span> <span class='ocrx_word' id='word_1_664' title='bbox 2791 4662 2923 4730; x_wconf 90' lang='lat' dir='ltr'><strong>quid</strong></span> <span class='ocrx_word' id='word_1_665' title='bbox 2945 4660 3247 4714; x_wconf 66' lang='lat' dir='ltr'><strong>Antiochiae</strong></span> <span class='ocrx_word' id='word_1_666' title='bbox 3267 4657 3452 4711; x_wconf 88' lang='lat' dir='ltr'><strong>Ariani</strong></span> <span class='ocrx_word' id='word_1_667' title='bbox 3482 4655 3745 4709; x_wconf 87' lang='lat' dir='ltr'><strong>adversus</strong></span> <span class='ocrx_word' id='word_1_668' title='bbox 3768 4654 4023 4723; x_wconf 88' lang='lat' dir='ltr'><strong>Euphra-</strong></span> 
     </span>
    </p>
   </div>
   <div class='ocr_carea' id='block_1_95' title="bbox 2454 4739 4027 4812">
    <p class='ocr_par' dir='ltr' id='par_1_95' title="bbox 2454 4739 4027 4812">
     <span class='ocr_line' id='line_1_95' title="bbox 2454 4739 4027 4812; baseline -0.008 -8"><span class='ocrx_word' id='word_1_669' title='bbox 2454 4762 2569 4804; x_wconf 90' lang='lat' dir='ltr'><strong>tum</strong></span> <span class='ocrx_word' id='word_1_670' title='bbox 2616 4761 2671 4804; x_wconf 86' lang='lat' dir='ltr'><strong>et</strong></span> <span class='ocrx_word' id='word_1_671' title='bbox 2723 4750 3069 4804; x_wconf 88' lang='lat' dir='ltr'><strong>Vincentium</strong></span> <span class='ocrx_word' id='word_1_672' title='bbox 3114 4745 3322 4809; x_wconf 90' lang='lat' dir='ltr'><strong>moliti;</strong></span> <span class='ocrx_word' id='word_1_673' title='bbox 3391 4741 3667 4812; x_wconf 92' lang='lat' dir='ltr'><strong>quomodo</strong></span> <span class='ocrx_word' id='word_1_674' title='bbox 3710 4739 4027 4809; x_wconf 88' lang='lat' dir='ltr'><strong>Stephanus</strong></span> 
     </span>
    </p>
   </div>
   <div class='ocr_carea' id='block_1_96' title="bbox 2456 4830 4030 4905">
    <p class='ocr_par' dir='ltr' id='par_1_96' title="bbox 2456 4830 4030 4905">
     <span class='ocr_line' id='line_1_96' title="bbox 2456 4830 4030 4905; baseline -0.008 -10"><span class='ocrx_word' id='word_1_675' title='bbox 2456 4841 2831 4895; x_wconf 86' lang='lat' dir='ltr'><strong>Antiochcnus</strong></span> <span class='ocrx_word' id='word_1_676' title='bbox 2875 4839 3109 4893; x_wconf 86' lang='lat' dir='ltr'><strong>Arianus</strong></span> <span class='ocrx_word' id='word_1_677' title='bbox 3142 4836 3420 4905; x_wconf 78' lang='lat' dir='ltr'><strong>dejeCtus;</strong></span> <span class='ocrx_word' id='word_1_678' title='bbox 3468 4831 3746 4902; x_wconf 88' lang='lat' dir='ltr'><strong>quomodo</strong></span> <span class='ocrx_word' id='word_1_679' title='bbox 3782 4830 4030 4884; x_wconf 86' lang='lat' dir='ltr'><strong>Athana-</strong></span> 
     </span>
    </p>
   </div>
   <div class='ocr_carea' id='block_1_97' title="bbox 2458 4922 4030 4990">
    <p class='ocr_par' dir='ltr' id='par_1_97' title="bbox 2458 4922 4030 4990">
     <span class='ocr_line' id='line_1_97' title="bbox 2458 4922 4030 4990; baseline -0.006 -5"><span class='ocrx_word' id='word_1_680' title='bbox 2458 4934 2575 4986; x_wconf 86' lang='lat' dir='ltr'><strong>sius</strong></span> <span class='ocrx_word' id='word_1_681' title='bbox 2605 4933 2801 4985; x_wconf 88' lang='lat' dir='ltr'><strong>iterum</strong></span> <span class='ocrx_word' id='word_1_682' title='bbox 2833 4930 3061 4984; x_wconf 89' lang='lat' dir='ltr'><strong>redierit</strong></span> <span class='ocrx_word' id='word_1_683' title='bbox 3095 4928 3162 4982; x_wconf 90' lang='lat' dir='ltr'><strong>ab</strong></span> <span class='ocrx_word' id='word_1_684' title='bbox 3201 4926 3426 4987; x_wconf 82' lang='lat' dir='ltr'><strong>exsilio,</strong></span> <span class='ocrx_word' id='word_1_685' title='bbox 3472 4934 3529 4978; x_wconf 92' lang='lat' dir='ltr'><strong>et</strong></span> <span class='ocrx_word' id='word_1_686' title='bbox 3560 4923 3783 4978; x_wconf 89' lang='lat' dir='ltr'><strong>tertium</strong></span> <span class='ocrx_word' id='word_1_687' title='bbox 3813 4922 4030 4990; x_wconf 83' lang='lat' dir='ltr'><strong>ejectus</strong></span> 
     </span>
    </p>
   </div>
   <div class='ocr_carea' id='block_1_98' title="bbox 2116 5099 2708 5156">
    <p class='ocr_par' dir='ltr' id='par_1_98' title="bbox 2116 5099 2708 5156">
     <span class='ocr_line' id='line_1_98' title="bbox 2116 5099 2708 5156; baseline -0.002 0"><span class='ocrx_word' id='word_1_688' title='bbox 2116 5099 2435 5156; x_wconf 85' lang='lat' dir='ltr'><strong>SCHULZII</strong></span> <span class='ocrx_word' id='word_1_689' title='bbox 2474 5100 2708 5155; x_wconf 69' lang='lat' dir='ltr'><strong>NOTAE.</strong></span> 
     </span>
    </p>
   </div>
   <div class='ocr_carea' id='block_1_99' title="bbox 854 5234 3420 5315">
    <p class='ocr_par' dir='ltr' id='par_1_99' title="bbox 854 5234 3420 5315">
     <span class='ocr_line' id='line_1_99' title="bbox 854 5234 3420 5315; baseline -0.007 -9"><span class='ocrx_word' id='word_1_690' title='bbox 854 5253 995 5306; x_wconf 69' lang='lat' dir='ltr'><strong>“Ita</strong></span> <span class='ocrx_word' id='word_1_691' title='bbox 1032 5251 1330 5305; x_wconf 87' lang='lat' dir='ltr'><strong>Gamerius</strong></span> <span class='ocrx_word' id='word_1_692' title='bbox 1350 5244 1600 5315; x_wconf 76' lang='lat' dir='ltr'><strong>praeludit</strong></span> <span class='ocrx_word' id='word_1_693' title='bbox 1623 5240 1933 5315; x_wconf 79' lang='lat' dir='ltr'><strong>ltypothesi,</strong></span> <span class='ocrx_word' id='word_1_694' title='bbox 1965 5257 2126 5309; x_wconf 90' lang='lat' dir='ltr'><strong>quam</strong></span> <span class='ocrx_word' id='word_1_695' title='bbox 2158 5242 2185 5308; x_wconf 62' lang='grc' dir='ltr'>ᾗ</span> <span class='ocrx_word' id='word_1_696' title='bbox 2227 5242 2292 5315; x_wconf 65' lang='lat' dir='ltr'><strong>I9</strong></span> <span class='ocrx_word' id='word_1_697' title='bbox 2317 5252 2371 5315; x_wconf 72' lang='lat' dir='ltr'><strong>et</strong></span> <span class='ocrx_word' id='word_1_698' title='bbox 2407 5240 2505 5315; x_wconf 73' lang='lat'><strong>20,</strong></span> <span class='ocrx_word' id='word_1_699' title='bbox 2551 5252 2877 5315; x_wconf 73' lang='lat' dir='ltr'><strong>expromere</strong></span> <span class='ocrx_word' id='word_1_700' title='bbox 2920 5236 3065 5315; x_wconf 79' lang='lat' dir='ltr'><strong>haud</strong></span> <span class='ocrx_word' id='word_1_701' title='bbox 3130 5234 3420 5315; x_wconf 62' lang='lat' dir='ltr'><strong>dubitavit.</strong></span> 
     </span>
    </p>
   </div>
   <div class='ocr_carea' id='block_1_100' title="bbox 3520 5227 4035 5285">
    <p class='ocr_par' dir='ltr' id='par_1_100' title="bbox 3520 5227 4035 5285">
     <span class='ocr_line' id='line_1_100' title="bbox 3520 5227 4035 5285; baseline -0.012 0"><span class='ocrx_word' id='word_1_702' title='bbox 3520 5233 3565 5264; x_wconf 79' lang='grc'>⁸⁸</span> <span class='ocrx_word' id='word_1_703' title='bbox 3594 5230 3704 5285; x_wconf 87' lang='lat' dir='ltr'><strong>Soli</strong></span> <span class='ocrx_word' id='word_1_704' title='bbox 3758 5227 4035 5283; x_wconf 81' lang='lat' dir='ltr'><strong>Camerio</strong></span> 
     </span>
    </p>
   </div>
   <div class='ocr_carea' id='block_1_101' title="bbox 786 5298 4035 5387">
    <p class='ocr_par' dir='ltr' id='par_1_101' title="bbox 786 5298 4035 5387">
     <span class='ocr_line' id='line_1_101' title="bbox 786 5298 4035 5387; baseline -0.009 -10"><span class='ocrx_word' id='word_1_705' title='bbox 786 5324 870 5377; x_wconf 74' lang='lat' dir='ltr'><strong>ha:</strong></span> <span class='ocrx_word' id='word_1_706' title='bbox 893 5322 1180 5375; x_wconf 80' lang='lat' dir='ltr'><strong>levissimae</strong></span> <span class='ocrx_word' id='word_1_707' title='bbox 1207 5298 1623 5387; x_wconf 8' lang='lat' dir='ltr'><strong>conjercturtegse</strong></span> <span class='ocrx_word' id='word_1_708' title='bbox 1645 5298 1879 5383; x_wconf 61' lang='lat' dir='ltr'><strong>probare</strong></span> <span class='ocrx_word' id='word_1_709' title='bbox 1901 5298 2216 5387; x_wconf 68' lang='lat' dir='ltr'><strong>potuerunt.</strong></span> <span class='ocrx_word' id='word_1_710' title='bbox 2252 5312 2296 5387; x_wconf 59' lang='grc' dir='ltr'><strong>’λέ</strong></span> <span class='ocrx_word' id='word_1_711' title='bbox 2317 5298 2544 5387; x_wconf 68' lang='lat' dir='ltr'><strong>Somnia</strong></span> <span class='ocrx_word' id='word_1_712' title='bbox 2563 5298 2677 5387; x_wconf 67' lang='lat' dir='ltr'><strong>haec</strong></span> <span class='ocrx_word' id='word_1_713' title='bbox 2706 5307 3284 5387; x_wconf 36' lang='lat' dir='ltr'><strong>d_i15‘eris_pot_iu_s.quam</strong></span> <span class='ocrx_word' id='word_1_714' title='bbox 3302 5307 3641 5387; x_wconf 76' lang='lat' dir='ltr'><strong>conjecturas</strong></span> <span class='ocrx_word' id='word_1_715' title='bbox 3666 5300 3784 5387; x_wconf 44' lang='lat' dir='ltr'><strong>viri)</strong></span> <span class='ocrx_word' id='word_1_716' title='bbox 3808 5298 4035 5351; x_wconf 84' lang='lat' dir='ltr'><strong>erudito</strong></span> 
     </span>
    </p>
   </div>
   <div class='ocr_carea' id='block_1_102' title="bbox 786 5368 4036 5462">
    <p class='ocr_par' dir='ltr' id='par_1_102' title="bbox 786 5368 4036 5462">
     <span class='ocr_line' id='line_1_102' title="bbox 786 5368 4036 5462; baseline -0.009 -16"><span class='ocrx_word' id='word_1_717' title='bbox 786 5368 1801 5462; x_wconf 39' lang='lat' dir='ltr'><strong>Bibliothtﬁaut.</strong></span> <span class='ocrx_word' id='word_1_718' title='bbox 1833 5368 1979 5462; x_wconf 39' lang='grc' dir='ltr'><strong>αἰξί,</strong></span> <span class='ocrx_word' id='word_1_719' title='bbox 2010 5381 2171 5462; x_wconf 38' lang='lat' dir='ltr'><strong>LHIV‘,</strong></span> <span class='ocrx_word' id='word_1_720' title='bbox 2193 5398 2243 5449; x_wconf 86' lang='lat' dir='ltr'><strong>p.</strong></span> <span class='ocrx_word' id='word_1_721' title='bbox 2269 5381 2357 5462; x_wconf 52' lang='lat' dir='ltr'><strong>gi,</strong></span> <span class='ocrx_word' id='word_1_722' title='bbox 2389 5381 2477 5460; x_wconf 77' lang='lat'><strong>95_,</strong></span> <span class='ocrx_word' id='word_1_723' title='bbox 2505 5390 2559 5433; x_wconf 91' lang='lat' dir='ltr'><strong>et</strong></span> <span class='ocrx_word' id='word_1_724' title='bbox 2580 5378 2753 5462; x_wconf 35' lang='lat' dir='ltr'><strong>.Ittigi-i.</strong></span> <span class='ocrx_word' id='word_1_725' title='bbox 2776 5368 2939 5462; x_wconf 47' lang='lat' dir='ltr'><strong>Praef:-</strong></span> <span class='ocrx_word' id='word_1_726' title='bbox 2959 5376 3025 5462; x_wconf 53' lang='lat' dir='ltr'><strong>a‘d</strong></span> <span class='ocrx_word' id='word_1_727' title='bbox 3055 5368 3188 5429; x_wconf 68' lang='lat' dir='ltr'><strong>Hist.</strong></span> <span class='ocrx_word' id='word_1_728' title='bbox 3216 5368 3419 5462; x_wconf 50' lang='lat' dir='ltr'><strong>eodem,</strong></span> <span class='ocrx_word' id='word_1_729' title='bbox 3435 5388 3567 5462; x_wconf 46' lang='lat' dir='ltr'><strong>Isaac.</strong></span> <span class='ocrx_word' id='word_1_730' title='bbox 3585 5368 3771 5462; x_wconf 46' lang='grc' dir='ltr'><strong>ηδ)ὶὸ</strong></span> <span class='ocrx_word' id='word_1_731' title='bbox 3930 5383 4036 5447; x_wconf 78' lang='lat' dir='ltr'><strong>nee</strong></span> 
     </span>
    </p>
   </div>
   <div class='ocr_carea' id='block_1_103' title="bbox 786 5438 4036 5519">
    <p class='ocr_par' dir='ltr' id='par_1_103' title="bbox 786 5438 4036 5519">
     <span class='ocr_line' id='line_1_103' title="bbox 786 5438 4036 5519; baseline -0.009 -4"><span class='ocrx_word' id='word_1_732' title='bbox 1025 5438 1271 5511; x_wconf 46' lang='lat' dir='ltr'><strong>Biofioti&#39;if</strong></span> <span class='ocrx_word' id='word_1_733' title='bbox 1287 5438 1571 5509; x_wconf 10' lang='lat' dir='ltr'><strong>etiljatenis</strong></span> <span class='ocrx_word' id='word_1_734' title='bbox 1598 5452 1729 5513; x_wconf 83' lang='lat' dir='ltr'><strong>PP.,</strong></span> <span class='ocrx_word' id='word_1_735' title='bbox 1763 5467 1815 5519; x_wconf 91' lang='lat' dir='ltr'><strong>p.</strong></span> <span class='ocrx_word' id='word_1_736' title='bbox 1850 5438 1977 5503; x_wconf 56' lang='lat'><strong>72‘).</strong></span> <span class='ocrx_word' id='word_1_737' title='bbox 2046 5450 2089 5480; x_wconf 81' lang='grc'><strong>⁸⁷</strong></span> <span class='ocrx_word' id='word_1_738' title='bbox 2121 5438 2173 5503; x_wconf 81' lang='lat' dir='ltr'><strong>Si</strong></span> <span class='ocrx_word' id='word_1_739' title='bbox 2193 5438 2295 5502; x_wconf 62' lang='lat' dir='ltr'><strong>&#39;vel</strong></span> <span class='ocrx_word' id='word_1_740' title='bbox 2322 5438 2553 5503; x_wconf 77' lang='lat' dir='ltr'><strong>maxime</strong></span> <span class='ocrx_word' id='word_1_741' title='bbox 2580 5438 2793 5501; x_wconf 52' lang='lat' dir='ltr'><strong>haecvita</strong></span> <span class='ocrx_word' id='word_1_742' title='bbox 2822 5462 2879 5519; x_wconf 80' lang='lat' dir='ltr'><strong>se</strong></span> <span class='ocrx_word' id='word_1_743' title='bbox 2910 5446 3193 5519; x_wconf 66' lang='lat' dir='ltr'><strong>haberent,</strong></span> <span class='ocrx_word' id='word_1_744' title='bbox 3222 5452 3400 5497; x_wconf 84' lang='lat' dir='ltr'><strong>tamen</strong></span> <span class='ocrx_word' id='word_1_745' title='bbox 3433 5438 3680 5519; x_wconf 71' lang='lat' dir='ltr'><strong>Carnerii</strong></span> <span class='ocrx_word' id='word_1_746' title='bbox 3713 5438 4036 5519; x_wconf 59' lang='lat' dir='ltr'><strong>hypothesis</strong></span> 
     </span>
    </p>
   </div>
   <div class='ocr_carea' id='block_1_104' title="bbox 788 5497 4033 5651">
    <p class='ocr_par' dir='ltr' id='par_1_104' title="bbox 788 5497 4033 5651">
     <span class='ocr_line' id='line_1_104' title="bbox 788 5497 4033 5651; baseline -0.008 -69"><span class='ocrx_word' id='word_1_747' title='bbox 788 5547 979 5651; x_wconf 74' lang='lat' dir='ltr'><strong>parum</strong></span> <span class='ocrx_word' id='word_1_748' title='bbox 1000 5527 1235 5598; x_wconf 60' lang='lat' dir='ltr'><strong>praesidii</strong></span> <span class='ocrx_word' id='word_1_749' title='bbox 1268 5526 1393 5578; x_wconf 88' lang='lat' dir='ltr'><strong>inde</strong></span> <span class='ocrx_word' id='word_1_750' title='bbox 1414 5532 1598 5592; x_wconf 88' lang='lat' dir='ltr'><strong>petere</strong></span> <span class='ocrx_word' id='word_1_751' title='bbox 1619 5497 1819 5591; x_wconf 57' lang='lat' dir='ltr'><strong>possert.</strong></span> <span class='ocrx_word' id='word_1_752' title='bbox 1855 5522 1989 5572; x_wconf 88' lang='lat' dir='ltr'><strong>Cum</strong></span> <span class='ocrx_word' id='word_1_753' title='bbox 2024 5521 2170 5572; x_wconf 78' lang='lat' dir='ltr'><strong>enim</strong></span> <span class='ocrx_word' id='word_1_754' title='bbox 2203 5521 2602 5579; x_wconf 85' lang='lat' dir='ltr'><strong>Theodoretus,</strong></span> <span class='ocrx_word' id='word_1_755' title='bbox 2629 5497 2690 5571; x_wconf 75' lang='lat' dir='ltr'><strong>ut</strong></span> <span class='ocrx_word' id='word_1_756' title='bbox 2722 5497 2842 5585; x_wconf 27' lang='lat' dir='ltr'><strong>ipse.</strong></span> <span class='ocrx_word' id='word_1_757' title='bbox 2863 5497 2990 5577; x_wconf 17' lang='lat' dir='ltr'><strong>liv,</strong></span> <span class='ocrx_word' id='word_1_758' title='bbox 3015 5497 3063 5569; x_wconf 61' lang='grc' dir='ltr'><strong>(Ξ.</strong></span> <span class='ocrx_word' id='word_1_759' title='bbox 3092 5497 3193 5577; x_wconf 11' lang='lat'><strong>759,,</strong></span> <span class='ocrx_word' id='word_1_760' title='bbox 3218 5524 3470 5577; x_wconf 87' lang='lat' dir='ltr'><strong>testatur,</strong></span> <span class='ocrx_word' id='word_1_761' title='bbox 3498 5497 4033 5578; x_wconf 54' lang='lat' dir='ltr'><strong>scribendi&#39;initium</strong></span> 
     </span>
     <span class='ocr_line' id='line_1_105' title="bbox 809 5577 4033 5651; baseline -0.008 1"><span class='ocrx_word' id='word_1_762' title='bbox 809 5602 979 5651; x_wconf 79' lang='lat' dir='ltr'><strong>ecerit</strong></span> <span class='ocrx_word' id='word_1_763' title='bbox 1006 5600 1074 5651; x_wconf 92' lang='lat' dir='ltr'><strong>ab</strong></span> <span class='ocrx_word' id='word_1_764' title='bbox 1100 5598 1213 5651; x_wconf 85' lang='lat' dir='ltr'><strong>Arii</strong></span> <span class='ocrx_word' id='word_1_765' title='bbox 1246 5594 1485 5651; x_wconf 87' lang='lat' dir='ltr'><strong>vesania,</strong></span> <span class='ocrx_word' id='word_1_766' title='bbox 1510 5592 1621 5645; x_wconf 65' lang='lat' dir='ltr'><strong>haec</strong></span> <span class='ocrx_word' id='word_1_767' title='bbox 1649 5600 1829 5644; x_wconf 88' lang='lat' dir='ltr'><strong>autem</strong></span> <span class='ocrx_word' id='word_1_768' title='bbox 1858 5606 1955 5651; x_wconf 90' lang='lat' dir='ltr'><strong>pro</strong></span> <span class='ocrx_word' id='word_1_769' title='bbox 1978 5590 2212 5643; x_wconf 83' lang='lat' dir='ltr'><strong>diversis</strong></span> <span class='ocrx_word' id='word_1_770' title='bbox 2240 5592 2651 5651; x_wconf 87' lang='lat' dir='ltr'><strong>imperatorum,</strong></span> <span class='ocrx_word' id='word_1_771' title='bbox 2681 5588 3005 5649; x_wconf 85' lang='lat' dir='ltr'><strong>aulicorum,</strong></span> <span class='ocrx_word' id='word_1_772' title='bbox 3033 5586 3417 5651; x_wconf 84' lang='lat' dir='ltr'><strong>episcoporum</strong></span> <span class='ocrx_word' id='word_1_773' title='bbox 3446 5581 3664 5639; x_wconf 88' lang='lat' dir='ltr'><strong>studiis,</strong></span> <span class='ocrx_word' id='word_1_774' title='bbox 3686 5577 3827 5651; x_wconf 77' lang='lat' dir='ltr'><strong>ultra</strong></span> <span class='ocrx_word' id='word_1_775' title='bbox 3861 5590 4033 5651; x_wconf 65' lang='lat' dir='ltr'><strong>smon-</strong></span> 
     </span>
    </p>
   </div>
   <div class='ocr_carea' id='block_1_105' title="bbox 809 5577 4037 5659">
    <p class='ocr_par' dir='ltr' id='par_1_105' title="bbox 809 5577 4037 5659">
     <span class='ocr_line' id='line_1_106' title="bbox 809 5577 4037 5659; baseline -0.008 -7"><span class='ocrx_word' id='word_1_776' title='bbox 809 5602 979 5652; x_wconf 79' lang='lat' dir='ltr'><strong>ecerit</strong></span> <span class='ocrx_word' id='word_1_777' title='bbox 1003 5577 1074 5651; x_wconf 60' lang='lat' dir='ltr'><strong>ab</strong></span> <span class='ocrx_word' id='word_1_778' title='bbox 1100 5598 1213 5651; x_wconf 85' lang='lat' dir='ltr'><strong>Arii</strong></span> <span class='ocrx_word' id='word_1_779' title='bbox 1246 5577 1485 5653; x_wconf 77' lang='lat' dir='ltr'><strong>vesania,</strong></span> <span class='ocrx_word' id='word_1_780' title='bbox 1510 5577 1633 5645; x_wconf 51' lang='lat' dir='ltr'><strong>luee-</strong></span> <span class='ocrx_word' id='word_1_781' title='bbox 1649 5600 1829 5644; x_wconf 88' lang='lat' dir='ltr'><strong>autem</strong></span> <span class='ocrx_word' id='word_1_782' title='bbox 1858 5606 1955 5658; x_wconf 90' lang='lat' dir='ltr'><strong>pro</strong></span> <span class='ocrx_word' id='word_1_783' title='bbox 1978 5590 2212 5659; x_wconf 75' lang='lat' dir='ltr'><strong>diversis</strong></span> <span class='ocrx_word' id='word_1_784' title='bbox 2240 5577 2651 5659; x_wconf 86' lang='lat' dir='ltr'><strong>imperatorum,</strong></span> <span class='ocrx_word' id='word_1_785' title='bbox 2681 5577 3005 5649; x_wconf 77' lang='lat' dir='ltr'><strong>aulicorum,</strong></span> <span class='ocrx_word' id='word_1_786' title='bbox 3033 5586 3417 5654; x_wconf 81' lang='lat' dir='ltr'><strong>episcoporum</strong></span> <span class='ocrx_word' id='word_1_787' title='bbox 3446 5577 3664 5639; x_wconf 84' lang='lat' dir='ltr'><strong>studiis,</strong></span> <span class='ocrx_word' id='word_1_788' title='bbox 3686 5577 3827 5659; x_wconf 72' lang='lat' dir='ltr'><strong>ultra</strong></span> <span class='ocrx_word' id='word_1_789' title='bbox 3861 5590 4037 5654; x_wconf 65' lang='lat' dir='ltr'><strong>smon-</strong></span> 
     </span>
    </p>
   </div>
   <div class='ocr_carea' id='block_1_106' title="bbox 789 5645 4033 5727">
    <p class='ocr_par' dir='ltr' id='par_1_106' title="bbox 789 5645 4033 5727">
     <span class='ocr_line' id='line_1_107' title="bbox 789 5645 4033 5727; baseline -0.007 -4"><span class='ocrx_word' id='word_1_790' title='bbox 789 5668 902 5723; x_wconf 89' lang='lat' dir='ltr'><strong>lum</strong></span> <span class='ocrx_word' id='word_1_791' title='bbox 946 5668 1240 5722; x_wconf 84' lang='lat' dir='ltr'><strong>Ecclesiam</strong></span> <span class='ocrx_word' id='word_1_792' title='bbox 1267 5645 1586 5724; x_wconf 80' lang='lat' dir='ltr'><strong>turbaverit,</strong></span> <span class='ocrx_word' id='word_1_793' title='bbox 1625 5675 1733 5712; x_wconf 88' lang='lat' dir='ltr'><strong>non</strong></span> <span class='ocrx_word' id='word_1_794' title='bbox 1773 5645 2037 5727; x_wconf 50' lang='lat' dir='ltr'><strong>est-quod</strong></span> <span class='ocrx_word' id='word_1_795' title='bbox 2086 5645 2368 5721; x_wconf 73' lang='lat' dir='ltr'><strong>miremur,</strong></span> <span class='ocrx_word' id='word_1_796' title='bbox 2408 5645 2730 5727; x_wconf 84' lang='lat' dir='ltr'><strong>scriptorem</strong></span> <span class='ocrx_word' id='word_1_797' title='bbox 2765 5645 3031 5727; x_wconf 84' lang='lat' dir='ltr'><strong>nostrum,</strong></span> <span class='ocrx_word' id='word_1_798' title='bbox 3061 5645 3183 5727; x_wconf 75' lang='lat' dir='ltr'><strong>cum</strong></span> <span class='ocrx_word' id='word_1_799' title='bbox 3217 5645 3434 5727; x_wconf 74' lang='lat' dir='ltr'><strong>centum</strong></span> <span class='ocrx_word' id='word_1_800' title='bbox 3480 5661 3537 5705; x_wconf 92' lang='lat' dir='ltr'><strong>et</strong></span> <span class='ocrx_word' id='word_1_801' title='bbox 3573 5646 3720 5719; x_wconf 90' lang='lat' dir='ltr'><strong>quod</strong></span> <span class='ocrx_word' id='word_1_802' title='bbox 3766 5645 4033 5724; x_wconf 75' lang='lat' dir='ltr'><strong>excurrit.</strong></span> 
     </span>
    </p>
   </div>
   <div class='ocr_carea' id='block_1_107' title="bbox 791 5714 4036 5795">
    <p class='ocr_par' dir='ltr' id='par_1_107' title="bbox 791 5714 4036 5795">
     <span class='ocr_line' id='line_1_108' title="bbox 791 5714 4036 5795; baseline -0.008 -4"><span class='ocrx_word' id='word_1_803' title='bbox 791 5752 1057 5792; x_wconf 77' lang='lat' dir='ltr'><strong>annorum</strong></span> <span class='ocrx_word' id='word_1_804' title='bbox 1105 5736 1387 5790; x_wconf 89' lang='lat' dir='ltr'><strong>historiam</strong></span> <span class='ocrx_word' id='word_1_805' title='bbox 1422 5714 1709 5791; x_wconf 78' lang='lat' dir='ltr'><strong>scriberet,</strong></span> <span class='ocrx_word' id='word_1_806' title='bbox 1746 5746 1852 5782; x_wconf 90' lang='lat' dir='ltr'><strong>non</strong></span> <span class='ocrx_word' id='word_1_807' title='bbox 1882 5714 1946 5781; x_wconf 73' lang='lat' dir='ltr'><strong>ad</strong></span> <span class='ocrx_word' id='word_1_808' title='bbox 2002 5729 2305 5795; x_wconf 80' lang='lat' dir='ltr'><strong>primordia</strong></span> <span class='ocrx_word' id='word_1_809' title='bbox 2333 5714 2539 5781; x_wconf 80' lang='lat' dir='ltr'><strong>tantum</strong></span> <span class='ocrx_word' id='word_1_810' title='bbox 2573 5726 2886 5790; x_wconf 86' lang='lat' dir='ltr'><strong>Arianisuti,</strong></span> <span class='ocrx_word' id='word_1_811' title='bbox 2916 5714 3111 5781; x_wconf 38' lang='lat' dir='ltr'><strong>sed&#39;ad</strong></span> <span class='ocrx_word' id='word_1_812' title='bbox 3166 5724 3474 5776; x_wconf 86' lang='lat' dir='ltr'><strong>universam</strong></span> <span class='ocrx_word' id='word_1_813' title='bbox 3529 5714 3647 5789; x_wconf 84' lang='lat' dir='ltr'><strong>ejus</strong></span> <span class='ocrx_word' id='word_1_814' title='bbox 3712 5714 4036 5785; x_wconf 85' lang='lat' dir='ltr'><strong>progeniem</strong></span> 
     </span>
    </p>
   </div>
   <div class='ocr_carea' id='block_1_108' title="bbox 794 5799 2078 5877">
    <p class='ocr_par' dir='ltr' id='par_1_108' title="bbox 794 5799 2078 5877">
     <span class='ocr_line' id='line_1_109' title="bbox 794 5799 2078 5877; baseline -0.006 -17"><span class='ocrx_word' id='word_1_815' title='bbox 794 5807 1010 5877; x_wconf 87' lang='lat' dir='ltr'><strong>plenius</strong></span> <span class='ocrx_word' id='word_1_816' title='bbox 1044 5803 1455 5861; x_wconf 88' lang='lat' dir='ltr'><strong>describendam</strong></span> <span class='ocrx_word' id='word_1_817' title='bbox 1495 5801 1744 5868; x_wconf 76' lang='lat' dir='ltr'><strong>animum</strong></span> <span class='ocrx_word' id='word_1_818' title='bbox 1793 5799 2078 5868; x_wconf 59' lang='lat' dir='ltr'><strong>adiecisse.</strong></span> 
     </span>
    </p>
   </div>
  </div>
