4228 6446
206 394 308 461 233

1368 390 1465 449 DE
1503 390 1757 449 LIBRIS
1792 386 2297 451 THEODORETI.

3347 391 3447 455 231

206 511 444 582 fugerit;
464 518 670 579 quanta
700 508 850 561 rabie
876 504 1049 576 ipsius
1075 506 1262 560 sedem
1290 504 1493 574 impius
1514 504 1781 574 Georgius
1811 507 1857 563 A
1955 504 2140 559 XXVI.
2176 505 2409 571 Quintus
2440 512 2640 560 statum
2678 506 2901 559 hasresis
2924 506 3157 570 Arianaz,
3184 496 3447 561 duarum-

207 602 496 665 invaserit,
543 610 599 655 et
638 598 1061 653 Alexandrinam
1112 595 1411 649 Ecclesiam
1448 594 1777 658 vastaverit;

205 692 410 761 quibus
449 691 779 745 Arianorum
822 688 1036 742 artibus
1078 695 1329 741 coactum
1373 686 1443 739 sit
1484 686 1779 739 concilium

204 782 611 835 Mediolanense
632 781 960 835 Arianorum
988 787 1179 832 contra
1216 777 1611 841 Athanasium;
1649 774 1778 845 quid

203 871 465 925 Liberius
494 887 633 940 papa
670 885 795 924 eum
822 868 1144 924 Constantio
1177 868 1510 936 imperatore
1540 866 1779 919 collocu-

202 972 327 1023 tus;
354 960 635 1030 quomodo
659 968 713 1013 et
730 961 936 1029 ejectus
955 959 1026 1011 sit
1050 958 1104 1011 in
1130 957 1409 1017 exsilium,
1434 965 1489 1009 et
1521 955 1778 1017 redierit;

203 1061 397 1119 postea
431 1053 501 1104 de
534 1050 769 1105 concilio
797 1048 1154 1111 Ariminensi,
1186 1047 1354 1115 impia
1387 1046 1621 1099 formula
1655 1045 1781 1098 ﬁdei

202 1140 400 1194 Nam
422 1139 673 1193 Thracia:
692 1139 983 1202 fabricata;
1008 1137 1267 1207 synodica
1286 1137 1521 1195 Damasi,
1546 1136 1783 1189 Athana-

203 1231 385 1299 siique
417 1230 653 1298 epistola
682 1244 850 1297 super
883 1226 1117 1282 concilio
1143 1225 1518 1289 Ariminensi;
1566 1223 1780 1277 Leontii

201 1320 540 1374 Antiocheni
572 1319 759 1373 Ariani
782 1318 995 1371 artibus
1017 1316 1084 1370 ad
1108 1315 1376 1370 fallendos
1406 1314 1595 1368 ﬁdeles
1620 1330 1633 1377 ;
1669 1313 1779 1366 Eu-

201 1412 379 1473 doxii,
422 1412 519 1481 qui
570 1410 801 1465 Leontio
848 1408 1131 1471 successit,
1172 1406 1418 1475 professa
1461 1404 1778 1472 impietate;

202 1502 448 1555 concilio
476 1504 675 1555 iterum
703 1501 898 1555 Nicaeae
921 1507 1258 1562 convocato;
1286 1495 1355 1549 de
1389 1495 1624 1549 concilio
1650 1493 1779 1547 item

203 1591 475 1646 Seleuciae.
504 1592 725 1646 Isauriae
762 1590 987 1653 habito;
1042 1589 1110 1643 de
1144 1586 1287 1642 Aetii
1321 1585 1571 1639 Ληουιωί
1612 1584 1784 1638 initiis

202 1691 255 1735 et
295 1683 801 1747 condemnatione;
843 1681 912 1734 de
955 1680 1423 1734 Eunomianorum
1460 1677 1529 1730 ab
1566 1676 1784 1730 Arianis

204 1774 589 1837 discessione;
614 1774 683 1828 de
706 1772 911 1828 Jacobo
944 1771 1207 1826 Nisibeno
1226 1785 1324 1839 per
1345 1768 1742 1838 digressionem
1764 1783 1779 1830 ;

204 1864 270 1918 de
299 1865 543 1917 concilio
578 1864 798 1918 tandem
827 1863 1194 1926 Antiocheno,
1227 1861 1413 1928 inquo
1438 1859 1689 1913 Meletius
1716 1857 1784 1910 ab

204 1955 429 2008 Arianis
462 1964 689 2007 vexatus
722 1962 807 2007 est
832 1970 846 2016 ;
874 1953 941 2006 de
967 1951 1208 2006 Eusebio
1235 1949 1602 2005 Samosatensi
1628 1950 1783 2003 Aria-

204 2061 404 2098 norum
428 2045 609 2106 hoste,
630 2052 686 2097 et
702 2044 856 2097 obitu
879 2042 1184 2098 Constantii
1208 2041 1524 2095 corumdem
1547 2039 1783 2109 patroni.

268 2134 468 2189 XXIV.
537 2132 755 2187 Tertius
814 2132 1167 2202 prosequitur
1229 2129 1520 2199 imperium
1582 2129 1784 2184 Juliani

201 2222 505 2291 Apostataz,
546 2236 656 2290 quo
693 2220 1012 2275 dominante
1087 2222 1180 2275 vix
1232 2219 1505 2287 respirare
1563 2218 1783 2287 quidem

204 2312 413 2365 licebat
441 2311 791 2375 Christianis,
812 2311 1109 2381 gentilibus
1139 2310 1397 2364 audacter
1429 2309 1738 2363 furentibus
1770 2327 1782 2361 :

205 2418 338 2455 ausa
370 2409 461 2455 est
490 2410 673 2455 tamen
704 2401 1006 2455 identidem
1046 2400 1289 2464 haeresis,
1322 2409 1565 2469 cognata:
1593 2398 1786 2468 impie-

204 2494 329 2547 tatis
355 2494 441 2546 uti
473 2493 741 2562 potentia,
765 2493 833 2546 ad
861 2493 1174 2547 Catholicos
1198 2492 1567 2548 insectandus.
1602 2492 1660 2545 lu
1682 2492 1788 2545 hoc

202 2583 368 2652 igitur
438 2582 623 2644 libro,
694 2591 817 2651 post
888 2582 1192 2651 descriptos
1228 2581 1431 2636 Juliani
1490 2596 1669 2635 mores
1732 2589 1787 2633 et

208 2684 472 2728 enarrata
517 2674 705 2737 initia,
743 2674 980 2726 refertur
1016 2674 1399 2741 episcoporum
1431 2671 1681 2725 exsilium
1717 2670 1784 2725 ab

200 2766 429 2820 Arianis
443 2780 730 2834 passorum
759 2764 987 2826 reditus,
1006 2763 1219 2816 Paulini
1248 2761 1574 2815 Antiocheni
1595 2761 1785 2815 catho-

202 2856 294 2911 lici
324 2857 631 2921 ordinatio,
663 2856 946 2926 gentilium
980 2856 1035 2909 in
1067 2854 1405 2909 Christianos
1429 2853 1601 2917 furor,
1625 2868 1788 2921 quar-

205 2957 439 3019 tumque
492 2948 773 3003 Athanasii
839 2948 1113 3002 exsilium.
1184 2946 1315 3013 Quce
1377 2953 1788 3015 consequuntur

205 3057 380 3110 usque
406 3041 477 3095 ad
512 3040 696 3104 ﬁnem,
718 3041 771 3093 in
801 3040 999 3095 Juliani
1031 3041 1337 3111 tyrannide,
1369 3050 1681 3094 sanctorum
1719 3037 1786 3092 de

1884 610 1991 664 que
2030 597 2201 665 ipsius
2238 598 2617 666 propaginum,
2658 596 3076 665 Apollinarianze
3110 606 3167 652 et
3202 596 3450 653 Macedo-

1884 685 2059 738 niana:
2081 684 2482 738 damnationem
2502 687 2904 755 complectitur,
2927 687 3195 757 simulque
3221 689 3451 743 immen-

1883 789 1971 829 sas
2034 775 2327 830 Theodosii
2386 777 2761 846 imperatoris,
2825 777 3101 832 Ambrosii
3180 780 3445 849 episcopi,

1882 866 2107 920 Joannis
2124 866 2518 938 Chrysostomi,
2555 877 2610 921 et
2636 869 3103 923 Antiochenorum
3126 871 3445 938 praasulum,

1884 969 1947 1007 ac.
1980 954 2252 1008 Theodori
2276 956 2643 1026 Mopsuesteni
2666 958 2871 1012 laudes.
2900 958 3081 1025 Quare
3114 967 3236 1028 post
3262 959 3450 1013 lauda-

1887 1054 2001 1100 tum
2027 1047 2367 1112 Gratianum,
2400 1050 2495 1118 qui
2519 1060 2737 1104 mortuo
2761 1052 3004 1116 Valente,
3040 1052 3205 1105 totius
3233 1052 3447 1120 imperii

1884 1138 2090 1206 potitus
2118 1147 2221 1201 est,
2252 1140 2461 1194 reditus
2484 1142 2722 1209 primum
2746 1142 3137 1195 catholicorum
3165 1142 3451 1212 episcopo-

1885 1244 2006 1281 rum
2040 1244 2141 1297 pro
2174 1228 2280 1283 ﬁde
2307 1232 2577 1295 exsulum,
2602 1232 2929 1285 Arianorum
2962 1233 3079 1300 lege
3111 1234 3217 1287 lata
3250 1235 3449 1304 ejectio

1885 1324 2136 1369 narratur
2184 1334 2196 1368 :
2242 1325 2355 1370 tum
2405 1320 2695 1387 exponitur
2750 1322 2974 1375 haeresis
3028 1322 3449 1389 Apollinarianze

1886 1412 2115 1471 utraque
2138 1420 2284 1473 pars,
2309 1414 2362 1459 et
2386 1408 2654 1475 posterior
2682 1411 3055 1464 maxinlc.cEx
3080 1412 3181 1464 hac
3206 1412 3441 1476 radice,»

1885 1492 2063 1563 inquit
2089 1494 2469 1551 Theodorctus
2487 1497 2585 1561 ",t
2606 1498 2660 1553 in
2686 1500 2946 1555 Ecclesiis
2967 1512 3152 1557 natum
3173 1512 3276 1563 est,
3302 1506 3450 1573 quod

1886 1600 1992 1639 una
2027 1587 2209 1639 carnis
2248 1596 2304 1640 et
2342 1588 2648 1644 divinitatis
2688 1600 2885 1645 natura
2927 1593 3152 1656 dicitur,
3191 1596 3450 1665 quodque

1886 1674 2157 1728 divinitati
2190 1676 2464 1746 Unigcniti
2495 1680 2677 1747 passio
2701 1680 3020 1746 ascribitur,
3050 1692 3107 1736 et
3133 1684 3236 1737 alia
3268 1685 3321 1738 id
3360 1700 3451 1753 ge-

1886 1781 2009 1829 nus,
2043 1766 2111 1821 de
2140 1767 2343 1836 quibus
2390 1771 2749 1839 populorum,
2786 1774 3239 1843 sacerdotumque
3272 1784 3450 1830 certa-

1888 1859 2033 1911 mina
2061 1860 2408 1915 cxstiterunt.
2440 1882 2457 1912 l
2504 1864 2710 1918 Deinde
2735 1865 2961 1921 Diodori
2991 1867 3275 1924 Tarsensis
3299 1871 3448 1924 ordi-

1886 1950 2058 2014 natio,
2104 1950 2326 2005 Euscbii
2361 1952 2759 2010 Samosatensis
2798 1956 3034 2023 reditus,
3076 1960 3340 2029 factaeque
3380 1962 3449 2015 ab

1888 2042 2007 2113 ipso
2027 2043 2397 2099 ordinationes
2416 2045 2843 2111 Catholieorum,
2864 2051 3146 2121 aedesque
3164 2052 3230 2107 ab
3254 2054 3452 2108 Ariana

1886 2134 2116 2189 muliere
2156 2136 2488 2191 describitur
2526 2156 2539 2190 :
2576 2138 2773 2193 deinde
2806 2142 3098 2196 Theodosii
3134 2144 3309 2214 Magni
3345 2146 3449 2199 im-

1886 2230 2155 2298 peratoris
2192 2230 2559 2299 inauguratio,
2600 2232 2844 2287 studium
2881 2250 2981 2303 pro
3006 2235 3133 2300 ﬁde,
3163 2238 3319 2307 cujus
3347 2240 3449 2291 im-

1888 2331 2219 2390 pugnatores
2269 2323 2511 2392 episcopi
2551 2334 2875 2391 censentur;
2944 2328 3161 2381 concilii
3223 2330 3450 2384 secundi

1888 2414 2226 2476 convocatio,
2275 2414 2532 2484 synodica
2572 2413 2638 2466 ad
2684 2414 2971 2469 Damasum
3006 2433 3149 2472 anno
3187 2430 3451 2489 sequente

1889 2503 2074 2567 missa,
2117 2520 2223 2572 qua
2266 2504 2597 2558 damnantur
2631 2505 2979 2561 Macedonius
3014 2517 3068 2562 et
3103 2508 3449 2579 Apollinaris.

1888 2597 2103 2652 Damasi
2127 2598 2391 2652 adversus
2408 2598 2774 2667 Apollinarem
2797 2599 3073 2670 synodica,
3091 2603 3450 2675 ejusdemque

1888 2690 2160 2744 confessio
2192 2691 2259 2745 ad
2291 2691 2578 2745 Paulinum
2606 2690 2956 2746 describitur.
3008 2692 3129 2747 Mox
3160 2696 3450 2763 perstricta

1888 2781 2131 2835 Gratiani
2164 2797 2297 2835 nece
2331 2792 2386 2836 et
2419 2782 2706 2852 tyrannide
2736 2784 2973 2850 Maximi,
2997 2785 3304 2842 instituitur
3330 2805 3452 2844 nar-

1889 2870 2027 2921 ratio
2051 2870 2117 2923 de
2140 2870 2365 2925 Justinm
2391 2872 2571 2924 studio
2598 2887 2725 2939 erga
2753 2872 3007 2937 Arianos,
3030 2875 3315 2944 turbisque
3345 2877 3453 2930 Me-

1889 2957 2097 3011 diolani
2128 2961 2309 3021 motis,
2332 2976 2395 3014 ac
2419 2961 2634 3015 Maximi
2658 2963 2894 3032 tyranni,
2922 2963 3326 3035 Theodosiique
3354 2968 3452 3021 im-

1890 3050 2160 3117 peratoris
2187 3065 2252 3103 ea
2275 3050 2342 3105 de
2366 3067 2422 3104 re
2442 3052 2670 3119 judicio,
2696 3061 2750 3107 et
2783 3053 2849 3108 de
2872 3054 3163 3109 Theodosii
3190 3056 3454 3113 adversus

208 3139 450 3203 tyranno
492 3131 809 3200 triumphis,
837 3132 1082 3201 ejusdem
1122 3131 1471 3201 expeditione
1498 3131 1553 3185 in
1574 3131 1784 3195 Persam
1814 3158 1856 3218 ο
1888 3139 2122 3193 Arianos
2141 3140 2257 3209 lege
2281 3141 2646 3210 Amphilochii
2670 3144 2927 3211 precibus
2951 3144 3335 3203 editarPostea
3357 3164 3455 3217 per

204 3231 261 3276 et
281 3224 439 3293 justa
465 3222 612 3276 caede
639 3222 965 3286 enarranda,
995 3224 1171 3293 posita
1204 3231 1349 3277 sunt.

275 3313 449 3369 XXV.
483 3312 723 3378 Quartus
753 3315 1001 3368 continet
1039 3331 1128 3369 res
1158 3314 1315 3379 ﬁdei,
1356 3330 1477 3384 quae
1508 3314 1786 3385 regnanti-

204 3406 310 3461 bus
336 3407 525 3460 tribus
556 3421 737 3460 rerum
765 3406 1025 3470 dominis,
1064 3407 1292 3461 Joviano
1332 3408 1554 3475 quidem
1592 3414 1647 3460 ct
1680 3406 1786 3460 Va-

202 3495 518 3550 lentiniano
544 3495 826 3549 catholicis
844 3535 858 3560 ,
885 3496 1110 3550 Valente
1139 3504 1320 3549 autem
1347 3495 1549 3549 Ariano
1568 3535 1582 3558 ,
1613 3493 1790 3547 conti-

203 3594 411 3657 gerunt
449 3602 461 3637 :
508 3600 679 3653 quare
722 3594 844 3653 post
877 3595 1304 3640 commemorata
1348 3586 1559 3640 Joviani
1612 3584 1785 3645 initia,

204 3676 450 3730 refertur
482 3676 723 3745 primum
754 3675 963 3729 reditus
989 3676 1307 3740 Athanasii;
1340 3675 1597 3745 synodica
1624 3674 1786 3745 [Egy-

203 3766 373 3837 ptiaci
406 3766 627 3820 concilii
653 3765 720 3819 ad
735 3766 1047 3829 Jovianum,
1080 3767 1401 3835 Jovianique
1426 3781 1573 3820 mors
1595 3781 1787 3835 repen-

204 3858 316 3911 tina
368 3874 383 3908 :
430 3866 547 3909 tum
597 3855 961 3910 Valentiniani
1014 3857 1386 3926 inauguratio,
1436 3855 1787 3924 Valentisquc

203 3947 398 4001 fratris
426 3946 481 3999 in
509 3940 819 4001 consortem
844 3946 993 4015 regni
1022 3948 1343 4015 assumptio,
1369 3946 1641 4001 ordinatio
1661 3946 1789 3999 Am-

201 4038 379 4092 brosii
424 4036 845 4091 Mediolanensis
883 4037 1144 4106 episcopi,
1182 4039 1551 4107 Augustorum
1596 4037 1682 4091 lex
1718 4037 1785 4091 de

200 4130 686 4195 consubstantiali,
710 4131 777 4185 de
792 4145 901 4199 quo
920 4130 1083 4183 etiam
1102 4128 1342 4198 synodus
1369 4129 1669 4198 lllyriciana
1691 4128 1787 4181 ba-

201 4225 315 4279 bita
337 4234 460 4290 est;
491 4226 868 4278 Audianorum
893 4223 958 4276 de
978 4224 1089 4276 Deo
1111 4232 1421 4291 corporato,
1440 4222 1785 4276 Messaliano—

199 4332 326 4371 rum
374 4315 544 4387 284
588 4316 657 4369 de
710 4314 977 4369 orationis
1036 4314 1221 4367 ﬁctitia
1271 4312 1503 4383 quadam
1559 4312 1781 4374 virtute,

198 4404 436 4457 haeresis
470 4402 792 4467 exordium;
853 4411 1039 4471 postea
1072 4402 1312 4456 Valentis
1350 4402 1694 4470 imperatoris
1729 4401 1780 4453 in

1887 3231 2193 3300 cpisodium
2238 3232 2412 3285 caedes
2445 3233 2982 3298 'l‘hessalonicensis.
3026 3238 3453 3295 et-Antiochena

1890 3320 2090 3374 seditio
2114 3328 2392 3383 narratur,
2430 3331 2489 3375 ut
2514 3323 2807 3386 Ambrosii,
2827 3334 2882 3377 et
2910 3325 3170 3390 Flaviani,
3194 3328 3451 3383 Theodo—

1890 3412 2067 3481 siique
2090 3411 2347 3466 laudandi
2370 3414 2583 3467 occasio
2608 3416 2855 3482 capiatur
2881 3431 2895 3467 :
2924 3425 3176 3471 narratur
3199 3429 3255 3472 et
3278 3419 3455 3473 idolo-

1891 3518 2009 3555 rum
2056 3502 2495 3570 tcmplorumque
2550 3503 2876 3569 destructio,
2922 3505 3277 3574 Flavianique
3329 3524 3452 3562 cum

1890 3593 2218 3661 imperatore
2245 3592 2538 3646 collocutio
2566 3593 2633 3645 de
2659 3593 2979 3663 episcopatu
3009 3595 3371 3662 Antiocheno,
3398 3610 3456 3655 et

1889 3682 2267 3737 reconciliatio
2294 3698 2417 3738 cum
2446 3682 2923 3750 Occidentalibus,
2956 3701 3070 3740 rem
3098 3698 3456 3755 promovente

1887 3773 2085 3828 Acacio
2108 3790 2121 3837 ;
2146 3773 2373 3843 Eugenii
2398 3776 2661 3843 tyrannis,
2684 3774 3087 3844 Theodosiique
3112 3776 3341 3830 victoria
3373 3786 3456 3832 at-

1887 3881 1994 3935 que
2025 3865 2230 3919 obitus.
2270 3866 2501 3920 Venitur
2536 3867 2735 3921 deinde
2774 3867 2840 3921 ad
2884 3867 3105 3921 Arcadii
3136 3868 3452 3937 imperium,

1889 3965 2085 4018 resque
2114 3950 2507 4021 Chrysostomi,
2535 3954 2734 4022 quibus
2750 3954 2957 4024 prolixe
2988 3956 3267 4024 expositis,
3292 3958 3454 4029 285

1888 4040 2140 4093 laudatur
2181 4050 2236 4095 et
2282 4042 2591 4097 Alexander
2621 4045 2997 4100 Antiochenus
3043 4047 3354 4116 episcopus,
3398 4058 3456 4103 et

1888 4132 2063 4200 pietas
2084 4132 2378 4188 Theodosii
2395 4134 2639 4188 Junioris
2662 4150 2727 4189 ac
2752 4151 3029 4199 sororum,
3054 4145 3109 4190 et
3137 4138 3453 4195 Theodotus

1885 4221 2177 4276 Alexandri
2226 4240 2531 4289 successor,
2584 4226 2675 4295 qui
2712 4226 3127 4295 Apollinaristas
3158 4227 3225 4281 ad
3262 4228 3452 4284 Eccle-

1888 4312 2019 4366 siam
2050 4312 2287 4368 reduxit.
2320 4314 2583 4379 Tandem,
2624 4324 2840 4369 narrata
2870 4331 2967 4384 per
2990 4316 3293 4384 episodium
3319 4318 3444 4371 Per-

1887 4417 2070 4456 sarum
2116 4404 2517 4470 persecutione,
2559 4406 2841 4459 immensis
2879 4404 3131 4459 laudibus
3172 4408 3452 4460 extollitur

197 4492 465 4547 Arianam
493 4492 826 4559 impietatem
850 4491 1066 4560 lapsus;
1095 4490 1219 4543 inde
1243 4500 1553 4543 sanctorum
1571 4489 1782 4554 exsilia,
1817 4485 1859 4539 Ι)
1888 4491 2209 4546 Theodorus
2250 4491 2678 4562 Mopsucstenus,
2728 4509 2791 4546 ac
2839 4492 2963 4546 ﬁnis
3006 4493 3248 4548 historia:
3281 4494 3451 4563 impo-

198 4594 319 4636 tum
368 4579 657 4635 Athanasii
701 4580 923 4643 obitus,
973 4579 1117 4633 Petri
1159 4578 1495 4633 successoris
1527 4579 1783 4633 catholici

195 4672 444 4733 vexatio,
496 4669 652 4723 Lucii
706 4668 889 4721 Ariani
932 4669 1092 4721 Petro
1135 4667 1348 4721 suffecti
1387 4668 1606 4722 infanda
1648 4669 1783 4725 faci-

196 4777 361 4825 nora,
398 4770 455 4814 et
492 4775 522 4812 a
559 4759 956 4813 Saracenorum
986 4758 1162 4811 electo
1199 4758 1456 4827 episcopo
1488 4761 1785 4829 reprehen-

196 4853 282 4907 sio
306 4870 321 4916 ;
352 4852 623 4919 deinceps
642 4849 1371 4916 Constantinopolitanorum
1398 4864 1461 4902 ac
1491 4851 1786 4907 Antioche-

193 4959 405 4998 norum
442 4941 687 4995 ﬁdelium
714 4940 1044 5009 persecutio,
1080 4938 1320 4992 Flaviani
1349 4948 1403 4993 et
1439 4940 1663 4995 Diodori
1686 4958 1785 5011 pro

193 5032 306 5088 ﬁde
328 5031 672 5095 sollicitudo,
697 5040 1011 5086 sanctorum
1042 5034 1054 5047 '
1082 5030 1477 5084 monachorum
1502 5047 1625 5085 cum
1651 5034 1788 5087 duo-

192 5126 303 5180 bus
327 5126 418 5179 his
447 5124 576 5177 ﬁdei
611 5122 989 5178 defensoribus
1023 5121 1389 5191 conspiratio;
1415 5123 1697 5192 Ephremii
1730 5127 1785 5179 in

194 5216 382 5287 Syria,
419 5214 635 5285 Didymi
668 5212 1038 5274 Alexandria,
1072 5210 1368 5264 illustrium
1400 5212 1780 5281 episcoporum

193 5306 254 5361 in
289 5306 525 5361 Pontica
562 5312 618 5357 et
647 5303 869 5366 Asiana,
899 5302 1113 5356 Damasi
1145 5310 1201 5355 et
1230 5302 1504 5356 Ambrosii
1531 5303 1585 5357 in
1620 5302 1779 5358 Occi-

193 5399 389 5461 dente,
434 5412 539 5467 pro
576 5395 680 5449 ﬁde
718 5395 933 5449 sincera
969 5392 1247 5458 studium;
1276 5392 1511 5462 denique
1542 5394 1782 5448 Valentis

194 5489 489 5559 expeditio
509 5498 567 5542 et
588 5488 785 5550 caedes,
807 5486 1220 5554 Gothorumque
1241 5485 1306 5538 ad
1328 5485 1583 5540 Arianam
1612 5487 1781 5541 hazre-

196 5582 285 5637 sin
324 5580 612 5634 abductio.

1886 4583 2053 4636 nitur.

1958 4673 2168 4727 XXVII.
2199 4672 2335 4727 Cum
2368 4689 2431 4727 ea
2474 4673 2544 4728 sit
2574 4673 2711 4727 ratio
2753 4676 2957 4743 operis,
3007 4674 3152 4743 quod
3196 4689 3450 4729 recense-

1889 4776 2031 4825 mus,
2071 4761 2297 4824 nemini,
2325 4761 2542 4830 opinor,
2567 4761 2842 4816 historica:
2864 4764 2997 4816 artis
3021 4762 3198 4832 perito
3220 4762 3452 4817 dubium

1888 4859 1989 4916 est,
2028 4854 2161 4921 quin
2186 4868 2312 4906 vere
2339 4852 2561 4907 inscribi
2598 4854 2793 4907 debeat
2828 4853 3093 4907 ereseos
3126 4855 3339 4908 Arianae
3368 4855 3450 4907 hi-

1884 4941 2070 4993 storia.
2094 4941 2227 4994 Nam
2258 4957 2324 4995 ex
2357 4942 2491 4995 artis
2526 4950 2819 5011 pracepto,
2854 4942 3030 5009 primo
3068 4942 3240 5011 ipsius
3269 4942 3452 4996 omnia

1884 5042 2316 5102 pertractantur;
2343 5033 2540 5087 deinde
2568 5042 2784 5095 cuncta,
2811 5048 2931 5101 qua:
2950 5034 3291 5103 attinguntur
3322 5034 3447 5098 alia,
3540 5082 3545 5087 .

1884 5119 1950 5173 ad
1983 5120 2228 5173 eamdem
2261 5119 2591 5174 referuntur.

1958 5209 2191 5264 XXVlll.
2244 5210 2360 5265 lam
2412 5226 2545 5264 vero
2594 5211 2874 5265 historiam
2923 5211 3062 5264 hanc
3109 5225 3175 5265 eo
3225 5210 3453 5265 consilio

1889 5301 2145 5369 scriptam
2169 5316 2309 5364 esse,
2342 5309 2403 5353 ut
2428 5301 2813 5355 ostenderetur
2834 5300 2987 5354 radix
3007 5315 3280 5363 errorum,
3315 5315 3455 5369 quos

1888 5391 1991 5444 sibi
2020 5391 2169 5444 visus
2193 5402 2277 5443 est
2311 5391 2691 5447 Theodoretus
2718 5392 2773 5446 in
2809 5392 3026 5461 scriptis
3068 5393 3239 5446 sancti
3267 5391 3451 5462 Cyriili

1888 5483 2096 5545 videre,
2135 5482 2281 5537 facili
2314 5483 2530 5553 negotio
2562 5482 2867 5537 conﬁcitur.

1958 5572 2147 5625 XXIX.
2186 5573 2453 5627 Docuerat
2478 5572 2712 5643 Cyrillus
2745 5573 2888 5625 inter
2920 5572 3106 5627 ambas
3126 5572 3329 5627 Christi
3360 5586 3455 5627 na-

1501 5708 1818 5764 SCllULle
1867 5706 2094 5762 ΝΟΤᾸΞ.

264 5812 317 5845 ⁸⁸
348 5810 488 5866 Hist.
528 5808 705 5861 ecrles.
762 5807 795 5861 l.
846 5824 896 5867 v,
932 5822 981 5859 c.
1019 5807 1069 5859 ὅ.

442 5908 711 5968 Pyrno!“
755 5906 868 5964 Gn.
901 5902 1205 5965 LXXXIV.
