4228 6446
761 417 867 477 235

1893 408 2271 469 GARNERII
2306 408 2801 471 DISSERTATIO
2839 412 2920 471 II.

3918 402 4028 464 236

760 540 908 580 iuras
942 523 1285 579 intercedere
1310 520 1506 575 ἕνωσιν
1530 520 1762 590 φυσικὴν
1786 527 1843 573 et
1870 518 1995 573 καθ’
2018 518 2336 580 ὑπόστασιν,

2512 520 2754 590 Uterque
2794 518 3100 576 divinitatis
3152 516 3316 574 Verbi
3368 513 3883 570 vehementissimus
3927 513 4029 568 de-

762 617 814 671 lt’i
830 625 934 679 est,
954 631 1114 669 unam
1128 630 1248 668 esse
1265 614 1567 668 divinitatis
1578 620 1634 667 et
1648 611 2007 667 humanitatis
2023 612 2339 671 ὑπόστασιν,

763 724 993 778 eamque
1019 707 1283 769 divinam,
1309 714 1364 758 et
1392 703 1555 760 Verbi
1595 704 1897 773 prOpriam.
1933 703 2042 756 Pro
2065 700 2344 772 hypostasi

767 806 1024 868 posuerat
1087 796 1248 864 φύσιν
1283 812 1297 847 :
1332 810 1437 863 qua
1472 800 1743 863 potestate
1781 789 2051 861 significat
2090 789 2144 843 id
2183 804 2344 844 omne

766 890 912 959 quod
930 889 1227 958 opponitur
1254 884 1485 956 σχετικῷ
1513 893 1569 939 et
1586 884 1798 949 morali,
1820 883 1964 938 unde
1978 882 2343 945 concluserat,

770 988 891 1048 post
924 978 1227 1031 unitionem
1270 990 1433 1028 unam
1464 989 1584 1029 esse
1615 974 1671 1028 in
1709 972 1928 1028 Christo
1960 972 2123 1028 Verbi
2163 970 2345 1025 incar-

772 1070 881 1125 nati
921 1069 1103 1137 φύσιν,
1132 1082 1370 1136 vereque
1411 1066 1521 1121 dici
1565 1066 1909 1136 unigenitum
1934 1065 2031 1119 Dei
2062 1063 2260 1118 Filium
2290 1063 2347 1117 in

770 1179 936 1218 carne
966 1178 1207 1232 passum.
1243 1163 1515 1216 Docuerat
1551 1159 1716 1215 etiam
1765 1158 2029 1229 Spiritum
2073 1164 2347 1220 sanctum,

770 1272 878 1310 non
912 1272 942 1309 a
976 1257 1135 1309 Patre
1178 1264 1412 1319 tantum,
1453 1252 1549 1308 sed
1579 1253 1744 1307 etiam
1787 1267 1817 1306 a
1853 1250 1992 1306 Filio
2026 1246 2347 1319 procedere.

769 1349 1074 1415 Utrumque
1104 1346 1484 1401 Theodoretus
1513 1345 1597 1399 vel
1630 1344 1867 1413 maligne
1899 1342 1965 1407 θ’,
2000 1351 2061 1396 ut
2090 1339 2349 1395 invidiam

767 1439 973 1510 Cyrillo
1012 1438 1254 1504 faceret;
1304 1439 1391 1492 vel
1450 1435 1871 1499 inconsiderate,
1914 1442 2142 1504 propter
2181 1431 2352 1486 animi

772 1530 1266 1599 perturbationem,
1317 1529 1707 1599 interpretatus
1745 1535 1830 1581 est
1881 1544 1893 1579 :
1944 1540 2114 1595 quare
2148 1524 2353 1596 Cyrillo

771 1621 1014 1691 apprime
1036 1620 1305 1675 catholico
1326 1620 1743 1674 consensionem
1769 1632 1892 1671 cum
1913 1614 2064 1681 Ario,
2078 1614 2355 1684 Apollina-

774 1713 856 1765 rio
892 1720 949 1766 et
992 1711 1311 1765 Macedonio
1338 1708 1541 1779 objecit
1572 1726 1583 1761 :
1619 1718 1675 1762 et
1714 1723 1837 1762 cum
1864 1707 1994 1760 Ario
2023 1705 2245 1775 quidem
2289 1720 2354 1758 ac

770 1803 1129 1872 Apollinario,
1166 1801 1234 1855 de
1275 1816 1382 1855 una
1414 1799 1621 1855 Christi
1656 1806 1891 1863 natura;
1940 1812 2065 1851 cum
2099 1794 2351 1851 Macedo-

770 1896 863 1948 nio
897 1909 1046 1956 vero,
1086 1892 1153 1948 de
1189 1891 1428 1963 Spiritus
1457 1891 1631 1947 sancti
1663 1890 2032 1960 processione.

842 1985 1011 2039 XXX.
1046 1985 1116 2041 Ut
1147 1984 1316 2054 igitur
1347 1983 1531 2047 tacite,
1561 1991 1618 2037 et
1652 1982 1805 2036 velut
1833 1980 1981 2035 aliud
2011 1996 2197 2051 agens,
2227 1994 2358 2033 con-

774 2078 1086 2134 sensionem
1121 2091 1247 2131 cum
1284 2075 1415 2131 Ario
1445 2073 1734 2139 ostendat,
1766 2072 2081 2137 Alexandri,
2121 2072 2215 2142 qui
2240 2070 2355 2142 pri-

771 2187 895 2225 mus
956 2169 1011 2224 in
1071 2167 1304 2240 Egypto
1362 2168 1553 2222 Arium
1612 2182 1739 2222 cum
1801 2165 1915 2219 suis
1983 2163 2235 2220 sectariis
2289 2179 2358 2218 ex

770 2262 1020 2318 Ecclesia
1048 2261 1230 2332 ejecit,
1276 2261 1562 2331 epistolam
1601 2258 1836 2329 profert,
1880 2258 1936 2311 in
1962 2274 2070 2328 qua
2101 2257 2215 2312 Arii
2250 2257 2357 2312 im-

772 2355 949 2424 pietas
991 2353 1184 2407 iisdem
1232 2352 1347 2407 fere
1403 2350 1665 2422 loquendi
1720 2348 1972 2403 formulis
2009 2349 2356 2419 exprimitur,

768 2446 968 2500 iisdem
992 2445 1301 2499 rationibus
1326 2445 1697 2515 impugnatur,
1724 2441 1927 2511 quibus
1950 2441 2137 2511 opinio
2156 2440 2359 2512 Cyrillo

773 2536 971 2601 allieta,
995 2545 1057 2591 ut
1069 2537 1181 2607 jam
1204 2536 1329 2590 inde
1356 2550 1387 2588 a
1408 2533 1603 2604 quinto
1633 2549 1732 2590 suo
1756 2534 2047 2590 decessore
2070 2533 2360 2590 damnatus

768 2628 1010 2700 Cyrillus
1047 2625 1347 2683 videretur.

845 2718 1040 2773 XXXI.
1082 2717 1515 2773 Consensionem
1571 2733 1696 2772 cum
1735 2717 2075 2788 Apollinario
2118 2717 2361 2774 insinuat

775 2828 900 2868 cum
927 2810 1177 2881 exposito
1207 2824 1421 2864 errore.
1458 2830 1475 2860 ι
1514 2810 1593 2865 Ex
1626 2810 1749 2876 hac,
1787 2809 2053 2879 inquit",
2087 2809 2273 2865 radice
2304 2811 2363 2865 in

775 2903 1036 2958 Ecclesiis
1071 2914 1261 2958 natum
1287 2911 1391 2967 est,
1422 2903 1569 2972 quod
1610 2918 1719 2957 una
1762 2904 1944 2957 carnis
1969 2912 2028 2958 et
2058 2903 2363 2960 divinitatis

774 3002 974 3049 natura
995 2993 1220 3059 dicitur,
1266 2993 1523 3063 quodque
1553 2993 1833 3064 Unigeniti
1874 2992 2153 3049 divinitati
2179 2995 2362 3064 passio

772 3085 1094 3151 ascribitur,
1137 3094 1194 3139 et
1227 3084 1334 3139 alia
1364 3083 1419 3138 id
1452 3099 1645 3154 genus,
1693 3082 1760 3137 de
1798 3083 2000 3152 quibus
2033 3085 2361 3155 populorum

776 3173 1239 3242 sacerdotumque
1278 3172 1580 3227 certamina
1616 3169 1969 3225 exstiterunt.
2010 3172 2214 3227 Verum
2245 3172 2362 3229 haec

773 3266 1002 3335 quidem
1039 3272 1229 3334 postea
1251 3263 1620 3333 contigerunt.
1660 3283 1677 3315 ι

850 3364 866 3379 '
897 3357 1113 3411 XXXII.
1146 3356 1581 3411 Consensionem
1622 3357 1827 3425 pariter
1877 3373 2002 3411 cum
2046 3357 2364 3413 Macedonio

780 3450 981 3511 innuit,
1008 3464 1133 3504 cum
1162 3448 1356 3519 synodi
1382 3449 1641 3503 Romana:
1675 3449 1777 3501 sub
1809 3448 2041 3503 Damaso
2062 3449 2364 3504 confessio-

778 3558 904 3597 nem
942 3540 1068 3594 fidei
1104 3539 1310 3609 profert
1342 3540 1397 3593 in
1425 3539 1543 3593 hmc
1564 3539 1730 3593 verba
1760 3541 1803 3571 “
1842 3557 1854 3592 :
1894 3559 1911 3591 ι
1940 3539 2212 3606 Quoniam
2241 3553 2365 3612 post

777 3632 1074 3687 concilium
1122 3630 1288 3700 286
1332 3629 1614 3684 Nicaznum
1657 3630 1749 3684 hic
1798 3646 1956 3686 error
2006 3635 2250 3699 emersit,
2305 3642 2368 3688 ut

777 3722 1001 3792 quidam
1032 3737 1127 3776 ore
1157 3722 1386 3791 profano
1412 3721 1596 3776 dicere
1629 3721 1887 3787 audeant,
1936 3722 2202 3792 Spiritum
2237 3740 2365 3779 san-

778 3822 927 3868 ctum
983 3829 1081 3882 per
1138 3812 1335 3866 Filium
1384 3811 1589 3867 factum
1636 3827 1787 3877 esse,
1840 3814 2367 3871 anathematizamus

778 3924 893 3975 eos,
919 3907 1013 3977 qui
1045 3922 1155 3961 non
1188 3905 1472 3961 liberrime
1494 3904 1796 3975 prtedicant
1818 3905 2082 3976 Spiritum
2114 3916 2366 3962 sanctum

780 3999 945 4052 unius
978 3996 1336 4067 ejusdemque
1361 4010 1486 4049 cum
1511 3996 1674 4052 Patre
1700 4004 1757 4052 et
1783 3997 1923 4052 Filio
1958 3998 2279 4055 substantia:
2303 4015 2368 4055 ac

781 4088 1070 4159 potestatis
1099 4088 1386 4142 exsistere.
1416 4106 1434 4138 ι

852 4181 1092 4235 XXXIII.
1146 4180 1265 4236 Jam
1316 4194 1449 4234 vero
1503 4178 1791 4235 Nestorius
1834 4181 1937 4236 sub
1986 4181 2272 4237 Athanasii
2311 4193 2368 4239 et

779 4273 1156 4347 Chrysostomi
1201 4287 1436 4343 persona
1483 4281 1591 4326 tam
1636 4273 1896 4342 graphice
1936 4272 2273 4345 depingitur,
2306 4286 2369 4331 ut

782 4366 941 4422 facile
972 4365 1190 4436 agnosci
1222 4372 1389 4434 queat
1425 4363 1746 4429 lectoribus,
1774 4364 1859 4419 vel
1894 4365 2092 4420 leviter
2119 4368 2362 4423 attentis.

782 4458 909 4513 Fuit
936 4458 1085 4513 enim
1122 4456 1405 4511 Athanasii
1434 4456 1784 4526 Nestoriique
1820 4457 1936 4512 haec
1968 4458 2275 4515 similitudo
2302 4475 2367 4515 ac

782 4546 1168 4603 convenientia
1191 4546 1257 4599 ”.

851 4639 1094 4708 Uterque
1113 4637 1544 4707 patriarchatum
1566 4637 1755 4705 gessit,
1776 4636 2112 4693 Athanasius
2132 4638 2365 4694 Alexan-

782 4730 1026 4793 drinum,
1058 4728 1347 4783 Nestorius
1380 4726 2048 4797 Constantinopolitanum
2084 4747 2096 4781 :
2129 4736 2367 4799 uterque

784 4822 1055 4876 haereseos
1100 4818 1317 4872 Arianae.
1375 4815 1681 4871 acerrimus
1737 4816 2087 4886 impugnator
2133 4818 2363 4884 exstitit,

783 4924 1014 4978 eamque
1043 4907 1114 4961 ob
1138 4922 1253 4960 rem
1285 4905 1618 4961 Athanasius
1641 4905 1813 4959 libros
1847 4905 2042 4977 edidit,
2073 4917 2129 4961 et
2154 4923 2366 4962 sermo-

786 5014 884 5053 nes
903 4996 1110 5051 nemini
1134 4996 1366 5066 ignotos.
1389 4995 1576 5050 Edidit
1596 4994 1882 5049 Nestorius
1902 4995 2066 5049 etiam
2088 5012 2369 5053 sermones

786 5100 842 5144 ct
874 5098 1140 5143 tractatus
1161 5089 1272 5157 jam
1305 5088 1573 5157 vulgatos,
1610 5096 1666 5141 et
1700 5086 1956 5157 insuper,
2004 5088 2097 5142 ubi
2128 5090 2367 5159 primum

786 5185 842 5236 in
865 5181 1049 5236 sedem
1073 5181 1438 5249 episcopalem
1461 5182 1623 5251 regia:
1650 5180 1803 5234 urbis
1828 5181 2096 5245 ascendit,
2132 5181 2365 5237 Ariano-

786 5286 907 5323 rum
935 5270 1134 5339 templa
1165 5269 1381 5322 evertit.

2444 608 2633 665 fensor
2687 610 2807 664 fuit.
2848 610 2996 665 Nihil
3046 619 3198 665 certe
3244 609 3360 663 fere
3403 607 3553 661 aliud
3588 604 3923 659 Athanasius
3968 603 4030 656 in

2444 700 2669 771 scriptis
2693 701 2823 772 agit,
2853 700 2990 754 nihil
3021 698 3362 769 frequentius
3387 699 3441 751 in
3464 695 3816 750 sermonibus
3835 693 4034 748 Nesto-

2446 793 2562 848 rius
2599 810 2612 846 :
2644 793 2749 847 hoc
2772 800 2953 847 tamen
2986 790 3329 853 discrimine,
3353 787 3499 858 quod
3524 788 3615 842 ille
3641 786 3717 840 ita
3744 784 4033 854 ὁμοούσιον

2448 899 2569 939 esse
2594 884 2919 938 Trinitatem
2941 882 3368 946 demonstraret,
3401 888 3461 932 ut
3486 893 3607 932 eam
3635 892 3763 932 cum
3796 875 4033 930 veritate

2450 975 2845 1033 incarnationis
2883 974 3232 1039 conciliaret;
3303 971 3469 1026 vellet
3518 971 3621 1025 iste
3683 968 4033 1022 divinitatem

2452 1068 2616 1123 Verbi
2646 1082 2772 1122 cum
2810 1068 3014 1123 unione
3048 1067 3169 1120 καθ’
3203 1064 3499 1119 ὑπόστασιν
3531 1077 3796 1133 pugnare.

2521 1159 2763 1228 Uterque
2807 1160 3082 1214 Niemnam
3132 1156 3294 1211 fidem
3348 1153 3636 1224 magnifice
3677 1149 4033 1220 deprzedicat,

2452 1249 2602 1305 velut
2621 1250 2862 1314 unicam,
2884 1264 3006 1319 qua:
3022 1246 3272 1311 sufficiat,
3299 1245 3425 1299 ﬁdei
3448 1243 3691 1314 regulam
3719 1259 3733 1294 :
3752 1240 3848 1295 sed
3866 1239 4038 1294 Atha—

2455 1342 2660 1405 nasius,
2688 1349 2749 1394 ut
2772 1356 2932 1394 veros
2955 1339 3187 1394 Arianos
3221 1339 3602 1407 impugnaret;
3633 1333 3944 1395 Nestorius,
3976 1339 4039 1384 ut

2453 1432 2523 1487 iis
2543 1433 2856 1498 detrahens,
2879 1447 3018 1502 quos
3045 1430 3261 1485 Arianae
3286 1429 3560 1484 haereseos
3581 1441 3679 1495 per
3703 1422 4037 1479 calumniam

2455 1540 2580 1580 reos
2612 1524 2869 1594 ﬁngebat.

2525 1618 2770 1686 Uterque
2816 1616 2886 1670 ab
2922 1615 3282 1686 imperatore,
3330 1622 3392 1667 ut
3432 1611 3776 1683 jactabatur,
3821 1605 4043 1663 artibus

2453 1707 2839 1777 episcoporum
2866 1706 3080 1771 deluso,
3104 1706 3352 1777 dejectus
3377 1712 3463 1758 est
3490 1703 3559 1757 de
3585 1702 3715 1757 sede
3750 1718 3764 1753 :
3794 1700 4040 1755 Athana-

2456 1801 2575 1856 sius
2597 1816 2626 1855 a
2647 1799 3030 1863 Constantino,
3060 1812 3224 1868 quem
3249 1796 3554 1860 Eusebius;
3582 1803 3639 1849 et
3667 1810 3697 1848 a
3717 1793 4041 1855 Constante,

2386 1873 2429 1929 Β
2458 1909 2620 1964 quem
2662 1893 2903 1947 Euzoius
2936 1890 3262 1960 deceperat;
3307 1888 3594 1942 Nestorius
3634 1902 3664 1940 a
3706 1884 4040 1945 Theodosio,

2459 2001 2622 2057 quem
2653 1984 2888 2056 Cyrillus
2912 1998 3009 2054 per
3032 1982 3171 2036 aula:
3198 1980 3477 2035 ministros
3500 1975 3931 2034 circumvenisse
3959 1975 4046 2029 di-

2458 2076 2707 2131 cebatur.

2524 2168 2766 2239 Uterque
2798 2182 3042 2222 sororem
3083 2165 3457 2236 imperatoris,
3503 2179 3625 2234 qua:
3677 2178 3861 2217 rerum
3895 2159 4044 2230 poti-

2460 2271 2636 2324 retur,
2665 2260 2998 2315 contrariam
3021 2274 3085 2313 ac
3115 2257 3383 2312 infensam
3422 2262 3682 2326 expertus
3708 2262 3793 2309 est
3821 2271 3833 2306 :
3870 2252 4046 2306 Atha-

2459 2353 2649 2407 nasius
2705 2351 3083 2407 Constantiam
3126 2348 3508 2413 Constantini,
3566 2346 3856 2401 Nestorius
3913 2344 4047 2398 Pul-

2460 2444 2705 2499 cheriam
2748 2442 3044 2497 Theodosii
3095 2456 3372 2506 sororem,
3421 2438 3611 2494 ambas
3657 2437 4047 2508 episcoporum

2462 2535 2677 2591 artibus
2711 2534 2994 2605 impulsas.

2532 2628 2775 2698 Uterque
2803 2627 2856 2681 in
2884 2626 3138 2681 exsilium
3164 2626 3359 2696 pulsus
3390 2632 3474 2680 est
3502 2624 3570 2679 ab
3598 2623 3933 2693 imperatore
3953 2636 4049 2675 ar-

2461 2720 2611 2779 tibus
2636 2720 3079 2776 adversariorum
3119 2721 3350 2789 decepto
3389 2736 3401 2773 :
3439 2717 3773 2773 Athanasius
3820 2715 4047 2785 quidem

2462 2830 2493 2867 a
2522 2808 2903 2877 Constantino,
2934 2828 3098 2881 quem
3135 2798 3323 2866 Ariani
3351 2809 3637 2864 fraudibus
3666 2809 4048 2863 circumvene-

2464 2914 2617 2972 rant;
2662 2905 2952 2961 Nestorius
2992 2920 3023 2959 a
3067 2892 3402 2966 Theodosio,
3439 2901 3940 2971 Apollinariorum,
3986 2905 4051 2951 ut

2463 2997 2686 3066 quidem
2734 2995 2840 3050 sibi
2894 2992 3264 3065 persuadebat
3314 2990 3733 3056 Theodorctus,
3781 2989 3925 3044 dolis
3978 2988 4049 3040 il-

2464 3085 2605 3140 luso.

2388 3212 2431 3271 α
2531 3176 2777 3245 Uterque
2809 3190 2940 3230 suos
2972 3174 3169 3229 habuit
3190 3182 3411 3243 apertos
3441 3172 3778 3235 defensores,
3813 3171 3908 3227 sed
3938 3186 4052 3241 pra:

2466 3266 2801 3321 adversariis
2832 3281 3036 3335 paucos
3073 3283 3085 3319 :
3127 3274 3183 3320 et
3210 3265 3499 3334 utriusque
3529 3264 3849 3319 defensores
3880 3279 3945 3319 ea
3979 3264 4052 3317 de

2466 3372 2631 3412 causa
2684 3358 3124 3427 persecutionem
3163 3356 3340 3426 passi,
3386 3356 3644 3428 depositi,
3686 3359 3848 3429 ejecti
3894 3359 4053 3413 urbi-

2466 3451 2591 3514 bus,
2620 3459 2726 3505 ctc.

2537 3542 2707 3598 Porro
2737 3551 2920 3596 autem
2942 3542 2989 3574 ’³
3018 3556 3143 3596 cum
3171 3541 3336 3596 vellet
3352 3542 3511 3610 287
3533 3540 3914 3597 Theodoretus
3939 3544 4053 3599 Ne-

2468 3634 2702 3689 storium
2727 3634 3045 3698 defendere,
3066 3649 3169 3689 nec
3201 3632 3468 3688 invidiose
3500 3642 3704 3698 tamen,
3732 3645 3825 3690 aut
3851 3637 4055 3706 impor-

2468 3734 2599 3782 tune
2635 3726 2690 3781 id
2716 3742 2899 3798 agere,
2925 3726 3036 3780 duo
3068 3734 3327 3795 prmstare
3349 3727 3542 3780 statuit
3566 3744 3579 3778 :
3607 3728 3862 3790 alterum,
3886 3729 4056 3783 silere

2467 3834 2669 3873 nomen
2689 3819 2950 3884 Nestorii,
2976 3820 3180 3888 quippe
3214 3818 3434 3872 invidiae
3458 3819 3703 3889 plenum,
3727 3829 3781 3873 ct
3807 3820 4053 3874 alienum

2468 3926 2499 3964 a
2562 3911 2728 3964 rebus
2781 3920 3114 3980 temporum,
3173 3926 3295 3979 quae
3347 3910 3735 3980 persequitur;
3791 3910 4053 3977 alterum,

2468 4002 2767 4057 Diodorum
2800 4003 3125 4057 Tarsensem
3146 4011 3202 4057 et
3223 4003 3574 4058 Theodorum
3611 4004 4054 4073 Mopsuestenum

2468 4102 2692 4163 propter
2717 4093 2841 4146 ﬁdei
2865 4092 3109 4147 studium
3140 4102 3196 4147 ct
3220 4091 3485 4146 doctrinae
3510 4092 3924 4157 rectitudinem,
3955 4093 4059 4145 im--

2470 4186 2677 4240 mensis
2729 4186 2987 4239 laudibus
3036 4185 3319 4239 extollere.
3378 4183 3514 4239 Cum
3565 4184 3712 4238 enim
3779 4184 4059 4239 Diodorus

2470 4276 2769 4341 Theodori,
2814 4275 3139 4331 Theodorus
3189 4274 3427 4329 Nestorii
3470 4275 3731 4344 magister
3778 4274 3959 4344 reipsa
4002 4286 4060 4328 et

2471 4365 2687 4429 fuisset,
2715 4380 2770 4421 et
2802 4366 2870 4420 ab
2903 4365 3160 4419 omnibus
3195 4364 3363 4419 fuisse
3390 4372 3838 4434 cognosceretur,
3878 4363 4057 4417 artifi-

2472 4458 2617 4511 ciosa
2645 4456 2747 4511 fuit
2766 4458 2883 4511 haec
2901 4456 3209 4524 callidaque
3231 4463 3286 4508 et
3307 4452 3494 4508 eﬂicax
3512 4453 3840 4507 defendendi
3858 4455 4057 4509 Nesto-

2400 4549 2440 4605 D
2472 4549 2539 4602 rii
2570 4549 2732 4611 ratio,
2758 4549 3059 4618 prmscrtim
3086 4562 3211 4600 cum
3235 4545 3472 4617 Cyrillus
3496 4546 3714 4600 audiret
3733 4546 4058 4600 corumdcm

2472 4640 2663 4703 trium,
2703 4639 2948 4703 Diodori,
2972 4637 3273 4700 Theodori,
3309 4644 3365 4690 et
3398 4635 3637 4690 Nestorii
3684 4635 4058 4705 impugnator,

2473 4728 2905 4797 crcdercturque
2938 4726 3279 4796 impugnatio
3311 4724 3479 4778 etiam
3512 4739 3541 4777 a
3576 4724 3780 4778 sanctis
3811 4739 3876 4777 ex
3912 4723 4060 4776 invi-

2474 4818 2565 4873 dia
2592 4819 2827 4888 quadam
2854 4819 3027 4872 nasci.

2547 4910 2788 4965 XXXIV.
2835 4910 2964 4964 Visa
3016 4909 3120 4964 fuit
3164 4907 3514 4963 Thcodoreto
3552 4906 3857 4961 similitudo
3896 4907 4061 4977 longe

2475 5003 2650 5072 major
2693 5001 2835 5055 inter
2860 5000 3171 5056 Nestorium
3212 5010 3267 5052 et
3306 4997 3758 5070 Chrysostomum
3796 4997 3864 5049 ".
3922 4998 4062 5051 Nam

2479 5103 2710 5162 uterque
2754 5092 2999 5162 ejusdem
3046 5092 3151 5145 loci
3183 5090 3487 5144 monachus
3534 5089 3655 5151 fuit,
3698 5088 4062 5159 ejusdemque

2476 5184 2834 5238 Antiochenm
2857 5184 3116 5238 Ecclesize
3140 5182 3427 5253 presbyter
3464 5199 3475 5234 :
3513 5190 3745 5250 uterque
3780 5180 4061 5236 dissiden-

2479 5274 2625 5329 tibus
2645 5274 3266 5344 Constantinopolitanis
3295 5273 3513 5328 clericis
3546 5272 3671 5327 inde
3703 5281 3966 5326 evocatus
3992 5270 4060 5325 ad

2182 5399 2499 5460 SCHULZII
2536 5404 2771 5461 NOTAE.

854 5515 897 5545 ⁸9
920 5513 1103 5567 Tacite
1136 5528 1267 5566 vero
1286 5512 1391 5566 hoc
1410 5512 1587 5581 egisse
1604 5511 1809 5565 dicitur
1835 5511 1862 5581 ς
1891 5511 1978 5565 '50.
2055 5514 2100 5558 εἰσ
2118 5512 2254 5568 Hist.
2295 5516 2473 5570 eccles.
2512 5518 2548 5570 Ι.
2580 5535 2634 5581 ν,
2663 5534 2713 5572 c.
2750 5518 2801 5570 5.
2880 5518 2921 5549 ’ί
2953 5516 3087 5569 ibid.
3117 5517 3155 5570 l.
3184 5533 3234 5579 v,
3261 5532 3309 5569 c.
3336 5518 3420 5569 Η.

3496 5517 3541 5548 ν’
3575 5516 3715 5570 Sane
3742 5531 3851 5569 non
3885 5525 4059 5576 tanta,

791 5598 853 5667 ut
872 5585 1159 5667 veritatem
1185 5583 1570 5667 hypotheseos,
1603 5582 1656 5635 in
1685 5583 1842 5663 cujus
1869 5582 2112 5664 favorem
2137 5584 2256 5641 haec
2286 5588 2469 5667 omnia
2492 5589 2694 5667 scripta
2719 5587 3065 5667 sunt,__nobis
3095 5586 3427 5667 persuadere
3450 5587 3641 5656 possit.
3718 5587 3765 5617 "
3787 5586 3922 5651 Quis
3948 5603 4061 5641 non

785 5658 1015 5734 miretur
1039 5652 1313 5734 Carnerii,
1339 5668 1404 5705 an
1446 5652 1620 5705 dicam
1647 5653 2041 5734 perspicaciam
2076 5655 2131 5707 in
2155 5657 2427 5734 eruendis
2470 5652 2689 5711 arcanis
2731 5658 2999 5734 consiliis,
3024 5652 3143 5726 quin
3193 5652 3566 5721 'l‘beodoreto,
3601 5672 3726 5710 cum
3765 5657 4060 5711 Historiam

785 5723 964 5808 eri-les.
991 5725 1294 5808 'ECFIIK'II'BE,
1334 5738 1463 5808 sane
1488 5723 2015 5808 ι,ιιοηηἰηνηξςξηιξὶη
2045 5726 2526 5808 venirepoterant,
2559 5743 2626 5780 an
2661 5723 3156 5808 pertinacissimum
3188 5729 3307 5807 ejus
3336 5729 3390 5781 in
3414 5728 3721 5782 accusando
3764 5728 4064 5789 criminan-

784 5798 964 5862 doque
991 5793 1337 5867 'flieodoreto
1362 5791 1658 5867 _stu_dium‘!
1739 5794 1782 5823 δ”
1816 5794 1891 5846 Ex
1923 5791 2268 5850 Theodoreti
2297 5798 2454 5851 libris
2498 5800 2598 5851 hoc
2644 5791 2863 5867 probari
2907 5799 3114 5867 nequit.
3161 5791 3269 5851 Néc
3314 5798 3500 5853 videre
3533 5798 3705 5853 voluit
3735 5796 4061 5867 Garncrius,

784 5880 946 5933 quam
987 5863 1186 5918 distent
1218 5879 1324 5917 'cra
1359 5862 1578 5932 lupinis.
