4228 6446
213 385 319 449 237

1378 383 1474 443 DE
1513 384 1765 444 LIBRIS
1798 384 2299 445 THEODORETI.

3354 390 3458 452 238

213 496 597 567 episcopatum
619 492 774 548 urbis
796 492 978 563 regite,
1004 499 1226 562 propter
1245 480 1571 561 eloquentia:
1587 500 1643 547 et
1664 507 1791 547 san-
1825 498 1867 554 Α
1897 493 2163 548 hactenus
2188 493 2521 562 interpretes
2546 494 2810 564 quinque,
2837 495 2984 565 quod
3020 494 3240 565 quidem
3265 496 3455 561 sciam,

212 586 498 641 ctimonia:
523 585 744 638 famam.
774 584 1017 652 Uterque
1040 583 1179 637 aulae
1212 582 1478 653 principis
1514 593 1571 638 et
1601 584 1795 639 civita-

213 679 287 731 tis
311 677 519 747 populo
534 686 754 746 gratus;
778 683 1008 743 uterque
1033 674 1250 728 clericis
1273 682 1328 727 et
1354 675 1636 730 monachis
1657 674 1800 729 Con-

211 769 722 838 stantinopolitanae
771 766 1027 821 Ecclesia
1061 765 1265 836 gravis.
1302 766 1545 835 Uterque
1577 766 1799 820 Arianis

211 860 500 925 infensus,
533 875 767 929 quorum
806 859 1074 913 coitiones
1107 855 1558 928 Chrysostomus,
1597 858 1796 926 templa

208 953 509 1006 Nestorius
527 951 769 1005 sustulit.
800 950 1039 1019 Uterque
1064 948 1120 1002 in
1144 948 1501 1004 oll‘ensionem
1531 950 1788 1018 Augustae

207 1044 370 1097 venit
416 1052 642 1112 propter
686 1040 1171 1111 reprehensionem
1210 1040 1471 1122 Eudoxio!
1501 1057 1531 1094 a
1561 1040 1797 1111 Chryso-

206 1145 417 1200 stomo,
446 1134 752 1188 Pulcheriaa
784 1149 814 1187 a
842 1133 1129 1197 Nestorio;
1164 1140 1396 1201 uterque
1425 1132 1706 1202 depositus
1739 1132 1793 1186 in

204 1224 427 1293 synodo
476 1224 546 1277 ab
580 1222 948 1277 Alexandrino
992 1222 1246 1291 praesule,
1304 1220 1723 1292 Chrysostomus
1763 1237 1794 1276 a

205 1314 549 1383 Theophilo,
590 1314 878 1368 Nestorius
900 1328 930 1367 a
956 1311 1196 1382 Cyrillo;
1235 1322 1466 1382 uterque
1490 1313 1698 1381 ejectus
1738 1312 1794 1366 in

203 1407 499 1459 desertum
522 1405 776 1458 exsilium
799 1413 856 1457 et
883 1420 913 1457 a
930 1404 1184 1458 Barbaris
1204 1404 1459 1459 infestum
1477 1444 1490 1468 ,
1516 1404 1793 1458 Cucuzum

203 1496 665 1567 Chrysostomus,
689 1494 874 1550 Oasim
896 1496 1202 1551 Nestorius.
1235 1496 1479 1565 Uterque
1502 1496 1571 1549 ab
1598 1495 1793 1549 eodem

203 1588 554 1657 imperatore
600 1596 907 1649 revocatus,
967 1602 997 1640 a
1047 1602 1159 1656 quo
1205 1586 1530 1640 amandatus
1572 1586 1791 1649 fuerat,

200 1678 646 1749 Cbrysostomus
684 1678 751 1731 ab
788 1678 1043 1742 Arcadio,
1086 1677 1373 1733 Nestorius
1400 1694 1430 1733 a
1460 1679 1788 1733 Theodosio.

202 1770 458 1839 Uterque
490 1771 621 1824 dum
652 1770 878 1833 rediret,
903 1769 959 1822 in
989 1768 1076 1822 via
1100 1768 1228 1823 vitae
1252 1768 1415 1823 finem
1442 1769 1593 1824 fecit.
1635 1770 1793 1825 Uter-

1898 584 2239 652 Epiphanius
2283 583 2687 649 Scholasticus,
2729 585 3045 642 Joachimus
3088 587 3454 651 Camerarius,

1895 672 2132 726 Joannes
2176 672 2746 742 Christophorsonus,
2812 675 3053 731 Iacobus
3108 676 3456 741 Sirmondus,

1899 760 2168 815 Henricus
2196 762 2464 817 Valesius.
2502 766 2689 819 Versio
2717 780 2839 835 qua:
2874 766 3163 835 Epiphanii
3197 778 3302 833 est,
3336 768 3456 824 Tri-

1897 856 2108 924 partita:
2136 854 2368 908 historice
2395 854 2687 910 inseritur:
2706 873 2828 926 quae
2850 856 3171 923 Camerarii,
3200 860 3346 915 edita
3373 868 3460 915 est

1896 945 2117 999 Basilem
2139 945 2397 1014 primum,
2424 944 2623 1000 deinde
2645 948 2897 1014 Parisiis;
2927 963 3049 1018 qua:
3073 948 3460 1020 ChristOphor—

1895 1037 2050 1101 soni,
2097 1036 2303 1105 prodiit
2337 1036 2569 1091 Geneva:
2606 1052 2749 1093 anno
2785 1040 2951 1105 l612;
3000 1056 3122 1110 quae
3159 1040 3456 1105 Sirmondi,

1894 1127 2117 1182 Parisiis
2138 1142 2282 1180 anno
2304 1128 2439 1181 1662
2461 1144 2475 1191 ;
2498 1143 2619 1196 quae
2641 1128 2859 1192 Valesii,
2894 1131 3097 1186 ibidem
3130 1132 3263 1186 1675
3287 1131 3355 1185 ⁸⁸.

1967 1217 2253 1271 XXXVIII.
2277 1219 2398 1273 Non
2434 1220 2654 1273 videtur
2693 1220 3028 1288 Epiphanius
3062 1222 3461 1277 scientissimus

1894 1306 2208 1361 Latinitatis
2233 1306 2400 1363 fuisse
2433 1327 2446 1361 :
2474 1324 2643 1377 quare
2667 1325 2776 1363 non
2805 1320 2891 1364 est
2915 1311 3261 1367 exactissima
3285 1313 3460 1366 inter-

1896 1401 2151 1468 pretatio,
2208 1415 2373 1468 quam
2415 1400 2739 1455 elaboravit.
2792 1400 2957 1455 Suam
3019 1402 3345 1458 Sirmondus
3390 1418 3460 1458 ex

1894 1490 2109 1544 duabus
2146 1490 2424 1559 prioribus
2442 1490 2738 1545 Camerarii
2758 1503 2814 1547 et
2840 1492 3325 1563 Christophorsoni
3343 1493 3459 1549 fere

1894 1587 2061 1634 totam
2084 1581 2432 1635 concinnavit
2461 1581 2528 1634 νδ.
2551 1582 2802 1635 Valesius
2832 1598 3026 1636 novam
3058 1584 3307 1647 tentavit,
3335 1583 3459 1637 aliis

1893 1687 2002 1724 non
2025 1680 2334 1727 contentus.
2369 1672 2595 1726 Addidit
2625 1680 2681 1726 et
2708 1682 2865 1726 notas
2902 1673 3147 1727 eruditas
3176 1689 3327 1739 sane,
3361 1674 3458 1729 sed

1892 1762 2077 1830 plures
2102 1761 2502 1831 grammaticas,
2537 1778 2698 1831 quam
2727 1763 3035 1817 historicas.

202 1878 314 1931 que
352 1871 480 1931 post
504 1862 720 1915 obitum
749 1869 956 1915 sectam
983 1862 1068 1914 sui
1094 1861 1335 1915 nominis
1365 1861 1579 1925 habuit,
1615 1876 1646 1914 a
1685 1877 1792 1930 qua
1828 1868 1866 1920 Β
1960 1850 2220 1903 Eamdem
2249 1850 2533 1903 historiam
2558 1866 2588 1903 e
2608 1850 2776 1904 Gallis
2806 1852 3100 1905 ediderunt
3119 1851 3229 1907 duo
3249 1870 3262 1905 :
3282 1868 3459 1922 nuper

201 1956 517 2017 coleretur,
552 1953 933 2010 Joannitarum
964 1952 1406 2024 Chrysostomus,
1432 1952 1788 2007 Nestoriano-

203 2064 334 2102 rum
379 2048 787 2101 monachorum
855 2045 1161 2100 Nestorius.
1215 2044 1514 2113 Utriusque
1568 2043 1790 2099 tandem

199 2143 360 2196 velut
376 2139 643 2210 martyris
660 2138 920 2207 reliquias
937 2137 1021 2191 sui
1039 2137 1479 2205 conquisierunt,
1502 2136 1650 2204 quod
1665 2150 1789 2189 cum

201 2232 274 2286 de
294 2231 699 2302 Chrysostomo
725 2229 798 2284 sit
821 2228 1035 2283 cunctis
1063 2235 1275 2291 notum,
1300 2227 1368 2280 de
1390 2226 1641 2280 Nestorio
1662 2241 1792 2281 con-

204 2333 315 2377 stat
351 2339 422 2378 ex
454 2322 688 2391 Evagrio
726 2320 824 2373 lib.
864 2335 900 2372 ιι
948 2318 1215 2382 Historiis,
1259 2332 1382 2387 cap.
1421 2316 1489 2382 2,
1530 2317 1788 2372 laudante

202 2414 538 2469 Zachariam
561 2412 864 2466 rhetorem.

276 2502 506 2558 XXXV.
541 2503 668 2557 Fuit
696 2502 988 2557 Flavianus
1019 2510 1227 2572 martyr
1262 2516 1457 2571 magna
1489 2503 1505 2520 ⁶
1546 2515 1674 2569 pars
1708 2499 1792 2552 hi-

202 2596 414 2660 storire,
456 2610 623 2664 quam
654 2593 1036 2648 Theodoretus
1065 2590 1380 2655 adumbrat,
1424 2590 1657 2660 ideoque
1686 2590 1791 2645 sub

201 2688 387 2741 aliena
411 2687 583 2741 etiam
613 2700 849 2754 persona
874 2682 1176 2747 inducitur,
1202 2691 1258 2736 et
1277 2696 1343 2736 eo
1366 2682 1587 2751 quidem
1610 2681 1789 2735 liben-

204 2781 335 2843 tius,
382 2778 539 2848 quod
593 2778 945 2847 conjunctam
996 2776 1223 2830 haberet
1271 2790 1394 2828 cum
1443 2773 1790 2828 Theodoreto

202 2887 436 2927 causam
475 2888 488 2922 :
523 2885 647 2923 nam
674 2868 729 2921 in
761 2867 955 2922 eodem
979 2876 1209 2936 uterque
1229 2866 1482 2931 concilio,
1508 2865 1575 2919 ab
1595 2864 1789 2919 eodem

202 2962 475 3016 Dioscoro
491 2958 1003 3029 Apollinarianismi
1028 2965 1278 3026 patrono,
1300 2964 1524 3025 propter
1542 2954 1788 3024 ejusdem

204 3051 328 3105 fidei
362 3049 771 3112 defensionem,
802 3056 863 3102 ut
882 3047 1106 3117 quidem
1126 3044 1506 3099 Theodoretus
1527 3044 1631 3098 sibi
1661 3058 1789 3112 per-

202 3141 499 3203 suadebat,
534 3138 822 3208 depositus
859 3146 959 3192 est.
998 3135 1157 3190 Hunc
1186 3134 1242 3189 in
1270 3134 1444 3190 Paulo
1469 3133 1784 3191 Constanti-

1894 1955 2056 2003 unus,
2069 1940 2331 1994 Dominus
2342 1938 2551 2003 Causin,
2566 1940 2731 1994 curiae
2748 1942 3062 1996 monetaria’,
3077 1958 3295 2011 praeses;
3319 1944 3459 1997 alter

1891 2040 2016 2085 ante
2035 2045 2206 2084 annos
2218 2040 2437 2086 centum
2460 2031 2571 2087 fere
2587 2033 3029 2104 ctquadraginta,
3045 2033 3307 2089 Martinus
3322 2035 3458 2089 Mat-

1892 2122 2259 2192 tbazus,prior
2296 2124 2611 2178 Monasterii
2647 2125 2783 2179 Novi
2824 2126 2968 2195 apud
2997 2126 3267 2193 Pictavos,
3303 2128 3457 2183 ordi-

1892 2214 1978 2268 nis
1997 2212 2376 2268 Cluniacensis
2402 2232 2413 2266 :
2443 2225 2671 2284 uterque
2694 2216 2854 2270 laude
2876 2218 3091 2287 dignus,
3121 2220 3213 2274 ille
3234 2231 3459 2290 propter

1890 2302 2232 2372 elegantiam,
2257 2302 2358 2357 iste
2382 2312 2601 2372 propter
2629 2304 3021 2370 sinceritatem,
3046 2308 3296 2377 quamvis
3328 2309 3457 2364 bar--

1893 2392 2097 2447 haram.
2134 2393 2417 2447 Matthaeus
2442 2408 2507 2446 ex
2528 2392 2715 2448 Graeco
2736 2395 2920 2459 vertit,
2943 2396 3216 2453 Cousinus
3243 2415 3311 2453 ex
3330 2416 3454 2455 ver—

1892 2485 2044 2539 sione
2066 2484 2255 2537 Latina
2280 2484 2499 2537 Valesii.
2524 2485 2766 2553 Uterque
2796 2485 3169 2554 praefationem
3194 2489 3249 2542 in
3275 2489 3456 2545 fronte

1890 2576 2071 2645 cperis
2103 2575 2231 2629 fecit
2271 2591 2285 2627 :
2320 2575 2416 2629 sed
2447 2575 2730 2631 Matthzeus
2753 2576 2974 2632 brevem
3003 2588 3167 2648 atque
3195 2581 3454 2649 epistola-

1891 2684 2028 2731 rem,
2054 2684 2159 2738 qua
2194 2668 2539 2723 commendat
2567 2669 2852 2725 historiam
2878 2672 2947 2726 ab
2982 2682 3323 2742 argumento,
3355 2691 3454 2730 au—

1890 2770 2041 2814 ctore
2097 2770 2151 2814 et
2211 2762 2484 2826 utilitate;
2526 2761 2799 2816 Cousinus
2844 2763 3284 2831 prolixissimam,
3348 2782 3455 2836 qua

1892 2850 2052 2904 Iidem
2104 2852 2431 2906 Theodoreti
2476 2853 2740 2908 adversus
2792 2854 3195 2910 accusationem
3234 2858 3456 2912 Patrum

1889 2943 2202 3011 aequalium,
2221 2943 2732 3013 damnationemque
2744 2946 3105 3001 conciliorum
3122 2950 3456 3018 generalium

1889 3034 2054 3103 289
2078 3043 2331 3103 quatuor,
2359 3042 2415 3089 et
2444 3051 2780 3090 summorum
2808 3037 3127 3106 pontiﬁcum
3146 3039 3305 3111 longe
3332 3043 3454 3111 plu-

1892 3125 2034 3177 rium
2082 3124 2378 3179 defendere
2426 3134 2677 3180 conatur.
2727 3126 2905 3194 Quare
2958 3127 3012 3183 id
3061 3129 3165 3198 ipsi
3207 3133 3455 3203 contigit,

203 3233 535 3303 n0politano
571 3207 641 3284 ab
675 3230 899 3284 Arianis
945 3229 1160 3299 dejecto
1203 3227 1278 3281 ita
1310 3233 1683 3297 repraesentat,
1724 3233 1785 3279 ut
1812 3207 1854 3265 (ἶ
1888 3216 2034 3283 quod
2056 3217 2194 3271 solet
2219 3232 2426 3287 magna:
2455 3217 2698 3285 quidem,
2724 3219 2819 3273 sed
2845 3219 3138 3290 deploratae
3162 3238 3338 3281 causa:
3358 3240 3455 3294 pa-

202 3325 291 3379 vix
325 3323 637 3394 quidquam
686 3322 732 3353 ⁸⁵
781 3336 951 3374 unum
998 3318 1158 3374 alteri
1204 3318 1438 3373 similius
1470 3318 1636 3387 288
1666 3331 1787 3371 esse

203 3416 400 3486 possit.
442 3414 646 3469 Paulus
670 3412 817 3468 enim
850 3411 1056 3481 pariter
1085 3418 1248 3480 atque
1286 3408 1597 3471 Flavianus,
1638 3407 1786 3462 Con-

204 3506 720 3575 stantinopolitana:
757 3503 1012 3557 Ecclesiae
1040 3500 1259 3571 praefuit
1292 3518 1305 3553 :
1339 3509 1570 3567 uterque
1605 3506 1785 3552 recto-

203 3614 324 3651 rum
355 3597 683 3667 dogmatum
724 3592 978 3648 defensor
1009 3610 1041 3647 a
1076 3591 1424 3647 Theodoreto
1453 3590 1635 3645 dictus
1662 3598 1781 3652 est;

202 3697 441 3757 uterque
492 3685 712 3739 Arianis
757 3693 851 3739 aut
894 3683 1222 3739 Arianorum
1272 3681 1448 3737 soboli
1503 3681 1781 3744 infensus;

201 3788 441 3848 uterque
488 3776 778 3831 seditionis
823 3774 1069 3829 conflata:
1093 3774 1439 3842 aliorumque
1486 3772 1783 3826 criminum

197 3879 528 3935 accusatus;
570 3878 804 3937 uterque
825 3868 1086 3937 depulsus
1116 3866 1316 3919 throno
1333 3863 1580 3935 jussione
1614 3863 1783 3932 impe-

198 3962 405 4017 ratoris
446 3961 520 4015 ab
556 3961 776 4014 Arianis
831 3959 1088 4028 impulsi;
1144 3965 1377 4026 uterque
1424 3957 1695 4025 relegatus
1724 3953 1780 4007 in

203 4052 476 4105 miserum
504 4048 683 4102 exsilii
715 4047 920 4110 locum,
947 4044 1147 4099 Paulus
1167 4043 1469 4106 Cucuzum,
1494 4039 1781 4094 Flavianus

198 4142 467 4212 Epipam;
517 4150 748 4207 uterque
778 4136 832 4190 in
855 4135 1048 4190 exsilio
1074 4134 1312 4188 violenta
1335 4140 1509 4187 morte
1539 4130 1776 4195 interiit;

199 4243 435 4302 uterque
481 4230 537 4284 id
574 4244 770 4299 passus
817 4226 1060 4297 potentia
1085 4225 1324 4280 hominis
1358 4225 1415 4278 in
1452 4223 1576 4276 aula
1600 4220 1778 4275 domi-

195 4323 381 4377 nantis
403 4339 419 4387 ;
440 4320 667 4384 Paulus,
693 4318 939 4389 prmfecti
963 4317 1222 4387 Philippi,
1264 4315 1575 4379 Flavianus,
1603 4328 1778 4367 eunu-

196 4413 282 4466 chi
311 4411 669 4481 Chrysapltii,
698 4417 808 4464 etc.

1891 3308 2086 3361 tronis.
2117 3308 2259 3364 Usus
2301 3316 2387 3362 est
2423 3307 2744 3377 exceptione
2783 3309 2903 3364 falsi
2945 3311 3207 3368 adversus
3246 3314 3455 3370 instru-

1888 3409 2071 3454 menta
2094 3399 2478 3468 probatissima
2502 3417 2515 3465 ;
2548 3400 2688 3454 facta
2717 3401 2911 3456 callide
2942 3403 3054 3457 fere
3090 3405 3270 3460 omnia
3292 3407 3456 3462 aliter

1887 3506 2050 3561 quam
2076 3490 2425 3554 accidissent,
2456 3492 2727 3561 exposuit,
2762 3501 2815 3546 et
2848 3493 2965 3562 ipsa
2996 3495 3161 3550 etiam
3194 3496 3453 3554 Ecclesiae

1888 3581 2059 3636 totius
2088 3581 2319 3635 concilia
2351 3581 2739 3635 inconsiderati
2771 3589 2826 3636 et
2854 3585 3129 3638 temerarii
3144 3586 3339 3657 ju‘dicii
3363 3605 3456 3644 ac-

1888 3674 2118 3728 cusavit.
2148 3674 2349 3727 Verum
2383 3673 2436 3726 id
2468 3673 2821 3729 tribuendum
2849 3690 2959 3730 non
2993 3676 3299 3734 defensoris
3326 3695 3452 3750 per-

1884 3779 2052 3829 sonae,
2073 3757 2159 3819 cui
2184 3780 2282 3818 sua
2308 3763 2428 3818 laus
2451 3764 2666 3819 detrahi
2691 3781 2801 3820 non
2829 3767 3010 3832 debet,
3031 3769 3125 3823 sed
3150 3771 3453 3827 conditioni

1882 3869 2078 3919 causa},
2108 3870 2231 3925 quae
2260 3855 2344 3909 vel
2376 3856 2577 3925 suscipi
2607 3872 2717 3911 non
2747 3857 2957 3923 debuit,
2978 3862 3064 3915 vel
3094 3860 3336 3931 defendi,
3366 3865 3453 3922 vel

1882 3942 1962 3997 sic
1986 3944 2053 3996 ⁸⁸.

2054 4069 2081 4140 §
2130 4070 2218 4124 IlI.
2246 4071 2479 4126 Historia
2514 4073 2778 4145 religiosa,
2806 4076 2913 4130 sive
2939 4077 3280 4135 Philotbeus.

1952 4227 1991 4281 Ι.
2044 4225 2300 4293 Historia,
2334 4244 2457 4298 qure
2507 4230 2827 4285 inscribitur
2850 4231 3178 4300 Philotimus,
3204 4238 3452 4293 continet

1880 4321 2055 4391 elogia
2098 4319 2566 4374 sanctissimorum
2614 4332 2953 4387 ascetarum,
3003 4323 3096 4392 qui
3144 4325 3343 4393 partim
3393 4326 3450 4381 in

1879 4411 2121 4474 Oriente,
2159 4411 2357 4480 partim
2401 4412 2454 4465 in
2480 4412 2614 4466 locis
2648 4412 2843 4467 vicinis
2871 4413 3251 4470 admirabilem
3279 4417 3446 4472 vitam

262 4501 513 4556 XXXVI.
535 4499 794 4570 Ejusdem
816 4500 1061 4554 historiae
1080 4513 1208 4569 pars
1231 4497 1396 4552 etiam
1421 4496 1525 4551 fuit
1550 4510 1778 4595 magnus
1812 4544 1851 4596 Β
1880 4505 2175 4559 duxerunt,
2220 4502 2361 4557 sum
2409 4510 2592 4557 autem
2648 4503 2726 4557 illi
2778 4505 2997 4573 triginta
3040 4507 3291 4573 omnino,
3338 4524 3449 4563 ηοη

196 4592 283 4647 ille
306 4591 566 4653 Proclus,
604 4592 700 4659 qui
735 4590 802 4643 de
845 4589 1216 4643 incarnatione
1258 4587 1563 4643 orationem
1587 4584 1779 4639 habuit

196 4698 384 4737 coram
412 4681 691 4745 Nestorio,
716 4697 822 4750 qua
845 4681 1016 4735 Deum
1040 4695 1259 4749 passum
1282 4679 1456 4733 dixit:
1484 4688 1539 4733 et
1567 4688 1775 4732 tomum

196 4773 422 4842 scripsit
444 4771 516 4825 ad
542 4774 828 4833 Armenes,
856 4785 966 4839 quo
995 4779 1251 4840 excerpta
1286 4785 1352 4824 ex
1371 4769 1531 4824 libris
1551 4767 1773 4822 Diodori

194 4872 248 4917 et
274 4861 624 4917 Theodoreti
658 4859 947 4914 refutavit:
972 4860 1120 4914 hunc
1162 4861 1218 4915 in
1247 4860 1494 4915 Eudoxio
1529 4859 1775 4929 ejusdem

195 4948 345 5006 Sedis
368 4949 992 5019 Constantinopolitanze
1021 4951 1251 5019 praesule
1275 4951 1541 5021 depingit.
1567 4950 1774 5006 Caetera

195 5041 459 5110 persequi
488 5056 597 5095 non
630 5039 923 5094 admodum
950 5054 1088 5109 opus
1110 5048 1212 5093 est.

264 5131 539 5186 XXXVII.
561 5130 853 5185 Historiam
881 5131 1213 5185 Theodoreti
1250 5130 1500 5185 Latinam
1522 5130 1776 5185 fecerunt

1884 4594 1988 4647 viri
2043 4602 2274 4656 tantum,
2323 4592 2417 4647 sed
2458 4594 2623 4647 etiam
2666 4594 2911 4658 feminae,
2961 4612 3195 4664 quorum
3250 4613 3451 4667 agones

1884 4681 2197 4751 spirituales
2240 4681 2619 4735 Theodoretus
2663 4681 2747 4735 vel
2806 4682 2921 4751 ipse
2966 4683 3124 4747 vidit,
3177 4685 3263 4739 vel
3304 4687 3449 4742 reie-

1880 4769 2132 4823 rentibus
2187 4769 2307 4823 aliis
2344 4770 2630 4824 sanctitate
2688 4786 2799 4825 non
2856 4770 3049 4840 impari
3109 4772 3447 4844 hominibus,

1878 4858 2085 4914 didicit.

1949 4948 2010 5003 II.
2039 4950 2156 5004 Non
2195 4950 2335 5004 hanc
2372 4950 2589 5019 scripsit
2627 4950 2811 5019 procul
2864 4950 3032 5005 dubio
3071 4952 3449 5010 Theodoretus

1878 5050 2001 5112 post
2037 5055 2242 5094 annum
2295 5042 2421 5104 445,
2466 5055 2575 5109 quo
2623 5056 2766 5095 anno
2804 5042 3017 5097 litteras
3048 5043 3199 5097 dedit
3230 5044 3299 5098 ad
3335 5045 3445 5099 Eu-

1879 5129 2091 5185 sebium
2139 5130 2183 5161 ⁹⁹
2215 5147 2226 5181 :
2262 5130 2316 5181 in
2365 5130 2471 5183 illis
2522 5130 2668 5182 enim
2703 5131 2872 5199 ipsius
2914 5131 3247 5187 mentionem
3295 5133 3443 5199 facit,

1522 5282 1840 5338 SCHULZII
1880 5282 2109 5337 NOTAE.

268 5455 315 5486 "
344 5451 449 5506 Hic
478 5452 665 5514 etiam,
692 5459 749 5505 et
776 5450 1141 5520 quiisequitur

203 5531 455 5578 recenset
511 5516 810 5583 Fabricius,
866 5516 1113 5573 Biblioth.
1162 5516 1255 5574 Gr.
1296 5517 1406 5570 vol.
1445 5516 1532 5579 Vl,
1574 5532 1628 5584 p.
1692 5518 1713 5568 l

1840 5445 1955 5498 odit
1993 5446 2277 5498 luxurians
2302 5445 2603 5511 ingenium.

1229 5446 1297 5502 56
1326 5446 1742 5516 parallelismus.
1759 5461 1837 5569 Epr

1229 5536 1255 5569 ·.
1296 5517 1406 5569 vol.
1445 5516 1532 5569 Vl.
1574 5532 1628 5569 ι).
1692 5516 1755 5569 12
1809 5531 1823 5569 :

1722 5513 1823 5579 25;
1866 5516 2086 5583 plenius
2111 5523 2290 5567 autem
2330 5514 2599 5579 Oudinus,
2635 5514 2671 5567 l.
2707 5530 2755 5568 c.
2802 5523 2840 5566 t.
2874 5514 2926 5578 l,
2967 5530 3018 5582 p.
3056 5513 3209 5569 1094.
3245 5515 3443 5583 Valesii

2704 5444 2748 5475 ’⁸
2771 5444 3123 5513 Antiquiores
3162 5446 3446 5502 versiones

202 5594 374 5646 editio
411 5599 537 5661 post
562 5579 1022 5661 Mogunti'namgde
1058 5602 1203 5641 anno
1233 5587 1387 5647 1679,
1421 5594 1477 5661 et
1514 5579 2080 5661 Anistelodarnensem_
2106 5583 2441 5661 de_a._1695,
2474 5584 2915 5661 emendatissime
2964 5579 3166 5661 prodiit
3190 5579 3444 5654 Augusta:

205 5653 579 5715 Taurinorum
614 5653 854 5714 £1748.
897 5659 941 5690 ³⁷
967 5659 1042 5712 Ita
1082 5666 1280 5720 tamen,
1321 5665 1380 5709 ut
1415 5656 1545 5709 ferri
1579 5671 1687 5707 non
1719 5663 1923 5722 posset,
1966 5654 2149 5722 judice
2174 5653 2412 5718 Valesio,
2439 5654 2680 5707 melioris
2710 5653 3169 5719 interpretationis
3198 5653 3439 5709 auctore.

206 5731 248 5761 "
283 5732 437 5785 llanc
477 5730 696 5800 quidem
734 5729 1104 5800 praefationem
1137 5726 1401 5800 Garnerio
1432 5740 1500 5800 se
1526 5741 1715 5800 parum
1747 5724 2144 5800 probasse-non
2178 5731 2261 5776 est
2292 5724 2754 5800 qu_o(l__r_n_irem|_i_r.
2798 5722 3064 5800 Differup‘t
3095 5724 3241 5777 enim
3283 5740 3443 5793 quam

209 5803 441 5855 maxime
474 5792 595 5871 quae
624 5792 896 5856 Ceu-sinus
938 5806 992 5852 et
1032 5795 1329 5852 Garnerius
1364 5796 1431 5850 de
1473 5792 1574 5850 fide
1610 5794 1939 5848 Theodoreti
1984 5792 2321 5861 disputantﬁ
2360 5797 2403 5826 99
2435 5794 2553 5847 Vid.
2602 5806 2638 5844 t.
2675 5792 2760 5855 IV,
2800 5792 2959 5860 epist.
2991 5792 3077 5847 82.
