4228 6446
814 391 918 452 239

1933 390 2308 450 GARNERII
2348 391 2844 454 DISSERTATIO
2885 394 2966 454 ΙΙ.

3962 405 4071 470 240

818 515 1073 568 tanquam
1125 498 1304 566 Operis
1347 495 1673 566 pervulgati,
1733 503 1897 564 atque
1945 496 2019 549 ita
2070 496 2204 550 editi
2261 505 2388 550 ante
2422 510 2459 556 Α
2493 512 2638 551 anno
2685 499 2808 563 444,
2855 515 2999 556 anno
3041 502 3252 559 scilicet
3288 516 3658 577 consequente
3700 516 3958 565 octavum
4017 526 4074 569 et

817 609 1020 647 annum
1075 608 1244 645 unum
1295 600 1390 646 aut
1440 591 1694 645 alterum.
1749 590 2037 656 Quomodo
2069 592 2215 646 enim
2260 593 2394 648 alias

816 687 882 738 ad
917 686 1109 753 ipsam,
1144 683 1294 736 velut
1323 682 1390 736 ad
1422 672 1615 736 testem
1649 695 1759 734 sua:
1794 681 1943 745 ﬁdei,
1984 690 2175 736 contra
2201 683 2394 737 adver-

815 776 992 831 sarios
1033 781 1090 829 et
1135 774 1350 845 judices
1405 773 1709 843 prudenter
1752 775 2115 844 provocarct?

885 868 972 921 lll.
1002 866 1122 933 Quo
1155 865 1430 920 anteriore
1465 865 1754 934 tempore?
1787 865 1905 920 Non
1948 873 2098 919 certe
2145 873 2270 919 ante
2299 881 2396 920 an-

725 990 728 992 ~
813 973 946 1013 num
982 958 1084 1013 457
1124 965 1218 1010 aut
1255 955 1380 1020 458,
1422 970 1532 1024 quo
1561 955 1854 1009 defunctus
1880 954 1990 1008 vita
2028 954 2260 1008 Aeacius
2297 955 2396 1009 Be-

815 1052 1047 1106 rmensis
1082 1067 1094 1103 :
1137 1049 1197 1103 ﬁt
1240 1048 1387 1102 enim
1427 1053 1580 1100 certa
1615 1045 1682 1100 de
1728 1044 1899 1114 ipsius
1927 1045 2080 1100 obitu
2123 1047 2395 1101 sententia

815 1155 882 1194 ex
913 1156 979 1194 eo
1017 1139 1163 1208 quod
1207 1138 1262 1191 in
1321 1137 1574 1191 eneomio
1621 1136 1808 1191 Jacobi
1854 1135 2101 1190 Nisibeni
2136 1139 2152 1168 ί
2193 1137 2396 1192 dicitur

815 1231 1060 1285 tenuisse
1081 1229 1454 1300 episcopatum
1495 1243 1668 1281 annos
1691 1228 2122 1297 quinquaginta”
2149 1237 2204 1282 et
2225 1238 2351 1283 octo
2377 1248 2389 1282 :

817 1323 944 1376 inde
964 1322 1111 1375 enim
1141 1321 1312 1374 scitur
1344 1319 1545 1372 obiisse
1571 1333 1716 1371 anno
1741 1319 1842 1372 457
1869 1328 1963 1372 aut
1993 1320 2116 1382 458,
2153 1320 2396 1388 quando-

815 1410 1038 1479 quidem
1093 1409 1382 1462 ordinatus
1413 1415 1497 1460 est
1519 1421 1663 1459 anno
1693 1407 1798 1461 578
1817 1419 1911 1461 aut
1933 1409 2055 1463 δῖε).
2085 1409 2204 1474 Quo
2225 1409 2393 1479 igitur

814 1500 1038 1555 deﬁnite
1085 1515 1228 1553 anno
1277 1498 1521 1552 sexennii
1573 1498 1741 1560 illius,
1793 1498 1939 1568 quod
1988 1499 2131 1553 inter
2181 1500 2391 1554 obitum

814 1589 998 1644 Acacii
1044 1597 1100 1643 et
1128 1588 1413 1658 epistolam
1444 1587 1513 1641 ad
1545 1587 1842 1641 Eusebium
1878 1588 2234 1658 interlapsum
2274 1590 2394 1644 est?

815 1681 1161 1751 Responderi
1204 1679 1362 1733 facile
1393 1688 1590 1749 potest,
1631 1680 1674 1733 si
1705 1680 2052 1734 Theodoreto
2083 1681 2387 1735 credimus:

814 1781 831 1794 ‘
880 1774 1106 1829 credere
1170 1787 1303 1826 vero
1348 1787 1447 1840 par
1491 1779 1576 1826 est
1625 1786 1736 1839 pra:
1785 1771 1928 1834 aliis,
1978 1771 2246 1839 siquidem
2303 1787 2391 1826 res

813 1872 1019 1928 narret,
1051 1878 1187 1933 quas
1211 1863 1369 1927 vidit,
1395 1879 1638 1932 quasque
1659 1879 1727 1917 ex
1749 1863 1881 1932 ipsis
1905 1862 2118 1927 didicit,
2153 1877 2387 1931 quorum

811 1955 952 2009 facta
1001 1963 1207 2008 narrat.

884 2047 971 2101 ιν.
1009 2045 1147 2100 Cum
1165 2045 1343 2099 Vitam
1370 2044 1632 2099 scriberet
1653 2045 1926 2100 Simeonis
1955 2046 2179 2116 Stylitaz,
2211 2047 2388 2115 ipsum

814 2135 981 2191 tradit
1029 2135 1222 2204 viginti
1260 2135 1372 2205 jam
1404 2142 1460 2188 et
1501 2144 1626 2188 octo
1675 2150 1850 2190 annos
1892 2136 2218 2206 transegisse
2243 2137 2286 2200 ³,
2321 2151 2386 2190 ex

811 2241 922 2295 quo
988 2224 1267 2294 inceperat
1315 2223 1736 2295 quadragesimo
1789 2240 2008 2294 quoque
2063 2225 2153 2280 die
2219 2228 2389 2281 semel

810 2317 994 2381 vesci;
1042 2317 1248 2385 incepit
1293 2330 1446 2379 vero,
1491 2325 1777 2384 postquam
1814 2332 1845 2369 a
1891 2319 2248 2373 conversione
2290 2335 2389 2375 sua

813 2409 953 2462 duos
996 2423 1121 2462 cum
1172 2405 1457 2459 monachis
1501 2402 1830 2475 quibusdam
1874 2423 2067 2474 annos,
2105 2410 2292 2464 decem
2332 2412 2385 2466 in

812 2498 1092 2554 lleliodori
1170 2499 1503 2552 monasterio
1562 2497 1826 2553 duxisset.
1900 2499 2034 2555 Cum
2101 2518 2230 2573 ergo
2285 2504 2386 2558 do-

811 2598 934 2644 ceat
983 2588 1248 2658 Evagrius
1306 2588 1618 2642 Simeonem
1673 2589 1872 2643 vixisse
1948 2606 1978 2644 a
2027 2594 2388 2649 conversione

811 2698 909 2736 seu
963 2690 1019 2736 et
1059 2679 1454 2750 quinquaginta
1503 2696 1698 2745 annos,
1753 2697 1988 2752 cumque
2039 2697 2231 2739 omnes
2276 2685 2388 2740 fere

811 2772 1108 2834 fateantur,
1155 2778 1404 2824 sanctum
1467 2779 1704 2826 ascctam
1751 2788 1895 2826 anno
1933 2773 2094 2842 290
2126 2775 2230 2829 460
2277 2776 2387 2830 vita

811 2863 1094 2926 tunctum,
1147 2875 1371 2914 necesse
1423 2869 1506 2915 est
1566 2872 1625 2915 ut
1685 2877 1984 2916 conversus
2031 2865 2197 2919 fuerit
2245 2881 2390 2921 anno

809 2954 935 3007 404.
977 2952 1033 3007 Si
1077 2967 1207 3022 ergo
1262 2951 1330 3004 ad
1387 2967 1562 3005 annos
1598 2953 1702 3006 404
1743 2951 2012 3007 addantur
2077 2955 2388 3021 duodecim,

809 3043 1006 3113 partim
1082 3041 1228 3096 inter
1284 3041 1610 3106 monachos,
1661 3044 1859 3111 partim
1912 3045 2055 3113 apud
2125 3045 2386 3104 Heliodo-

810 3151 933 3189 rum
971 3134 1100 3200 acti,

811 3238 1064 3296 suscepto
1103 3226 1312 3297 jejunio
1332 3224 1677 3286 cilluxerant.
1706 3225 2055 3282 Theodoreto
2085 3230 2382 3296 scribente,

810 3321 1035 3372 exsistet
1081 3333 1260 3373 annus
1305 3319 1411 3372 444
1442 3318 1484 3381 ⁸,
1530 3333 1640 3387 quo
1681 3318 1916 3372 Historia
1962 3320 2210 3391 religiosa
2239 3339 2388 3378 com-

811 3410 988 3480 posita
1043 3409 1132 3464 sit.

880 3525 944 3578 V.
986 3524 1118 3578 Inde
1172 3523 1404 3577 solvitur
1451 3521 1685 3575 celebris
1720 3523 1946 3590 quaestio
1983 3523 2050 3577 de
2084 3541 2249 3590 anno,
2277 3543 2387 3598 quo

812 3616 1032 3670 Simeon
1080 3615 1135 3668 in
1185 3615 1493 3668 columnam
1548 3613 1877 3678 ascenderit,
1918 3616 2272 3686 quandiuque
2330 3619 2386 3673 in

810 3723 874 3760 ea
897 3707 1130 3761 steterit.
1149 3706 1284 3760 Nam
1305 3721 1430 3759 cum
1447 3704 1502 3758 in
1523 3705 1854 3758 domuncula
1871 3707 2070 3762 vixerit
2088 3717 2198 3762 tres
2215 3726 2388 3765 annos

812 3806 1095 3866 postquam
1150 3796 1218 3850 ab
1263 3797 1552 3849 Heliodoro
1598 3797 1843 3859 recessit,
1910 3799 2199 3852 recesserit
2258 3816 2388 3855 vero

809 3902 952 3940 anno
1001 3886 1124 3944 416,
1173 3900 1397 3938 necessc.
1439 3894 1521 3939 est
1551 3893 1612 3938 ut
1641 3885 1953 3938 columnam
2001 3889 2388 3944 conscenderit

811 3993 952 4032 anno
984 3977 1109 4039 419,
1147 3983 1309 4045 atque
1341 3977 1413 4028 ita
1444 3977 1497 4028 in
1537 3991 1598 4029 ea
1628 3976 1932 4043 perstiterit
1961 3993 2128 4029 unum
2158 3987 2214 4032 et
2244 3996 2382 4047 qua-

810 4071 1060 4141 draginta
1085 4085 1275 4125 annos.
1299 4069 1578 4138 Siquidem
1604 4071 1669 4123 ad
1693 4070 1907 4124 obitum
1929 4087 2104 4139 usque
2127 4074 2383 4142 perstitit,

811 4162 1148 4231 contigitque
1185 4161 1370 4216 obitus
1409 4178 1552 4214 anno
1589 4162 1713 4217 400.

879 4253 967 4306 Vl.
1004 4251 1102 4306 Est
1142 4261 1198 4304 et
1242 4251 1346 4304 alia
1386 4252 1633 4322 ejusdem
1687 4255 1974 4323 temporis,
2013 4271 2122 4323 quo
2145 4255 2384 4312 Historia

809 4342 1061 4412 religiosa
1118 4341 1368 4396 confecta
1419 4348 1522 4405 est,
1575 4343 1892 4398 inveniendi
1947 4351 2107 4398 ratio.
2151 4347 2386 4402 Jacobus

810 4433 901 4486 ille
935 4432 1290 4495 admirabilis,
1323 4447 1487 4502 quem
1533 4432 1912 4489 Theodoretus
1961 4436 2136 4505 capite
2168 4437 2232 4492 21
2270 4438 2387 4492 lau-

2497 587 2834 644 tricesimum
2869 593 2980 662 jam
3009 594 3308 664 expletum.
3344 598 3469 653 Htec
3498 600 3636 655 ratio
3669 603 3931 671 temporis
3953 605 4073 673 plu-

2495 673 2646 726 ribus
2675 677 3070 744 qutestionibus
3106 681 3384 739 solvendis
3429 686 3578 742 utilis
3610 696 3714 755 est,
3761 689 3831 744 de
3867 693 4073 760 quibus

2494 763 2675 818 obiter
2717 775 2925 835 postea.

2565 856 2674 910 VII.
2717 857 3100 918 DitIicultatem
3153 873 3305 920 creat
3347 867 3509 922 unica
3534 886 3641 934 res,
3664 887 3785 941 qua:
3805 871 4068 931 illustris-

2494 944 2691 1000 sin'ium
2713 947 3004 1005 Annalium
3025 953 3348 1024 seriptorem
3379 958 3432 1012 in
3467 957 3847 1017 admirabilem
3874 979 4072 1034 quam-

2494 1040 2640 1104 dam,
2691 1040 2761 1094 de
2802 1042 2912 1098 vita
2957 1045 3231 1102 Simeonis
3281 1059 3432 1104 extra
3466 1055 3824 1109 centesimum
3862 1071 4070 1112 annum

2495 1131 2868 1200 producenda,
2922 1139 3250 1193 sententiam
3275 1141 3540 1209 .impulit.
3593 1143 3783 1199 Credit
3823 1148 3996 1211 enim,
4037 1163 4069 1202 a

2494 1238 2691 1293 magno
2729 1227 2824 1280 illo
2854 1226 3070 1283 Meletio
3103 1231 3459 1288 Antiocheam
3494 1235 3752 1292 Ecclesia:
3781 1238 4065 1309 episcopo,

2493 1319 2588 1386 qui
2625 1318 3095 1392 Constantinopoli
3143 1341 3288 1380 anno
3330 1329 3427 1382 581
3476 1331 3633 1394 obiit,
3671 1347 3796 1386 cum
3825 1335 4070 1404 synodus

2494 1410 2733 1464 secunda
2772 1413 3042 1481 generalis
3097 1414 3414 1482 haberetur,
3449 1421 3728 1476 visitatum
3781 1424 3956 1480 fuisse.
3984 1425 4070 1480 Si-

2494 1515 2766 1565 meonem,
2794 1511 3082 1572 postquam
3122 1506 3178 1559 in
3219 1508 3529 1564 columnam
3567 1513 3677 1581 jam
3705 1515 4065 1570 ascendisset.

2493 1590 2676 1647 Utitur
2715 1592 2784 1646 ad
2829 1593 2990 1648 [idem
3021 1597 3129 1650 sibi
3165 1597 3468 1654 faciendam
3516 1604 3844 1660 auctoritate
3885 1606 4067 1660 Theo-

2491 1683 2692 1748 doreti,
2733 1686 2890 1755 cujus
2925 1696 3053 1741 sunt
3100 1696 3215 1744 haec
3259 1691 3426 1745 verba
3464 1710 3477 1745 :
3523 1711 3542 1744 ε
3571 1693 3708 1748 Cum
3730 1712 3860 1750 vero
3886 1698 4068 1752 admi-

2494 1774 2697 1830 randus
2755 1775 3022 1840 Meletius,
3085 1780 3179 1849 qui
3229 1781 3584 1839 Antiocheam
3643 1787 3883 1856 regionis
3938 1799 4071 1844 tunc

2489 1868 2864 1938 episcopatum
2911 1871 3153 1940 regebat,
3184 1873 3268 1927 vir
3299 1875 3590 1942 prudentia
3621 1886 3676 1931 et
3708 1879 4070 1950 intelligentia

2493 1953 2692 2020 clarus,
2727 1956 3043 2029 ingeniique
3062 1961 3282 2016 solertia
3321 1973 3570 2030 ornatus,
3602 1981 4071 2036 supervacaneum

2491 2044 2700 2100 diceret
2741 2048 2946 2102 ierrum
2977 2066 3120 2115 esse,
3161 2068 3283 2108 cum
3336 2055 3404 2107 ad
3445 2056 3677 2112 rationis
3706 2059 3924 2114 vincula
3951 2077 4075 2116 cor-

2489 2136 2610 2204 pori
2649 2137 2942 2208 injicienda
2967 2142 3220 2198 voluntas
3251 2144 3558 2200 suﬂiceret:
3591 2150 3778 2212 cessit,
3807 2159 3864 2204 et
3883 2152 4075 2207 admo-

2491 2229 2686 2283 nitioni
2715 2232 2836 2301 ejus
2870 2235 3072 2301 paruit,
3106 2237 3389 2307 accitoque
3433 2239 3587 2295 fabro
3617 2243 3898 2299 vinculum
3934 2246 4074 2300 solvi

2487 2321 2656 2390 jussit
2680 2324 2722 2376 ⁸.
2756 2342 2774 2373 ι

2559 2435 2694 2489 VIII.
2715 2435 2829 2490 Hoc
2852 2438 3164 2493 testimonio
3185 2439 3358 2497 fretus
3376 2443 3479 2497 tria
3501 2449 3839 2515 pronuntiat.
3861 2450 3911 2504 i.
3930 2451 4077 2506 Con-

2489 2533 2711 2579 ventum
2763 2541 2794 2580 a
2836 2525 3051 2581 Meletio
3088 2528 3270 2600 aliquo
3300 2531 3642 2589 Antiocheno
3685 2537 3943 2608 episeopo
3985 2540 4076 2595 Si-

2489 2631 2761 2681 meonem,
2779 2633 2904 2671 cum
2923 2620 3030 2689 jam
3056 2621 3394 2677 ascendisset
3416 2624 3469 2678 in
3491 2625 3822 2681 columnam.
3839 2629 3892 2682 2.
3916 2630 4075 2685 Hunc

2488 2723 2518 2760 a
2540 2723 2647 2777 quo
2669 2717 2974 2764 conventus
2995 2720 3098 2774 est,
3123 2711 3423 2780 Meletium,
3447 2731 3556 2770 non
3578 2718 3802 2774 diﬂ‘erre
3824 2736 3853 2774 a
3873 2737 4074 2792 magna

2488 2799 2602 2862 iilo,
2631 2800 2724 2869 qui
2753 2801 2910 2871 291
2943 2800 3413 2876 Constantinopoli
3432 2809 3570 2864 obiit
3613 2825 3758 2865 anno
3780 2812 3904 2865 58L
3930 2813 3984 2866 5.
4015 2814 4072 2867 In

2489 2892 2742 2946 columna
2815 2894 3032 2948 stetisse
3083 2891 3396 2953 Simeonem
3440 2902 3729 2972 plusquam
3791 2906 4074 2976 octoginta

2491 2997 2685 3047 annos,
2739 2985 3028 3056 Yitamque
3079 2989 3252 3058 ipsius
3318 3007 3348 3046 a
3399 2993 3748 3050 'l‘heodorcto
3807 2998 4072 3067 scriptam

2490 3089 2632 3136 esse,
2675 3090 2800 3129 cum
2852 3078 3096 3132 nondum
3142 3081 3414 3150 explesset
3453 3086 3774 3140 vicesimum
3815 3099 4072 3144 octavum

1149 3135 1425 3188 addantur
1470 3136 1636 3188 etiam
1681 3135 1872 3204 viginti
1925 3144 1980 3189 et
2019 3147 2165 3202 octo,
2215 3142 2309 3208 qui
2358 3158 2389 3196 a
2417 3174 2453 3230 ρ

1149 3226 1308 3248 .2--_:-
1337 3224 1654 3248 -m--_-_-_.
1706 3225 2047 3248 'I‘l---.l-._,_.-
2088 3230 2255 3248 -_,,9L,
2312 3241 2348 3248 .,

2491 3164 2744 3218 stationis
2779 3181 3003 3220 annum.
3038 3169 3237 3224 Verum
3276 3172 3381 3226 tria
3412 3174 3525 3228 haec
3559 3186 3840 3246 pugnant:
3868 3180 4074 3248 primo,

2489 3270 2614 3309 cum
2660 3259 2917 3313 omnibus
2959 3261 3084 3315 vitae
3117 3261 3389 3319 Simeonis
3424 3267 3823 3336 scriptoribus",
3846 3266 4074 3326 'dcinde

2487 3361 2610 3401 cum
2643 3349 3022 3416 Theodoreto,
3048 3353 3284 3424 denique
3320 3371 3443 3410 cum
3474 3358 3705 3426 ipsomct
3738 3361 3995 3417 Baronio.

2559 3437 2646 3491 IX.
2667 3439 2800 3493 Nam
2833 3449 2891 3494 ut
2919 3441 2987 3495 ab
3015 3441 3207 3496 ultimo
3230 3443 3426 3498 ducam
3458 3447 3696 3513 initium,
3722 3451 3766 3503 si
3791 3453 4072 3522 octoginta

2489 3543 2661 3583 annos
2708 3530 2928 3586 Simeon
2953 3533 3261 3589 columnam
3304 3537 3569 3603 incoluit,
3597 3549 3651 3594 et
3673 3550 3876 3607 tamen,
3920 3546 4071 3613 quod

2487 3616 2690 3674 fatetur
2715 3620 3002 3687 Baronius,
3026 3625 3172 3679 diem
3208 3627 3404 3680 clausit
3428 3636 3736 3684 extremum
3763 3648 3908 3686 anno
3928 3634 4068 3689 46οε

2489 3727 2710 3766 necesse
2746 3725 2830 3769 est
2866 3725 2924 3768 ut
2971 3717 3279 3771 ascenderit
3310 3720 3363 3772 in
3409 3721 3719 3776 columnam
3762 3739 3906 3778 anno
3941 3725 4069 3789 580,

2489 3803 2785 3856 autetiam
2838 3807 3040 3871 citius;
3101 3824 3320 3862 necesse
3376 3827 3614 3880 quoque,
3665 3824 3725 3866 ut
3782 3815 4073 3884 scripserit

2490 3891 2868 3949 Theodoretus
2908 3896 3180 3951 Simeonis
3232 3902 3543 3956 encontium
3599 3920 3742 3958 anno
3786 3906 3910 3971 408,
3945 3924 4072 3963 cum

2490 3985 2578 4037 vix
2625 4001 2830 4040 annum
2873 3989 3196 4043 vicesimum
3234 3993 3536 4048 secundum
3587 3997 3874 4066 attigisset,
3922 4013 4072 4057 certe

2487 4077 2729 4130 nondum
2775 4078 2914 4132 foret
2939 4081 3258 4149 episcopus;
3292 4085 3534 4139 nondum
3587 4089 3921 4154 evenissent,
3950 4109 4072 4162 qua:

2488 4167 2556 4221 de
2610 4168 2863 4223 Simeone
2913 4179 3118 4234 narrat,
3172 4174 3238 4226 ad
3293 4189 3350 4228 se
3396 4192 3534 4244 quos
3564 4191 3917 4236 converterat
3946 4186 4074 4238 mil-

2489 4268 2658 4324 tente,
2709 4269 2768 4314 ut
2812 4263 3206 4318 sacerdotalem
3249 4265 3689 4325 benedictionem
3732 4274 4069 4342 acciperent.

2487 4350 2613 4406 llam
2653 4361 2837 4408 autem
2884 4355 3098 4424 aliaque
3144 4357 3270 4412 inde
3325 4363 3715 4430 consequentia
3757 4367 4068 4435 complura,

2486 4445 2762 4513 quomodo
2795 4445 2940 4500 inter
2963 4463 3042 4512 se,
3081 4451 3357 4519 quomodo
3380 4467 3504 4506 cum
3531 4453 3749 4508 Baronii
3785 4456 4071 4512 relationi-

809 4522 926 4586 dat,
949 4521 1194 4576 exerceri
1217 4523 1404 4590 coepit,
1428 4537 1538 4590 quo
1573 4532 1816 4592 tempore
1839 4525 2011 4579 Isauri
2047 4529 2386 4597 populaban-
2417 4547 2463 4602 ι)
2489 4532 2594 4588 bus
2620 4534 2688 4589 de
2721 4535 2890 4605 gestis
2931 4537 3261 4593 Theodoreti
3309 4551 3364 4594 et
3419 4541 3694 4597 Simeonis
3748 4546 4072 4601 coharrent?

808 4621 901 4667 tur
947 4612 1157 4666 vicinas
1208 4612 1478 4682 regiones.
1533 4613 1826 4681 Populatos
1875 4631 2020 4670 anno
2068 4617 2174 4671 403
2219 4619 2388 4674 tradit

808 4701 1159 4757 Marcellinus
1207 4703 1263 4756 in
1303 4703 1578 4768 Chronico,
1601 4712 1923 4775 constatque
1947 4715 2060 4760 tum
2087 4724 2151 4762 ex
2185 4710 2388 4787 litteris

807 4793 1204 4864 Cbrysostomi,
1237 4815 1241 4819 ·
1273 4802 1386 4846 tum
1448 4793 1770 4849 indubitatis
1819 4795 1942 4850 aliis
1970 4801 2380 4867 monumentis;

809 4883 960 4953 atqui
1003 4880 1384 4937 Theodoretus
1421 4883 1498 4936 ait
1528 4883 1792 4937 Jacobum
1838 4892 2092 4939 octavum
2139 4895 2196 4940 et
2221 4889 2384 4943 trice-

808 4974 1004 5028 simum
1033 4973 1441 5028 exercitationis
1463 4989 1667 5028 annum
1687 4974 2011 5044 explevisse,
2035 4992 2159 5031 cum
2200 4979 2379 5033 Histo-

809 5069 945 5119 riam
975 5064 1274 5136 religiosam
1319 5065 1600 5118 scriberet.
1641 5084 1659 5116 ι
1691 5065 1958 5120 lnitorum
1993 5067 2096 5121 sub
2128 5068 2218 5123 dio
2263 5086 2382 5125 cer-

808 5157 1075 5211 taminum
1135 5154 1309 5224 ipsius
1349 5153 1620 5224 (Limnazi)
1666 5161 1724 5208 et
1766 5155 1945 5224 magni
1993 5156 2182 5210 Jacobi
2232 5158 2377 5212 idem

807 5258 889 5302 est
934 5247 1199 5315 temporis
1244 5246 1476 5314 spatium
1516 5262 1530 5298 :
1580 5253 1831 5298 octavum
1865 5247 2013 5300 enim
2064 5256 2119 5301 et
2160 5249 2375 5304 tricesi-

806 5359 954 5400 mum
1010 5357 1214 5398 annum
1262 5343 1372 5413 jam
1421 5343 1856 5412 expleverunt.»
1921 5345 2153 5414 Scripsit
2210 5347 2379 5413 igitur

2558 4625 2626 4679 Χ.
2671 4625 2777 4680 Sed
2815 4629 3092 4697 quomodo
3121 4631 3265 4700 quod
3307 4632 3380 4686 ait
3421 4633 3488 4686 de
3533 4633 3748 4689 Meletio
3794 4635 4070 4692 invisente

2489 4715 2822 4783 Simeonem,
2891 4736 3015 4774 eum
3065 4723 3176 4792 jam
3232 4725 3569 4779 ascendisset
3618 4726 3671 4778 in
3725 4727 4066 4788 columnam,

2486 4809 2744 4862 convenit
2803 4825 2927 4864 cum
2988 4811 3321 4866 Theodoreti
3373 4816 3688 4869 narratione
3749 4815 3816 4868 de
3844 4815 4068 4870 Meletio

2485 4896 2796 4952 Simeonem
2836 4901 3125 4966 invisente,
3173 4902 3514 4974 ferreamque
3563 4915 3809 4960 catenam
3855 4909 4066 4962 auferri

2484 4987 2790 5045 suadente?
2853 4991 2911 5046 ld
2963 4991 3110 5047 enim
3161 4993 3543 5050 Theodoretus
3613 4998 3820 5066 apertis
3874 4999 4066 5054 verbis

2483 5079 2651 5133 tradit
2699 5081 2984 5148 accidisse,
3019 5092 3312 5154 antequam
3344 5086 3400 5139 in
3436 5086 3745 5140 columnam
3778 5088 4066 5146 ascendis-

2481 5178 2584 5223 set.
2640 5169 2905 5236 cTribus,
2959 5174 3139 5243 inquit
3177 5177 3217 5238 ',
3273 5175 3328 5228 in
3375 5175 3704 5232 domuncula
3773 5181 4068 5235 transactis

2481 5261 2640 5316 annis
2661 5262 2729 5316 ad
2757 5265 3180 5319 celeberrimum
3207 5267 3352 5321 hunc
3376 5269 3577 5323 montis
3597 5269 3858 5325 verticem
3884 5272 4063 5335 venit,

2481 5356 2774 5411 maceriam
2808 5356 3148 5413 circumduci
3178 5360 3523 5430 praecipiens,
3547 5369 3849 5432 catenaque
3881 5361 4066 5417 ferrea

2201 5547 2516 5605 SCIIULZII
2553 5552 2786 5608 NOTAE.

873 5681 1083 5756 '_;‘V:isi{1_.
1115 5683 1210 5738 Vel
1237 5683 1418 5756 potius
1452 5681 1690 5756 alterius
1712 5682 1918 5756 Jacobi,
1955 5682 2021 5756 de
2057 5700 2167 5755 quo
2205 5687 2316 5744 vid.
2352 5689 2451 5744 Phi

2487 5695 2607 5756 9th.,
2652 5709 2699 5746 c.
2740 5693 2828 5747 21.
2931 5695 2951 5723 ¹

2985 5693 3311 5769 Quinq._Sic
3356 5715 3574 5769 quoque
3619 5698 3780 5769 infra,
3822 5714 3877 5769 p.
3921 5698 4054 5756 297.

799 5750 906 5805 Sed
937 5750 1204 5832 Quamne.
1241 5750 1276 5806 ιι
1402 5769 1455 5823 ρ·
1486 5752 1843 5841 ευθειεηδορ
1871 5750 2280 5841 caducus.
2325 5761 2354 5841 1
2378 5759 2501 5815 νίιιο
2538 5750 2768 5841 Prae
2813 5779 2860 5841 ς-
2890 5750 3074 5841 26::
3105 5750 3887 5841 ν’ῖίιεὲὶιυῖὲσέξῦῖέῖῦῐὲὲἱιἵ.
3921 5750 4053 5838 in;

799 5823 1081 5889 astruitur,
1134 5823 1222 5876 vix
1272 5833 1394 5878 ante
1430 5840 1555 5878 ann.
1592 5824 1696 5878 445
1723 5823 1982 5892 scriptum
2013 5823 2132 5880 esse
2159 5826 2510 5886 Philotheum.

2588 5834 2608 5864 ⁸
2636 5833 2866 5889 Philam.
2897 5850 2943 5890 c.
2971 5834 3058 5890 26.
3150 5839 3170 5868 '
3198 5833 3334 5892 ibid.
