4228 6446
175 384 277 449 241

1342 385 1437 443 DE
1477 382 1732 443 LIBRIS
1764 381 2269 443 THEODORETI.

3326 372 3435 434 242

176 494 376 565 viginti
426 492 743 547 cubitorum
802 491 1103 557 fabricata,
1157 493 1384 562 ejusque
1448 492 1624 561 capite
1682 490 1749 545 ad
1782 498 1823 555 Α
1854 506 1960 559 que
2005 490 2073 544 ad
2120 503 2322 544 munus
2364 488 2674 558 pertinebat
2700 482 2982 556 invigilare
3009 480 3285 547 omnibus,
3313 495 3435 551 qua

177 597 377 637 saxum
424 582 618 651 ingens
660 578 841 644 aﬂixo,
892 582 1067 635 altero
1130 580 1199 635 ad
1251 580 1507 635 dextrum
1566 580 1769 650 pedem
1864 582 1930 635 a'd
1974 582 2230 651 pietatem
2274 582 2630 650 pertinerent.

179 674 415 743 illigato,
474 679 535 724 ut
570 680 724 725 extra
749 671 953 725 limites
985 671 1131 737 illos,
1166 686 1269 726 nec
1294 670 1339 724 si
1365 672 1549 735 vellet,
1576 670 1762 741 egredi

178 771 392 833 posset,
429 764 581 815 intus
637 763 857 827 mansit,
920 762 1119 816 emittm
1159 762 1381 816 assidue
1434 762 1618 816 animo
1654 763 1767 832 agi-

181 867 329 917 tans,
373 863 430 907 et
455 869 575 921 quae
615 868 779 921 supra
804 852 973 907 caelos
994 861 1143 917 sunt,
1175 856 1189 872 '
1226 852 1585 922 contemplari
1613 852 1767 906 anni-

181 954 330 997 tens.
381 942 580 996 Mentis
638 942 786 996 enim
832 943 1068 996 volatum
1117 942 1249 996 ferri
1304 943 1584 997 vinculum
1632 940 1767 997 illud

179 1050 296 1087 non
347 1033 703 1101 impediebat.
754 1032 890 1087 Cum
945 1048 1079 1087 vero
1123 1033 1478 1088 admirandus
1520 1034 1609 1087 ille
1656 1032 1768 1087 Me-

180 1122 370 1183 letius,
400 1140 419 1170 ι
452 1131 558 1174 etc.

253 1211 352 1265 XI.
396 1212 455 1265 in
495 1228 562 1265 eo
612 1212 851 1281 denique
888 1213 1033 1281 quod
1082 1213 1294 1277 scribit,
1350 1213 1662 1268 Simeonem
1713 1212 1769 1266 in

182 1303 448 1357 columna
502 1304 723 1358 stetisse
782 1306 906 1373 plus
935 1320 1097 1373 quam
1129 1306 1403 1375 octoginta
1438 1319 1629 1368 annos,
1656 1305 1769 1358 dis—

183 1395 357 1448 sentit
372 1395 446 1448 ab
466 1396 724 1450 erunibus
745 1398 985 1466 antiquis
1000 1398 1385 1467 scriptoribus,
1404 1397 1769 1460 Theodoreto,

185 1487 436 1540 Antonio
479 1485 754 1542 Simeonis
785 1488 1079 1559 discipulo,
1117 1499 1173 1542 et
1205 1489 1437 1558 Evagrio
1474 1488 1771 1552 historico;

184 1592 256 1629 ne
282 1577 419 1645 quid
445 1578 622 1630 dicam
652 1578 720 1632 de
759 1580 1129 1649 Metaphraste
1164 1589 1284 1649 post
1308 1580 1446 1633 alios
1476 1578 1772 1633 scribente.

188 1668 267 1721 De
321 1666 673 1723 Theodoreto
705 1671 839 1723 satis
891 1672 1174 1726 hactenus.
1226 1671 1497 1725 Antonius
1526 1678 1581 1722 et
1635 1670 1775 1723 Eva-

186 1759 345 1826 grius
376 1767 551 1812 totam
589 1760 663 1814 ita
695 1770 945 1825 narrant,
986 1762 1101 1817 sive
1134 1764 1277 1815 inter
1307 1761 1624 1824 monachos,
1664 1760 1777 1813 sive

188 1848 243 1900 in
298 1848 641 1903 domuncula
684 1858 740 1903 et
797 1851 1042 1913 mandra,
1087 1851 1198 1905 sive
1248 1850 1302 1903 in
1356 1850 1624 1903 columnis
1668 1847 1779 1917 pri-

186 1954 338 1992 mum
396 1940 860 2009 depressioribus,
916 1942 1115 1996 deinde
1159 1942 1466 2003 altioribus,
1530 1940 1777 1994 ascetica:

192 2034 473 2086 Simeonis
496 2034 622 2086 vita:
645 2033 949 2097 historiam,
984 2042 1043 2087 ut
1071 2050 1178 2087 non
1216 2033 1399 2102 plures
1424 2047 1584 2101 quam
1614 2031 1775 2100 quin-

197 2120 465 2189 quaginta
527 2137 619 2175 sex
686 2130 781 2176 aut
845 2133 1053 2192 septem
1116 2138 1289 2176 annos
1344 2123 1623 2189 complexa
1686 2120 1773 2183 sit,

200 2211 542 2281 bimeonque
579 2212 635 2266 in
673 2214 1005 2277 columnam,
1034 2222 1154 2283 post
1181 2212 1476 2266 detractam
1510 2222 1774 2272 catenam,

196 2303 517 2356 ascenderit
552 2304 771 2358 circiter
808 2319 1010 2357 annum
1060 2304 1262 2358 Christi
1319 2304 1447 2367 420,
1496 2319 1605 2371 quo
1643 2310 1779 2353 tent-

189 2411 323 2464 pare
376 2396 783 2453 Antiochenam
822 2398 1124 2452 Ecclesiam
1180 2396 1404 2466 regebat
1441 2393 1777 2455 Theodotus,

191 2494 361 2552 atque
404 2485 483 2539 ita
518 2486 679 2540 modo
710 2487 1082 2549 humiliorem,
1115 2487 1279 2539 modo
1316 2484 1671 2539 excelsiorem
1700 2484 1780 2535 in-

192 2574 562 2638 habitaverit,
598 2576 957 2644 quadraginta
1015 2576 1236 2630 circiter
1284 2590 1552 2629 annorum
1583 2574 1776 2643 spatio.

263 2662 436 2731 292
476 2661 592 2716 XII.
637 2662 742 2717 Sed
779 2663 1018 2728 Meletio,
1061 2664 1299 2733 inquies,
1324 2664 1455 2733 quid
1483 2664 1613 2717 lict?
1642 2663 1781 2728 Quid

197 2749 591 2806 Thcodoreto?
618 2751 780 2817 Quid,
815 2753 858 2807 si
897 2753 1277 2807 Theodoretus
1311 2754 1570 2807 memoria
1600 2754 1782 2821 lapsus

192 2842 481 2897 Meletium
526 2843 809 2911 scripserit
856 2860 953 2913 pro
1002 2844 1326 2899 Theodoto?
1379 2845 1577 2900 Verum
1622 2841 1677 2896 id
1727 2843 1783 2896 in

194 2950 252 2988 re
301 2942 416 2988 tam
467 2935 675 2988 recenti
720 2943 935 3004 tamque
976 2946 1101 2989 nota
1141 2937 1403 2990 accidisse
1436 2936 1524 2989 vix
1567 2937 1779 3004 opinor.

194 3023 385 3095 Longe
420 3025 765 3094 probabilius
809 3026 953 3095 quod
989 3026 1064 3080 ait
1100 3026 1390 3081 Bollandus
1428 3035 1632 3089 noster,
1670 3025 1781 3079 Me-

193 3116 392 3169 letium
442 3116 591 3171 hunc
622 3118 791 3171 fuisse
848 3118 1301 3188 cborepiscopum
1335 3118 1436 3172 sub
1473 3117 1776 3182 Theodoto,

194 3209 283 3261 cui
335 3210 638 3263 commissa
695 3218 841 3263 esset
896 3191 1135 3280 regionis
1203 3212 1369 3275 illius,
1426 3211 1479 3264 in
1524 3227 1629 3280 qua
1678 3209 1781 3265 fuit

196 3297 480 3351 Simeonis
543 3299 801 3363 mandra,
860 3299 1214 3369 inspicienda:
1262 3301 1620 3369 regendisque
1682 3302 1783 3355 sub

195 3389 438 3456 primate
507 3404 655 3442 cura.
722 3389 780 3442 Id
845 3388 1102 3442 videntur
1162 3389 1392 3443 innuero
1452 3388 1783 3444 Theodoreti

197 3476 367 3530 verba
409 3494 421 3529 :
460 3478 776 3530 ἐπισκοπεῖν
808 3477 1108 3547 τηνικαῦτα
1142 3478 1239 3546 τῆς
1270 3477 1543 3548 Ἀντιόχου
1580 3479 1783 3541 πόλεως

194 3569 536 3635 τεταγμένος
584 3567 682 3638 τὴν
727 3567 907 3637 χώραν
957 3570 997 3629 ⁷,
1048 3584 1169 3638 qua:
1204 3584 1363 3621 nemo
1417 3568 1482 3622 de
1528 3570 1783 3638 episcopo

198 3658 357 3711 urbis
412 3659 632 3726 proprie
698 3659 915 3714 dixerit.
968 3660 1177 3714 Dixerit
1239 3676 1367 3714 vero
1427 3661 1669 3729 apposite
1714 3660 1781 3714 de

197 3749 636 3818 chorepisc0po,
696 3751 1014 3819 τεταγμένῳ
1062 3751 1376 3803 ἐπισκοπεῖν
1425 3748 1521 3819 τὴν
1573 3749 1779 3821 χώραν,

200 3840 348 3893 unde
392 3840 772 3909 chorepisc0pi
823 3858 1023 3896 nomen
1072 3843 1255 3896 habet.

268 3930 417 3984 Xlll.
450 3931 602 3985 Hanc
643 3932 1150 4001 interpretationem
1178 3932 1526 3998 conﬁrmant,
1567 3951 1688 4004 quae
1715 3934 1782 3988 de

200 4022 371 4075 Basso
422 4022 577 4091 prius
619 4022 880 4077 dicuntur
904 4022 968 4090 ⁸;
1002 4024 1150 4079 hunc
1198 4040 1396 4094 nempe
1428 4025 1780 4094 prazpositum

198 4112 374 4165 fuisse
398 4112 737 4184 presbyteris
755 4114 904 4168 vicos
926 4116 1273 4185 regentibus:
1301 4119 1409 4179 τοῖς
1432 4117 1569 4169 κατὰ
1595 4115 1784 4185 κώμας

204 4202 451 4270 ἱερεῦσιν
507 4204 833 4255 ἐπιστατῶν.
896 4203 1033 4257 Nam
1093 4204 1225 4274 quid
1287 4206 1607 4258 ἐπίστασθαι
1672 4207 1782 4268 τοῖς

203 4292 469 4360 ἱερεῦσιν,
529 4293 634 4347 nisi
690 4294 1041 4347 ἐπισκοπεῖνῖ

274 4382 419 4436 Ἦν.
454 4383 607 4437 Hanc
631 4385 875 4438 eamdem
912 4384 1415 4453 interpretationem
1458 4386 1611 4439 locus
1645 4385 1784 4438 alter

200 4470 405 4533 aﬂinis,
441 4471 620 4539 capite
673 4470 761 4533 24,
816 4472 1071 4526 illustrat.
1118 4473 1254 4527 Cum
1305 4476 1451 4528 enim
1500 4475 1567 4529 ad
1624 4475 1783 4546 Poly-

203 4562 507 4615 chronium
542 4562 806 4616 siccitatis
842 4572 1087 4631 tempore
1126 4564 1471 4627 conﬂuxisse,
1524 4567 1645 4635 epis
1692 4582 1788 4635 pe-

202 4649 389 4703 tenda
415 4665 601 4711 causa,
636 4661 930 4708 narrantur
965 4654 1285 4724 presbyteri,
1318 4670 1440 4708 cum
1481 4655 1548 4709 iis
1572 4659 1786 4711 venisse

202 4740 414 4793 dicitur
460 4742 552 4790 καὶ
577 4739 678 4808 τῆς
711 4739 1022 4809 Ἀντιοχέων
1041 4760 1122 4801 τις
1154 4742 1334 4813 χώρας
1372 4742 1559 4813 κώμας
1588 4744 1787 4807 πολλὰς

205 4830 517 4900 ποιμαίνειν
561 4832 890 4899 τεταγμένος
930 4835 971 4887 ³.
1016 4833 1170 4899 Quod
1204 4837 1349 4889 enim
1404 4853 1511 4890 uno
1558 4836 1611 4890 in
1661 4837 1781 4890 loco

205 4921 535 4972 ἐπισκοπεῖν
560 4918 768 4974 dictum
794 4929 895 4985 est,
924 4924 1228 4993 ποιμαίνειν
1253 4925 1308 4977 in
1331 4925 1505 4979 altero
1532 4924 1777 4979 cil'ertur.

280 5009 397 5064 XV.
449 5009 557 5064 Sed
605 5024 718 5064 rem
762 5010 992 5068 delinire
1047 5014 1179 5068 mihi
1234 5014 1453 5069 videtur
1503 5032 1677 5071 canon
1719 5016 1784 5069 l0

204 5099 613 5163 Antiochenus,
658 5100 750 5169 qui
806 5110 888 5156 est
934 5103 1001 5156 de
1030 5104 1436 5175 chorepisc0pis
1473 5108 1788 5163 constitutis

207 5196 267 5246 in
306 5192 445 5246 vicis
466 5192 553 5245 vel
580 5192 733 5261 pagis
773 5210 785 5244 :
812 5195 1051 5249 ostendit
1069 5196 1215 5250 enim
1248 5213 1357 5250 non
1385 5214 1588 5266 paucos
1622 5198 1788 5253 fuisse

206 5282 483 5353 ejusmodi
513 5282 953 5353 chorepiscopos,
980 5289 1179 5355 quibus
1205 5290 1496 5343 distributa
1522 5300 1640 5345 erat
1661 5308 1790 5345 cura

213 5372 589 5427 Ecclesiarum
629 5382 783 5427 extra
831 5375 1105 5431 civitatem
1164 5379 1482 5447 positarum,
1528 5396 1792 5449 quorum-

1936 672 2072 727 XVI.
2110 673 2295 741 Neque
2329 687 2455 725 vero
2484 680 2535 725 te
2563 677 2797 736 moveat,
2829 666 2974 738 quod
3021 681 3052 720 a
3094 662 3438 719 Theodoreto

1867 761 2115 816 Meletius
2151 761 2369 814 dicatur
2406 760 2435 812 ὁ
2466 759 2786 829 θαυμάσιος,
2827 755 2982 827 quasi
3023 753 3127 807 hoc
3157 752 3439 822 epitheton

1868 868 2064 922 magno
2102 852 2180 906 illi
2215 852 2431 907 Meletio
2470 852 2571 905 soli
2600 850 2907 904 conveniat.
2960 846 3094 901 Nam
3131 844 3200 898 de
3253 842 3437 905 Basso,

1869 943 1962 1013 qui
1993 944 2183 1012 procul
2210 944 2379 997 dubio
2409 958 2519 995 non
2540 949 2679 1004 erat,
2708 940 2813 994 nisi
2844 940 2909 993 ad
2937 950 3234 998 summum,
3275 932 3438 986 chor-

1868 1035 2177 1103 episcopos,
2218 1034 2466 1103 loquens,
2488 1032 2786 1100 Θαυμάσιον
2819 1029 3091 1090 nominat;
3113 1026 3223 1078 imo
3249 1021 3442 1077 eadem

1871 1126 2236 1195 appellatione
2284 1127 2443 1188 solet,
2494 1137 2852 1193 quoscunque
2901 1119 3210 1189 praecellere
3260 1122 3438 1185 putat,

1871 1231 2153 1270 exornare.
2208 1216 2353 1280 Quin
2399 1223 2456 1268 et
2504 1214 2629 1267 inde
2689 1211 3044 1266 conﬁrmatur
3090 1210 3443 1263 vehementer

1872 1308 2057 1376 opinio
2097 1316 2282 1360 nostra
2317 1323 2329 1357 :
2363 1304 2630 1373 siquidem
2655 1302 3052 1363 Theodoretus,
3085 1314 3206 1351 cum
3234 1296 3301 1349 de
3334 1295 3443 1350 Me-

1875 1396 2005 1450 letio
2037 1396 2501 1449 Antiochenorum
2528 1393 2785 1461 episcOpo
2807 1403 3111 1444 sermonem
3136 1386 3284 1445 facit,
3307 1399 3444 1453 non-

1874 1487 1977 1540 nisi
2022 1501 2275 1555 magnpm
2316 1492 2494 1546 vocat,
2527 1481 2663 1535 Hist.
2710 1479 2834 1533 eccl.
2869 1478 2965 1532 lib.
3010 1494 3063 1539 v,
3095 1490 3213 1543 cap.
3248 1473 3318 1528 33
3347 1490 3358 1524 :
3388 1474 3443 1522 ὲν

1878 1576 2183 1646 Ἀντιοχείᾳ
2213 1576 2269 1627 δὲ
2305 1572 2565 1627 Μελετίω
2612 1571 2705 1623 τοῦ
2754 1568 2989 1640 μεγάλου
3020 1566 3117 1635 τὴν
3161 1561 3445 1634 προεδρίαν

1875 1667 2165 1729 Φλαὸιανδς
2197 1666 2462 1729 διεδέξατο
2501 1666 2564 1717 ¹⁰.
2606 1659 2784 1717 Semel
2829 1668 2992 1729 atque
3020 1658 3217 1711 iterum
3261 1663 3443 1716 antea,

1878 1757 2211 1825 tertiumque
2229 1757 2462 1818 dixerat,
2490 1754 2652 1808 modo
2682 1752 2845 1814 Οιῖον,
2895 1749 3057 1803 modo
3088 1748 3280 1817 μέγαν,
3304 1760 3445 1797 nun-

1815 1850 1855 1903 B
1889 1861 2042 1912 quam
2085 1845 2405 1913 θαυμάσιον,
2442 1852 2531 1907 et,
2583 1843 2743 1911 epist.
2798 1840 2920 1904 112,
2956 1840 3042 1892 ὅτε
3075 1837 3163 1889 τὸν
3190 1834 3282 1887 τοῦ
3309 1833 3445 1886 Θεοῦ

1876 1937 2179 2008 ἄνθρωπον,
2210 1937 2299 1990 τὸν
2328 1937 2503 2005 μέγαν
2532 1933 2811 1988 Μελέτιον.

1945 2062 2105 2117 XVII.
2142 2062 2297 2116 Hunc
2329 2077 2431 2130 ego
2460 2061 2733 2113 Meletium
2775 2059 2971 2127 Opinor
3004 2055 3173 2111 fuisse
3197 2062 3385 2123 postea
3414 2068 3447 2107 a

1875 2154 2158 2207 Theodoto
2196 2153 2545 2222 praepositum
2571 2148 2997 2205 Neocaesariensi
3029 2145 3319 2209 Ecclesia);
3344 2158 3446 2197 nec

1875 2245 2149 2299 diversmn
2194 2244 2262 2297 ab
2304 2259 2391 2306 eo,
2435 2245 2529 2313 qui
2559 2242 2700 2312 apud
2745 2243 3007 2297 Joannem
3045 2236 3446 2293 Antiochenam

1876 2346 1993 2391 erat
2036 2352 2160 2389 cum
2202 2336 2572 2399 'lheodoreto,
2612 2344 2669 2388 et
2717 2334 2840 2387 aliis
2889 2340 3142 2402 quatuor,
3204 2343 3328 2383 cum
3380 2328 3447 2381 ad

1876 2429 2189 2483 Nestorium
2233 2428 2470 2483 Joannes
2518 2426 2821 2489 scriberet;
2867 2425 3069 2493 quique
3114 2422 3168 2475 in
3199 2420 3449 2474 Orienta-

1878 2518 2010 2571 lium
2046 2518 2205 2588 293
2245 2518 2458 2588 synodo
2491 2527 2681 2570 contra
2715 2515 2975 2586 Cyrillum
3014 2522 3069 2568 et
3104 2514 3447 2567 Memnonem

1879 2612 2203 2664 sententiam
2251 2610 2388 2663 dixit
2438 2610 2502 2661 ”.

1950 2712 2133 2767 XVIII.
2164 2713 2280 2766 Non
2310 2712 2652 2767 incommode
2682 2719 2866 2781 posset
2898 2725 3035 2779 opus
3067 2716 3241 2763 totum
3273 2706 3448 2762 dividi

1882 2802 2020 2855 duos
2072 2802 2127 2854 in
2168 2802 2361 2866 libros,
2411 2818 2644 2871 quorum
2694 2802 2847 2871 prior
2905 2800 3093 2870 viginti
3152 2798 3448 2869 capitibus,

1882 2892 2156 2963 posterior
2184 2892 2376 2947 decem
2408 2900 2689 2947 constaret
2709 2895 2750 2923 ¹¹
2784 2910 2796 2944 :
2832 2892 2922 2945 ille
2950 2899 3263 2946 sanctorum
3296 2898 3448 2953 tunc,

1882 2999 2007 3038 cum
2044 2982 2426 3037 Theodoretus
2466 2984 2756 3047 scriberet,
2812 2982 2921 3035 fato
2965 2982 3309 3045 functorum;
3348 2980 3452 3034 iste

1884 3074 2240 3142 superstitum
2288 3074 2464 3144 elogia
2493 3075 2842 3128 contineret:
2879 3081 3111 3142 uterque
3146 3073 3216 3126 ab
3251 3072 3447 3141 insigni

1807 3179 1848 3236 ρ
1882 3162 2117 3233 quodam
2137 3161 2341 3216 Jacobo
2364 3162 2591 3216 duceret
2611 3161 2851 3215 initium.

1954 3272 2095 3327 XIX.
2132 3273 2321 3343 Neque
2344 3290 2473 3328 vero
2504 3274 2621 3328 hzec
2648 3275 2870 3343 partitio
2905 3273 3059 3328 fieret
3084 3274 3256 3327 invito
3277 3269 3448 3333 Theo-

1884 3363 2095 3427 doreto,
2132 3364 2332 3432 quippe
2353 3365 2445 3427 qui
2477 3380 2629 3418 suam
2654 3364 2971 3433 apposuerit
2994 3364 3157 3433 capiti
3192 3364 3454 3418 vicesimo

1882 3454 2081 3524 primo,
2120 3454 2275 3522 quasi
2310 3470 2453 3507 novo
2484 3454 2646 3517 libro,
2686 3454 3075 3523 pnefationcm’.
3112 3471 3130 3503 ‹
3159 3453 3451 3521 Postquam

1882 3545 2209 3599 athletarum
2281 3546 2524 3607 virtutis,
2581 3546 2677 3613 qui
2722 3546 2830 3615 jam
2880 3545 3117 3597 victores
3152 3541 3451 3596 renuntiati

1883 3645 2033 3699 sunt,
2074 3650 2276 3705 agones
2333 3634 2782 3715 percensuimus,
2846 3634 3175 3702 illorumque
3223 3642 3337 3686 tum
3396 3632 3453 3685 in

1882 3727 2269 3781 exercitatione
2296 3726 2529 3790 labores,
2552 3736 2666 3780 tum
2692 3727 2744 3779 in
2776 3726 3167 3779 certaminibus
3203 3724 3451 3787 sudores,

1883 3818 2324 3886 clarissimasque
2357 3826 2411 3870 ct
2452 3818 2821 3872 nobilissimas
2850 3816 3110 3870 victorias
3139 3814 3450 3869 summatim

1883 3909 2278 3970 enarravimus,
2306 3924 2424 3977 age,
2460 3924 2608 3962 nunc
2631 3924 2820 3962 eorum
2842 3909 2936 3976 qui
2962 3908 3284 3976 superstites
3304 3915 3452 3970 sunt,

1883 4009 1937 4064 et
1965 4000 2247 4070 magniﬁce
2280 4001 2581 4063 decertant,
2624 4008 2790 4068 atque
2818 4000 3122 4053 anteriores
3160 3998 3455 4053 sudoribus

1883 4091 2104 4145 vincere
2132 4091 2371 4154 student,
2390 4093 2556 4145 vitam
2580 4090 2958 4144 describamus
2981 4091 3042 4143 ’³.
3078 4109 3095 4140 ι
3132 4090 3198 4143 Et
3222 4097 3406 4157 postea
3438 4105 3451 4141 ε

1892 4200 1909 4232 ι
1944 4181 2149 4235 ﬂorum
2191 4180 2407 4234 initium
2462 4180 2657 4233 ducam
2689 4194 2719 4232 a
2754 4194 2950 4248 magno
2973 4178 3194 4233 Jacobo.
3234 4178 3284 4232 ls
3307 4176 3455 4232 enim

1884 4281 1940 4326 et
1966 4280 2206 4339 tempore
2245 4280 2301 4323 ct
2330 4271 2517 4323 labore
2549 4278 2775 4324 eteteros
2804 4268 3111 4333 antecedit;
3154 4268 3247 4337 qui
3276 4268 3455 4337 ipsum

1887 4359 2150 4413 imitando
2174 4358 2311 4411 mira
2337 4368 2390 4411 et
2424 4357 2695 4426 stupenda
2712 4357 2942 4410 faciunt.
2966 4356 3209 4425 Contigit
3240 4363 3445 4417 autem,

1890 4450 2076 4504 nescio
2099 4465 2209 4515 quo
2241 4457 2420 4516 pacto,
2468 4458 2528 4502 ut
2565 4457 2620 4502 et
2650 4449 2759 4500 vita
2810 4447 3144 4509 functorum,
3178 4454 3233 4499 et
3275 4445 3459 4499 adhuc.

1890 4539 2269 4608 superstitum,
2297 4554 2494 4593 nomen
2523 4539 2627 4592 hoc
2650 4539 2888 4607 primum
2913 4538 3092 4592 locum
3118 4544 3315 4591 teneat.
3350 4536 3455 4589 De-

1891 4630 2204 4683 functorum
2234 4631 2435 4699 quippe
2462 4630 2626 4683 vitam
2651 4645 2775 4684 cum
2796 4629 3187 4690 describerem,
3227 4640 3456 4681 exorsus

1891 4739 2009 4777 sum
2035 4739 2066 4776 a
2089 4723 2275 4777 divino
2302 4722 2393 4777 illo
2415 4722 2639 4786 iacebo,
2683 4724 2777 4793 qui
2812 4724 3098 4777 Persarum
3118 4727 3131 4740 ‘
3154 4720 3454 4774 exercitum

1892 4814 2138 4868 oratione
2166 4830 2261 4867 sua
2283 4813 2586 4883 dissipavit,
2624 4834 2642 4865 ι
2681 4824 2787 4868 etc.

1963 4928 2081 4982 XX.
2126 4928 2451 4982 lleterodoxi
2477 4944 2753 4991 censores,
2782 4927 3087 4998 cujusmodi
3129 4925 3354 4979 Rivetus
3399 4930 3456 4976 et

1896 5018 2251 5087 llottingerus
2274 5060 2286 5079 ,
2311 5020 2513 5087 aliique
2547 5019 2775 5079 similes,
2804 5035 2926 5073 cum
2956 5016 3284 5071 Philotimum
3333 5029 3456 5069 cer-

1890 5108 2218 5161 nerentsuis
2245 5107 2458 5176 placitis
2502 5124 2779 5178 pugnare;
2827 5123 2927 5161 nec
2958 5106 3226 5159 auderent
3268 5115 3451 5158 tamen

1890 5215 2028 5269 opus
2079 5198 2215 5252 adeo
2264 5198 2681 5267 comprobatum
2726 5197 2932 5251 auctori
2984 5211 3085 5250 suo
3127 5195 3455 5255 subducere,

1892 5290 2072 5345 addita
2123 5290 2355 5358 plurima
2390 5291 2698 5359 jactarunt;
2736 5297 2791 5343 et
2836 5289 2891 5342 in
2950 5289 3089 5341 hanc
3128 5286 3456 5340 sententiam

1894 5381 2145 5436 Genti-ani
2206 5383 2423 5437 llerveti
2478 5383 2796 5453 interpretis
2854 5381 3328 5443 observationem,
3388 5378 3457 5432 ad

1553 5520 1865 5575 SCllL7LZ|l
1910 5521 2139 5576 ΝΟΤᾸΞ.

288 5632 307 5660 ⁷
337 5630 571 5683 Philol/1.
604 5647 652 5684 c.
690 5630 778 5684 26.
854 5633 876 5665 ⁸
910 5632 1041 5686 ibid.
1107 5634 1127 5664 ’
1158 5634 1278 5687 Viti.
1314 5644 1351 5688 t.
1394 5636 1491 5699 111,

213 5700 447 5771 Concilii
486 5701 708 5768 Epltes.,
748 5718 864 5771 cap.
897 5704 986 5756 9.5.

215 5781 306 5824 est
346 5770 637 5825 Philothro.
716 5770 1008 5826 “l‘ltiloth.
1045 5788 1095 5827 ς.
1131 5773 1212 5825 21.

1532 5653 1579 5705 p.
1611 5638 1762 5691 1261.
1806 5640 1847 5668 ¹⁰
1876 5639 2025 5693 Adde
2061 5638 2287 5691 Philollt.
2316 5655 2362 5694 c.
2400 5642 2432 5694 ‘3
2455 5682 2467 5701 ,

1064 5704 1102 5731 "
1136 5702 1344 5778 Epilogi
1391 5702 1544 5761 \iccs
1574 5709 1711 5777 gerit
1749 5708 1930 5763 Oratio
1973 5710 2033 5760 dc
2074 5710 2361 5772 c/euritutr,
2413 5702 2627 5778 quaeitr
2657 5702 2841 5763 nostra
2880 5708 3117 5763 editione
3171 5702 3459 5777 subjuncla

2517 5649 2553 5703 ι,
2590 5640 2675 5701 Ill,
2708 5656 2759 5708 p.
2793 5638 2946 5693 uso.
3030 5639 3069 5669 ιι
3102 5637 3395 5708 νίηιηρεπι.
3423 5652 3457 5689 η
