4228 6446
776 392 877 454 213
1895 396 2272 457 GARNERII
2314 394 2812 458 DISSERTATIO
2851 397 2933 457 II.
3944 392 4051 457 2M

779 504 947 558 tinem
997 504 1192 572 capitis
1238 504 1485 558 vicesimi
1535 504 1693 574 primi
1742 503 1810 559 de
1861 503 2119 560 Simeone
2167 503 2361 574 Stylita
2390 507 2437 563 Α
2470 504 2638 559 fuisse
2668 502 3184 575 scripturum,misi
3217 502 3577 574 intelligentis
3605 501 3891 572 divinique
3920 502 4051 573 Spi-

778 594 1085 664 appositam
1122 597 1332 651 causati
1369 605 1500 652 sunt
1522 597 1585 665 3‘.
2468 595 2609 649 ritus
2630 594 2813 650 radios
2828 596 3133 665 accepisset
3158 611 3169 647 :
3191 593 3305 649 Hoc
3326 594 3459 648 mihi
3476 592 3820 664 'qnoque,ait,
3840 595 3895 647 in
3913 609 4049 663 pne

848 685 991 740 XXI.
1036 687 1237 741 Virum
1265 687 1541 743 Sirmondi
1575 686 1749 743 editio
1770 688 1950 759 arguit
1978 687 2234 743 Gentiani
2273 686 2359 740 vel
2465 686 2643 741 sentia
2672 701 2813 756 opus
2837 694 2923 741 est
2948 686 3174 752 auxilio,
3199 687 3294 755 qui
3316 700 3485 741 coner
3505 684 3674 738 vitam
3695 685 4050 741 conscribere

776 777 963 842 fidem,
999 779 1145 848 quod
1182 780 1363 834 minus
1400 796 1546 845 reor,
1573 780 1659 835 vel
1680 781 1950 844 codicem,
1981 779 2129 850 quod
2171 778 2363 848 opina-
2464 786 2804 845 sanctorum,
2833 778 2929 849 qui
2954 778 3119 848 paulo
3141 787 3269 833 ante
3286 794 3387 833 nos
3408 787 3465 833 et
3484 777 3690 832 nostris
3706 777 4051 847 temporibus

774 869 942 924 bilius
970 887 983 922 :
1010 886 1110 939 ego
1144 886 1277 924 vero
1311 887 1420 926 non
1457 871 1815 926 mediocriter
1834 871 2004 925 miror
2029 870 2252 925 llerveti
2278 869 2361 923 in-
2463 868 2714 923 claruere
2737 886 2750 921 :
2775 868 2995 923 illorum
3016 883 3147 939 ergo
3169 867 3487 922 invocanda-
3508 874 3637 922 sunt
3660 881 3875 937 preces,
3892 868 4049 921 etin-

774 964 1151 1034 cogitantium,
1192 965 1286 1035 qui
1316 981 1426 1020 non
1466 966 1767 1021 adverterit
1793 965 2149 1035 depravatum
2180 964 2359 1017 mani-
2462 957 2715 1028 cipienda
2757 958 3023 1013 narratio.
3052 976 3071 1009 ι
3129 958 3197 1012 Et
3220 973 3340 1027 cap.
3364 957 3454 1023 21,
3487 972 3613 1011 cum
3652 956 3933 1011 retulisset
3964 972 4044 1021 se,

677 1063 680 1065 λ
772 1055 913 1109 feste
938 1071 1060 1111 esse
1083 1067 1291 1112 textum
1321 1058 1469 1114 hunc
1493 1058 1562 1114 de
1584 1065 1760 1113 morte
1782 1058 2078 1122 Simeonis,
2097 1065 2155 1112 et
2172 1066 2359 1112 notam
2462 1064 2586 1104 cum
2618 1048 2808 1104 Jacobi
2837 1063 3032 1118 Preces
3060 1056 3363 1117 exponeret
3381 1087 3395 1113 ν
3448 1061 3772 1116 responsum
3798 1062 3830 1100 ³
3852 1055 4048 1101 εδηειο

774 1147 832 1200 in
880 1155 1091 1202 textum
1147 1147 1477 1203 inconcinne
1530 1148 1917 1218 perturbatum
1977 1148 2045 1202 de
2114 1148 2359 1217 margine
2463 1140 2583 1194 viro
2610 1140 2889 1211 accepisse
2927 1157 2941 1193 :
2984 1140 3137 1194 «Nec
3165 1153 3273 1204 me,
3309 1153 3413 1193 nec
3439 1137 3549 1193 alio
3572 1137 3718 1207 apud
3737 1138 3914 1192 Deum
3942 1136 4048 1192 tibi

772 1236 1087 1306 irrepsisse,
1129 1252 1256 1293 cum
1289 1239 1467 1293 simile
1496 1238 1635 1292 nihil
1687 1239 1797 1294 ulla
1829 1240 1883 1295 in
1918 1248 2068 1310 parte
2091 1238 2195 1292 alia
2229 1252 2360 1293 con-
2461 1248 2600 1303 opus
2639 1244 2725 1289 est
2764 1233 3167 1299 intercessore;
3229 1243 3507 1287 summum
3544 1228 3717 1284 habes
3751 1228 4046 1294 Joannem,

770 1328 979 1399 tigerit.
2460 1324 2629 1379 Verbi
2648 1338 2839 1380 vocem
2859 1364 2875 1389 ,
2913 1323 3130 1379 Domini
3151 1336 3548 1393 praecursorem
3569 1360 3585 1386 ,
3620 1321 3715 1390 qui
3740 1320 3846 1377 hoc
3868 1335 3974 1391 pro
3994 1329 4047 1374 te

844 1419 1012 1475 XXIl.
1052 1421 1389 1478 Praevidcrat
1434 1423 1824 1479 Theodoretus
1864 1421 1983 1477 fore
2018 1432 2078 1477 ut
2106 1422 2357 1477 nonnulli
2460 1415 2791 1487 deprecatur
2818 1416 3061 1471 assidue.
3096 1415 3319 1470 Etcum
3356 1413 3601 1469 dicerem
3636 1412 3917 1468 conﬁdere
3959 1428 4048 1469 me

770 1512 1067 1582 aliquando
1087 1514 1518 1571 admirabilitate
1553 1531 1762 1581 rerum,
1797 1531 1934 1586 quas
1954 1516 2236 1579 narrabat,
2263 1515 2359 1571 de-
2460 1517 2719 1587 precibus
2761 1527 2877 1571 tum
2920 1515 3121 1586 hujus,
3169 1525 3289 1569 tum
3315 1513 3550 1568 aliorum
3574 1519 3891 1567 sanctorum
3917 1525 4049 1581 apo-

773 1614 1120 1660 terrerentur
1165 1623 1195 1661 a
1242 1608 1518 1664 credendo
1542 1608 1608 1662 ¹⁸.
1644 1628 1662 1661 ι
1701 1608 1805 1674 Qui
1840 1587 2024 1663 autem
2060 1608 2148 1671 iis,
2174 1623 2296 1678 quae
2326 1622 2357 1661 a
2458 1610 2726 1664 stolorum
2748 1618 2805 1664 et
2824 1609 3240 1679 prophetarum,
3266 1622 3502 1677 quorum
3521 1620 3698 1676 nuper
3714 1604 3891 1658 allatae
3907 1603 4047 1659 mihi

772 1709 860 1750 me
899 1697 1132 1752 dicenda
1176 1707 1341 1765 sunt,
1377 1698 1693 1754 crediturus
1737 1715 1849 1753 non
1880 1708 1994 1764 est,
2024 1699 2199 1769 liquet
2226 1713 2353 1753 eum
2458 1710 2619 1756 erant
2646 1700 2892 1770 reliquize
2925 1716 2939 1753 :
2967 1698 3165 1763 Crede,
3198 1698 3306 1762 ait,
3348 1706 3403 1753 te
3427 1697 3693 1753 Joannem
3717 1694 3923 1749 habere
3946 1693 4049 1748 Ba-

771 1803 842 1843 ne
898 1788 991 1844 illa
1022 1789 1246 1861 quidem
1282 1807 1412 1847 vera
1445 1793 1812 1859 crediturum,
1846 1808 1969 1863 qua:
2018 1809 2118 1863 per
2141 1792 2350 1856 Mosen,
2386 1851 2425 1863 _
2459 1790 2702 1861 ptistam.
2742 1791 2856 1861 Ego
2883 1804 3016 1844 vero
3046 1804 3149 1845 nec
3172 1788 3253 1844 sic
3281 1787 3482 1842 adduci
3507 1786 3684 1857 potui,
3708 1793 3772 1840 ut
3790 1785 4043 1849 silerem;

770 1877 1017 1944 Josuam,
1039 1851 1113 1935 ἐι
1154 1880 1350 1947 Etiam,
1396 1889 1453 1937 et
1494 1883 1753 1937 Eliszeum
1791 1851 1942 1953 gesta
1978 1851 2125 1947 sunt,
2156 1890 2211 1937 et
2254 1851 2355 1952 pro
2384 1851 2429 1909 Β
2459 1851 2556 1937 sed
2584 1889 2739 1936 tanto
2761 1851 2933 1951 magis
2958 1879 3133 1935 institi
3161 1893 3435 1949 quaerens,
3465 1851 3526 1933 et
3551 1877 3694 1932 scire
3723 1876 3917 1931 volens
3946 1890 4048 1930 cur

772 1968 975 2023 fabulis
1003 1969 1206 2025 habere
1255 1972 1542 2038 miracula,
1595 1989 1717 2044 qua:
1772 1988 1805 2028 a
1855 1974 2061 2029 sanctis
2092 1975 2357 2043 apostolis
2457 1972 2622 2044 hujus
2643 1973 2828 2043 potius
2855 1971 3061 2027 faceret
3086 1970 3455 2036 mentionem;
3511 1978 3628 2024 tum
3654 1967 3778 2030 ille,
3811 1967 4043 2032 Vellem,

769 2068 983 2130 patrata
1010 2072 1158 2117 sunt.
1193 2063 1350 2130 Quod
1384 2065 1430 2120 si
1464 2080 1614 2123 vera.
1642 2067 1735 2121 illa
1778 2082 1900 2122 esse
1936 2074 2188 2131 testatur,
2240 2064 2356 2121 hate
2456 2064 2554 2131 ait,
2579 2065 2856 2135 amplecti,
2886 2070 2943 2118 et
2970 2062 3278 2118 exosculari
3302 2061 3566 2116 amabiles
3589 2060 3709 2131 ejus
3725 2058 4038 2129 reliquias:

770 2173 993 2227 quoque
1042 2173 1073 2212 a
1126 2158 1265 2214 falso
1317 2159 1494 2215 aliena
1546 2175 1669 2215 esse
1711 2159 2087 2229 credetzqua:
2127 2159 2274 2214 enim
2296 2158 2354 2212 in
2526 2157 2839 2225 Quinetiam
2888 2156 3234 2227 singulorum
3309 2153 3424 2209 vita
3479 2152 3796 2207 functorum
3863 2150 4045 2221 elogia

770 2249 1060 2322 294illis
1079 2259 1302 2321 operata
1322 2260 1410 2308 est
1439 2253 1633 2323 gratia,
1656 2253 1848 2308 eadem
1864 2268 1963 2323 per
1994 2253 2351 2324 hosquoque,
2456 2252 2791 2308 concludere
2823 2251 2961 2306 solet
3005 2248 3167 2320 295
3214 2246 3563 2303 invocatione
3609 2243 3819 2301 auxilii.
3849 2242 4044 2299 Jacobi

770 2351 834 2396 ut
858 2340 1073 2407 fierent,
1101 2342 1304 2409 effecit,
1344 2362 1363 2396 ι
1400 2352 1510 2399 etc.
1541 2345 1727 2417 Pergit
1776 2360 1930 2411 vero,
1963 2353 2023 2399 ut
2074 2344 2238 2400 fidem
2253 2343 2354 2399 ad-
2454 2343 2702 2399 Nisibeni
2730 2361 2743 2396 ε
2785 2361 2802 2394 ι
2840 2342 2938 2398 llis
2967 2340 3035 2397 de
3053 2343 3173 2395 viro
3195 2340 3385 2395 divino
3416 2337 3682 2410 expositis
3710 2337 3831 2408 ejus
3864 2335 4045 2391 bene-

769 2434 1125 2491 mirabilitate
1172 2452 1357 2491 rerum
1423 2446 1712 2493 nutantem
1756 2437 1999 2494 stabiliat
2043 2454 2056 2490 :
2104 2455 2122 2488 ‹
2158 2436 2238 2491 Ex
2286 2434 2355 2491 iis
2456 2435 2761 2491 dictionem
2785 2434 3088 2505 implorans
3120 2432 3189 2488 ad
3210 2433 3373 2488 aliam
3405 2430 3781 2486 narrationem
3814 2442 4045 2500 progre-

766 2548 959 2603 porro,
996 2548 1119 2603 qua:
1149 2532 1382 2588 dicenda
1434 2542 1586 2599 sunt,
1640 2533 1826 2604 aliqua
1878 2532 1996 2603 ipse
2031 2529 2145 2586 vidi
2180 2548 2193 2584 :
2232 2546 2354 2601 qua:
2456 2528 2656 2583 diar".
2690 2548 2707 2579 ι

767 2626 951 2673 autem
978 2635 1089 2673 non
1150 2618 1285 2683 vidi,
1336 2618 1405 2673 ab
1446 2619 1515 2674 iis
1548 2618 1756 2684 audivi,
1788 2620 1883 2690 qui
1915 2618 2187 2684 viderant,
2219 2618 2353 2673 viris
2524 2618 2727 2675 Juliani
2771 2618 2930 2674 Saba:
2970 2634 2983 2672 :
3027 2638 3045 2670 ι
3110 2618 3225 2689 Ego
3275 2632 3412 2673 meze
3458 2615 3528 2671 de
3579 2615 3674 2671 illo
3701 2611 4045 2669 narrationis

769 2709 998 2765 virtutis
1050 2711 1389 2773 amantibus,
1418 2711 1738 2781 dignisque
1796 2711 2024 2777 habitis,
2080 2710 2175 2782 qui
2230 2710 2354 2766 illos
2456 2710 2622 2766 ﬁnem
2654 2710 2745 2767 hic
2766 2710 2996 2777 faciens,
3022 2710 3089 2766 ad
3126 2711 3294 2765 alium
3320 2723 3565 2781 pergam,
3600 2716 3821 2763 sanctos
3848 2721 4041 2772 orans,

769 2801 1046 2868 viderent,
1069 2812 1127 2856 et
1158 2817 1353 2856 eorum
1392 2803 1644 2858 doctrina
1677 2803 2021 2859 fruerentur.
2043 2823 2062 2854 ι
2455 2817 2595 2874 quos
2617 2802 3067 2867 commemoravi,
3101 2802 3236 2857 mihi
3276 2811 3340 2857 ut
3372 2816 3473 2872 per
3502 2816 3658 2856 suam
3690 2799 4046 2855 intercessio-

837 2892 1027 2946 XXIII.
1056 2893 1127 2948 At
1157 2909 1283 2947 cum
1312 2894 1588 2950 Simeonis
1608 2910 1899 2950 ascensum
1927 2895 1983 2949 in
2016 2895 2349 2959 columnam,
2453 2909 2581 2950 nem
2605 2910 2899 2966 supernam
2923 2894 3367 2950 benedictionem
3398 2894 3777 2949 concilient".
3816 2911 3835 2945 ι

767 2986 1066 3055 instigante
1118 2988 1231 3042 Deo
1264 2996 1604 3057 susceptum,
1658 2996 1961 3053 narrasset,
2005 3003 2201 3043 causas
2263 2987 2351 3041 in-
2524 2987 2784 3043 Marciani
2820 2988 3000 3059 magni
3034 3006 3047 3041 :
3086 3006 3105 3039 ‹
3140 2987 3255 3058 Ego
3277 3002 3411 3042 vero
3436 2987 3570 3041 huic
3603 3000 3799 3042 rursus
3849 3002 4046 3042 narra-

765 3079 1005 3133 stinctus
1044 3079 1330 3135 reddens:
1370 3099 1387 3132 ι
1432 3080 1564 3151 Ego,
1598 3081 1858 3151 inquit",
1886 3082 2180 3137 stationem
2209 3082 2352 3137 hanc
2457 3077 2598 3134 tioni
2644 3077 2810 3134 finem
2858 3078 3169 3148 imponens,
3210 3092 3311 3133 oro
3356 3086 3413 3133 et
3451 3077 3686 3133 obsecro
3731 3088 3794 3134 ut
3838 3078 4040 3134 horum

764 3185 877 3224 non
930 3171 1136 3241 absque
1174 3172 1364 3226 divino
1409 3173 1643 3229 consilio
1677 3173 1875 3229 factam
1911 3173 2109 3241 credo;
2155 3190 2351 3245 quam-
2377 3210 2425 3273 ο
2456 3173 2705 3228 omnium
2770 3171 3170 3227 intercessione
3223 3171 3473 3226 divinum
3538 3170 3805 3226 auxilium
3863 3172 4044 3244 adipi-

763 3262 955 3317 obrem
984 3278 1080 3318 eos
1114 3279 1231 3329 oro,
1266 3280 1405 3333 quos
1428 3265 1839 3335 reprehendere
1870 3266 2128 3332 delectat,
2153 3276 2216 3322 ut
2239 3268 2347 3322 lin-
2383 3262 2425 3273 “
2457 3279 2579 3319 scar
2606 3264 2673 3316 ¹⁰.
2712 3283 2731 3315 ι

763 3366 884 3420 gum
911 3352 1129 3406 frenum
1188 3354 1457 3425 injiciant,
1516 3370 1695 3425 neque
1739 3356 1887 3409 illam
1951 3364 2160 3411 temere
2207 3357 2343 3412 ferri
2524 3355 2774 3421 Eusebii,
2833 3354 3038 3419 Publii,
3102 3352 3375 3409 Simeonis
3420 3352 3615 3419 Prisci,
3666 3362 3799 3419 etc.,
3845 3352 4042 3409 eadem

762 3442 981 3509 sinant;
1014 3445 1107 3499 sed
1139 3446 1493 3501 considerent
1516 3448 1807 3502 Dominum
1837 3448 1963 3503 talia
1988 3464 2232 3520 persaepe
2282 3448 2350 3503 ad
2453 3446 2689 3503 formula
2718 3449 2896 3519 elogia
2929 3447 3197 3503 finiuntur
3217 3448 3282 3501 “.

764 3532 1083 3602 segniorum
1165 3534 1461 3589 utilitatem
1526 3536 1851 3593 instituisse.
1896 3557 1914 3589 ι
1969 3537 2109 3593 Tum
2171 3538 2352 3594 allatis
2524 3541 2714 3597 XXVI.
2748 3541 2939 3609 Quoad
3000 3540 3359 3610 reliquiarum
3408 3539 3641 3606 cultum,
3673 3548 4042 3609 praeterquam

764 3623 1165 3693 prophetarum
1213 3626 1491 3682 inusitatis
1514 3627 1841 3697 quibusdam
1880 3628 2060 3694 factis,
2092 3646 2213 3700 qua:
2246 3646 2349 3685 no-
2452 3634 2598 3705 quod
2632 3634 2795 3690 modo
2827 3634 3059 3689 relatum
3087 3641 3172 3687 est
3198 3632 3266 3689 de
3313 3632 3517 3698 studio,
3555 3648 3665 3703 quo
3695 3631 4044 3687 admirabilis

762 3714 932 3769 vitate
965 3730 1064 3769 sua
1093 3714 1309 3770 animos
1336 3715 1647 3771 videntium
1674 3717 1743 3773 ad
1782 3717 2086 3773 audiendas
2112 3720 2353 3790 prophe—
2453 3725 2544 3779 ille
2566 3726 2804 3781 Jacobus
2832 3726 3124 3780 tenebatur
3144 3726 3497 3781 exosculandi
3529 3725 3788 3796 reliquias
3810 3725 4044 3781 Joannis

762 3816 945 3862 tarum
995 3809 1419 3865 vaticinationes
1457 3821 1881 3869 converterent:
1917 3832 1935 3864 ι
1998 3812 2090 3870 Sic
2144 3831 2349 3870 novum
2452 3814 2844 3879 Przecursoris,
2880 3815 3145 3870 eximium
3188 3816 3323 3870 illud
3364 3815 3612 3887 ejusdem
3662 3824 3767 3879 est,
3800 3830 3911 3884 quo
3940 3831 4042 3870 ex-

764 3900 936 3966 istud,
969 3901 1065 3964 ait,
1118 3902 1618 3974 admirandumque
1658 3907 2036 3975 spectaculum
2089 3907 2349 3974 instituit,
2452 3914 2661 3962 structa
2687 3908 2740 3961 in
2774 3915 2959 3962 monte
3005 3906 3235 3962 aedicula
3264 3923 3277 3959 :
3311 3926 3328 3958 ι
3362 3907 3481 3962 Non
3529 3906 3727 3977 patiar,
3760 3906 3942 3976 inquit
3969 3908 4039 3972 ι’,

765 4001 827 4045 ut
857 4008 1051 4049 omnes
1109 3994 1186 4048 rei
1220 3995 1464 4051 novitate
1492 3995 1561 4050 ad
1610 3997 1970 4066 spectandum
2023 3998 2346 4064 attraherct,
2454 4007 2516 4054 ut
2547 3998 2736 4054 Jacobi
2794 3998 3108 4068 sepulcrum
3161 3997 3269 4053 hoc
3299 3998 3635 4068 appelletur;
3689 3997 3783 4052 sed
3838 3998 4040 4052 trium-

760 4082 1215 4154 probabilemque
1270 4086 1696 4142 adventantibus
1720 4088 1975 4143 traditam
2011 4089 2117 4143 sibi
2161 4090 2351 4144 admo-
2453 4089 2741 4161 phantium
2776 4095 3077 4160 martyrum
3114 4087 3376 4157 templum
3409 4087 3514 4142 hoc
3553 4085 3672 4141 fieri
3696 4086 3841 4151 volo,
3866 4094 3923 4141 et
3950 4102 4041 4146 me

761 4174 1030 4229 nitionem
1060 4174 1321 4241 efﬁceret,
1352 4196 1370 4228 ι
1407 4186 1514 4233 etc.
2454 4183 2607 4237 velut
2643 4178 3337 4249 inquilinum'quempiam
3364 4176 3605 4238 illorum,
3629 4175 4041 4232 eohabitatione

832 4265 1023 4321 XXIV.
1047 4267 1126 4322 Eo
1148 4269 1372 4339 majoris
1394 4285 1562 4339 porro
1592 4271 1878 4327 faciendus
1928 4273 2019 4328 hic
2050 4274 2210 4337 liber,
2238 4289 2348 4343 quo
2452 4274 2736 4345 dignatum
2760 4272 2866 4327 alia
2897 4271 2953 4325 in
2981 4285 3102 4324 arca
3129 4269 3280 4339 poni.
3316 4270 3504 4338 Neque
3532 4268 3647 4323 hzec
3672 4268 3809 4322 dixit
3848 4269 4038 4333 modo,

760 4358 1165 4415 ealumniosius
1222 4361 1293 4416 ab
1328 4348 1627 4419 'haereticis
1678 4366 2007 4421 traducitur.
2068 4368 2346 4439 Nugarum
2453 4366 2550 4421 sed
2580 4364 2759 4434 reipsa
2786 4362 3071 4433 praestitit;
3116 4360 3364 4415 collectis
3386 4360 3533 4414 enim
3570 4358 3813 4429 undique
3845 4360 4041 4415 multis

758 4452 984 4521 plenum
1004 4453 1285 4519 eﬂ‘utiunt,
1304 4470 1369 4510 ac
1393 4456 1726 4512 Theodoreti
1746 4458 1965 4513 nomine
1985 4459 2344 4529 indignum”,
2452 4454 2760 4527 prophetis,
2792 4452 3091 4522 multisque
3121 4451 3383 4522 apostolis
3410 4457 3467 4504 ct
3489 4450 3822 4522 martyribus
3844 4467 4041 4520 quam-

757 4557 872 4597 non
896 4543 1059 4598 aliam
1082 4554 1234 4599 certe
1262 4546 1334 4599 ob
1360 4562 1603 4613 causam,
1637 4564 1800 4618 quam
1818 4551 1946 4619 quia
1981 4550 2341 4615 demonstrat,
2380 4555 2422 4611 D
2452 4544 2724 4615 plurimis,
2749 4558 2942 4599 omnes
2974 4558 3081 4597 una
3104 4540 3158 4599 in
3182 4557 3306 4596 arca
3333 4541 3598 4611 reposuit,
3654 4556 3778 4595 cum
3814 4552 4038 4597 sancto-

758 4632 907 4701 quod
938 4633 1215 4689 hzereticis
1236 4635 1594 4691 vehementer
1629 4637 1799 4702 dolet,
1831 4639 2090 4695 Ecclesiae
2120 4640 2341 4695 illorum
2450 4652 2572 4691 rum
2599 4635 2803 4707 populo
2831 4634 3080 4689 habitare
3109 4633 3359 4704 cupiens,
3388 4642 3444 4687 et
3474 4648 3599 4687 cum
3636 4632 3717 4687 eis
3748 4649 4039 4705 resurgere

758 4735 1072 4795 temporum
1120 4728 1451 4782 sententiam
1480 4729 1549 4783 de
1603 4729 1949 4785 invocatione
2005 4742 2343 4797 sanctorum,
2450 4727 2748 4797 divinoque
2780 4736 3076 4796 conspectu
3102 4724 3231 4790 frui,
3265 4743 3282 4776 ι
3325 4734 3413 4780 etc

758 4816 1126 4887 reliquiarum
1152 4820 1635 4883 cultu,ereetione
1677 4804 2011 4892 templorum
2043 4823 2097 4877 in
2129 4840 2339 4879 memo-
2541 4818 2755 4874 XXVII.
2813 4816 3019 4873 Eodem
3089 4816 3408 4872 testimonio
3464 4816 3877 4872 demonstratur
3944 4818 4037 4888 pia

758 4907 897 4961 riam
931 4917 1259 4979 martyrum,
1317 4911 1567 4965 oratione
1609 4927 1708 4981 pro
1752 4913 2007 4977 mortuis,
2042 4914 2340 4969 miraculo-
2450 4911 2601 4966 illius
2629 4910 2893 4981 temporis
2925 4907 3267 4965 consuetudo
3298 4907 3545 4977 erigendi
3593 4908 3793 4976 templa
3824 4908 3879 4962 in
3913 4924 4036 4962 me—

756 5015 881 5053 rum
932 5001 1264 5069 patratione,
1308 5004 1739 5074 spontaneisque
1778 5005 2172 5061 atllictionibus
2215 5023 2339 5062 cor-
2450 5003 2679 5057 moriam
2730 5010 3065 5074 martyrum:
3107 5000 3219 5054 imo
3256 4999 3460 5054 ibidem
3507 5000 3623 5069 ipse
3650 4999 4039 5056 Theodoretus

755 5092 928 5161 poris.
2446 5104 2680 5151 testatur
2722 5111 2780 5150 se
2808 5109 3031 5165 parasse
3060 5108 3264 5156 arcam,
3290 5091 3372 5147 ‘de
3423 5107 3529 5159 qua
3580 5108 3705 5147 mox
3735 5107 3942 5157 sermo,
3974 5093 4035 5148 iu

826 5180 993 5235 XXV.
1028 5183 1096 5237 Et
1123 5182 1190 5237 de
1219 5183 1568 5239 invocatione
1593 5187 1816 5256 quidem
1853 5198 2192 5254 sanctorum,
2225 5189 2344 5260 ipso
2449 5189 2654 5258 templo
2678 5186 3137 5256 triumphantium
3168 5192 3489 5256 martyrum.
3513 5184 3849 5239 Thalelazum
3888 5198 4036 5255 quo-

753 5272 937 5342 primo
971 5274 1171 5344 capite,
1224 5291 1349 5330 eum
1384 5276 1451 5330 ad
1509 5292 1649 5346 opus
1707 5279 2027 5343 accederet,
2082 5282 2343 5351 prmfatus
2448 5296 2557 5352 que
2583 5279 2753 5335 refert
2780 5278 3089 5334 daemonum
3138 5277 3431 5333 delubrum
3472 5279 3761 5341 evertisse,
3793 5284 3850 5331 et
3894 5285 4039 5332 tem-

754 5360 943 5416 Mosen
994 5372 1244 5418 veterum
1278 5375 1595 5422 sanctorum
1640 5370 1902 5438 prteclara
1949 5370 2195 5426 facinora
2229 5388 2339 5427 non
2448 5374 2599 5443 plum
2621 5368 3401 5440 maximumtriumphantibus
3418 5368 4035 5440 martyribuserexisse,

2129 5529 2451 5584 SCHULZII
2490 5529 2725 5584 ΝΟΤᾸΕ.

828 5636 1285 5717 Videﬂsupra,
1342 5650 1390 5717 t._
1430 5642 1523 5717 Ill,
1560 5660 1616 5716 p.
1662 5645 1825 5717 71289..
1881 5648 2033 5702 Adde
2073 5647 2385 5712 Oudinum,
2443 5650 2480 5703 1.
2532 5663 2607 5709 c.,
2661 5656 2699 5701 t.
2730 5646 2782 5707 l,
2820 5661 2873 5717 p7.
2916 5646 3075 5708 1093.
3112 5647 3332 5717 Dupinii
3374 5647 3619 5701 Bibliolh.
3661 5653 3827 5717 auct._
3846 5644 4033 5717 cccles.

754 5719 795 5763 ι.
825 5706 915 5787 tv,
944 5708 1122 5787 p.39,
1161 5706 1217 5764 et
1242 5706 1618 5787 Lambeciuiin
1661 5716 1697 5769 l.
1730 5734 1842 5778 vui,
1899 5735 1951 5787 ρ.
1997 5719 2121 5772 517.
2203 5706 2391 5774 “vni.

2361 5706 2391 5773 ι’.
2433 5706 2604 5774 Praei;
2633 5718 2699 5773 ad
2745 5706 3109 5778 Philotimum,
3169 5706 3214 5770 ιζ
3260 5718 3349 5779 Ill,
3396 5734 3449 5787 p.
3490 5718 3644 5771 “06.
3726 5715 4031 5787 “Philoth.

754 5779 951 5859 (2.26..
1008 5780 1049 5859 I7
1086 5780 1191 5859 Seu
1228 5782 1438 5859 niiuﬁusﬂ
1461 5784 1707 5859 dignum,
1740 5789 1781 5840 si
1822 5779 2037 5855 spectes
2082 5791 2323 5858 reliquos
2352 5791 2690 5859 ejuslibros.
2728 5789 2831 5842 Ista
2869 5787 3016 5842 enim
3074 5788 3304 5841 historia
3342 5779 3593 5843 versatur
3624 5788 3737 5859 fere
3769 5787 3823 5842 in
3858 5786 4034 5842 rebus

756 5853 1162 5907 minutissimis.
1248 5854 1286 5879 ‘“
1318 5853 1544 5909 Philol/ii.
1596 5873 1639 5911 ς.
1716 5859 1760 5911 ι.
1843 5853 1882 5885 ’³³
1922 5860 2055 5914 ibid.
2106 5877 2151 5915 ς.
2204 5853 2256 5916 Ξ.
2337 5853 2425 5918 ¹⁰”ί

2106 5877 2151 5915 c.
2204 5853 2256 5916 Ξ.
2337 5853 2541 5918 “una.
2601 5879 2646 5915 υ.
2704 5862 2753 5917 5.
2832 5858 3028 5917 “ibid.
3065 5874 3110 5915 c.
3144 5859 3255 5917 46.
3336 5861 3379 5889 ²²
3421 5858 3744 5915 1bid.c.21.
