4228 6446
180 412 289 474 245

1350 400 1449 458 DE
1490 394 1745 457 LIBRIS
1778 392 2284 454 THEODOHETI.

3343 397 3445 458 215

182 519 293 573 diis
318 516 470 571 falsis
492 513 710 569 divinos
736 518 982 565 mortuos
1004 515 1393 576 opponentem.
1422 504 1559 557 Tum
1593 502 1763 565 addit,
1799 507 1838 559 Α
1872 499 2236 570 Hieronymus
2286 500 2614 571 intelligeret
2652 499 2831 557 adhuc
2867 503 3141 575 Syriacam
3175 502 3447 574 linguam?

182 624 297 678 quo
328 606 619 662 confirmet
643 602 1042 658 invocationem
1066 606 1379 652 sanctorum
1413 614 1424 648 :
1469 614 1487 646 ι
1524 596 1769 661 Quorum

182 700 400 754 utinam
433 693 931 751 intercessionibus
965 690 1264 758 contingat,
1285 697 1342 742 et
1379 688 1527 741 hunc
1559 686 1622 739 ad
1656 701 1773 739 cer-

183 790 460 844 taminum
490 796 714 850 metam,
737 784 931 839 eadem
955 797 1080 836 cum
1120 780 1349 835 victoria
1379 778 1690 849 pervenire,
1716 785 1774 830 et

182 895 289 934 nos
329 879 398 933 ab
425 878 533 942 his,
583 887 640 931 et
663 875 732 931 ab
780 874 875 927 illo
924 872 1140 943 adjutos
1190 869 1389 924 divinae
1414 866 1774 938 phiIOSOphiaa

183 970 561 1025 certaminum
583 966 840 1021 ardentes
870 962 986 1017 ﬁeri
1010 959 1358 1015 amatores".
1398 976 1414 1009 ι
1444 955 1583 1023 Quid
1616 955 1773 1025 plura

184 1074 497 1131 prosequar
526 1057 731 1125 ubique
758 1052 960 1124 passim
990 1049 1189 1104 obvia?

331 1202 759 1247 osseum-noxas
792 1203 855 1240 Αι)
887 1199 1105 1238 SINGL‘LA
1138 1196 1317 1237 carm
1352 1178 1630 1233 Philotimi.

254 1331 299 1382 ι.
323 1328 488 1383 Circa
526 1325 768 1395 primum
814 1326 999 1391 caput,
1040 1316 1189 1388 quod
1244 1315 1311 1369 de
1352 1321 1540 1369 sancto
1572 1310 1776 1367 Jacobo

182 1421 460 1475 Nisibeno
486 1425 594 1480 est,
624 1412 1027 1469 observandum
1055 1418 1141 1465 est
1173 1408 1370 1479 primo,
1400 1404 1665 1460 memoria
1696 1403 1776 1456 la-

182 1529 351 1583 psmn
370 1526 496 1566 esse
526 1507 939 1563 Theodoretum
970 1505 1027 1558 in
1060 1502 1147 1565 iis,
1183 1516 1304 1570 quae
1330 1499 1397 1552 de
1433 1504 1611 1551 morte
1663 1494 1779 1548 Arii

184 1604 389 1659 scribit
411 1605 479 1656 ³⁵.
507 1600 761 1656 Aitenim
796 1597 991 1651 Nicaea:
1014 1593 1241 1664 periisse
1265 1590 1447 1645 statim
1473 1603 1503 1641 a
1523 1585 1777 1649 concilio,

182 1696 396 1751 Jacobo
416 1692 687 1765 jejunium
710 1687 970 1743 omnibus
993 1683 1383 1756 persuadente,
1406 1694 1529 1735 cum
1546 1679 1781 1732 Alexan—

184 1789 290 1843 der
321 1784 590 1841 Ecclesia:
610 1780 991 1838 Alexandrina:
1034 1777 1347 1847 episcopus,
1380 1780 1637 1826 renueret
1667 1770 1779 1822 hae-

1871 589 1952 642 An
1989 604 2253 643 conversa
2300 590 2524 643 fuerunt
2568 600 2759 659 postea
2809 602 2865 647 et
2909 593 2963 646 in
3009 596 3251 648 Graii-am
3303 596 3443 650 etin

1870 679 2120 735 Latinam
2147 681 2412 750 linguam,
2435 689 2495 733 ut
2516 681 2862 736 innotescere
2893 693 3113 751 possent
3143 685 3448 748 Gcnnadio,

1870 788 1980 827 non
2017 772 2373 843 peritissimo,
2409 780 2467 827 ut
2495 774 2730 839 videtur,
2755 774 2954 844 lingua:
2981 773 3216 829 (Ξῖ-ξηεωῖ
3240 774 3293 829 Si
3320 792 3451 830 con-

1871 882 2029 921 versa
2053 874 2179 920 sunt
2229 866 2283 919 in
2335 875 2625 934 utramque
2668 866 2929 936 linguam.
2966 866 3241 934 quomodo
3270 866 3451 935 perie-

1875 968 2007 1012 runt
2036 958 2283 1021 omnino,
2315 972 2440 1012 cum
2465 956 2649 1012 forent
2672 958 2725 1010 in
2763 958 3031 1028 triplicem
3060 956 3217 1027 quasi
3263 957 3450 1011 orbem

1878 1065 2088 1119 sparsa,
2128 1050 2406 1114 Latinum,
2434 1049 2685 1104 Graecum
2717 1056 2773 1103 et
2797 1049 2991 1119 Syrum
3013 1050 3035 1103 ?
3057 1049 3168 1103 Cur
3194 1048 3331 1103 nulli
3356 1063 3452 1103 ve-

1878 1152 2055 1198 terum
2109 1151 2271 1206 nota;
2317 1156 2386 1196 ne
2419 1141 2617 1206 Photio
2642 1140 2887 1211 quidem,
2944 1148 3093 1197 tanto
3119 1141 3452 1211 scriptorum

1878 1244 2126 1291 veterum
2170 1242 2389 1303 tamque
2431 1234 2649 1288 curioso
2686 1233 2944 1289 censori?
2992 1233 3235 1302 Augetur
3280 1248 3349 1287 ex
3387 1247 3455 1286 eo

1878 1325 2140 1395 suspicio,
2181 1323 2330 1393 quod
2358 1321 2678 1377 Gennadius
2720 1331 3142 1391 cognomentum
3194 1319 3455 1389 sapientis

1877 1416 2080 1472 Jacobo
2124 1416 2330 1470 tribuat
2391 1423 2649 1483 tanquam
2705 1413 3006 1481 vulgatum,
3060 1412 3219 1483 cujus
3272 1419 3455 1465 tamen

1878 1522 2042 1561 nemo
2099 1506 2370 1570 meminit,
2412 1505 2519 1559 nisi
2579 1503 2675 1574 qui
2732 1502 3077 1558 Gennadium
3142 1501 3453 1571 exscripsit.

1881 1598 2036 1654 Unde
2096 1597 2427 1653 crediderim
2489 1595 2644 1651 facile
2694 1594 2976 1664 supposita
3040 1593 3207 1647 fuisse
3253 1592 3457 1647 Jacobo

1880 1692 2141 1748 Nisibeno
2163 1691 2385 1761 scripta,
2421 1705 2542 1758 qua:
2569 1688 2758 1744 Jacobi
2782 1687 3031 1750 alterius,
3068 1693 3130 1739 ut
3156 1692 3285 1754 puta
3307 1685 3459 1738 Ami-

1882 1782 2011 1836 deui
2042 1781 2283 1836 eremitae
2314 1778 2622 1842 clarissimi,
2662 1778 2862 1832 forent.
2891 1775 2997 1831 Sed
3018 1776 3071 1829 in
3094 1782 3240 1829 tanta
3266 1774 3461 1828 obscu-

188 1880 537 1935 resiarcham
566 1876 835 1946 recipere.
871 1871 1039 1941 Atqui
1075 1876 1291 1923 constat
1320 1865 1485 1920 certis
1528 1862 1778 1917 testimo-
1812 1849 1854 1905 Β
1884 1874 2043 1927 ritate
2066 1872 2156 1925 cui
2185 1870 2511 1933 adhaereat“,
2534 1869 2718 1923 “unus
2752 1868 2888 1921 scio,

187 1973 299 2027 niis
353 1970 558 2026 Arium
600 1962 1079 2031 Constantinopoli
1128 1960 1376 2028 periisse,
1409 1956 1625 2011 decimo
1658 1962 1782 2024 post

187 2064 496 2121 concilium
535 2075 700 2123 anno,
750 2056 957 2113 Jacobo
993 2053 1182 2124 procul
1223 2051 1426 2122 posito,
1470 2048 1782 2104 Alexandro

187 2151 706 2220 Constantinopolis
732 2148 963 2219 praesule
993 2154 1259 2199 renuente
1288 2142 1481 2197 Arium
1521 2142 1576 2195 in
1600 2140 1785 2194 Eccle-

189 2249 329 2303 siam
395 2244 673 2313 recipere,
741 2238 977 2293 Macario
1037 2233 1408 2290 Alexandrino
1466 2229 1786 2301 presbytero

188 2354 387 2408 preces
423 2351 553 2391 suas
579 2332 829 2405 praesulis
869 2324 1461 2396 Conslantinopolitani
1480 2323 1644 2393 296
1665 2338 1789 2392 pre-

187 2432 348 2487 cibus
377 2429 737 2500 adjungente.
765 2423 1046 2481 Videndus
1072 2421 1346 2484 Socrates,
1374 2418 1470 2472 lib.
1498 2433 1537 2483 ι,
1556 2431 1673 2485 cap.
1693 2414 1783 2481 25;

190 2526 568 2588 Sozomenus,
595 2521 691 2575 lib.
741 2536 806 2585 ιι,
843 2533 961 2587 cap.
994 2516 1092 2579 28;
1127 2522 1183 2567 et
1234 2510 1619 2566 Theodoretus
1670 2508 1788 2577 ipse

190 2618 379 2671 iibl’Ol
418 2615 561 2669 Hist.
606 2612 811 2675 eccles.,
845 2609 940 2663 ubi
985 2621 1147 2661 suum
1204 2603 1433 2673 hujusce
1471 2597 1575 2653 loci
1627 2612 1786 2653 erro-

192 2722 309 2761 rem
332 2704 525 2760 allatis
562 2700 846 2758 Athanasii
882 2712 995 2752 rem
1046 2702 1218 2749 totam
1253 2688 1532 2745 narrantis
1586 2684 1789 2740 litteris

194 2798 261 2852 ad
284 2796 567 2867 Apionem
598 2793 763 2849 tacite
792 2796 1031 2845 revocat.
1055 2787 1254 2841 Mirum
1296 2782 1542 2854 profecto
1575 2788 1789 2833 tantum

194 2886 542 2943 Theodoreti
587 2898 837 2939 errorem
868 2897 978 2935 non
1032 2878 1200 2933 fuisse
1238 2874 1647 2929 observatuma
1685 2868 1790 2922 Ba-

196 2979 378 3044 ronio,
404 2978 531 3032 viro
567 2986 679 3031 tam
711 2972 1013 3045 perspicaci
1046 2988 1059 3023 :
1093 2970 1294 3023 mirum
1329 2981 1547 3035 quoque
1582 2977 1678 3031 per
1711 2960 1792 3013 in-

194 3073 562 3143 cogitantiam
585 3086 617 3125 a
641 3069 875 3131 Valesio,
892 3066 1084 3120 Latino
1110 3064 1431 3131 interprete,
1449 3057 1592 3111 etab
1617 3057 1790 3109 inter-

198 3173 353 3235 prete
382 3161 623 3224 Gallico,
656 3158 938 3215 Vaiesium
968 3162 1182 3218 secuto,
1220 3152 1276 3205 in
1328 3166 1388 3204 re
1447 3160 1555 3203 tam
1604 3155 1792 3217 aperta

198 3266 494 3327 peccatum
513 3262 656 3308 esse.
686 3251 976 3306 Historiam
1006 3247 1153 3301 enim
1203 3243 1614 3298 ecclesiasticam
1663 3253 1790 3293 cum

201 3350 478 3420 Religion
539 3344 911 3401 confuderunt
942 3358 955 3394 :
983 3340 1040 3394 in
1067 3340 1170 3393 hac
1204 3335 1479 3405 siquidem
1507 3339 1590 3386 est
1613 3345 1791 3396 error,

202 3457 371 3511 quem
408 3440 487 3494 illi
521 3438 857 3500 tribuerunt,
887 3436 944 3487 in
978 3447 1087 3502 qua
1145 3440 1330 3484 tamen
1356 3426 1425 3480 de
1466 3423 1584 3479 Arii
1617 3430 1794 3477 morte

203 3534 365 3599 nihil,
404 3533 515 3586 nisi
563 3527 847 3584 Athanasii
901 3524 1111 3589 verbis,
1152 3528 1340 3577 exacte
1385 3517 1454 3573 ad
1501 3515 1796 3572 veritatem

204 3627 471 3682 refertur.

273 3714 704 3775 Observandum
740 3711 984 3769 secundo
1021 3710 1234 3779 lapsum
1270 3718 1490 3775 quoque
1534 3699 1797 3755 memoria

208 3809 626 3864 Theodoretum
670 3806 727 3859 in
767 3802 1082 3857 narratione
1110 3796 1413 3853 obsidionis
1463 3794 1739 3849 Nisibenaa
1767 3806 1800 3845 a

206 3904 416 3957 Persis.
454 3899 594 3953 Cum
640 3897 788 3951 enim
818 3905 930 3950 tres
981 3892 1300 3948 obsidiones
1357 3888 1580 3952 fuerint,
1623 3885 1799 3955 prima

207 4009 354 4049 anno
390 3993 521 4057 558,
552 3992 725 4044 altera
756 4003 900 4043 anno
927 3986 1052 4050 550,
1077 3990 1355 4055 postrema
1383 3995 1527 4034 anno
1566 3977 1692 4041 559,
1745 3975 1800 4028 in

212 4104 379 4142 unam
412 4086 631 4156 priores
652 4084 790 4138 duas
819 4080 1087 4145 confudit,
1113 4078 1181 4132 de
1212 4075 1375 4130 tertia
1397 4073 1568 4137 siluit,
1597 4070 1800 4140 quippe

209 4199 330 4253 qua:
351 4190 480 4251 post
505 4180 716 4233 obitum
746 4175 934 4231 Jacobi
955 4171 1202 4240 contigit.
1234 4167 1518 4225 Videndus
1548 4163 1802 4220 Petavius

213 4277 267 4329 in
298 4273 451 4328 notis
480 4271 548 4324 ad
573 4270 841 4323 rationem
870 4267 903 4319 4
930 4262 1132 4319 Juliani
1169 4256 1536 4329 imperatoris.

280 4363 710 4421 Observandum
761 4360 946 4422 tertio,
982 4357 1050 4411 de
1102 4354 1354 4409 doctrina
1386 4349 1652 4417 librisque
1708 4347 1801 4401 Ja—

211 4461 337 4515 cobi
360 4460 406 4489 "
439 4456 690 4512 Nisibeni
723 4452 860 4506 nihil
891 4467 919 4504 a
958 4446 1309 4502 Theodoreto
1336 4443 1603 4511 scriptum
1648 4453 1802 4503 esse,

1957 1964 2021 2018 ll.
2054 1961 2212 2017 Circa
2248 1959 2553 2016 secundum
2583 1966 2769 2029 caput,
2802 1956 2949 2026 quod
2999 1956 3067 2011 de
3092 1956 3330 2019 Juliano,
3358 1957 3459 2011 ob-

1887 2051 2213 2109 servandum
2240 2049 2437 2120 primo,
2464 2047 2735 2104 celebrem
2755 2047 2908 2101 illum
2924 2046 3130 2102 Beroeaa
3142 2046 3459 2115 episcopum

1886 2145 2145 2200 Acacium
2173 2143 2276 2197 sub
2304 2142 2517 2196 Asterio
2537 2139 2739 2195 Juliani
2776 2138 3048 2208 discipulo
3067 2178 3082 2202 ,
3110 2137 3281 2192 vitam
3306 2151 3462 2192 asce—

1888 2238 2049 2292 ticam
2109 2233 2286 2304 egisse
2339 2232 2394 2286 in
2452 2230 2785 2286 monasterio
2842 2229 3002 2299 297
3055 2229 3317 2293 Gandari,
3354 2229 3463 2285 vici

1888 2344 2059 2401 prope
2111 2326 2457 2383 Antiochiam
2524 2322 2737 2394 positi;
2786 2337 2965 2391 neque
3020 2322 3163 2376 hanc
3200 2323 3368 2376 vitam
3409 2323 3467 2376 in

1886 2419 2206 2488 episcopatu
2240 2414 2589 2479 deseruisse;
2642 2412 2881 2467 tenuisse
2907 2426 3039 2466 vero
3088 2413 3466 2482 episcopatum

1888 2518 2015 2562 octo
2038 2515 2095 2561 et
2152 2503 2550 2574 quinquaginta
2579 2516 2754 2556 annos
2777 2503 2823 2533 η
2862 2519 2875 2553 :
2919 2501 3065 2556 unde
3093 2510 3311 2556 constat
3355 2502 3467 2557 fato

1890 2598 2140 2653 functum
2190 2610 2310 2650 esse
2357 2609 2504 2650 anno
2535 2594 2659 2659 456,
2710 2608 2836 2647 nam
2870 2593 3155 2648 ordinatus
3198 2602 3280 2649 est
3324 2610 3467 2647 anno

1890 2689 2012 2746 378.
2036 2689 2231 2744 Mirum
2268 2702 2421 2751 vero,
2456 2686 2739 2741 hominem
2772 2686 2896 2740 vitae
2927 2693 3034 2739 tam
3064 2694 3266 2741 sanctae
3291 2694 3470 2740 tantos

1892 2782 1949 2836 in
1977 2781 2221 2836 Ecclesia
2268 2780 2558 2843 tumultus,
2590 2788 2687 2833 aut
2723 2778 3051 2843 concitasse,
3098 2787 3193 2833 aut
3233 2777 3465 2843 fovisse;

1894 2873 1989 2929 sed
2020 2883 2210 2926 notum
2237 2872 2321 2926 vel
2345 2872 2461 2941 ipso
2490 2874 2503 2890 ‘
2532 2869 2864 2925 Theodoreti
2891 2870 3159 2940 exemplo,
3186 2870 3316 2939 quid
3348 2885 3472 2939 pos-

1894 2964 1964 3018 sit
1989 2964 2182 3033 religio
2214 2964 2392 3018 illusa.

1962 3054 2380 3111 Observandum
2412 3055 2676 3120 secundo,
2709 3056 3042 3111 mentionem
3077 3056 3196 3111 fieri
3229 3054 3472 3126 praefecti

1820 3186 1862 3244 ο
1895 3148 2179 3219 cujusdam
2205 3149 2466 3218 praatorio
2517 3149 2762 3205 Orientis
2779 3150 2846 3201 ".
2877 3149 3004 3204 Fuit
3053 3149 3143 3204 hic
3168 3149 3469 3213 Modestus,

1894 3256 2060 3312 quem
2092 3240 2147 3294 in
2183 3239 2390 3295 codicis
2423 3241 2470 3272 "
2495 3240 2965 3311 Prosopographia
3006 3240 3239 3309 legimus
3273 3239 3475 3310 praefe-

1896 3341 2109 3388 cturam
2139 3332 2372 3403 gessisse
2403 3332 2507 3387 sub
2540 3332 2783 3396 Valente,
2825 3347 2970 3385 anno
3015 3330 3140 3395 5‘70,
3168 3347 3277 3400 quo
3332 3346 3477 3385 anno

1897 3421 2112 3477 scilicet
2154 3421 2479 3491 Aphraates,
2521 3420 2865 3475 admirabilis
2890 3420 2979 3475 ille
3012 3420 3333 3484 monachus,
3368 3420 3473 3475 du-

1898 3514 2057 3572 cihus
2081 3513 2281 3569 Acacio
2307 3524 2438 3569 tunc
2464 3513 2815 3585 presbytero,
2845 3513 3135 3569 etJuliano
3175 3513 3475 3567 monacho-

1900 3621 2019 3660 rum
2059 3616 2233 3675 patre,
2264 3603 2610 3659 Antiochiam
2659 3603 2832 3670 venit,
2866 3602 3189 3672 Valentique
3229 3602 3477 3658 Catholi-

1900 3712 2089 3753 corum
2116 3696 2536 3753 insectationem
2553 3695 2774 3766 objecit.

1969 3791 2389 3848 Observandum
2424 3790 2609 3853 tertio,
2652 3797 2777 3844 ante
2815 3788 3105 3854 lsidorum,
3161 3789 3255 3859 qui
3294 3789 3476 3843 Theo-

1901 3884 2156 3939 doretum
2211 3881 2531 3953 prmeessit,
2588 3880 2845 3935 Ecclesia:
2913 3879 3137 3950 Cyrensi
3198 3878 3477 3949 prmfuisse

1900 3977 2204 4042 Asterium,
2234 3977 2497 4033 Arianum
2524 3974 2749 4046 quidem
2800 3972 3135 4042 sophistam;
3176 3988 3285 4027 non
3323 3972 3477 4025 illum

1903 4078 2093 4125 tamen
2140 4069 2517 4140 Cappadocem
2539 4108 2554 4132 ,
2589 4066 2683 4136 qui
2718 4073 2775 4120 et
2814 4066 2928 4135 ipse
2969 4063 3212 4134 sophista
3244 4064 3478 4119 Arianus

1902 4161 2010 4215 fuit
2034 4178 2047 4213 :
2080 4175 2262 4230 neque
2291 4158 2441 4213 enim
2465 4158 2532 4212 ad
2570 4158 2685 4212 haec
2714 4164 2963 4226 tempora
2989 4158 3307 4226 pervenisse
3367 4160 3477 4214 dici

1905 4259 2107 4320 potest,
2162 4248 2271 4303 nisi
2319 4247 2672 4303 centonarius
2720 4255 2814 4299 aut
2842 4248 3156 4303 centenario
3199 4251 3480 4317 proximus

1905 4344 2134 4413 periisse
2166 4340 2503 4405 aflirmctur;
2542 4338 2814 4408 siquidem
2872 4338 2925 4391 in
2955 4341 3333 4408 persecutione
3366 4342 3479 4394 Ma-

1908 4435 2132 4489 ximiani
2178 4433 2424 4487 Herculii
2491 4442 2656 4501 atque
2704 4430 3048 4497 Diocletiani,
3088 4448 3209 4501 qua:
3252 4434 3483 4502 conligit

210 4567 338 4606 cum
372 4558 562 4603 tamen
589 4546 656 4599 ad
679 4540 1213 4599 commendationem
1239 4535 1535 4606 plurimum
1562 4533 1799 4587 faceret:
1834 4533 1880 4589 D
1904 4543 2048 4581 anno
2080 4526 2205 4589 505,
2240 4524 2555 4579 immolavit.
2591 4523 2722 4588 Quis
2748 4532 2930 4577 autem
2954 4525 3142 4578 credat
3179 4541 3302 4579 eum
3331 4536 3477 4587 tunc,

212 4642 354 4696 nihil
390 4641 461 4694 ah
490 4638 845 4707 Hieronymo,
874 4633 987 4687 sive
1024 4632 1079 4685 in
1109 4629 1383 4690 Chronico,
1409 4627 1523 4681 sive
1559 4627 1614 4680 in
1640 4624 1803 4680 Cata-

215 4732 334 4800 iogo
399 4730 718 4796 scriptorum
798 4723 1267 4777 ecclesiasticarum
1322 4734 1342 4773 :
1402 4716 1540 4770 nihil
1595 4714 1803 4784 pariter

214 4824 286 4876 ab
353 4819 733 4877 ilebed-Jesu,
784 4816 1045 4885 diligente
1126 4809 1463 4878 caeteroquin
1534 4808 1803 4861 librorum

216 4918 488 4986 Syrorum
520 4910 843 4980 inquisitore
873 4926 885 4960 :
911 4907 1046 4962 nihil
1069 4906 1136 4959 ab
1164 4904 1274 4958 ullo
1303 4912 1572 4965 veterum,
1608 4908 1807 4968 praeter

220 5024 396 5062 unum
430 5004 801 5063 Gennadium,
849 5000 942 5069 qui
980 4996 1172 5068 viginti
1220 5002 1457 5064 quatuor
1492 4991 1663 5045 libros
1716 5004 1808 5044 re-

219 5108 433 5156 censet.
503 5098 705 5152 Verum
756 5091 1024 5147 Gennadii
1084 5089 1384 5143 auctoritas
1431 5102 1541 5139 non
1590 5083 1809 5137 videtur

222 5194 360 5248 mihi
401 5198 575 5253 tanta,
620 5198 678 5241 ut
736 5200 956 5241 omnem
1012 5182 1334 5250 scrupulum
1387 5177 1603 5232 evellat.
1655 5174 1809 5231 Unde

220 5285 375 5339 extim
402 5280 559 5336 novit
614 5278 838 5349 Syriaca
881 5290 1067 5345 opera,
1097 5272 1192 5342 qui
1236 5271 1324 5324 vix
1383 5268 1537 5322 novit
1566 5263 1808 5321 Graeca?

223 5377 381 5433 l'nde
408 5373 601 5429 scitah
626 5372 955 5439 Hieronymo
990 5364 1295 5436 prmterita,
1330 5369 1619 5431 propterea
1662 5358 1810 5428 quod

226 5468 478 5521 nondum
533 5465 588 5518 in
637 5463 882 5517 Graecam
942 5458 1183 5526 linguam
1238 5469 1394 5508 versa
1452 5459 1663 5512 essent,
1710 5464 1812 5503 nec

1907 4616 2139 4687 quando.
2164 4608 2489 4677 immolavit,
2544 4614 2814 4668 minorem
2851 4614 3072 4684 triginta
3118 4615 3277 4670 annis
3312 4618 3480 4670 exsti-

1910 4710 2061 4772 tisse,
2092 4722 2217 4763 cum
2243 4723 2352 4761 non
2378 4705 2533 4775 parvi
2557 4704 2798 4759 nominis
2815 4707 2925 4775 jam
2952 4708 3132 4761 esset?

1980 4800 2248 4856 Assentiri
2305 4815 2437 4869 ergo
2470 4814 2577 4852 non
2611 4812 2835 4867 possum
2886 4798 3139 4862 Baronio,
3194 4809 3485 4870 utrumque

1913 4892 2189 4947 Asterium
2220 4888 2576 4944 confundenti
2605 4906 2616 4939 :
2646 4897 2707 4942 et
2725 4904 2854 4943 vero
2885 4888 3171 4959 Cappadox
3204 4906 3483 4959 nunquam

1915 4983 2170 5053 Gyreiisis
2218 4982 2507 5051 episcopus
2558 4980 2681 5043 fuit,
2747 4980 2857 5033 imo
2903 4996 3003 5035 nec
3066 4982 3368 5052 presbyter,
3440 4986 3484 5037 si

1917 5075 2217 5131 Athanasio
2268 5073 2565 5127 credimus.
2610 5072 2735 5126 Fuit
2787 5089 2919 5127 vero
2968 5074 3077 5136 ille,
3127 5073 3195 5127 de
3241 5091 3352 5143 quo
3398 5076 3486 5129 hic

1909 5184 2093 5223 sermo
2111 5177 2229 5233 est;
2259 5166 2401 5221 unde
2425 5164 2630 5219 dicitur
2660 5181 2691 5218 a
2714 5166 3059 5219 Theodoreto
3101 5167 3277 5235 Cyrus
3316 5169 3487 5223 bene-

1913 5260 2097 5316 ﬁcium
2149 5258 2426 5328 accepisse
2462 5272 2560 5325 per
2596 5257 3048 5311 intercessionem
3084 5257 3284 5311 Juliani
3312 5261 3376 5320 ",
3426 5266 3485 5312 ut

1912 5370 2035 5424 qua:
2060 5353 2288 5406 liberata
2311 5360 2457 5405 esset
2477 5350 2546 5404 ab
2570 5349 2772 5404 Ariano
2816 5358 3057 5418 pastore.
3092 5350 3286 5403 Mansit
3323 5366 3486 5419 porro

1914 5448 2076 5500 vidua
2102 5454 2225 5498 octo
2259 5442 2368 5495 fere
2399 5456 2590 5504 annos,
2654 5442 2827 5495 donec
2870 5442 2937 5495 ab
2973 5440 3210 5494 Eusebio
3238 5440 3486 5495 Samosa-

1605 5590 1923 5648 SCHULZII
1962 5586 2192 5643 NOTAE.

305 5753 351 5784 ’³
392 5750 528 5805 ibid.
571 5766 620 5803 c.
654 5748 743 5801 ‘28.
824 5746 869 5776 "°
897 5744 1017 5799 Viti.
1053 5752 1184 5797 tom.
1216 5740 1303 5803 Ill,

228 5823 537 5877 (iarnerius
590 5820 808 5872 fatetur.
887 5817 932 5845 ’θ
960 5816 1155 5882 Supra,

230 5896 383 5961 duis,
424 5889 789 5947 Theodosium
822 5885 1101 5942 nimirum.

1340 5755 1394 5806 ν.
1438 5736 1585 5789 illi.

1208 5827 1260 5879 p.
1294 5797 1440 5867 12-89,
1472 5823 1604 5879 amt.
1640 5806 1873 5879 .l3_7_ant
1904 5797 2026 5865 i138,
2059 5799 2260 5855 υὺὶίιςδο
2296 5797 2521 5856 dicitur-

1181 5874 1221 5913 ”;
1257 5879 1373 5935 Viti.
1411 5876 1540 5932 ibid.
1580 5891 1630 5945 Ρ.
1676 5874 1804 5928 Ιιῦῖὲ
1836 5888 1948 5942 δυσι-

1674 5734 1717 5765 ²⁵
1745 5734 2009 5799 Libriqu
2044 5729 2159 5781 Juv.
2213 5727 2322 5799 Sed
2352 5726 2635 5799 nivsrut'am
2660 5739 2777 5799 esse
2807 5740 2997 5778 eorum
3035 5724 3349 5778 ittvnioriam
3374 5723 3484 5799 ipse

2595 5800 2635 5827 ²⁷
2670 5796 2784 5850 Vid.
2824 5796 2974 5859 |.ll|,
3019 5812 3069 5864 ιι,
3118 5794 3269 5848 illi.
3312 5793 3355 5825 ³⁸
3383 5792 3483 5849 συ-
