4228 6446
743 370 843 432 247

1866 365 2242 427 GARNERII
2284 366 2778 430 DISSERTATIO
2815 371 2896 429 II.

3896 367 4003 430 248

747 481 884 534 tensi
918 478 1177 539 lsidorus,
1205 475 1397 547 synodi
1453 475 1809 529 Antiochense
1842 475 2192 539 auctoritate,
2224 491 2318 529 or-
2348 480 2393 536 Α
2423 476 2490 530 de
2540 476 2883 545 simplicibus
2910 476 3265 548 presbyteris,
3315 478 3410 532 sed
3444 478 3511 532 de
3564 478 3999 547 ehorepiscopis.

741 573 963 625 diuatus
990 577 1092 622 est.

809 662 897 715 lll.
931 661 1091 714 Circa
1122 660 1341 713 tertium
1389 657 1745 733 captitmquod
1790 658 1857 711 de
1902 657 2176 711 Marciano
2209 665 2313 720 est,

743 752 880 804 nihil
936 749 1341 804 observandum
1417 747 1659 801 occurrit
1731 756 1929 816 praeter
1982 753 2314 799 conventum

745 844 988 913 quinque
1019 842 1404 910 episcoporum
1462 838 1795 892 Marcianum
1850 838 2224 902 inviscntium,
2261 837 2314 892 id

740 945 843 1000 est,
872 935 1114 988 Flaviani
1158 933 1484 994 Antiochim,
1514 932 1692 985 Acacii
1714 932 1951 995 tBertem,
1993 932 2185 986 lsidori
2215 931 2319 1001 Cy-

747 1030 812 1090 ri,
845 1018 1390 1087 EusebiiLChalcidis,
1439 1021 1706 1077 Theodoti
1753 1020 2148 1092 Hierapolcos:
2180 1038 2315 1075 eon—

743 1118 863 1187 tigit
893 1117 1039 1170 enim
1074 1130 1173 1184 pro
1198 1125 1348 1188 certo
1403 1123 1525 1187 post
1551 1127 1755 1165 annum
1806 1112 1930 1177 581,
1964 1128 2073 1193 quo
2109 1112 2315 1192 Flavia-

740 1225 845 1261 nus
877 1208 1159 1261 ordinatus
1201 1214 1284 1260 est
1319 1205 1373 1279 in
1403 1202 1642 1257 secunda
1671 1203 1878 1273 synodo
1909 1202 2177 1273 generali;
2207 1217 2316 1254 non

742 1310 927 1355 tamen
966 1300 1058 1353 diu
1087 1306 1237 1368 post,
1275 1297 1534 1366 quoniam
1582 1296 1897 1350 Theodotus
1950 1294 2315 1362 Hierapolita-

742 1405 846 1443 nus
871 1390 1068 1457 exiguo
1088 1395 1213 1456 post
1252 1396 1500 1466 tempore
1558 1385 1811 1438 decessit.
1862 1385 2042 1449 Quare
2096 1383 2316 1437 videtur

740 1467 807 1532 (ἷο
846 1480 963 1549 ipso
1009 1494 1153 1532 anno
1198 1478 1294 1532 581
1344 1475 1631 1538 accidisse,
1662 1491 1772 1543 quo
1830 1489 2027 1543 nempe
2054 1489 2201 1527 anno
2236 1490 2320 1528 re-

741 1573 912 1646 duces
954 1570 1031 1623 illi
1081 1566 1411 1638 praesulcs'a
1456 1583 1493 1619 ll
1533 1566 1770 1638 sy,nodo,
1816 1565 1992 1618 virum
2030 1564 2316 1618 sanctitate

741 1655 1013 1715 celebrem
1042 1676 1211 1730 pr0pe
1245 1660 1588 1713 Antiochiam
1618 1658 1876 1728 positum,
1905 1655 2126 1724 pietatis
2144 1654 2318 1724 gratia

742 1755 1053 1807 visitarunt.
1246 1752 1249 1755 ’

815 1846 903 1899 lV.
933 1846 989 1898 lu
1017 1849 1234 1913 quarto,
1276 1843 1421 1912 quod
1449 1841 1674 1896 Eusebii
1716 1841 1820 1895 viri
1873 1841 2203 1895 sanctissimi
2237 1840 2319 1894 di-
2347 1828 2390 1882 Β

742 1937 1084 2007 scipulorum
1113 1935 1305 1990 laudes
1333 1934 1608 1998 continet,
1642 1933 1701 1987 fit
1725 1934 1933 1988 mentio
1964 1934 2137 1987 sancti
2172 1934 2319 1987 illius

744 2030 799 2083 in
824 2046 933 2099 quo
963 2027 1237 2091 vivebant,
1276 2026 1504 2095 tugurii,
1534 2025 1739 2079 visitati
1767 2041 1798 2079 a
1860 2024 2210 2079 Theodoreto
2261 2030 2317 2078 et

744 2119 905 2173 sociis
942 2118 1186 2187 ejusdem
1219 2117 1476 2171 instituti.
1502 2116 1620 2182 Quo
1650 2126 1894 2186 tempore
1920 2124 2102 2171 autem
2133 2116 2316 2171 Theo-

744 2214 971 2265 doretus
1009 2209 1223 2262 Abbam
1276 2209 1484 2272 invisit,
1533 2207 1699 2277 298
1762 2207 2083 2261 vicesimum
2142 2206 2319 2262 aetatis

743 2316 947 2354 annum
976 2302 1247 2370 attigerat,
1285 2307 1432 2354 certe
1458 2316 1569 2352 non
1594 2299 1829 2352 multutn
1864 2306 2174 2353 excesserat
2203 2316 2216 2351 :
2260 2298 2316 2352 id

742 2408 873 2462 ergo
898 2392 1125 2463 conligit
1153 2408 1297 2446 anno
1331 2390 1453 2445 406.
1500 2391 1633 2456 Nam
1660 2390 1862 2455 Abbas,
1920 2389 2316 2460 discipulorum

745 2501 907 2548 unus,
941 2494 1066 2538 octo
1083 2494 1139 2537 et
1173 2483 1395 2552 triginta
1424 2481 1673 2537 asceticaa
1696 2482 1822 2536 vita:
1841 2497 2016 2537 annos
2038 2491 2315 2552 exegerat,

745 2592 870 2628 cum
922 2577 1126 2643 scripta
1174 2583 1257 2627 est
1307 2572 1541 2626 Historia
1592 2572 1870 2642 religiosa;
1904 2571 2161 2641 scriptam
2188 2585 2319 2625 vero

746 2667 1246 2721 demonstravimus
1268 2681 1411 2719 anno
1449 2667 1570 2720 Ml.

816 2758 877 2810 V.
916 2757 974 2811 ln
1002 2758 1254 2811 encomio
1302 2757 1502 2819 Publii,
1533 2754 1678 2824 quod
1718 2764 1883 2824 caput
1923 2755 2179 2824 quintum
2206 2763 2311 2820 est,

746 2850 1151 2904 observandum
1177 2850 1375 2918 primo,
1404 2848 1549 2902 unde
1598 2848 1729 2901 urbs
1781 2847 2092 2916 Zeugmatis
2119 2862 2321 2901 nomen

746 2943 1039 3010 acceperit,
1065 2956 1257 3009 nempe
1302 2956 1330 2993 a
1377 2940 1633 3010 junctura
1683 2939 2076 3007 pontis,quem
2110 2937 2321 2992 Xerxes

747 3034 1015 3102 Euphrati
1056 3032 1336 3101 imposuit.

820 3125 1094 3187 Secundo,
1124 3125 1177 3177 in
1204 3124 1474 3177 asceterio
1500 3122 1676 3176 Publii
1712 3121 1902 3175 laudes
1932 3121 2043 3174 Deo
2069 3120 2243 3174 dictas
2291 3136 2321 3173 a

748 3215 1032 3269 monachis
1051 3215 1235 3269 Graeca
1265 3215 1427 3267 simul
1456 3222 1511 3267 ct
1535 3214 1670 3285 Syra
1700 3215 1903 3283 lingua,
1930 3213 2157 3266 alternis
2186 3213 2321 3267 cho-

750 3306 845 3365 ris,
876 3304 1041 3372 idque
1073 3312 1347 3356 servatum
1393 3302 1581 3366 etiam,
1626 3319 1736 3372 quo
1787 3312 2027 3371 tempore
2066 3301 2322 3355 Theodo-

749 3407 903 3451 retus
926 3397 1261 3450 Philotimum
1292 3394 1585 3449 scribebat.

820 3490 1029 3553 Tertio,
1058 3488 1438 3557 Aplithonium
1459 3482 1637 3538 Publii
1658 3484 2010 3554 discipulum,
2033 3491 2323 3553 postquam

752 3596 926 3633 annos
972 3578 1335 3648 quadraginta
1378 3575 1610 3629 rexisset
1663 3576 2016 3638 asceterium,
2062 3573 2326 3642 Zeugma-

753 3672 892 3726 tensi
923 3672 1179 3725 Ecclesia:
1227 3670 1527 3738 praefuisse.
1567 3668 1863 3722 Ordinatus
1900 3683 2028 3737 ergo
2065 3674 2149 3720 est
2199 3681 2324 3736 sep~

753 3764 1076 3834 tuagenario
1106 3765 1318 3832 major:
1358 3764 1483 3831 quis
1531 3762 1678 3816 cnim
1726 3761 1914 3815 credat
1953 3770 2076 3814 ante
2108 3759 2324 3814 tricesi-

753 3872 902 3909 mum
936 3872 1140 3908 annum
1183 3870 1340 3909 sacro
1376 3854 1543 3908 ρωιυὶ
1579 3852 1896 3923 praefectum
1941 3852 2098 3908 esse?
2125 3853 2325 3907 Felicia

752 3947 1035 4001 enimvero
1067 3956 1311 4014 tempora
1342 3947 1354 3998 ι

825 4040 909 4093 Vl.
948 4039 1005 4091 lu
1060 4048 1213 4091 sexto
1243 4038 1443 4106 capite,
1491 4036 1640 4106 quod
1685 4036 1965 4091 Simeonis
1999 4036 2174 4090 Prisci
2213 4036 2328 4090 elo-

753 4133 900 4197 gium
946 4138 1050 4191 est,
1087 4128 1317 4184 observa
1381 4128 1698 4197 religiosum
1756 4128 1921 4199 hujus
1967 4128 2143 4183 mtatis
2207 4142 2327 4181 mo-

754 4237 871 4275 rem
906 4220 1174 4274 invisendi
1200 4219 1404 4274 montis
1436 4218 1585 4283 Sina,
1613 4219 1707 4273 ubi
1750 4220 1925 4290 legem
1965 4218 2140 4273 Moses
2168 4234 2329 4273 acce-

754 4312 853 4380 ιιὶι.

825 4402 935 4457 Vll.
968 4403 1027 4455 ln
1070 4402 1247 4471 elogio
1300 4400 1611 4469 Aphraatis,
1664 4400 1809 4469 quod
1837 4412 2090 4455 octavum
2138 4409 2325 4470 caput,

2420 565 2520 618 llic
2568 566 2721 619 locus
2751 567 2896 620 valet
2928 565 2995 620 ad
3029 566 3467 621 conﬁrmandum
3510 568 3658 638 quod
3707 574 3868 621 antea
3910 566 3999 620 di-

2418 648 2599 708 ximus
2629 654 2697 709 de
2729 654 2948 709 Meletio
2980 656 3397 726 chorepisc0po.

2489 747 2696 811 Tertio,
2724 746 3049 816 stupendam
3075 747 3368 817 Aphraatis
3406 748 3755 816 aliorumque
3790 762 4001 816 praece-

2420 843 2669 897 dentium
2719 843 3186 915 θαυματουργιαν.
3232 844 3399 898 etiam
3457 845 3600 899 circa
3643 844 3836 898 brutas
3882 844 4000 897 ani-

2424 942 2657 988 mantes.

2489 1025 2713 1092 Quarto,
2758 1026 2956 1079 vixisse
2985 1026 3078 1080 diu
3110 1035 3355 1081 sanctum
3387 1039 3664 1093 ascetam;
3697 1038 3817 1084 erat
3848 1030 3999 1085 enim

2416 1119 2525 1188 jam
2586 1117 2791 1180 senior,
2830 1134 2954 1172 cum
2994 1118 3281 1172 Valentem
3335 1121 3513 1189 arguit
3561 1136 3704 1173 anno
3760 1122 3884 1184 576,
3945 1131 4002 1174 et

2421 1208 2599 1261 adhuc
2625 1208 2819 1276 agebat
2846 1208 3011 1260 vitam
3048 1224 3190 1263 anno
3225 1208 3348 1273 595,
3377 1225 3501 1263 cum
3528 1226 3653 1264 eum
3684 1211 4003 1266 Theodore-

2424 1310 2512 1354 tus
2535 1301 2816 1369 puerulus,
2844 1309 3018 1353 matre
3046 1302 3362 1366 comitante,
3393 1303 3603 1357 invisit.

2491 1390 2625 1445 Vlll.
2678 1390 2736 1443 ln
2786 1390 2964 1459 elogio
3005 1391 3151 1444 Petri
3188 1391 3256 1457 '°,
3324 1401 3523 1461 praeter
3583 1394 4002 1448 conversionem

2420 1482 2871 1550 curationemque
2903 1483 3096 1535 matris
3126 1480 3482 1545 Theodoreti,
3516 1483 3797 1553 ipsiusque
3822 1484 4004 1537 Theo-

2420 1567 2595 1621 doreti
2652 1568 2993 1622 sanationem
3047 1584 3151 1638 ope
3204 1585 3353 1624 zona:
3400 1571 3571 1636 Petri,
3624 1573 3861 1626 notanda
3916 1581 4004 1626 est

2420 1659 2628 1713 mentio
2677 1659 2944 1728 Pergamii
2994 1661 3241 1729 prmfecti
3307 1663 3563 1731 przctorio
3611 1662 3872 1727 Orientis,
3902 1664 4001 1733 qui

2421 1765 2565 1804 anno
2593 1749 2698 1803 564
2719 1751 2756 1812 ‘,
2794 1757 2885 1802 aut
2916 1748 3040 1815 565,
3100 1759 3195 1804 aut
3248 1751 3371 1815 566,
3400 1753 3778 1823 magistratum
3832 1755 4004 1823 gessit

2420 1841 2522 1895 sub
2547 1841 2771 1895 Valente
2805 1856 2817 1892 :
2853 1855 3030 1894 annus
3049 1856 3182 1895 vero
3202 1842 3550 1912 magistratus
3574 1844 3646 1895 ita
3680 1844 4000 1897 invenitur:

2418 1935 2591 1989 Natus
2645 1942 2729 1986 est
2782 1932 3161 1987 Theodoretus
3211 1949 3356 1988 anno
3406 1934 3529 1998 586,
3588 1941 3795 2003 septem
3844 1935 4005 1989 annis

2418 2035 2598 2088 antea,
2630 2026 2735 2079 hoc
2756 2035 2858 2091 est,
2895 2040 3040 2079 anno
3093 2025 3214 2080 579.
3261 2026 3455 2080 Petrus
3485 2034 3715 2080 matrem
3743 2025 4003 2080 Theodo-

2419 2120 2524 2174 reti
2578 2118 2837 2172 liberavit
2880 2118 3166 2173 oeulorum
3221 2118 3447 2184 morbo;
3517 2110 3855 2172 liberaverat
3907 2118 4004 2171 ille

2419 2210 2630 2280 aliquot
2654 2208 2813 2263 annis
2843 2208 3007 2278 299
3029 2220 3188 2263 antea
3228 2209 3499 2279 Pergamii
3549 2210 3714 2263 filiam
3745 2209 3815 2262 ab
3846 2208 4006 2280 aegri-

2421 2301 2611 2355 tudine
2642 2317 2655 2354 :
2689 2316 2819 2370 ergo
2846 2300 2928 2353 vel
2981 2317 3124 2355 anno
3154 2301 3279 2363 574,
3332 2301 3418 2355 vel
3463 2301 3587 2364 575,
3628 2300 3714 2355 vel
3758 2300 3882 2363 576,
3915 2299 4006 2355 vel

2419 2392 2545 2447 577.
2599 2391 2668 2446 At
2716 2391 2998 2446 Modestus
3049 2389 3434 2460 praefecturam
3468 2390 3635 2461 gessit
3696 2404 3841 2443 anno
3873 2389 4003 2443 577.

2421 2484 2611 2538 Restat
2643 2482 2809 2551 igitur
2842 2490 2903 2535 ut
2928 2480 3247 2550 Pergamius
3278 2479 3472 2535 eadem
3496 2479 3728 2549 gesserit
3769 2494 3880 2533 uno
3934 2477 4005 2532 de

2422 2574 2598 2628 tribus
2625 2574 2780 2638 aliis;
2807 2572 3151 2643 probabilius
3181 2573 3328 2641 quod
3352 2570 3473 2625 576.

2493 2666 2585 2720 IX.
2640 2666 2700 2718 ln
2753 2664 2936 2734 elogio
2989 2664 3288 2719 Theodosii
3333 2664 3374 2694 “
3443 2664 3852 2718 observandum
3921 2672 4008 2717 est

2421 2760 2624 2830 primo,
2673 2758 2851 2826 ipsum
2886 2757 3091 2810 obiisse
3143 2756 3307 2825 paulo
3353 2764 3643 2825 postquam
3691 2772 3750 2810 se
3793 2755 4009 2823 recepit

2421 2852 2785 2913 Antiochiam,
2811 2857 2959 2903 metu
2982 2849 3433 2917 depopulantium
3456 2849 3639 2902 omnia
3663 2849 4004 2909 Isaurorum,

2423 2944 2527 2997 hoc
2555 2950 2659 3007 cst,
2687 2956 2832 2994 anno
2866 2939 3002 3003 405;
3039 2937 3383 3008 praecedente
3405 2939 3553 2992 enim
3588 2952 3732 2991 anno
3778 2952 4004 3007 grassa-

2422 3035 2623 3090 bantur
2654 3032 2844 3087 Isauri.

2495 3125 2772 3188 Secundo,
2805 3124 2997 3177 eadem
3045 3136 3170 3175 arca
3208 3120 3514 3183 conditum,
3552 3135 3659 3188 qua
3716 3117 4009 3172 mirandus

2426 3219 2750 3289 Aphraates,
2780 3233 2875 3271 sex
2918 3223 3014 3269 aut
3072 3224 3281 3284 septem
3313 3217 3474 3267 annis
3509 3214 3663 3283 prius
3705 3212 3817 3265 vita
3876 3211 4008 3264 fun-

2426 3310 2714 3366 ctus.llzec
2738 3308 2975 3379 sepulcri
3012 3307 3329 3364 communio
3377 3306 3480 3359 fuit
3527 3306 3613 3359 his
3665 3304 4010 3374 temporibus

2426 3400 2682 3454 amicitiae
2707 3408 2764 3453 et
2788 3399 3116 3453 reverentiae
3138 3398 3375 3467 signum.
3439 3395 3579 3450 Hinc
3611 3393 3847 3449 Jacobus
3890 3394 4007 3458 ille,

2427 3494 2494 3545 de
2532 3504 2642 3559 quo
2667 3489 2871 3542 dicitur
2893 3488 3072 3558 capite
3093 3487 3181 3552 2|,
3218 3502 3342 3540 cum
3371 3485 3780 3540 Theodoretum
3812 3483 4009 3553 dilige-

2427 3591 2529 3644 ret,
2562 3581 2752 3635 eadem
2785 3579 2993 3648 optavit
3023 3594 3150 3632 arca
3183 3577 3370 3632 condi.

2498 3672 2715 3733 Tertio,
2748 3669 3055 3724 llelladium
3100 3669 3451 3731 Tarsensem,
3481 3669 3575 3738 qui
3608 3667 3722 3721 fuit
3748 3679 3892 3719 unus
3937 3664 4009 3717 de

2429 3760 2811 3823 schismaticis,
2840 3760 3060 3829 rejectis
3100 3774 3129 3811 a
3157 3758 3571 3812 conditionibus
3622 3757 3825 3826 quibus
3869 3755 4009 3808 inita

2429 3870 2530 3925 pax
2558 3852 2948 3915 Ecclesiarum,
2972 3851 3074 3905 sub
3096 3850 3408 3904 Theodosio
3441 3850 3637 3919 partim
3659 3862 3814 3902 sacro
3838 3846 4009 3900 coetui

2430 3945 2744 4016 praefectus,
2783 3943 3064 4012 sexaginta
3082 3956 3255 3996 annos
3309 3942 3599 3995 asceticam
3636 3939 3802 3992 vitam
3837 3937 4011 3991 mira—

2430 4037 2619 4091 biliter
2653 4035 2896 4097 duxisse,
2928 4048 3030 4087 nec
3053 4047 3172 4086 eam
3230 4031 3287 4084 in
3320 4030 3641 4100 episcopatu
3684 4028 4009 4093 demisisse;

2430 4146 2602 4201 quare
2630 4144 2755 4183 cum
2787 4128 3037 4197 dejectus
3063 4134 3146 4179 est
3169 4125 3320 4188 sede,
3350 4140 3461 4178 non
3501 4121 3794 4177 admodum
3856 4128 4015 4174 octo—

2430 4222 2651 4292 genario
2680 4220 2858 4273 minor
2882 4217 3111 4273 exstitit.
3152 4216 3287 4282 Quis
3312 4231 3443 4270 vero
3486 4230 3597 4269 non
3654 4214 3883 4267 miretur
3915 4221 4014 4266 aut

2430 4329 2541 4366 non
2578 4319 2795 4380 stupcat
2823 4310 3016 4379 magis,
3055 4310 3190 4364 tanti
3214 4308 3317 4362 viri
3346 4308 3676 4371 caecitatem,
3709 4306 3792 4359 vel
3826 4304 4013 4373 potius

2430 4413 2815 4474 prmsumptam
2840 4402 2907 4456 de
2934 4401 3189 4456 Nestorio
3226 4399 3587 4469 opinionem?

755 4491 1162 4546 observandum
1219 4492 1419 4560 primo,
1473 4490 1621 4560 quod
1649 4490 1887 4544 refertur
1931 4492 1999 4545 de
2053 4492 2324 4561 legatione
2358 4517 2402 4572 ο
2501 4497 2568 4551 Χ.
2599 4496 2788 4564 Opera:
2814 4495 3054 4563 pretium
3103 4501 3207 4557 est,
3266 4492 3334 4547 ad
3383 4492 3648 4545 rationem
3696 4498 4011 4557 temporum

754 4584 971 4637 Persica
988 4581 1288 4645 Anthemii,
1312 4581 1408 4649 qui
1436 4581 2009 4650 magisterofliciorum
2036 4597 2178 4635 anno
2199 4581 2325 4647 404,

754 4675 943 4727 consul
998 4688 1143 4726 anno
1175 4649 1630 4741 4055praefectus
1674 4674 1933 4743 praetorio
1964 4672 2207 4728 Orientis
2238 4688 2332 4727 eo-

754 4766 880 4817 dem
922 4780 1085 4826 anno,
1121 4773 1201 4817 et.
1228 4764 1700 4833 consequentibus
1729 4764 1939 4829 decem,
1979 4780 2089 4818 uno
2120 4772 2330 4819 tantum

754 4867 1002 4926 excepto.
1037 4857 1075 4910 F
1082 4866 1307 4927 unctum
1341 4873 1466 4912 eum
1515 4858 1618 4913 hac
1668 4859 1937 4927 legatione
1988 4858 2118 4911 alibi
2153 4858 2334 4927 legere

756 4960 841 4998 me
863 4960 971 4998 non
1002 4944 1225 4997 memini
1252 4962 1265 5010 ;
1288 4946 1484 5015 legatio
1519 4962 1652 5001 vero
1680 4947 1795 4999 haec
1820 4935 2172 5001 sub'Arcadio
2201 4964 2332 5002 con-

757 5036 899 5104 tigit,
924 5051 1047 5089 cum
1071 5033 1249 5091 foedus
1265 5037 1459 5091 Persas
1475 5039 1617 5091 inter
1637 5044 1691 5091 et
1709 5037 1985 5091 Romanos
2010 5037 2328 5091 innovatum

756 5140 859 5184 est.
1450 5126 1456 5141 ’

828 5222 1104 5285 Secundo,
1130 5221 1446 5275 Flavianum
1486 5230 1543 5275 et
1570 5221 1868 5276 Diodorum
1915 5223 2023 5276 dici
2061 5224 2328 5292 tempori-

756 5314 861 5368 bus
887 5324 1048 5370 mota:
1082 5330 1112 5368 a
1134 5313 1360 5368 Valente
1391 5314 1794 5383 persecutionis
1824 5315 2033 5369 honore
2072 5316 2328 5371 secundae

755 5407 1030 5461 cathedrae
1070 5407 1297 5461 aﬂ‘ectos
1338 5406 1526 5470 fuisse,
1563 5406 1662 5475 τῆς
1702 5407 1956 5477 δευτέρας
1997 5407 2330 5479 ἠξιωμένους

758 5499 1043 5570 καθέδρας.
1069 5500 1125 5553 ld
1148 5500 1294 5553 enim
1318 5499 1536 5552 videtur
1558 5499 1691 5553 mihi
1711 5499 2202 5569 interpretandum,
2221 5517 2329 5555 non

2430 4588 2865 4651 subducendam,
2898 4587 3135 4655 elogium
3169 4586 3404 4639 Zenonis
3439 4585 3480 4615 "
3507 4583 3562 4637 in
3617 4580 4013 4650 compendium

2429 4681 2777 4736 contrahere.
2811 4678 3113 4747 Antequam
3135 4676 3438 4730 monachus
3466 4674 3642 4731 fieret.
3687 4674 3832 4726 inter
3851 4687 4015 4725 vere-

2430 4772 2615 4827 darios
2638 4770 2915 4826 militavit.
2968 4777 3207 4836 tuncque
3262 4767 3529 4836 temporis
3563 4766 3631 4818 de
3677 4764 3846 4818 rebus
3880 4762 4013 4816 fidei

2433 4866 2719 4920 institutus
2737 4872 2820 4917 est
2846 4879 2875 4917 a
2908 4861 3109 4916 Basilio
3139 4874 3359 4930 magno,
3395 4860 3489 4928 qui
3513 4873 3657 4912 anno
3684 4856 3788 4911 578
3814 4869 4012 4910 exces-

2438 4959 2509 5011 sit
2535 4973 2564 5011 c
2588 4957 2700 5009 vita
2732 4974 2744 5008 :
2775 4954 2975 5008 deinde
3007 4952 3286 5032 cingulum
3335 4950 3539 5019 posuit,
3581 4948 3763 5003 statim
3823 4946 4016 5001 occiso

2438 5049 2681 5109 Valente,
2708 5046 2759 5100 id
2788 5057 2891 5109 est,
2923 5059 3067 5099 anno
3083 5044 3207 5107 578,
3229 5052 3291 5097 ut
3315 5058 3371 5097 se
3397 5042 3553 5096 daret
3579 5040 3846 5095 asceticm.
3868 5038 4018 5092 Con-

2437 5149 2635 5194 ventus
2655 5149 2790 5192 esta
2821 5136 3168 5190 Tlieodoreto
3196 5150 3334 5203 pene
3376 5133 3597 5199 investi,
3657 5130 3751 5185 sed
3776 5132 3886 5202 jam
3931 5129 4016 5183 le-

2436 5242 2607 5296 ctore,
2639 5230 2743 5282 hoc
2804 5236 2907 5289 est,
2961 5234 3093 5280 nato
3140 5226 3208 5279 22
3265 5240 3438 5279 annos
3495 5223 3735 5278 circiter.
3761 5220 4014 5288 Denique

2439 5320 2602 5390 paulo
2632 5327 2756 5372 ante
2782 5326 3014 5371 mortem
3043 5314 3327 5384 pecunias,
3346 5329 3411 5368 ex
3436 5311 3764 5384 patrimonio
3786 5308 4017 5363 vendito

2438 5417 2765 5472 contractas,
2796 5391 3021 5461 tradidit
3053 5404 3363 5460 Alexandro
3388 5402 3697 5459 Antiochiae
3722 5400 4013 5472 episcopo,

2438 5500 2848 5558 distribueudas
2882 5498 3236 5570 pauperibus.

2072 5660 2386 5720 SCllULle
2424 5612 2669 5719 NOTAE:

835 5797 877 5829 ’°
909 5794 1135 5853 Philem.
1169 5816 1214 5849 υ.
1249 5801 1297 5853 9.
1379 5800 1413 5827 ’τ’
1454 5797 1583 5852 ibid.
1622 5816 1667 5845 α’.
1710 5799 1787 5855 ιο.
1870 5800 1909 5828 ⁵τ
1941 5798 2073 5853 ibid.
2108 5816 2153 5853 ς.
2194 5798 2277 5854 12.
