4228 6446
243 410 349 474 219

241 624 581 672 conventum
613 630 759 669 anno
787 613 911 668 408.
942 613 1066 667 Fuit
1093 614 1242 667 enim
1295 628 1474 667 annus
1505 613 1595 667 ille
1625 613 1825 667 vicesi-

241 724 369 762 mus
395 706 673 762 secundus
724 705 1079 769 Theodoreti,
1124 705 1327 774 quippe
1357 704 1469 757 nati
1514 719 1658 757 anno
1695 704 1817 757 386.

241 797 585 859 Secundum,
617 794 1002 863 corrigendum
1028 809 1148 848 esse
1183 802 1421 857 textum,
1466 794 1559 846 ubi
1623 792 1823 845 dicitur

239 887 395 941 Zeno
409 886 657 955 exegisse
680 893 797 938 tum
820 885 1066 938 ascetieae
1085 885 1207 938 vitae
1240 884 1600 954 quadraginta
1628 898 1819 947 annos,

238 991 368 1029 cum
400 992 433 1029 a
464 975 812 1029 Theodoreto
835 974 1164 1026 iuviseretur
1203 991 1214 1025 :
1249 989 1368 1027 nam
1404 988 1506 1042 pro
1557 973 1823 1042 τεδσαρά-

237 1084 409 1118 κοντα
440 1065 819 1136 reponendum
855 1074 940 1119 est
995 1064 1328 1134 τριάκοντας
1366 1065 1609 1134 alioquin
1645 1080 1821 1118 annus

236 1158 699 1227 quadragesimus
734 1155 1140 1209 aconversione
1177 1154 1415 1208 Zenonis
1463 1155 1729 1207 incideret
1766 1155 1820 1208 in

235 1264 449 1301 annum
512 1248 718 1301 Christi
761 1247 894 1309 M8;
952 1260 1063 1315 quo
1118 1259 1261 1299 anno
1304 1244 1413 1297 dici
1462 1259 1575 1297 non
1643 1252 1821 1313 potest

237 1339 631 1393 Theodoretus
670 1339 848 1407 prima
906 1337 1163 1406 lanugine
1225 1336 1314 1389 vix
1362 1350 1525 1405 genas
1553 1336 1816 1399 induisse,

234 1428 516 1499 siquidem
557 1444 703 1483 anno
740 1426 844 1481 £20
887 1427 1181 1497 episcopus
1241 1427 1527 1481 ordinatus
1556 1435 1674 1490 est;
1705 1426 1817 1480 uti-

233 1535 350 1589 que
388 1536 633 1591 congrua
679 1529 859 1583 aetate,
923 1520 978 1573 id
1020 1528 1105 1573 est
1144 1519 1368 1589 triginta
1410 1518 1602 1572 saltem
1643 1533 1819 1571 anno-

235 1629 383 1668 rUﬂL

310 1701 402 1754 XI.
440 1701 742 1755 Macedonii
774 1702 1013 1769 elogium
1064 1700 1143 1763 ³³,
1193 1701 1349 1769 quasi
1392 1702 1813 1765 eucharisticon,

232 1790 467 1859 scripsit
492 1792 1107 1861 Theodoretus:ipsius
1133 1792 1281 1847 enim
1331 1792 1589 1862 precibus
1633 1793 1815 1846 editus

224 1887 322 1933 cst
352 1881 412 1933 in
464 1881 643 1935 lucem
682 1897 715 1935 a
747 1889 941 1942 matre.
987 1890 1276 1951 postquam
1321 1882 1596 1935 sexdecim
1644 1898 1817 1936 annos

231 1969 456 2022 steriles
483 1969 539 2022 in
558 1969 913 2022 matrimonio
929 1968 1248 2037 peregisset.
1266 1968 1705 2037 Thaumaturgus
1726 1969 1816 2022 ille

231 2076 377 2128 pene
405 2061 757 2115 centenarius
789 2061 1022 2114 excessit
1048 2076 1079 2113 e
1110 2061 1237 2123 vita,
1286 2074 1411 2113 cum
1434 2059 1657 2113 vixisset
1680 2074 1814 2127 qua-

228 2152 491 2223 draginta
519 2154 684 2223 300
703 2154 944 2223 quinque
967 2168 1139 2207 annos
1163 2153 1279 2207 sine
1298 2152 1536 2223 tugurio,
1566 2151 1819 2221 viginti"

229 2247 486 2316 quinque
517 2246 621 2300 sub
650 2247 947 2316 tuguriolo,
984 2246 1207 2315 triginta
1243 2245 1464 2299 circiter
1495 2258 1619 2297 cum
1660 2258 1817 2297 exer-

229 2335 343 2390 ceri
378 2336 662 2404 ccepisset.
698 2336 856 2390 Anno
885 2335 989 2390 382
1017 2350 1048 2388 a
1076 2334 1334 2387 Flaviano
1368 2334 1707 2389 Antiocheno
1726 2350 1815 2388 or-

229 2426 461 2480 dinatus
482 2434 569 2480 est
590 2426 896 2497 presbyter,
928 2426 1182 2481 nesciens
1207 2426 1338 2495 quid
1377 2425 1559 2491 ﬁeret;
1592 2428 1816 2481 retinuit

228 2535 379 2574 θωιο
429 2518 535 2574 588
559 2521 851 2590 magistros
876 2519 1112 2574 militum
1143 2534 1173 2572 a
1217 2517 1527 2572 Theodosio
1580 2518 1816 2587 impera-

230 2622 350 2668 tore
392 2615 617 2676 missos,
647 2614 715 2667 ad
746 2613 1011 2667 ultionem
1060 2626 1378 2665 eversarum
1408 2619 1711 2664 statuarum
1746 2611 1814 2665 de

228 2702 599 2757 Antiucbenis
629 2702 971 2757 sumendam.
1008 2702 1213 2757 Monita
1236 2700 1366 2757 vitae
1386 2703 1630 2757 sanctius
1653 2702 1812 2756 insti-

232 2794 457 2849 tuenda:
482 2794 831 2848 Theodoreto
860 2796 1110 2864 septenni
1163 2795 1328 2850 dabat
1378 2809 1522 2847 anno
1550 2793 1677 2854 595,
1713 2793 1812 2846 de-

229 2885 460 2940 functus
482 2885 707 2939 circiter
727 2900 872 2939 anno
897 2886 1020 2948 595,
1042 2885 1109 2940 ad
1132 2886 1409 2949 eumdem,
1434 2901 1558 2939 cum
1573 2883 1814 2952 Aphraa-

230 2987 283 3031 te
304 2986 364 3032 et
385 2976 703 3032 Theodosio
730 2977 943 3045 pridem
964 2977 1032 3031 ad
1064 2993 1292 3047 superos
1338 2979 1514 3043 elatis,
1543 2976 1809 3033 tumulum

232 3068 487 3123 humeris
514 3076 829 3137 magnatum
866 3068 1070 3122 illatus.

1412 405 1508 467 DE
1547 405 1802 465 LIBRIS
1837 404 2341 465 THEODORETI.
3292 464 3295 465 ν

315 526 396 579 Ex
428 523 515 577 his
541 520 876 594 colliguntur
904 521 1033 575 duo.
1065 520 1309 576 Primum
1332 563 1345 587 ,
1378 538 1410 576 a
1471 522 1821 577 Theodoreto
1851 527 1893 583 Α
1926 522 2021 575 tim
2076 522 2253 591 capite
2280 524 2296 540 '
2320 521 2496 590 primo
2544 517 2773 588 hujusce
2834 514 3234 573 dissertationis
3254 512 3301 545 ³⁸
3345 528 3360 566 :
3398 517 3491 570 vix

3381 400 3488 465 250

1925 612 2073 665 enim
2110 612 2257 665 ullus
2285 616 2371 664 est
2400 608 2652 679 pluribus
2676 615 2983 676 temporum
3006 604 3151 660 notis
3175 603 3391 674 plenior
3413 603 3494 658 Io-

1924 716 2041 755 CUS.

1992 791 2405 847 Observandum
2425 805 2557 844 vero
2579 788 3004 849 Theodoretum,
3023 786 3185 855 paulo
3199 795 3488 853 antequam

1922 883 2221 947 laberetur,
2256 893 2350 937 aut
2381 892 2513 936 tunc
2536 896 2659 934 cum
2688 880 2795 933 labi
2825 878 3111 946 inciperet,
3148 876 3349 930 adiisse
3397 875 3486 930 Ja-

1923 975 2120 1027 cobum
2148 975 2483 1029 laborantem
2511 973 2724 1026 morbo.
2968 1022 2971 1025 .

1992 1065 2128 1119 XVI.
2150 1066 2338 1135 Capite
2373 1067 2634 1119 vicesimo
2662 1064 2903 1118 secundo
2934 1065 3002 1117 de
3030 1063 3269 1116 Limnaeo
3310 1073 3490 1113 sermo

1923 1154 2001 1219 ﬁt,
2027 1155 2142 1223 qui,
2182 1170 2304 1208 cum
2328 1156 2529 1208 dicitur
2554 1155 2745 1208 eodem
2780 1161 3043 1220 tempore,
3092 1165 3203 1219 quo
3226 1148 3485 1211 Jacobus,

1921 1248 2211 1301 asceticam
2263 1246 2432 1298 vitam
2468 1246 2773 1307 inchoasse,
2809 1252 2865 1297 et
2908 1258 3017 1311 quo
3061 1250 3304 1309 tempore
3347 1238 3487 1293 scri-

1920 1337 2082 1392 bebat
2144 1336 2523 1391 Theodoretus
2570 1336 2909 1406 trigesimum
2937 1341 2994 1387 et
3028 1341 3278 1385 octavum
3329 1344 3487 1383 exer-

1921 1427 2199 1480 citationis
2252 1440 2455 1479 annum
2506 1424 2848 1493 explevisse,
2894 1420 3135 1476 ostendit
3180 1418 3480 1480 manifeste,

1919 1532 2032 1588 quo
2085 1525 2331 1585 tempore
2396 1514 2627 1568 historia
2684 1513 2937 1581 religiosa
2998 1510 3310 1578 conscripta
3371 1508 3479 1570 sit,

1918 1611 2362 1683 quandoquidem
2385 1610 2627 1665 exerceri
2654 1609 2821 1678 saepit
2882 1608 3118 1662 Jacobus
3169 1619 3315 1660 anno
3346 1601 3476 1656 405;

1918 1705 2006 1758 cui
2031 1704 2075 1757 si
2101 1704 2467 1773 adjungantur
2496 1701 2623 1755 anni
2645 1700 2713 1755 58
2728 1701 2839 1771 jam
2857 1699 3082 1768 expleti,
3100 1697 3325 1751 exsistet
3352 1699 3483 1753 anni

1918 1797 2021 1850 HI
2060 1795 2297 1848 initium.

1850 1852 1891 1909 Β
1986 1884 2149 1939 XVII.
2173 1883 2364 1952 Capite
2386 1881 2650 1937 vicesimo
2677 1880 2839 1935 tertio
2866 1880 3066 1933 dicitur
3110 1878 3349 1933 Joannes
3370 1877 3484 1947 jam

1918 1978 2180 2047 attigisse,
2230 1983 2326 2029 aut
2361 1974 2526 2028 etiam
2566 1972 2869 2043 explevisse
2932 1971 3255 2025 vicesimum
3322 1967 3484 2037 quiu-

1918 2074 2031 2117 tum
2056 2063 2463 2118 exercitationis
2491 2077 2693 2117 annum
2735 2079 2747 2114 :
2774 2062 2941 2130 erepit
2992 2060 3157 2129 igitur
3182 2072 3325 2112 anno
3356 2057 3480 2111 ΗΘ.

1984 2156 2140 2225 301
2170 2156 2257 2209 Fit
2285 2156 2341 2209 in
2396 2154 2589 2209 eodem
2635 2154 2812 2222 capite
2850 2153 3056 2206 mentio
3082 2150 3314 2203 aliorum
3345 2147 3482 2202 insi-

1916 2248 2101 2318 gnium
2128 2249 2291 2302 trium
2317 2254 2647 2309 ascetarum,
2685 2244 2874 2307 Mosis,
2906 2242 3183 2304 Antiochi,
3232 2247 3289 2293 et
3312 2239 3482 2294 Anto-

1914 2343 2050 2406 nini,
2083 2344 2450 2410 continuoque
2479 2340 2631 2394 addit
2656 2339 3038 2393 Theodoretus
3066 2354 3079 2390 :
3111 2354 3129 2387 ι
3165 2336 3315 2389 Alios
3339 2348 3477 2403 prae-

1916 2442 2062 2488 terea
2093 2433 2405 2501 complures
2435 2432 2491 2485 in
2520 2430 2721 2484 ﬁnibus
2740 2430 2962 2490 nostris,
2990 2426 3378 2494 montibusque
3425 2431 3482 2477 et

1914 2527 2122 2596 campis
2172 2526 2405 2580 athletas
2458 2524 2626 2577 habet
2681 2521 2901 2575 virtutis
2956 2520 3283 2590 agonotheta
3313 2517 3478 2579 Deus,

1915 2632 2053 2685 quos
2101 2617 2185 2671 vel
2217 2629 2541 2670 enumerare
2579 2610 2796 2666 diﬁicile
2837 2610 2927 2675 sit,
2975 2609 3177 2663 nedum
3237 2605 3485 2675 singulo-

1912 2724 2030 2762 rum
2062 2725 2110 2761 γι
2146 2722 2231 2762 am
2282 2706 2652 2761 conscribere.
2685 2724 2700 2755 ι
2735 2703 2864 2758 Inde
2910 2703 3263 2755 vehementer
3310 2697 3483 2750 miror

1912 2800 2189 2853 hominem
2221 2808 2300 2853 tot
2334 2799 2469 2852 viris
2500 2796 2784 2866 stupendae
2816 2794 3122 2849 sanctitatis
3169 2790 3341 2845 veluti
3369 2788 3481 2843 cir-

1911 2892 2226 2948 cumdatum
2260 2900 2316 2944 et
2348 2890 2606 2959 stipatum
2648 2888 2904 2942 aberrare
2952 2886 3197 2956 potuisse
3246 2899 3277 2937 a
3321 2891 3473 2937 recta

1914 2985 2034 3039 ﬁdei
2063 2984 2167 3036 via.
2200 2981 2245 3037 Ο
2274 2981 2668 3050 investigabilia
2703 2979 2799 3033 Dei
2823 2978 3053 3049 judicia!

2008 3071 2191 3125 XVIII.
2242 3069 2432 3138 Capite
2486 3068 2752 3121 vicesimo
2813 3075 3050 3135 quarto,
3120 3062 3216 3116 ubi
3278 3061 3483 3116 texitur

296 3160 419 3213 XII.
446 3160 509 3213 In
538 3160 717 3227 capite
748 3159 962 3213 decimo
990 3166 1186 3228 quarto
1212 3160 1349 3213 nihil
1402 3157 1807 3213 observandum
1835 3183 1876 3240 α
1908 3164 2146 3232 elogium
2190 3160 2558 3229 Polychronii,
2608 3159 2747 3212 nihil
2781 3156 3183 3211 observandum
3232 3155 3480 3217 videtur,

228 3252 499 3313 occurrit,
525 3250 983 3318 quemadmodum
1006 3266 1108 3305 nec
1125 3251 1177 3304 in
1200 3251 1555 3320 sequentibus
1570 3250 1804 3313 duobus,

230 3343 334 3396 nisi
360 3341 517 3411 quod
546 3341 843 3411 Cyrensem
876 3342 1157 3411 regionem
1187 3343 1511 3396 illustrarint
1532 3382 1546 3405 ,
1573 3342 1666 3411 qui
1698 3348 1808 3395 tres

231 3433 570 3498 laudantur;
628 3433 933 3494 Maisimas,
962 3433 1277 3503 Acepsimas
1307 3442 1363 3489 et
1416 3435 1563 3489 Maro
1594 3452 1606 3488 :
1638 3433 1811 3503 quod-

230 3540 337 3596 que
370 3525 697 3594 Acepsimas
726 3525 793 3579 ab
840 3524 1051 3578 Isidoro
1089 3524 1418 3580 Theodoreti
1481 3539 1809 3593 pnecessore

231 3618 526 3672 ordinatus
556 3616 625 3670 sit
654 3617 710 3670 in
741 3617 1145 3686 presbyterum,
1181 3632 1305 3670 cum
1333 3617 1504 3685 probe
1527 3617 1743 3670 abesset
1778 3631 1808 3669 a

233 3718 413 3764 morte
437 3727 450 3773 ;
478 3717 537 3762 et
566 3708 714 3777 quod
752 3708 991 3778 denique
1012 3708 1162 3762 Maro
1196 3708 1363 3762 fuerit
1394 3717 1585 3762 auctor
1607 3714 1809 3761 exactae

231 3800 380 3854 ‘Jlius
408 3800 681 3861 asceticze,
726 3812 890 3866 quam
950 3797 1005 3850 in
1036 3797 1311 3868 Cyrestica
1341 3798 1563 3867 regione
1612 3812 1809 3852 conse-

229 3900 468 3961 quentes
503 3889 595 3942 alii
625 3888 825 3941 imitati
856 3897 1006 3944 sunt.

300 3983 444 4035 Xlll.
478 3981 671 4049 Capite
700 3980 916 4034 decimo
951 3982 1186 4050 septimo
1226 3982 1539 4036 continetur
1571 3982 1808 4052 elogium

209 4074 542 4134 -Abraamis,
600 4072 693 4141 qui
726 4087 793 4126 ex
826 4072 1094 4127 monacho
1139 4074 1315 4127 factus
1368 4073 1660 4128 Carrarum
1694 4074 1811 4143 epi-

230 4180 465 4234 scopus,
511 4162 777 4217 asceticos
824 4163 1042 4217 labores
1084 4179 1191 4216 non
1239 4164 1531 4229 imminuit,
1576 4165 1671 4219 sed
1710 4164 1807 4219 ad-

228 4259 385 4312 auxit
424 4276 436 4310 :
480 4272 646 4325 quam
678 4256 801 4309 vit:e
845 4256 1112 4309 rationem
1150 4256 1379 4311 laudans
1432 4257 1808 4312 Theodoretus

229 4348 476 4403 ostendit
498 4346 631 4399 satis
663 4359 722 4399 se
751 4360 861 4398 non
892 4345 1197 4400 absimilem
1226 4346 1483 4400 Abraami
1508 4348 1803 4403 exstitisse.

230 4439 537 4493 Defunctus
578 4446 662 4489 est
720 4436 1223 4506 Constantinopoli,
1284 4454 1393 4506 quo
1442 4454 1567 4493 eum
1626 4439 1806 4493 Theo-

1911 3263 2269 3326 przeterquam
2319 3250 2465 3321 quod
2531 3250 2598 3303 de
2655 3248 2941 3304 sacerdote
2999 3248 3097 3317 τῆς
3163 3246 3480 3314 Ἀντιοχέων

1909 3344 2090 3416 χώρας
2141 3342 2332 3413 κώμας
2366 3341 2563 3403 πολλὰς
2606 3340 2916 3409 ποιμαίνειν
2963 3336 3301 3405 τεταγμένῳ.
3326 3334 3481 3389 Unde

1912 3437 2213 3491 illustratur
2236 3435 2391 3487 locus
2410 3432 2746 3501 alter,'cujus
2771 3430 3080 3484 obscuritas
3102 3426 3332 3481 Baronio
3352 3424 3482 3479 fecit

1910 3527 2255 3582 occasionem
2291 3524 2638 3578 incredibilia
2695 3523 2763 3576 de
2824 3522 3079 3575 Simeone
3114 3520 3309 3590 Stylita
3345 3518 3482 3573 scri-

1919 3618 2173 3673 bendi'ﬂ

1979 3710 2119 3763 XIX.
2151 3705 2632 3779 Capitevieesimo
2650 3706 2864 3775 quinto,
2891 3703 3036 3773 quod
3064 3710 3148 3756 est
3168 3701 3480 3755 encomium

1908 3800 2163 3868 Asclepii,
2215 3799 2268 3851 id
2313 3814 2484 3851 unum
2515 3795 2937 3858 observandum,
2995 3793 3111 3847 ﬁeri
3148 3793 3480 3847 mentionem

1907 3891 2095 3947 Jacobi
2112 3898 2307 3945 asceta:
2335 3888 2697 3949 admirabilis,
2726 3887 2820 3956 qui
2846 3886 3177 3940 domuncula
3234 3884 3482 3937 inclusus

1908 3984 2087 4038 adhuc
2114 3984 2323 4036 viveret
2352 3981 2723 4051 nonagenario
2753 3980 2947 4048 major,
2988 3978 3232 4046 alterque
3278 3974 3419 4029 foret
3448 3989 3480 4029 a

1906 4077 2111 4134 Iacobo
2156 4076 2581 4145 Thaumaturgo,
2645 4073 2713 4127 de
2747 4086 2856 4141 quo
2900 4086 3021 4139 cap.
3070 4070 3159 4124 2L
3213 4068 3481 4121 Thauma-

1912 4179 2105 4238 turgus
2134 4167 2279 4222 enim
2307 4166 2425 4220 sine
2453 4164 2695 4235 tugurio,
2727 4163 2819 4217 hic
2872 4162 2931 4215 in
2957 4161 3291 4215 domuncula
3319 4159 3478 4213 babi-

1912 4261 2083 4314 tabat.

1972 4350 2088 4404 XX.
2121 4348 2310 4417 Capite
2376 4346 2642 4401 vicesimo
2696 4354 2854 4401 sexto
2897 4352 3160 4399 narratur
3209 4341 3477 4410 stupenda

1910 4440 2176 4495 Simeouis
2199 4439 2406 4510 Stylitae
2428 4438 2563 4491 vita.
2597 4438 2802 4492 Prazter
2819 4447 2976 4491 notas
3001 4445 3331 4504 temporum,
3353 4433 3478 4502 qui-

229 4529 443 4589 dosius,
474 4537 569 4580 aut
596 4527 884 4581 Pulcheria
923 4529 1104 4595 potius
1124 4543 1247 4581 cum
1282 4530 1564 4583 sororibus
1608 4530 1809 4601 reginis
1841 4514 1882 4566 D
1915 4534 2013 4587 bus
2036 4532 2118 4584 usi
2149 4546 2360 4591 sumus,
2387 4529 2730 4582 observanda
2769 4537 3005 4597 quatuor
3043 4544 3055 4578 :

228 4627 517 4676 evocarat.

300 4710 438 4765 XIV.
478 4707 885 4762 Posterioribus
915 4708 1094 4762 tribus
1127 4708 1398 4777 capitibus
1428 4710 1492 4772 “,
1517 4711 1717 4778 quibus
1740 4710 1809 4764 de

230 4801 496 4862 Eusebio,
534 4798 819 4853 Salamane
859 4808 915 4852 et
978 4800 1124 4860 Mare
1185 4801 1427 4854 narratio
1479 4801 1805 4863 instituitur,

227 4908 335 4946 nec
376 4890 588 4962 aliquid
639 4890 845 4959 pariter
912 4888 1317 4943 observandum
1370 4898 1568 4958 praeter
1622 4891 1809 4945 insoli-

230 4994 342 5037 tam
369 4982 523 5036 illam
546 4980 781 5050 liturgia:
802 4981 1095 5046 rationem,
1141 4997 1248 5050 qua
1289 4982 1693 5046 Theodoretus,
1748 4992 1804 5038 ut

227 5074 398 5129 Maris
428 5072 620 5141 pietati
640 5070 893 5133 serviret,
912 5070 1166 5125 manibus
1188 5070 1545 5125 diaconorum
1571 5087 1703 5126 usus
1724 5080 1808 5127 est

225 5180 331 5233 pro
358 5162 543 5218 altari.

303 5255 414 5310 XV.
440 5254 633 5323 Capite
663 5252 925 5307 vicesimo
951 5253 1129 5322 primo
1184 5253 1375 5322 incipit
1428 5254 1807 5310 Theodoretus

230 5357 419 5402 texere
472 5347 761 5400 historiam
799 5354 1142 5409 sanctorum,
1178 5346 1272 5414 qui
1319 5346 1500 5401 adhuc
1551 5347 1606 5400 in
1666 5348 1805 5401 vivis

226 5448 409 5503 erant,
434 5453 561 5491 cum
593 5435 889 5501 scriberet;
917 5444 974 5491 et
1002 5452 1031 5489 a
1088 5435 1291 5490 Jacobo
1321 5436 1542 5505 quidem
1588 5438 1801 5492 initium

228 5529 406 5593 ducit,
444 5526 515 5581 de
543 5541 654 5596 quo
710 5525 947 5581 diximus
980 5526 1168 5590 multa,
1200 5528 1396 5594 partim
1424 5528 1479 5580 in
1507 5526 1648 5591 Vita,
1681 5545 1801 5598 par-

1982 4624 2030 4677 I.
2059 4621 2215 4687 Quod
2250 4620 2319 4675 de
2348 4619 2515 4674 Basso
2535 4631 2792 4673 narratur
2818 4636 2832 4671 :
2860 4617 2986 4672 inde
3030 4617 3176 4670 enim
3224 4615 3480 4685 intelligi-

1910 4729 1998 4772 tur
2019 4718 2086 4778 ³⁷.
2140 4714 2287 4783 quod
2317 4714 2385 4767 de
2418 4714 2634 4767 Meletio
2658 4713 2875 4766 dicetur
2904 4719 3092 4781 postea
3123 4728 3135 4762 :
3170 4708 3351 4761 Πειθει
3389 4708 3479 4760 τὸν

1911 4808 2212 4877 θαυμάσιον
2240 4808 2465 4867 Βάσσον,
2492 4806 2551 4868 ὃς
2574 4803 2873 4874 τηνικαῦτα
2903 4802 3101 4864 πολλὰς
3148 4799 3478 4870 περιώδευσε

1910 4899 2121 4969 κώμας,
2156 4900 2269 4959 τοῖς
2303 4898 2445 4950 κατὰ
2474 4896 2666 4966 κώμην
2706 4894 2941 4964 ἱερεῦσιν
2971 4892 3299 4945 ἐπιστατῶν.

1974 4991 2029 5044 2.
2056 4991 2283 5045 Bassum
2307 4990 2572 5051 Simeoni,
2610 4996 2836 5057 propter
2861 4985 3219 5056 quadraginta
3263 4983 3478 5036 dierum

1912 5079 2233 5133 continuum
2261 5076 2528 5147 jejunium
2555 5074 2887 5139 semianimi,
2912 5074 3225 5127 divinorum
3273 5078 3477 5142 myste-

1914 5171 2119 5225 riorum
2143 5170 2410 5241 symbola,
2435 5168 2517 5221 ori
2544 5167 2765 5235 quidem
2795 5165 3093 5220 madefacta
3135 5164 3289 5234 prius
3309 5176 3478 5232 spon-

1908 5258 1994 5329 gia
2022 5258 2356 5319 humectato,
2385 5255 2481 5310 sed
2515 5256 2835 5325 priusquam
2861 5254 2989 5309 cibo
3007 5252 3346 5316 reﬁceretur,
3385 5251 3480 5305 in—

1908 5352 2111 5406 didisse
2144 5368 2158 5404 :
2197 5351 2341 5404 unde
2380 5348 2655 5418 colligitur
2697 5362 2762 5401 ea
2797 5346 2962 5400 etiam
3022 5351 3343 5413 tempestate
3368 5341 3478 5396 Eu-

1914 5437 2233 5491 charistiam
2269 5444 2324 5491 et
2346 5435 2692 5489 moribundis
2711 5444 2766 5489 et
2790 5434 2992 5504 jejunis
3020 5432 3323 5502 praebitam.

1981 5534 2032 5585 5.
2086 5530 2404 5585 Columnam
2459 5538 2811 5597 postremam,
2868 5540 2992 5580 cum
3047 5540 3078 5578 a
3117 5524 3234 5579 solo
3257 5521 3474 5591 triginta

1562 5643 1875 5699 SCIlUllll
1916 5643 2145 5699 NOTAE.

304 5759 349 5787 ³³
383 5757 543 5814 lbid..
577 5775 625 5810 ι’.
670 5757 748 5810 15.

229 5828 273 5859 ³⁵
320 5826 435 5881 Vid.
466 5844 647 5897 supra,
677 5844 725 5896 ιι.
751 5827 919 5897 292,§
957 5828 1032 5881 Η.
1115 5828 1153 5859 ³τ
1191 5830 1307 5884 Vill.
1338 5830 1468 5883 ibid.
1563 5826 1640 5885 l3.

864 5757 914 5832 “'1
939 5757 1138 5832 Foster:
1180 5758 1403 5832 Scilicet
1434 5761 1566 5832 libri
1610 5762 1793 5828 primi.
1833 5762 1953 5819 Vid.
1985 5778 2169 5832 supra,
2213 5778 2263 5831 ι).
2306 5761 2428 5827 9.95,
2458 5760 2481 5829 ἓ
2514 5760 2593 5814 I8.

2700 5760 2741 5791 ³³
2776 5757 2892 5811 \‘id.
2936 5770 3119 5825 supra,
3146 5769 3198 5823 p.
3225 5752 3348 5819 290,
3373 5750 3466 5824 ἐῢ.
