4228 6446
726 444 822 504 251

1852 432 2231 493 GARNERII
2271 428 2767 490 DISSERTATIO
2806 428 2886 488 II.

3884 420 3996 482 252

728 566 827 607 sex
848 550 1064 606 cubitos
1080 549 1447 610 attolleretur,
1471 549 1575 603 hoc
1596 556 1700 612 est,
1722 548 2118 617 quinquaginta
2142 560 2307 615 quam
2339 551 2381 605 Α
2415 542 2640 597 solitum
2666 544 2862 607 sciret;
2894 537 3040 594 unde
3072 537 3406 595 Theodoreti
3442 534 3769 592 abstinentia
3839 534 3997 587 miri-

731 643 1019 697 minimum
1054 643 1311 712 pedibus,
1368 660 1477 697 non
1505 642 1673 695 fuisse
1695 641 1763 695 ab
1800 642 1991 694 infimo
2043 640 2110 693 ad
2155 653 2307 692 sum-

732 749 881 787 mum
904 726 1215 789 uniusmodi
1238 754 1251 802 ;
1281 735 1377 790 sed
1407 715 1534 789 suos
1554 733 1815 787 habuisse
1839 732 1993 801 quasi
2008 729 2229 800 gradus,
2255 735 2311 782 et

732 823 961 893 proinde
992 826 1234 879 minores
1270 825 1441 879 moles
1472 824 1775 893 majoribus
1814 820 2116 890 impositas,
2148 818 2220 871 ita
2253 826 2313 871 ut

732 913 800 965 ad
833 913 1142 967 Simeonem
1176 924 1379 982 posset,
1435 913 1654 967 admota
1683 910 1954 979 superiori
1985 908 2114 962 moli
2143 906 2310 969 scala,

734 1004 911 1059 facilis
940 1020 1059 1059 esse
1083 1020 1345 1061 ascensus
1373 1006 1486 1061 :sic
1513 1006 1659 1060 enim
1686 1002 2115 1070 alloquentibus,
2152 1013 2216 1053 ac
2244 998 2313 1053 de

736 1095 1000 1163 religione
1043 1095 1461 1150 consulentibus
1519 1092 1851 1162 respondere
1900 1096 2135 1159 poterat,
2186 1102 2313 1143 cum

734 1196 879 1241 esset
901 1187 1032 1241 exili
1062 1202 1218 1251 voce,
1271 1196 1331 1241 ut
1377 1187 1471 1256 qui
1525 1186 1842 1241 comederet
1890 1191 2122 1247 tantum,
2155 1181 2315 1235 initio

736 1278 981 1345 quidem,
1030 1279 1450 1349 quadragesimo
1501 1293 1720 1348 quoque
1750 1276 1840 1331 die
1876 1292 1889 1328 :
1941 1282 2128 1344 postea
2161 1287 2311 1336 vero,

737 1376 950 1420 octavo.
1849 1419 1852 1422 .

808 1457 862 1508 4.
900 1456 1040 1509 Fieri
1078 1460 1301 1528 quidem
1328 1459 1657 1513 mentionem
1685 1474 1715 1511 a
1739 1457 2084 1513 Theodoreto
2110 1454 2319 1508 littera-

740 1560 862 1598 rum
887 1562 916 1599 a
942 1548 1198 1603 Simeone
1220 1550 1285 1603 ad
1314 1551 1703 1619 imperatorem
1729 1548 2100 1602 Theodosium
2116 1544 2315 1601 Junio-

741 1652 856 1690 rem
893 1638 959 1692 de
989 1641 1249 1710 religione
1270 1642 1644 1710 scriptarum;
1678 1657 1786 1694 non
1812 1650 1992 1693 tamen
2026 1639 2319 1694 missarum

739 1727 809 1780 ab
845 1728 1178 1796 imperatore
1208 1734 1274 1785 ad
1304 1732 1613 1785 Simeonem
1647 1730 1713 1782 de
1744 1744 1875 1797 pace
1925 1726 2316 1787 Ecclesiarum,

741 1825 864 1885 post
892 1820 1185 1873 concilium
1220 1820 1555 1889 Ephesinum
1599 1837 1611 1871 :
1650 1834 1714 1872 ea
1760 1818 1907 1871 enim
1935 1832 2038 1886 pax
2068 1814 2322 1869 Theodo-

2411 634 2512 687 fice
2546 642 2791 702 apparet.

2484 724 2599 779 Sub
2632 722 2798 779 linem
2849 724 3020 779 totius
3069 722 3255 794 operis
3304 718 3687 775 Theodoretus
3732 731 3797 771 ea
3832 715 3994 779 dicit,

2412 819 2616 889 quibus
2639 818 2839 889 prodat
2872 818 3098 872 insitum
3122 817 3311 871 animo
3338 829 3440 869 suo
3491 810 3712 882 pietatis
3744 823 3994 873 sensum,

2414 924 2738 979 oppressum
2768 909 2993 978 quidem
3028 917 3085 964 et
3125 923 3266 979 pene
3301 905 3657 975 prmfocatum
3688 900 3997 970 impatienti

2416 1000 2653 1070 quadam
2696 1001 2949 1056 caecitate
2975 1000 3040 1064 "',
3073 1016 3179 1069 qua
3202 998 3365 1052 fidem
3412 997 3507 1050 ubi
3553 1005 3671 1050 erat
3698 994 3766 1057 ”,
3795 1001 3852 1046 et
3884 991 3995 1045 hae-

2416 1093 2565 1147 resin
2597 1092 2691 1146 ubi
2721 1107 2832 1145 non
2860 1098 2999 1155 erat,
3049 1090 3239 1145 videre
3274 1089 3376 1144 sibi
3410 1087 3722 1148 videbatur,
3770 1082 3867 1137 sed
3901 1096 4001 1134 ex-

2416 1198 2600 1239 serere
2640 1199 2697 1238 se
2718 1191 3031 1246 conantem,
3081 1182 3126 1235 si
3153 1180 3376 1251 quando
3408 1195 3538 1233 vera
3569 1178 3663 1231 lux
3696 1173 4003 1245 pmstigias

2416 1277 2641 1344 superbi
2710 1275 2996 1343 cujusdam
3027 1274 3222 1329 fascini
3250 1272 3573 1343 depelleret.
3636 1288 3654 1320 ι
3700 1269 3845 1331 Illos,
3911 1266 4001 1319 in-

2417 1368 2557 1437 quit,
2583 1383 2819 1436 quorum
2857 1367 3025 1419 vitam
3065 1366 3348 1429 contexui,
3384 1378 3456 1417 ne
3494 1377 3579 1415 me
3604 1359 3796 1430 procul
3825 1374 3855 1411 a
3884 1356 4003 1426 spi-

2419 1455 2604 1509 rituali
2641 1470 2834 1509 eorum
2867 1454 3039 1508 choro
3073 1454 3313 1522 positum
3345 1452 3694 1522 despiciant;
3725 1448 3821 1504 sed
3857 1446 4003 1501 infra

2416 1549 2690 1619 jacentem
2722 1548 2963 1609 trahant,
3013 1546 3153 1601 etad
3187 1547 3407 1599 culmen
3446 1544 3669 1599 virtutis
3698 1540 4007 1612 perducant

2422 1654 2632 1707 suoque
2656 1639 2820 1693 coetui
2850 1637 3167 1707 adjungant,
3197 1645 3256 1690 ut
3282 1652 3391 1690 non
3423 1636 3633 1690 alienas
3656 1633 3848 1687 laudes
3886 1640 3980 1685 tan

2424 1738 2539 1783 tum
2564 1728 2941 1795 Iaudent;sed
2978 1744 3081 1797 ego
3104 1729 3269 1781 etiam
3300 1728 3482 1781 laudis
3532 1727 3773 1795 aliquam
3832 1730 4009 1774 mate-

2422 1821 2559 1875 riem
2589 1835 2914 1889 consequar,
2939 1832 3107 1887 opere
3130 1858 3145 1881 ,
3177 1818 3381 1881 verbis,
3407 1828 3463 1871 et
3484 1824 3668 1871 mente
3692 1811 4009 1883 glorificans

743 1917 859 1962 rclo
904 1913 993 1964 vix
1036 1928 1278 1981 unquam
1328 1912 1556 1981 probata
1602 1921 1704 1966 est.
1764 1911 1919 1964 Tunc
1959 1908 2119 1977 302
2171 1915 2318 1961 certe
2350 1922 2392 1975 Β
2422 1912 2807 1967 universorum
2850 1910 3200 1965 Servatorem
3250 1908 3533 1965 Christum
3579 1906 3871 1962 Dominum
3906 1916 4009 1957 ne-

742 2002 1006 2069 temporis
1060 2018 1169 2056 non
1216 2003 1485 2071 placebat,
1544 2018 1669 2057 cum
1725 2001 2014 2055 historiam
2060 2006 2315 2053 texeret:

740 2107 1054 2162 quanquam
1082 2096 1331 2163 epistola,
1366 2111 1487 2163 qua:
1514 2095 1755 2149 Simeoni
1815 2092 2137 2148 inscribitur
2180 2090 2233 2144 in
2263 2105 2317 2143 ιιι

740 2192 895 2251 parte
925 2186 1145 2239 concilii
1183 2186 1469 2255 Ephesini,
1502 2187 1727 2240 videtur
1743 2185 1811 2239 ad
1844 2184 2102 2239 Acacium
2150 2183 2321 2253 perti-

741 2288 905 2339 nere;
933 2291 1053 2344 quae
1100 2293 1233 2331 vero
1261 2279 1531 2347 sequitur,
1564 2279 1755 2332 mutila
1784 2286 1888 2343 est,
1923 2286 1978 2331 et
2012 2277 2078 2331 ad
2105 2276 2319 2333 Simeo-

740 2383 866 2421 nem
897 2384 1007 2423 non
1030 2370 1389 2440 singulariter
1414 2371 1559 2425 data.

812 2456 891 2511 Ad
937 2457 1052 2512 haec
1114 2458 1275 2523 addo,
1332 2460 1569 2515 Leonem
1620 2459 2031 2531 imperatorem,
2078 2474 2204 2514 cum
2252 2458 2320 2514 de

740 2549 975 2603 concilio
997 2549 1433 2607 Chalcedonensi
1458 2553 1523 2607 ad
1556 2554 1848 2622 episcopos
1899 2554 2111 2607 litteras
2138 2552 2317 2617 daret,

740 2640 1029 2710 scripsisse
1057 2658 1275 2711 quoque
1299 2643 1366 2696 ad
1390 2645 1633 2699 illustres
1661 2646 1979 2707 monachos,
2026 2654 2083 2699 et
2132 2645 2185 2697 in
2213 2644 2325 2713 pri-

742 2735 849 2787 mis
874 2734 939 2786 ad
966 2735 1343 2789 sanctissimos
1373 2745 1502 2800 tres,
1538 2738 1874 2799 Simeonem,
1919 2737 2208 2799 Iacobum,
2268 2746 2324 2790 et

742 2825 1105 2891 Baradatum,
1147 2827 1215 2881 de
1262 2845 1375 2898 quo
1427 2838 1511 2884 est
1557 2817 1721 2899 caput
1793 2832 1885 2894 27,
1938 2830 2085 2900 quod
2140 2829 2326 2899 sequi-

744 2927 851 2971 tur.

813 3010 955 3064 XXI.
983 3011 1159 3082 Caput
1191 3013 1513 3068 vicesimum
1564 3014 1862 3083 septimum
1890 3013 2142 3068 continet
2208 3012 2326 3065 Iau-

743 3101 842 3156 des
874 3102 1153 3170 Baradati,
1196 3106 1291 3175 qui
1327 3104 1430 3160 fuit
1454 3121 1595 3160 unus
1627 3106 1694 3159 de
1740 3105 1918 3160 tribus
1969 3103 2326 3159 sanctissimis

744 3194 963 3256 ascetis,
1021 3194 1087 3249 ad
1145 3211 1283 3265 quos
1343 3196 1672 3250 nominatim
1730 3204 2003 3250 memorat
2059 3195 2327 3265 Evagrius

745 3287 1029 3356 scripsisse
1077 3286 1314 3343 Leonem
1366 3290 1781 3359 imperatorem,
1829 3288 1897 3343 de
1944 3304 2106 3342 causa
2142 3267 2395 3341 Timo-C

749 3378 863 3430 thei
895 3378 1249 3433 Alexandrini
1275 3390 1330 3434 et
1356 3381 1577 3434 concilii
1610 3380 2091 3435 Chalcedonensis.

818 3469 1007 3525 Exstat
1059 3470 1115 3525 in
1163 3472 1306 3526 libro
1338 3472 1619 3543 encyclico
1674 3472 1927 3526 Baradati
1976 3470 2331 3526 rescribentis

746 3562 1000 3630 cpistola,
1034 3578 1261 3633 magum,
1307 3564 1403 3618 sed
1439 3572 1643 3618 sancta:
1696 3563 2066 3633 simplicitatis
2123 3563 2283 3633 plena
2315 3581 2327 3615 :

748 3652 982 3707 aliorum
1014 3654 1249 3707 duorum
1282 3654 1479 3718 littera:
1506 3654 1808 3724 perierunt.
1848 3653 2167 3722 Quanquam
2186 3652 2331 3722 apud

749 3741 1042 3812 Evagrium
1082 3751 1166 3797 est
1189 3742 1464 3797 Simeonis
1492 3742 1725 3813 epistola
1757 3742 1825 3796 ad
1852 3743 2112 3795 Basilium
2141 3742 2334 3796 Antio-

749 3834 1009 3898 chenum,
1065 3834 1281 3888 Maximi
1334 3836 1405 3889 ob
1454 3834 1875 3888 fornicationem
1923 3833 2159 3903 depositi
2206 3848 2331 3887 suc-

750 3939 1046 3990 cessorem,
1079 3925 1134 3978 in
1168 3941 1275 3994 qua
1308 3925 1367 3980 fit
1405 3924 1614 3981 mentio
1654 3925 1835 3979 missae
1859 3925 2088 3979 alterius
2128 3924 2193 3978 ad
2228 3924 2333 3978 im-

751 4021 1087 4079 peralorem.

826 4104 990 4159 XXII.
1019 4107 1093 4161 De
1140 4108 1436 4171 Thalelaao,
1479 4109 1637 4177 cujus
1666 4107 1980 4161 encomium
2034 4106 2215 4176 capite
2263 4106 2335 4160 28

753 4198 1009 4261 habetur,
1057 4201 1195 4254 nihil
1225 4201 1631 4254 observandum
1677 4201 1919 4264 videtur,
1971 4200 2078 4255 nisi
2114 4201 2233 4254 leve
2266 4201 2333 4253 il-

752 4290 868 4354 Iud,
921 4292 1207 4347 inclusisse
1232 4309 1290 4349 se
1325 4309 1521 4363 nempe
1572 4293 1882 4348 admirabili
1936 4294 2027 4347 illa
2080 4295 2335 4349 machina

751 4383 1091 4438 clathrorum
1126 4385 1180 4439 in
1205 4401 1412 4439 morem
1447 4386 1611 4449 facta,
1647 4400 1793 4440 anno
1810 4384 1935 4438 451.
1990 4386 2047 4439 In
2101 4402 2163 4440 ea
2186 4387 2334 4439 enim

751 4482 1009 4546 exegerat
1062 4479 1225 4548 ‘jam
1280 4478 1471 4533 decem
1527 4493 1723 4542 annos,
1775 4492 1899 4531 cum
1951 4477 2335 4533 Theodoretus

754 4568 1045 4621 scriberet.

824 4658 1011 4713 XXIII.
1042 4660 1270 4729 Reliqua
1302 4661 1413 4715 duo
1454 4662 1634 4731 capita
1663 4662 1991 4716 feminarum
2018 4663 2205 4725 trium,
2225 4663 2335 4715 Ma-

754 4764 919 4812 ranaa,
940 4750 1115 4819 Cyrar,
1141 4759 1195 4803 et
1223 4753 1505 4807 Domninze
1531 4753 1855 4823 stupendam
1885 4754 2333 4807 exercitationem

754 4838 1095 4893 describunt.
1134 4840 1469 4895 Habitabant
1491 4842 1653 4895 simul
1680 4843 1893 4911 priores
1932 4842 2076 4903 dum,
2105 4851 2160 4895 et
2180 4858 2337 4895 exer-

756 4930 869 4984 ceri
924 4940 1206 4999 cmperant
1248 4932 1358 5001 jam
1398 4932 1525 4985 inde
1576 4932 1645 4986 ab
1684 4947 1829 4986 anno
1860 4932 1981 4986 402.
2032 4933 2157 4986 Erat
2188 4932 2333 4986 enim

755 5021 1207 5091 quadragesimus
1240 5023 1517 5077 secundus
1540 5023 1953 5078 exercitationis
1983 5039 2181 5089 annus,
2208 5040 2334 5079 cum

757 5113 1027 5167 scriberet
1047 5114 1450 5169 Theodoretus.

828 5205 1097 5260 Domnina
1115 5223 1237 5260 cum
1261 5207 1700 5261 soleretadvenis
1720 5207 2029 5262 necessaria
2045 5206 2111 5259 ad
2132 5208 2337 5261 victum

758 5298 1029 5361 sufficere,
1067 5299 1413 5353 Theodoreto
1440 5299 1507 5353 ad
1533 5315 1653 5352 eam
1688 5308 1899 5368 partem
1930 5299 2192 5361 venienti,
2219 5316 2339 5367 qua:

758 5391 1053 5460 Cyrcsticze
1087 5392 1297 5461 regioni
1329 5391 1396 5445 ad
1442 5400 1689 5445 austrum
1724 5390 1825 5443 sita
1859 5400 1963 5452 cst,
2001 5408 2017 5438 ι
2054 5398 2109 5443 et
2144 5405 2335 5458 panes,

760 5493 816 5537 ct
851 5484 1083 5547 fructus,
1108 5493 1162 5537 et
1191 5485 1393 5537 lentem
1433 5484 1791 5537 madefactam
1838 5482 2112 5535 mittebat.
2156 5501 2173 5532 ι
2219 5482 2335 5536 Non

763 5575 868 5629 aiia
905 5575 1093 5637 procul
1129 5574 1299 5629 dubio
1347 5575 1416 5629 de
1470 5592 1653 5641 causa,
1692 5590 1857 5645 quam
1897 5574 2027 5643 quia
2073 5574 2160 5628 his
2195 5575 2338 5632 vesci

2423 2012 2617 2059 strum.
2655 2023 2672 2056 ι

2738 2145 2895 2217 303
2921 2146 2947 2217 §
2975 2147 3061 2201 IV.
3090 2146 3272 2201 Oratio
3296 2144 3359 2196 de
3387 2144 3665 2197 rharitate.

2493 2281 2535 2336 I.
2599 2282 2761 2336 Ducit
2834 2282 3123 2337 exordium
3172 2289 3368 2335 auctor
3425 2278 3494 2332 ab
3531 2277 3683 2330 hisce
3749 2271 3937 2327 verbis
3994 2286 4007 2323 ;

2431 2390 2450 2424 ‹
2479 2373 2678 2438 Quanti
2709 2373 2820 2427 sint
2848 2372 3069 2426 virtutis
3091 2373 3331 2435 athletze,
3360 2378 3595 2440 etquam
3627 2364 3839 2429 multis,
3868 2377 4007 2432 qua-

2423 2464 2677 2535 libusque
2715 2465 2940 2520 coronis
2973 2464 3239 2536 fulgeant,
3276 2462 3570 2534 perspicue
3602 2459 3671 2513 de
3706 2457 3814 2512 illis
3843 2471 3874 2509 a
3906 2469 4011 2508 no-

2424 2556 2511 2612 bis
2533 2558 2862 2627 conscriptre
2899 2558 3250 2611 narrationes
3283 2555 3506 2610 docent.
3546 2572 3563 2604 ι
3598 2552 3663 2605 Et
3693 2549 3858 2619 paulo
3880 2555 4011 2601 ante

2426 2648 2591 2705 finem
2622 2668 2634 2703 :
2674 2669 2691 2701 ι
2722 2650 2896 2720 Hujus
2914 2649 3347 2720 pulchritudinis
3377 2662 3565 2703 amore
3583 2644 3729 2714 capti
3755 2650 4013 2696 recentes

2424 2744 2646 2798 virtutis
2689 2744 2929 2807 athletae,
2968 2759 3205 2814 quorum
3248 2760 3279 2799 a
3334 2742 3494 2797 nobis
3525 2736 3856 2808 compendio
3884 2735 4011 2789 Vita

2426 2834 2705 2905 descripta
2731 2845 2835 2899 est,
2876 2835 2942 2889 ad
2962 2850 3156 2905 magna
3184 2836 3275 2889 illa
3307 2842 3560 2888 naturam
3587 2833 3882 2886 humanam
3909 2843 4011 2881 ex-

2427 2926 2679 2980 cedentia
2722 2925 2980 2996 prodiere
3022 2924 3345 2980 certamina.
3377 2943 3395 2975 »
3430 2924 3545 2977 Sub
3593 2922 3837 2975 medium
3869 2920 4013 2973 allu-

2428 3018 2565 3073 dens
2603 3018 2669 3072 ad
2700 3034 2901 3073 nomen
2924 3060 2937 3083 ,
2979 3034 3090 3088 quo
3139 3017 3463 3089 Religiosum
3512 3016 3791 3069 historiam
3819 3012 4016 3067 inscri-

2428 3118 2658 3180 pserat:
2701 3128 2720 3160 ι
2770 3110 2873 3176 Qui
2906 3110 3075 3179 igitur
3112 3126 3244 3165 vere
3298 3118 3383 3164 est
3430 3108 3829 3178 philosophus,
3874 3105 3920 3159 is
3961 3112 4018 3159 et

2430 3200 2747 3271 philotheus
2768 3202 2891 3270 jure
2917 3200 3228 3269 appelletur
3260 3200 3326 3253 ⁵ο.
3358 3219 3375 3250 ι

2499 3293 2562 3347 11.
2594 3292 2726 3346 Inde
2770 3301 2987 3346 constat
3030 3292 3288 3346 eumdem
3329 3306 3451 3347 esse
3498 3299 3786 3345 auctorem
3834 3287 4021 3343 Philo—

2431 3386 2533 3437 thei
2560 3401 2625 3438 ac
2642 3383 2911 3439 Sermonis
2942 3386 3005 3436 de
3040 3386 3319 3445 citat-itote,
3348 3399 3548 3452 nempe
3576 3381 4017 3436 Thcodoretum.

2429 3475 2656 3531 Constat
2686 3484 2742 3530 et
2772 3474 3075 3529 Sermonem
3115 3484 3239 3545 post
3268 3475 3602 3529 Philotheum
3641 3473 4019 3542 conscriptum

2430 3582 2571 3629 esse,
2605 3562 2769 3637 atque
2811 3567 2885 3621 ita
2911 3567 3012 3635 ipsi
3040 3580 3151 3619 non
3180 3566 3280 3620 abs
3306 3581 3363 3620 re
3388 3566 3444 3619 in
3469 3563 3802 3634 quibusdam
3826 3578 4017 3617 exem-

2431 3660 2677 3729 plaribus
2701 3659 2898 3729 subjici
2928 3659 2970 3690 “
3010 3677 3022 3711 :
3058 3659 3329 3727 siquidem
3362 3672 3583 3711 causam
3619 3656 4020 3724 ostendat.qua

2432 3750 2653 3819 impulsi
2676 3750 3034 3805 admirabiles
3066 3751 3143 3803 illi
3176 3749 3279 3804 viri
3308 3749 3373 3802 ad
3398 3747 3699 3803 certamina
3721 3746 4021 3801 humanam

2430 3850 2687 3895 naturam
2705 3841 3027 3896 excedentia
3065 3840 3392 3911 prodierint.

2505 3934 2593 3989 IlI.
2623 3933 2752 3987 Fuit
2779 3943 2962 3988 tamen
2999 3934 3174 3988 altera
3217 3932 3381 3988 etiam
3422 3931 3699 3987 scribendi
3737 3946 3925 3995 causa,
3962 3938 4026 3984 ut

2432 4024 2796 4079 constantiam
2830 4023 2998 4077 animi
3032 4024 3140 4088 sui,
3186 4023 3317 4077 dum
3350 4023 3725 4078 calamitatum
3755 4021 3900 4076 mole
3925 4021 4027 4075 ob—

2433 4123 2708 4179 rueretur,
2725 4131 2834 4169 non
2850 4124 3157 4169 ascetarum
3175 4115 3358 4177 modo,
3382 4115 3478 4169 sed
3498 4124 3809 4169 sanctorum
3828 4114 4020 4175 etiam,

2432 4225 2670 4278 quorum
2730 4208 3017 4277 Scriptura
3094 4207 3359 4271 meminit,
3449 4206 3740 4275 ipsiusque
3805 4204 4021 4259 Christi

2432 4300 2700 4369 exemplis
2718 4305 3076 4353 sustentaret.
3098 4297 3236 4351 IIinc
3253 4296 3513 4350 laudibus
3532 4295 3747 4350 extollit
3772 4296 4023 4363 ipsorum

2434 4389 2963 4461 magnanimitatem,
2994 4390 3048 4443 in
3079 4388 3430 4455 carceribus,
3465 4388 3682 4451 exsilio,
3706 4387 4022 4450 calumniis,

2435 4482 2957 4552 direptionibusque
3006 4480 3280 4534 bonorum
3327 4480 3705 4549 perpetiendis
3741 4478 4024 4533 alacriter.

2441 4585 2666 4645 propter
2722 4575 3011 4628 charitatis
3057 4573 3352 4637 ardorem,
3423 4588 3534 4643 quo
3595 4571 3917 4626 ferebantur
3969 4570 4026 4624 in

2442 4666 2635 4719 Deum.
2674 4664 2812 4717 llinc
2851 4673 2906 4719 et
2948 4665 3149 4733 seipse,
3197 4664 3445 4739 aliosque
3497 4669 3784 4716 consortes
3814 4661 3919 4713 sub
3960 4661 4027 4714 fi-

2441 4772 2568 4810 nem
2616 4756 2891 4819 hortatur,
2926 4773 2943 4804 (
2983 4763 3042 4807 ιιι
3099 4755 3247 4807 hunc
3306 4754 3709 4822 amplectantur
3756 4765 4027 4812 amorem,

2443 4846 2742 4917 sponsique
2778 4844 3191 4914 pulchritudine
3238 4842 3443 4907 illecti,
3507 4850 3563 4895 et
3622 4839 4028 4911 promissorum

2443 4938 2715 4992 bonorum
2768 4936 3044 4990 desiderio
3076 4936 3243 5004 capti,
3289 4934 3795 5002 beneficiorumque
3841 4932 4032 4986 multi-

2445 5028 2691 5084 tudinem
2746 5035 3084 5089 reverentcs,
3138 5033 3192 5079 ct
3228 5025 3644 5095 ingratitudinis
3674 5040 3867 5093 pennas
3908 5040 4031 5077 me-

2446 5130 2685 5182 tuentes,
2718 5125 2965 5173 amantes
2998 5117 3092 5171 Dei
3133 5117 3427 5187 legumque
3469 5116 3644 5187 ipsius
3681 5115 3942 5170 custodes
3972 5132 4032 5171 se

2444 5207 2741 5279 prtebcant.
2774 5226 2790 5258 ι

2517 5298 2604 5353 IV.
2640 5300 2716 5352 Ex
2739 5298 2827 5352 his
2862 5306 3110 5368 apparet,
3136 5296 3283 5367 quod
3315 5305 3371 5351 et
3400 5296 3622 5350 aliunde
3649 5304 3883 5359 constat,
3907 5310 4036 5349 ora-

2446 5393 2652 5445 tionem
2711 5392 2869 5445 istam
2918 5390 3277 5459 compositam
3326 5405 3447 5443 esse
3498 5398 3623 5458 post
3677 5388 4033 5441 latrocinium

2446 5482 2809 5552 Ephesinum,
2830 5482 2935 5535 hoc
2958 5490 3062 5545 est,
3089 5481 3193 5535 sub
3237 5479 3401 5533 finem
3425 5480 3552 5533 anni
3580 5478 3705 5540 449,
3740 5486 3836 5531 aut
3870 5477 4033 5531 initio

2448 5574 2750 5643 sequentis.
2792 5573 3005 5626 Missam
3031 5572 3230 5641 opinor
3258 5571 3324 5625 ad
3356 5570 3584 5629 amicos,
3616 5582 3756 5637 quos
3797 5583 3909 5622 suae
3948 5581 4039 5621 so-

2098 5692 2418 5748 SCIIULZII
2461 5692 2693 5747 NOTA'I.

1040 5806 1095 5858 lt.
1141 5807 1176 5858 I.
1210 5808 1315 5862 \‘id.
1356 5808 1573 5878 Ilttpinii
1610 5808 1855 5861 Biblioth.
1893 5818 2033 5861 auct.
2067 5809 2273 5867 crrlvs”
2307 5818 2343 5861 1.
2376 5809 2380 5856 l

2431 5810 2461 5865 Γ,
2494 5826 2545 5878 p.
2586 5808 2700 5863 100.
2768 5810 2806 5840 ³“
2840 5807 3213 5877 Supplcndum
3258 5823 3375 5862 csse
3409 5806 3623 5860 videtur
3664 5821 3763 5857 non
3808 5803 4032 5856 ridebat.

769 5877 813 5907 “
840 5876 958 5933 Vid.
1008 5886 1044 5931 ι.
1093 5878 1180 5943 111,
1227 5895 1277 5948 p.
1331 5876 1480 5935 1511.
1559 5880 1599 5908 ⁸¹
1629 5878 1745 5935 \‘id.
1792 5896 1975 5951 supra,
2020 5895 2069 5950 p.
2113 5878 2365 5951 ριξηςνι.
