4228 6446
180 392 294 457 ’253

1375 395 1473 455 DE
1504 394 1760 456 LIBRIS
1798 395 2300 458 THEODORETI.

3373 394 3477 458 255

190 506 366 561 cietas
418 510 588 556 sortis
636 511 693 555 et
737 498 1147 556 commiseratio
1203 500 1493 571 tangebat,
1540 509 1601 554 ut
1648 501 1782 571 ipsis
1814 518 1851 571 Α
1881 506 2070 561 codice
2111 508 2300 561 Graeco
2327 518 2511 559 versas
2536 502 2831 557 Annalibus
2871 502 3123 569 inseruit,
3168 503 3344 560 sicubi
3384 507 3479 561 lux

190 596 569 651 constantiam
601 594 854 649 suaderet
886 635 901 661 ,
950 595 1043 649 vel
1068 611 1127 650 se
1158 595 1317 649 malis
1345 595 1613 649 invictum
1656 610 1783 663 pro-

188 686 370 742 heret.

257 777 327 831 ν.
367 776 529 830 Edita
557 784 645 831 est
670 776 910 846 primum
938 776 1125 831 Romae
1148 790 1294 830 anno
1327 774 1464 829 1580
1489 790 1518 828 a
1540 772 1787 830 Gerardo

191 866 394 921 Vossio
421 866 611 922 Graece
642 876 698 921 et
728 868 937 931 Latine,
961 868 1135 937 quiet
1165 866 1443 921 variantes
1460 865 1633 921 ϐηεεί
1669 872 1787 917 tex-

194 969 288 1013 tus
330 960 629 1023 lectiones,
662 961 982 1030 scholiaque
1007 960 1276 1031 adjunxit.
1310 958 1630 1014 Versionem
1656 956 1791 1011 Vos-

194 1052 259 1106 sii
298 1052 577 1121 expolivit
616 1052 967 1116 Sirmondus,
1007 1052 1200 1121 paucis
1238 1050 1535 1105 admodum
1562 1089 1576 1113 ,
1611 1048 1789 1104 sicubi

197 1148 436 1202 Vossius
464 1166 495 1203 a
527 1149 717 1204 Graeco
748 1149 1065 1211 deﬂexerat,
1090 1148 1337 1203 mutatis.

270 1240 364 1294 VI.
427 1241 490 1294 In
540 1242 647 1295 hoc
692 1256 882 1310 opere,
941 1242 1089 1311 quod
1140 1242 1471 1311 eloquentiae
1507 1240 1787 1312 specimen

202 1332 489 1402 quoddam
526 1342 640 1398 est,
696 1335 833 1388 nihil
878 1334 1101 1404 quidem
1152 1334 1397 1389 historia:
1451 1334 1789 1397 continetur,

202 1426 354 1495 quod
384 1426 652 1479 lectorem
683 1426 922 1488 erudiat,
954 1428 1051 1481 sed
1090 1434 1289 1497 pmter
1342 1427 1622 1481 incentiva
1677 1426 1795 1496 pie—

204 1518 357 1581 tatis,
398 1517 608 1587 quibus
656 1518 921 1572 refertum
970 1526 1075 1581 est,
1112 1518 1165 1572 id
1194 1517 1361 1572 habet
1407 1517 1679 1607 dogmatis
1727 1516 1794 1571 de

206 1607 395 1669 Petro,
432 1608 526 1662 cui
573 1608 807 1676 loquens
829 1606 1083 1661 Christus
1108 1606 1451 1662 inducitur“
1487 1624 1500 1659 :
1542 1605 1793 1673 (Quem-

202 1698 508 1753 admodum
547 1714 649 1769 ego
671 1706 722 1753 te
750 1698 1103 1756 ﬂuctuantem
1139 1714 1249 1754 non
1282 1698 1529 1769 despexi,
1562 1699 1637 1753 ita
1660 1706 1714 1753 et
1737 1706 1794 1752 tu

203 1790 648 1845 suStentacqum
700 1800 821 1845 esto
858 1790 1121 1847 fratribus
1174 1790 1554 1854 conturbatis;
1604 1798 1797 1859 etquo

1895 595 2023 651 inde
2078 596 2320 651 historize
2370 593 2649 648 afferenda
2705 593 2827 647 fuit.
2865 592 3097 647 Metiana
3152 594 3337 650 versio
3364 610 3478 649 non

1894 694 2114 749 exstat,
2158 686 2353 740 melior
2400 685 2684 739 successit.
2736 684 2872 739 Nam
2922 681 3248 739 Sirmondus
3302 685 3476 741 altera

1894 786 2047 848 parte
2078 778 2207 832 tomi
2237 777 2381 833 tertii
2406 785 2629 832 centum
2658 776 3020 847 quadraginta
3047 784 3257 845 septem
3279 776 3473 842 edidit,

1896 882 2033 935 quas
2078 884 2145 921 ex
2190 866 2499 937 copiosiore
2554 866 2661 921 alio
2712 867 2901 923 codice
2949 866 3215 923 Vaticano
3250 866 3479 924 Latinas

1896 958 2043 1014 fecit.

1967 1050 2058 1104 Ill.
2105 1050 2323 1105 Addere
2355 1052 2537 1121 potuit
2570 1050 2638 1106 ad
2670 1066 2830 1105 suum
2866 1068 3161 1107 numerum
3185 1052 3318 1107 alias
3344 1060 3477 1119 tres,

1899 1159 2038 1213 quas
2079 1144 2273 1213 rejecit
2299 1144 2356 1198 iu
2386 1144 2745 1213 appendicem
2771 1142 2904 1199 tomi
2928 1143 3015 1208 IV;
3043 1159 3206 1198 unam
3230 1144 3295 1198 ad
3338 1143 3479 1214 Spo-

1900 1234 2110 1288 racium
2126 1234 2194 1288 de
2218 1234 2474 1289 Nestorio
2501 1234 2580 1299 u;
2614 1236 2841 1288 alteram
2872 1233 2937 1287 ad
2960 1234 3226 1288 Joannem
3250 1234 3479 1289 Cerma-

1900 1324 2059 1379 nicize
2080 1325 2400 1394 episcopum
2423 1325 2505 1389 “;
2544 1326 2761 1378 tertiam
2788 1325 2856 1379 ad
2885 1325 3151 1380 Joannem
3180 1325 3481 1381 Antioche-

1901 1430 2033 1468 num
2061 1416 2126 1478 ⁸⁷,
2155 1430 2277 1483 qua:
2295 1414 2824 1484 reprehensionibus
2857 1415 3099 1484 capitum
3127 1413 3319 1486 Cyrilli
3346 1430 3484 1485 prae-

1901 1505 2148 1577 ponitur,
2166 1520 2474 1575 quanquam
2500 1506 2678 1574 prima
2696 1505 3045 1575 supposititia
3070 1513 3173 1559 est.

1975 1595 2059 1650 IV.
2092 1594 2356 1650 Omisisse
2388 1595 2630 1660 videtur,
2686 1604 2801 1650 tum
2849 1610 2987 1667 quas
3016 1594 3240 1650 Latinas
3268 1603 3483 1651 tantum

1905 1687 2132 1755 reperit,
2159 1685 2430 1756 siquidem
2457 1687 2752 1742 accurabat
2775 1686 3075 1742 editionem
3106 1685 3482 1742 Graeco-Lati-

1905 1793 2069 1843 nam;
2104 1786 2220 1831 tum
2264 1794 2402 1848 quas
2445 1779 2625 1833 alieno
2674 1777 2899 1833 nomine
2929 1777 3312 1833 Theodoretus
3343 1777 3483 1833 scri-

203 1887 463 1934 servatus
496 1895 556 1933 es
588 1880 821 1943 auxilio,
865 1881 969 1935 hoc
1002 1881 1118 1950 ipse
1170 1882 1293 1935 aliis
1324 1880 1650 1951 impertire;
1702 1895 1797 1933 ne-
1834 1882 1872 1936 u
1906 1868 2057 1937 psit,
2123 1868 2430 1937 cuiusmodi
2486 1878 2572 1923 est
2639 1868 2708 1923 ad
2760 1867 2966 1924 Rufum
3026 1868 3484 1925 Thessalonicen-

204 1983 310 2037 que
343 1968 695 2024 Iabascentes
745 1969 1013 2040 impellas,
1050 1970 1145 2025 sed
1178 1972 1327 2042 erige
1377 1971 1791 2041 periclitantes:

206 2059 416 2114 idcirco
441 2061 592 2114 enim
622 2070 677 2116 et
704 2070 757 2117 te
783 2061 969 2119 labare
993 2063 1135 2127 sino,
1166 2072 1221 2117 et
1276 2064 1474 2118 cadere
1523 2079 1634 2117 non
1664 2078 1794 2132 per-

203 2154 389 2217 mitto,
420 2152 587 2225 305
628 2154 983 2209 stabilitatem
1015 2171 1113 2225 per
1151 2162 1205 2209 te
1244 2154 1639 2209 ﬂuctuantibus
1666 2170 1795 2224 pro—

203 2258 428 2297 curans.
463 2242 555 2298 Sic
608 2243 797 2299 orbem
832 2252 1105 2299 terrarum
1154 2244 1475 2298 universum
1525 2242 1795 2297 ﬂuctuan-

204 2342 338 2395 tem,
374 2343 544 2403 atque
574 2332 853 2388 labantem
895 2322 1091 2405 magna
1147 2335 1263 2389 haec
1294 2332 1547 2387 columna
1591 2330 1797 2387 confir-

203 2424 396 2489 mavit,
433 2434 494 2479 et
532 2433 595 2479 ut
619 2431 905 2480 corrueret
942 2424 1190 2489 omnino,
1214 2438 1325 2477 non
1368 2422 1658 2493 permisit;
1700 2419 1797 2475 sed

202 2516 416 2581 erexit,
468 2516 832 2587 stabilemque
864 2514 1134 2581 reddidit;
1165 2529 1299 2569 oves
1326 2512 1545 2568 divinas
1574 2526 1797 2582 pascere

197 2605 408 2675 jussus,
440 2624 460 2656 ι
493 2613 602 2659 etc.

278 2695 389 2750 VII.
431 2694 560 2749 Ilaec
604 2694 673 2748 de
720 2693 886 2748 Petro
931 2692 1227 2757 sententia,
1260 2699 1321 2747 ut
1366 2700 1452 2748 est
1492 2691 1668 2747 amnis
1705 2692 1794 2758 iis,

206 2801 327 2869 quae
362 2785 419 2840 in
453 2785 691 2855 epistola
734 2786 837 2841 H3
880 2786 1239 2857 appellatoria
1271 2784 1340 2839 ad
1369 2794 1619 2839 sanctum
1654 2784 1797 2839 Leo-

206 2893 333 2934 nem
384 2877 684 2942 habentur,
726 2879 803 2933 ita
861 2894 974 2933 non
1025 2877 1260 2933 obscure
1309 2875 1556 2931 ostendit
1601 2874 1799 2930 eodem

207 2971 322 3026 fere
371 2980 621 3041 tempore
665 2980 723 3027 et
754 2971 1063 3026 orationem
1104 2979 1162 3025 et
1201 2969 1492 3040 epistolam
1534 2966 1798 3039 scriptam

207 3080 349 3120 €558.

279 3156 421 3211 VIII.
457 3155 580 3210 Non
609 3163 695 3211 est
730 3153 1174 3226 praetereundum
1225 3153 1466 3218 silentio,
1522 3151 1668 3222 quod
1722 3159 1800 3206 ta—

1903 1975 2039 2022 86111,
2066 1967 2175 2015 etc.

1973 2051 2133 2122 305
2156 2055 2216 2109 V.
2239 2052 2440 2108 Omnes
2468 2068 2569 2123 ego
2593 2054 3063 2123 repraesentandas
3084 2054 3269 2121 credo,
3287 2055 3484 2125 partim

1902 2159 1972 2199 ne
1995 2144 2126 2213 quid
2157 2144 2369 2198 auctori
2400 2159 2501 2198 suo
2526 2144 2869 2210 detrahatur;
2903 2146 3125 2216 partim,
3171 2156 3227 2201 et
3268 2162 3336 2201 eo
3364 2148 3488 2217 qui-

1903 2237 2028 2291 dem
2059 2237 2314 2299 maxime,
2341 2236 2490 2306 quod
2519 2236 2785 2293 addenda:
2807 2238 2918 2292 sint
2947 2238 3158 2308 plures,
3189 2238 3305 2295 sive
3350 2255 3490 2310 quas

1905 2328 2175 2383 Mercator
2206 2329 2440 2383 inseruit
2462 2328 2577 2383 suis
2610 2329 2984 2394 collectaueis,
3023 2331 3139 2386 sive
3163 2346 3285 2402 qua;
3305 2332 3361 2388 in
3385 2339 3490 2388 ter-

1905 2419 1993 2474 tite
2012 2429 2067 2473 et
2096 2418 2302 2488 quintae
2335 2418 2528 2489 synodi
2555 2419 2705 2473 Actis
2734 2420 3108 2490 reperiuntur.

1978 2510 2064 2565 Vl.
2092 2510 2287 2573 Visun;
2313 2524 2532 2579 quoque
2559 2517 2644 2565 est
2677 2508 2730 2563 id
2775 2519 3058 2581 praestare,
3092 2512 3239 2582 quod
3295 2512 3389 2568 alii
3431 2512 3488 2569 in

1905 2600 2234 2671 colligendis
2258 2600 2492 2655 aliorum
2527 2599 2860 2670 scriptorum
2889 2601 3138 2670 epistolis
3166 2602 3366 2668 solent,
3388 2602 3488 2658 da-

1905 2700 1990 2747 tas
2040 2694 2251 2749 scilicet
2287 2693 2355 2748 ad
2417 2692 2826 2748 Theodoretum
2875 2693 3119 2750 inserere
3171 2712 3183 2748 :
3226 2695 3281 2749 id
3337 2694 3490 2751 enim

1905 2784 2152 2840 historia:
2198 2800 2310 2839 non
2346 2785 2698 2840 mediocriter
2728 2786 2986 2856 prodest;
3017 2802 3331 2857 quanquam
3358 2787 3492 2845 inde

1906 2893 2017 2933 non
2046 2877 2337 2950 augebitur
2358 2876 2654 2932 admodum
2675 2878 3044 2947 Epistolarum
3068 2879 3227 2947 liber,
3252 2895 3380 2935 cum
3399 2881 3492 2936 vix

1906 2978 2020 3025 tres
2048 2977 2143 3024 aut
2170 2977 2407 3040 quatuor
2432 2970 2677 3039 reperire
2700 2972 2996 3040 potuerim.

1978 3064 2087 3120 VII.
2114 3063 2229 3118 Etsi
2252 3078 2419 3133 porro
2440 3062 2692 3117 ordinem
2719 3080 3123 3134 numerumque
3148 3081 3178 3120 a
3198 3065 3492 3123 Sirmondo

1907 3154 2269 3209 constitutum
2288 3153 2539 3223 religiose
2570 3153 2921 3209 retinendum
2956 3164 3110 3225 puto,
3140 3156 3338 3226 partim
3365 3173 3493 3228 pro-

209 3266 336 3305 men
390 3264 558 3303 nemo
593 3265 704 3302 non
754 3255 935 3318 potest
973 3247 1117 3301 inter
1150 3245 1441 3316 legendum
1482 3244 1797 3307 observare,
1828 3246 1871 3304 (1
1904 3258 2028 3317 pter
2062 3245 2267 3300 citandi
2304 3261 2463 3301 usum
2514 3248 2583 3302 ab
2627 3248 2864 3303 eruditis
2907 3258 3225 3319 receptum:
3258 3250 3492 3318 alterum

212 3340 267 3395 in
322 3341 429 3395 hac
478 3341 727 3395 oratione
781 3338 1063 3393 charitatis
1093 3346 1373 3400 naturam,
1408 3336 1799 3407 praestantiam,

211 3430 431 3494 eﬂecta,
458 3439 517 3484 et
536 3432 758 3483 causas'
787 3428 1007 3497 copiose
1023 3426 1255 3496 exponi;
1286 3427 1494 3480 nullam
1515 3434 1696 3480 tamen
1719 3424 1804 3477 in-

217 3534 299 3579 ter
342 3538 545 3577 causas
589 3519 925 3574 mentionem
966 3518 1084 3573 ﬁeri
1126 3518 1314 3588 gratiae
1356 3517 1658 3581 interioris,
1697 3533 1802 3586 qua

216 3612 556 3668 diﬂ'unditur
589 3610 829 3665 charitas
864 3610 921 3662 in
962 3608 1223 3664 cordibus
1270 3609 1473 3662 nostris
1520 3624 1551 3676 ᾳ
1595 3608 1803 3678 Spiritu

218 3717 429 3769 sancto,
469 3703 566 3757 sed
592 3702 912 3756 memoriam
928 3701 1195 3755 duntaxat
1222 3707 1571 3769 acceptorum
1599 3698 1806 3753 benefi-

219 3801 456 3862 ciorum,
484 3795 862 3865 exemplorum
889 3793 1093 3848 Christi
1118 3800 1175 3846 et
1202 3802 1542 3856 sanctorum,
1571 3791 1807 3861 promis-

220 3892 439 3947 sionum
480 3898 534 3945 et
567 3889 770 3957 legum,
799 3902 920 3956 quae
942 3885 1218 3955 pertinent
1246 3884 1431 3937 omnia
1466 3883 1534 3938 ad
1578 3884 1806 3953 gratiam

222 3983 391 4037 solam
422 3981 565 4051 legis
602 3986 659 4033 et
684 3978 970 4033 doctrinm.
996 3976 1196 4031 Verum
1227 3975 1296 4031 de
1330 3974 1436 4031 hoc
1463 3975 1804 4047 diligentius,

221 4089 343 4130 cum
369 4073 446 4128 de
488 4071 596 4126 ﬁde
635 4068 970 4126 Theodoreti
1005 4068 1242 4123 dicetur.

640 4206 668 4279 ᾗ
701 4206 766 4262 V.
793 4203 1047 4276 Epistola:
1068 4203 1392 4258 Theodoreti.

288 4342 332 4398 Ι.
357 4339 713 4410 Nicephorus
744 4337 1001 4394 Callistus
1038 4336 1231 4391 scribit
1253 4351 1312 4391 se
1334 4334 1596 4406 epistolas
1627 4335 1810 4392 Theo-

225 4433 404 4489 doreti
454 4447 621 4501 supra
665 4429 993 4499 quingentas
1044 4436 1265 4482 nactum
1307 4441 1448 4490 esse,
1502 4442 1706 4497 easque
1756 4435 1813 4480 et

224 4527 434 4597 optime
466 4532 522 4577 et
550 4522 618 4576 ad
653 4520 829 4575 Graeci
875 4518 1149 4574 sermonis
1174 4518 1411 4572 nitorem
1455 4518 1807 4587 compositas.

1908 3348 2086 3393 tamen
2132 3338 2518 3410 chronologica
2562 3340 2785 3410 synopsi
2828 3341 3204 3395 exhibendum
3250 3359 3396 3409 reor,
3432 3352 3494 3400 ut

1906 3429 2032 3484 inde
2060 3430 2234 3500 majus
2259 3430 2445 3485 lumen
2470 3431 2714 3487 historiae
2734 3432 3073 3489 aﬂ‘undatur.
3102 3435 3312 3506 Aliqua:
3338 3446 3490 3502 sunt,

1905 3522 2102 3588 fateor,
2137 3522 2204 3578 de
2240 3523 2444 3592 quibus
2466 3524 2631 3579 statui
2651 3525 2740 3579 vix
2770 3526 3001 3596 aliquid,
3040 3536 3135 3582 aut
3168 3528 3358 3593 refert,
3400 3538 3496 3584 aut

1906 3614 2071 3668 etiam
2099 3623 2296 3684 potest.
2327 3614 2463 3670 Tres
2489 3624 2671 3671 autem
2700 3618 3047 3675 characteres
3066 3620 3123 3674 in
3144 3621 3374 3692 singulis
3398 3623 3499 3677 ob-

1909 3703 2207 3759 servandas
2236 3701 2424 3771 credo,
2449 3707 2600 3773 anni,
2630 3707 2757 3763 festi
2794 3718 2850 3763 et
2876 3726 3143 3779 personae.
3184 3711 3329 3767 Festi
3358 3712 3494 3777 dixi,

1908 3806 2133 3867 propter
2163 3798 2528 3854 heortasticas
2547 3841 2560 3866 ,
2594 3818 2731 3871 quas
2754 3802 3023 3871 plurimas
3044 3805 3268 3875 scripsit
3303 3805 3498 3860 amicis

1909 3890 1977 3945 de
2000 3907 2173 3954 more,
2199 3898 2259 3944 ut
2283 3900 2534 3960 peractos
2565 3892 2683 3947 dies
2708 3892 2877 3947 festos
2893 3895 3285 3964 gratularetur.

1981 3981 2115 4036 VIII.
2171 3981 2436 4036 Distribui
2480 3984 2767 4039 commode
2812 3995 3044 4054 possunt
3075 4003 3287 4052 omnes,
3315 3990 3496 4059 quoad

1910 4084 2162 4128 nostrum
2192 4074 2495 4143 negotium,
2522 4075 2660 4129 duas
2683 4075 2739 4128 in
2765 4085 2949 4145 partes
2979 4075 3044 4142 ⁵⁸,
3080 4077 3493 4145 historicarum,

1912 4176 1971 4221 et
2018 4165 2575 4220 non-historicarum.
2621 4166 2919 4222 Historicas
2974 4168 3119 4234 dico,
3173 4185 3316 4239 quae,
3372 4185 3499 4226 cum

1914 4256 2152 4312 habeant
2208 4257 2473 4327 temporis
2515 4266 2609 4312 aut
2632 4273 2881 4329 persona:
2930 4268 3151 4326 notam,
3189 4262 3499 4318 conducere

1914 4356 2143 4417 possunt
2172 4348 2242 4401 ad
2278 4346 2609 4403 Theodoreti
2663 4348 3067 4404 ecclesiasticas
3118 4350 3496 4407 illustrandas.

1914 4436 2029 4490 Hoc
2061 4452 2261 4506 genere
2286 4437 2621 4507 dogmaticas
2654 4455 2876 4509 quoque
2908 4441 3265 4510 complector.

1985 4525 2075 4580 IX.
2108 4526 2167 4581 In
2196 4528 2406 4593 codice,
2431 4544 2541 4599 quo
2573 4544 2708 4584 usus
2748 4538 2834 4585 est
2862 4531 3150 4597 Baronius,
3196 4542 3253 4587 et
3283 4532 3339 4586 in
3377 4532 3502 4588 aliis

225 4617 471 4672 Dubium
494 4655 509 4678 ν
540 4629 609 4667 an
636 4621 851 4667 cerle
885 4626 1175 4666 numerum
1220 4609 1507 4679 ἀθείεηεπθ
1552 4609 1811 4676 Willet“,
1843 4588 1892 4647 θ
1918 4634 2057 4687 quos
2072 4619 2206 4682 vidi,
2235 4620 2467 4689 epistola
2488 4620 2554 4675 ad
2583 4621 2906 4691 Sporacium
2947 4622 3015 4677 de
3044 4622 3300 4678 Nestorio
3320 4624 3497 4678 omni-

227 4718 319 4763 aut
342 4707 680 4778 quingentas
700 4703 922 4767 dixerit,
952 4718 1062 4772 quo
1095 4716 1245 4755 more
1273 4700 1453 4755 Latini
1485 4702 1663 4756 solent
1690 4718 1816 4757 sex—

228 4810 421 4857 centas
474 4810 573 4867 pro
606 4794 877 4866 plurimis,
919 4806 1153 4864 quarum
1180 4808 1449 4847 numerus
1484 4792 1574 4847 vix
1599 4791 1817 4847 definiri

229 4900 418 4962 queat.
469 4889 728 4952 Ututcst,
770 4887 973 4941 multas
1017 4894 1232 4941 constat
1284 4886 1536 4955 periisse,
1582 4902 1816 4955 quarum

230 4984 620 5041 Theodoretus
671 4982 785 5051 ipse
821 4981 1093 5036 meminit.
1148 4981 1439 5037 Perierunt
1476 4988 1648 5046 certe,
1680 4996 1818 5051 quas

233 5076 526 5146 scripsisse
559 5089 619 5127 se
670 5072 834 5126 tradit
883 5080 939 5126 et
969 5071 1036 5125 ad
1085 5068 1369 5142 Cyrillum,
1404 5078 1460 5125 et
1505 5070 1572 5125 ad
1615 5087 1817 5142 anony-

234 5184 383 5223 mum
415 5166 487 5231 ”,
519 5164 609 5219 cui
631 5163 892 5234 legendos
918 5161 1356 5218 Commentarios
1375 5162 1431 5215 in
1459 5162 1688 5216 Paulum
1714 5163 1817 5216 mi-

234 5268 381 5313 serat
402 5258 473 5321 “,
509 5264 569 5310 et
591 5254 660 5309 ad
686 5254 1057 5325 Eugraphiam
1117 5261 1176 5307 et
1221 5252 1290 5307 ad
1320 5253 1644 5309 Dioscorum
1670 5255 1813 5321 duze,

232 5360 339 5407 etc.

306 5441 369 5496 II.
400 5440 599 5495 Plures
622 5438 890 5494 Baronius
919 5453 950 5491 a
973 5434 1239 5492 Federico
1268 5434 1433 5493 Metio
1462 5453 1530 5493 ex
1553 5438 1817 5496 Vaticano

1920 4710 2024 4765 bus
2058 4712 2429 4782 praeponitur;
2460 4714 2555 4769 sed
2580 4730 2612 4769 a
2642 4713 2941 4770 Sirmondo
2972 4716 3175 4786 reiecta
3203 4726 3288 4771 est
3312 4716 3366 4771 in
3401 4732 3502 4786 ap-

1921 4801 2233 4870 pendicem,
2267 4811 2323 4857 et
2359 4803 2581 4873 quidem
2618 4805 2841 4871 merito,
2867 4820 2994 4860 cum
3030 4804 3380 4876 supposititia
3407 4806 3499 4872 sit,

1927 4902 1984 4946 ut
2010 4907 2110 4946 suo
2133 4893 2254 4946 loco
2278 4892 2688 4948 demonstratur
2710 4896 2775 4947 ".

1996 4981 2065 5035 Χ.
2101 4982 2249 5037 Nihil
2276 4982 2456 5037 hocin
2486 4998 2686 5053 genere
2715 4982 2994 5037 scribendi
3020 4984 3317 5054 perfectius
3338 5000 3353 5035 ι
3374 4998 3502 5036 nam

1922 5090 2043 5144 qua:
2070 5084 2198 5128 sunt
2224 5075 2579 5144 epistolarum
2604 5074 2854 5138 virtutes,
2897 5075 3156 5139 brevitas,
3201 5074 3505 5145 perspicui-

1923 5178 2024 5229 tas,
2066 5165 2355 5236 elegantia,
2377 5166 2680 5231 urbanitas,
2712 5166 3000 5231 modestia,
3034 5166 3379 5220 observantia
3403 5165 3505 5221 de-

1922 5258 2057 5322 cori,
2083 5265 2140 5311 et
2178 5257 2457 5329 ingeniosa
2495 5258 2845 5328 prudensqne
2894 5274 2958 5314 ac
2985 5257 3203 5313 erudita
3241 5256 3505 5327 simplicis.

1924 5360 2027 5413 tas,
2056 5350 2111 5404 in
2133 5351 2380 5421 epistolis
2397 5350 2729 5407 Theodoreti
2750 5351 3145 5406 admirabiliter
3163 5351 3238 5406 ita
3261 5350 3501 5416 elucent,

1924 5450 1987 5495 ut
2019 5441 2387 5498 scribentibus
2410 5443 2662 5513 exemplo
2688 5459 2810 5499 esse
2830 5443 3060 5514 possint.

1628 5575 1946 5633 SCIIULZII
1989 5576 2218 5634 NOTAE.

309 5717 352 5746 "
378 5716 503 5768 Vitl.
528 5724 569 5769 t.
598 5715 687 5777 Ill,

238 5788 283 5861 ς
312 5788 393 5861 an
431 5786 631 5861 .lormn.
660 5788 778 5841 νῆα.
808 5789 939 5861 ibid.
979 5807 1029 5861 ρ,
1066 5792 1202 5845 H73
1240 5786 1392 5861 sequ-

240 5856 489 5912 Bibfiotlt.
534 5867 674 5912 auct.
716 5858 893 5914 cales.
930 5856 1096 5921 ιξιν,
1128 5878 1180 5933 ιι.
1228 5856 1476 5933 ΗΓὲριι.

714 5732 768 5786 p.
806 5717 961 5790 l309.
1002 5717 1050 5752 ⁴³
1082 5720 1382 5790 Vid.epist.
1408 5718 1494 5773 85.
1538 5717 1730 5790 'ffVid.
1774 5716 1935 5790 epist.
1977 5720 2020 5790 I.

1468 5791 1511 5820 ³⁷
1545 5788 1693 5860 Ilanc
1716 5788 1866 5860 vide
1911 5789 2070 5851 ibid.,
2101 5804 2154 5858 p.
2187 5790 2323 5844 1288
2345 5805 2495 5860 seqq.

1557 5860 1600 5891 “
1632 5859 1749 5916 Vid.
1789 5859 1948 5927 infra,
1992 5875 2109 5931 cap.
2139 5861 2190 5929 8,
2220 5860 2317 5933 5'2.

2097 5718 2141 5748 “
2177 5717 2503 5791 AdSporac.
2533 5720 2652 5774 Vid.
2696 5736 2882 5790 supra,
2923 5729 2960 5774 t.
2985 5720 3073 5784 IV,
3101 5736 3152 5791 p.
3187 5720 3313 5776 l0“
3348 5736 3501 5791 seqq.

2576 5792 2619 5825 ⁸⁸
2641 5791 2788 5847 Duas
2823 5792 2874 5847 in
2904 5801 3099 5864 partes.
3136 5792 3256 5849 Vid.
3286 5792 3505 5861 Dupinii
