4228 6446
737 406 842 470 255

944 515 1195 586 Epistolis
1225 520 1429 588 priores
1465 518 1583 572 duae
1613 518 1683 573 ad
1715 534 2057 590 anonymum.

809 628 845 681 i.
881 626 958 681 Ad
990 628 1227 683 amicum
1247 631 1483 699 aliquem
1509 631 1732 686 miserat
1755 632 2135 687 Theodoretus
2152 631 2311 687 Com-

740 718 1035 773 mentarios
1064 736 1191 775 suos
1236 721 1291 775 in
1321 708 1662 791 Apostolum,
1706 724 1904 779 litteris
1947 734 2221 795 precatus,
2251 736 2313 781 ut

740 809 1188 877 ferretjudicium
1211 829 1223 872 ;
1250 812 1460 865 remisit
1490 813 1578 867 ille
1603 815 1895 883 perlectos,
1926 817 2311 886 necjudicium

741 897 1081 967 signiﬁcavit.
1137 901 1423 955 Silentium
1458 903 1849 973 interpretatus
1881 916 1965 961 est
1997 907 2311 961 Theodore-

745 1000 829 1041 tus
873 989 1020 1041 velut
1062 990 1345 1044 honestam
1398 993 1882 1062 improbationem;
1944 998 2081 1065 petit
2125 998 2313 1051 alteris

746 1078 939 1130 litteris
967 1078 1255 1147 judicium,
1304 1084 1676 1152 cujuscunque
1717 1085 1865 1138 modi
1904 1086 2092 1150 fuerit,
2140 1086 2207 1140 ad
2255 1104 2312 1141 se

745 1167 905 1220 mitti.
935 1168 1234 1237 Rescripsit
1264 1172 1474 1226 amicus
1521 1172 1815 1229 immensas
1856 1176 2037 1245 Operis
2083 1177 2310 1241 laudes;

746 1257 841 1309 bas
893 1258 1091 1312 minuit
1135 1261 1309 1315 tertiis
1354 1261 1549 1315 litteris
1576 1263 1973 1329 Theodoretus,
2019 1282 2082 1319 ex
2113 1266 2313 1320 all‘ectu

747 1347 909 1400 animi
954 1348 1229 1405 laudantis
1270 1353 1450 1420 potius
1501 1369 1662 1421 quam
1707 1371 1772 1408 ex
1821 1356 2003 1424 operis
2052 1356 2313 1424 dignitate

746 1437 1011 1503 profectas
1046 1452 1317 1496 causatus.
1364 1443 1695 1497 interierunt
1728 1445 1917 1513 primae
1951 1463 1962 1495 :
2008 1444 2131 1499 aliis
2175 1444 2313 1499 dua-

744 1527 865 1590 bus,
897 1528 1058 1598 306
1082 1533 1380 1598 praesertim
1406 1534 1821 1603 posterioribus,
1853 1534 1992 1589 nihil
2013 1535 2315 1606 elegantius

743 1630 797 1673 et
831 1622 1189 1689 ingeniosius.

814 1710 877 1765 ll.
916 1710 1130 1765 Certam
1177 1715 1381 1768 habent
1408 1717 1558 1780 anni,
1612 1718 1705 1769 sed
1765 1718 1983 1771 dubiam
2014 1721 2027 1737 '
2069 1733 2315 1787 persona:

745 1806 925 1851 notam
966 1818 976 1851 :
1025 1801 1163 1855 data)
1208 1812 1335 1856 sunt
1375 1804 1521 1856 enim
1576 1805 1739 1872 paulo
1782 1814 1906 1872 post
1936 1806 2218 1859 absolutos
2260 1806 2314 1859 in

746 1890 1061 1957 Apostolum
1095 1893 1554 1957 Commentarios,
1602 1895 1653 1948 id
1682 1903 1802 1959 est,
1838 1896 2058 1950 circiter
2109 1912 2311 1950 annum

746 1979 867 2033 455.
897 1982 1027 2035 Nam
1061 1984 1445 2037 Commentarii
1477 1986 1755 2053 pertinent
1786 1988 1853 2040 ad
1895 1988 2040 2040 hunc
2088 2002 2314 2052 annum,

750 2077 808 2119 ut
830 2083 927 2121 suo
956 2069 1075 2123 loco
1103 2070 1411 2124 conlectum
1440 2082 1523 2125 est
1551 2074 1615 2125 ".

817 2161 903 2213 lll.
936 2162 1189 2217 Divinare
1224 2164 1314 2216 vix
1342 2165 1472 2217 licet
1503 2165 1570 2218 ad
1597 2180 1760 2233 quem
1807 2165 1985 2219 missa:
2014 2165 2121 2217 sint
2152 2182 2164 2217 :
2195 2178 2315 2218 cre-

748 2253 913 2307 dibile
952 2261 1164 2307 tantum
1201 2263 1284 2309 est
1335 2255 1501 2309 fuisse
1532 2255 1869 2324 episcopum,
1911 2256 2112 2324 quippe
2152 2269 2316 2322 quem

749 2344 1050 2398 sanctitatis
1073 2345 1293 2399 nomine
1316 2346 1621 2415 compellat.
1652 2345 1815 2411 Quid,
1842 2348 1886 2399 si
1915 2344 2083 2398 fuerit
2106 2345 2316 2398 Euthe-

750 2431 862 2482 rius
917 2430 1249 2501 Tyanensis,
1295 2448 1533 2501 quocum
1585 2446 1777 2502 magna
1830 2432 1931 2485 fuit
1970 2431 2319 2485 Theodoreto

750 2520 1058 2574 studiorum
1089 2522 1344 2585 societas,
1370 2530 1425 2574 et
1446 2521 1699 2575 amicitia:
1727 2521 2109 2576 necessitudo?

1015 2634 1256 2705 Epistula
1288 2636 1322 2689 5
1350 2636 1419 2688 ad
1456 2634 1717 2688 Irenaeum
1740 2636 2057 2705 episcopum.

820 2771 859 2825 1.
892 2771 1029 2825 Nota
1055 2787 1301 2840 persona:
1330 2772 1475 2824 clara
1499 2778 1581 2823 est
1614 2788 1625 2823 :
1655 2786 1779 2824 nam
1837 2770 2162 2824 inscribitur
2202 2769 2318 2823 Ire-

752 2879 863 2915 meo
894 2864 1147 2932 episcopo.
1181 2863 1306 2917 Fuit
1339 2862 1429 2916 ille
1469 2861 1705 2932 primum
1737 2876 1941 2925 comes,
1974 2868 2085 2914 tum
2119 2878 2187 2915 ex
2225 2876 2320 2915 co-

752 2956 883 3007 mite
912 2955 1203 3022 episcOpus
1248 2954 1463 3024 Tyrius.
1518 2953 1694 3022 Ipsius
1727 2955 1933 3007 mentio
1982 2954 2042 3007 ﬁt
2084 2954 2137 3007 in
2172 2953 2322 3007 Actis

751 3044 967 3098 concilii
993 3043 1272 3112 Ephesini,
1306 3043 1371 3097 ad
1417 3043 1562 3111 quod
1593 3058 1716 3096 cum
1746 3044 1917 3099 altero
1947 3045 2145 3099 comite
2178 3044 2321 3098 Can-

750 3133 974 3187 didiano
1006 3135 1188 3198 venit,
1224 3135 1335 3203 ipse
1370 3134 1590 3203 quidem
1641 3134 1790 3187 velut
1819 3136 2028 3189 amicus
2064 3135 2319 3198 Nestorii,

750 3228 1119 3281 tlandiduanus
1148 3243 1278 3281 vero
1310 3242 1430 3281 cum
1464 3237 1729 3298 potestate
1774 3228 2091 3297 eognitoris.
2138 3228 2325 3281 Partes

754 3318 917 3385 igitur
960 3317 1193 3370 Nestorii
1240 3319 1491 3380 consilio,
1525 3318 1817 3382 industria,
1843 3326 1898 3371 et
1924 3318 2187 3388 dignitate
2222 3334 2323 3370 no-

756 3408 916 3460 minis
936 3408 1191 3463 ardenter
1220 3409 1379 3471 fovit;
1415 3426 1521 3462 non
1551 3410 1749 3478 Ephesi
1778 3417 2007 3473 tantum,
2035 3409 2127 3463 sed
2160 3408 2323 3462 etiam

752 3498 1242 3569 Constantinopoli,
1275 3517 1382 3569 quo
1428 3501 1627 3554 missus
1660 3509 1741 3554 est
1773 3516 1801 3553 a
1836 3500 2229 3563 schismaticis,
2255 3500 2323 3553 ad

754 3589 1121 3642 deludendum
1168 3589 1585 3659 imperatorem,
1616 3589 1743 3643 dum
1784 3591 1984 3660 Ephesi
2019 3606 2105 3645 res
2134 3607 2323 3663 agere-

759 3690 863 3733 ιιιΓ.

826 3770 888 3821 ll.
918 3770 1175 3823 Eamdem
1208 3769 1499 3824 factionem
1526 3787 1633 3824 non
1662 3772 1843 3824 minus
1865 3771 2004 3841 juvit
2024 3770 2326 3825 Antiochiae

756 3871 962 3932 postea,
996 3876 1105 3930 quo
1132 3870 1375 3930 tempore
1410 3863 1666 3917 infandus
1696 3864 1784 3917 ille
1812 3864 2057 3932 Deiparte
2084 3863 2322 3917 Christi-

757 3967 863 4019 que
892 3951 1064 4005 hostis
1093 3950 1373 4006 Nestorius
1398 3968 1427 4005 e
1466 3968 1567 4005 suo
1596 3953 1771 4005 sancti
1812 3952 2072 4021 Euprcpii
2104 3966 2321 4005 secessu

760 4041 946 4095 turbas
966 4042 1109 4095 ciere
1139 4042 1417 4111 pergebat.
1440 4041 1521 4096 Ob
1548 4043 1696 4096 hunc
1724 4042 1950 4111 impium
1975 4042 2214 4095 favorem
2248 4042 2327 4095 ot-

755 4132 929 4185 fendit
972 4132 1317 4201 imperatoris
1370 4133 1652 4198 animum;
1706 4134 1938 4201 ideoque
1980 4133 2231 4186 redactus
2270 4133 2324 4185 in

757 4221 1028 4282 ordinem,
1076 4231 1132 4275 et
1175 4223 1381 4291 eiectus
1411 4222 1555 4287 aula,
1598 4224 1652 4276 in
1686 4223 1896 4293 Syriam
1956 4224 2201 4287 secessit,
2230 4223 2323 4277 ubi

760 4312 1048 4366 thnicite
1071 4314 1450 4382 episcoporum
1480 4314 1723 4379 decreto,
1759 4315 2047 4369 ordinante
2079 4314 2328 4369 Theodo-

759 4413 896 4465 reto,
922 4404 1097 4472 Tyria:
1125 4404 1361 4459 civitatis
1380 4407 1756 4475 episcopatum
1780 4408 2091 4475 capessivit.

829 4496 915 4549 lll.
946 4496 1121 4564 Ipsum
1148 4505 1325 4550 tamen
1353 4513 1461 4551 non
1496 4498 1588 4551 diu
1624 4498 1835 4552 tenuit:
1865 4514 1986 4551 nam
2030 4498 2328 4568 imperator
2361 4516 2404 4569 ῃ

754 4602 895 4655 :egre
922 4584 1103 4640 ferens
1123 4587 1442 4641 Phoenicum
1469 4597 1525 4642 et
1552 4588 1885 4641 Theodoreti
1917 4591 2142 4655 factum,
2167 4591 2329 4659 jussit

756 4676 1018 4730 Irenaeum
1045 4678 1281 4745 deponi;
1313 4678 1573 4746 primum,
1607 4679 1755 4747 quod
1789 4680 2132 4747 imperatori,
2162 4694 2326 4748 quem

755 4766 1077 4830 otl'emlerat,
1104 4782 1302 4821 exosus
1334 4778 1513 4831 esset;
1556 4768 1775 4828 deinde,
1801 4768 1949 4836 quod
1973 4769 2197 4823 haeresis
2221 4769 2330 4822 Ne-

757 4858 1011 4911 storiante
1056 4859 1274 4914 nomine
1323 4870 1641 4929 suspectus;
1694 4860 1953 4929 denique,
1984 4860 2129 4931 quod
2176 4860 2329 4929 diga-

758 4966 896 5003 lilllS.

827 5044 912 5097 IV.
948 5042 1297 5112 Imperatoris
1338 5042 1417 5095 ira
1449 5042 1504 5095 in
1547 5042 1752 5096 [remeo
1787 5057 1897 5096 non
1930 5043 2099 5105 stetit,
2133 5043 2228 5097 sed
2258 5042 2327 5096 ad

757 5135 1045 5189 l‘htnnices
1088 5135 1378 5204 episcopos
1437 5141 1493 5186 et
1537 5133 1951 5187 Theodoretum
2007 5134 2275 5204 pertinuit
2312 5152 2323 5187 :

758 5225 879 5278 illos
897 5224 1043 5277 enim
1070 5224 1314 5295 jussitde
1345 5223 1450 5278 [ide
1477 5225 1679 5278 sentire
1710 5233 1918 5293 aperte,
1944 5224 2089 5292 quod
2120 5226 2175 5278 in
2203 5241 2327 5279 san-

756 5313 949 5366 cienda
974 5330 1105 5381 pace
1128 5322 1392 5369 statutum
1409 5321 1546 5367 erat.
1580 5313 1747 5366 Istum
1780 5316 1953 5367 vetuit
1978 5315 2164 5384 egredi
2190 5315 2325 5369 lines

753 5404 899 5474 Cyri,
936 5420 1056 5473 quze
1088 5406 1270 5458 omnia
1314 5404 1695 5475 intelliguntur
1744 5421 1809 5459 ex
1851 5406 2081 5475 epistola
2120 5406 2219 5459 ΗΟ
2271 5414 2326 5459 ct

755 5496 895 5551 aliis.

832 5585 890 5639 V.
918 5585 1159 5655 Contigit
1193 5586 1378 5641 lrenaei
1426 5589 1699 5645 ordinatio
1753 5607 1895 5645 anno
1936 5590 2157 5644 circiter
2198 5591 2324 5653 41H,

1864 411 2242 473 .GARNERII
2284 409 2778 472 DISSERTATIO
2809 411 2891 473 II.

3880 415 3989 480 256

2336 522 2382 577 Α
2409 517 2678 587 depositio
2719 525 2842 589 post
2887 518 3347 590 quadriennium;
3375 519 3736 591 depositionis
3768 531 3991 594 tempus

2413 608 2764 677 consignatur
2792 610 2975 666 edicto
3012 619 3329 680 praetorum,
3379 611 3570 666 indict.
3611 613 3659 677 1,
3690 628 3835 667 anno
3852 612 3990 668 Dio-

2412 700 2631 753 cletiani
2665 701 2784 766 164,
2821 702 2914 771 qui
2944 710 3029 757 est
3055 702 3259 757 Christi
3287 703 3411 757 448.
3437 701 3723 759 Ordinatio
3764 714 3991 774 peracta

2413 801 2497 844 est
2522 800 2647 845 ante
2681 792 2893 847 obitum
2929 795 3131 857 Procli,
3166 794 3260 863 qui
3291 794 3526 849 decessit
3572 811 3716 849 anno
3747 795 3869 859 “7,
3894 794 3990 849 die

2412 880 2481 937 2i
2512 882 2802 951 Octobris;
2840 884 2950 938 imo
2996 892 3122 939 ante
3162 886 3521 950 sanctionem,
3577 902 3684 955 qua
3737 885 3989 939 Theodo-

2414 984 2563 1029 retus
2606 976 2750 1046 Cyro
2805 976 3271 1041 concludebatur;
3324 977 3450 1031 data
3489 994 3623 1032 vero
3654 987 3737 1031 est
3778 978 3993 1032 sanctio

2415 1081 2558 1120 anno
2602 1068 2725 1130 445,
2782 1068 2885 1121 sub
2934 1065 3118 1120 ﬁnem.
3146 1067 3281 1121 Nam
3310 1068 3537 1122 Proclus
3581 1069 3991 1125 ordinationem

2415 1155 2683 1223 probavit,
2710 1165 2765 1209 et
2796 1155 3176 1210 Theodoretus
3202 1164 3325 1224 post
3361 1158 3697 1211 sanctionem
3724 1174 3783 1212 se
3811 1160 3993 1214 conti-

2416 1247 2535 1299 nuit
2560 1244 2718 1315 Cyro,
2748 1262 2850 1300 nec
2869 1246 3100 1315 proinde
3135 1245 3333 1315 Tyrum
3364 1248 3643 1314 profectus
3660 1258 3761 1303 est.

2487 1330 2572 1388 Vl.
2605 1333 2683 1388 Ex
2703 1336 2805 1389 hac
2826 1336 3076 1401 historia,
3105 1338 3332 1407 ipsoque
3363 1338 3606 1407 epistolae
3643 1350 3994 1409 argumento,

2417 1416 2888 1495 innotescit307
2917 1435 3150 1495 tempus,
3200 1444 3310 1496 quo
3360 1428 3485 1483 data
3514 1436 3599 1483 est
3649 1447 3661 1481 :
3704 1445 3827 1483 nam
3864 1446 3995 1493 cum

2416 1515 2770 1584 quaestionem
2801 1516 2939 1570 hanc
2960 1517 3356 1586 :enigmaticam
3380 1518 3619 1571 lrenteus
3641 1518 3997 1572 Theodoreto

2416 1605 2838 1673 proposuisset:
2877 1625 2893 1655 ι
2950 1605 3003 1660 Si
3040 1607 3208 1676 judex
3252 1607 3453 1677 impius
3511 1607 3727 1661 duobus
3773 1610 3999 1677 pietatis

2415 1694 2636 1749 athletis
2661 1695 2939 1765 optionem
2982 1697 3233 1761 dederit,
3288 1708 3347 1752 ut
3376 1698 3609 1752 duorum
3639 1698 3873 1751 alterum
3914 1699 3999 1751 fa-

2417 1784 2582 1848 ciant,
2610 1795 2704 1839 aut
2741 1785 3051 1840 sacriﬁcent
3072 1787 3434 1849 diemonibus,
3464 1798 3559 1842 aut
3598 1804 3716 1841 sese
3746 1788 3799 1841 in
3843 1804 3999 1843 mare

2418 1876 2549 1929 deut
2573 1877 2879 1945 praacipites
2907 1896 2919 1929 :
2956 1888 3118 1947 atque
3153 1879 3347 1933 horum
3382 1895 3525 1933 unus
3557 1880 3834 1948 posterius
3858 1882 4001 1933 arri-

2420 1965 2624 2033 puerit,
2652 1966 3019 2035 alacriterque
3056 1967 3111 2019 in
3140 1966 3474 2035 profundum
3518 1967 3818 2031 desiliet-it;
3855 1968 4001 2020 alter

2419 2068 2550 2107 vero
2570 2064 2825 2107 neutrum
2849 2055 3097 2125 elegerit,
3123 2056 3217 2110 sed
3248 2056 3518 2128 idolorum
3536 2056 3759 2125 quidem
3784 2057 3997 2110 cultum

2418 2143 2623 2212 prioris
2642 2146 2892 2215 exemplo
2919 2148 3213 2215 respuerit,
3238 2147 3477 2218 seipsum
3508 2158 3691 2203 tamen
3735 2148 3998 2204 ﬂuetibus

2420 2252 2529 2290 non
2573 2237 2871 2307 objecerit,
2922 2238 3019 2293 sed
3060 2240 3480 2308 exspectaverit,
3544 2250 3602 2293 ut
3648 2257 3745 2309 per
3785 2241 3893 2293 vim
3924 2241 3996 2293 ab

2420 2328 2526 2381 alio
2550 2340 2913 2399 mergeretur,
2947 2340 3069 2384 uter
3102 2331 3322 2385 illorum
3352 2331 3556 2386 rectius
3585 2332 3779 2386 fecisse
3809 2332 3999 2387 vidca-

2422 2426 2545 2484 tur;
2610 2438 2628 2470 ι
2693 2422 2989 2491 respondet
3041 2422 3422 2477 Theodoretus
3488 2424 3708 2478 laudata
3770 2425 3996 2493 quidem

2420 2508 2623 2576 prioris
2687 2495 3002 2575 alacritate,
3065 2511 3160 2566 sed
3211 2512 3536 2581 posterioris
3604 2515 3827 2583 praelata
3887 2514 4003 2567 vir-

2422 2606 2557 2663 tute,
2599 2616 2762 2668 quam
2802 2602 3068 2671 exemplis
3114 2610 3427 2657 sanctorum
3456 2601 3773 2674 Christique
3824 2605 4001 2674 ipsius

2420 2691 2758 2758 comprobat.

2492 2804 2602 2859 γη.
2652 2806 2805 2860 Hanc
2866 2807 3285 2876 responsionem
3342 2816 3569 2863 secutus
3610 2810 3850 2865 lrenaeus
3886 2826 4001 2867 non

2421 2904 2617 2965 sponte
2661 2897 2885 2951 recessit
2911 2914 2942 2952 a
2972 2899 3122 2962 sede,
3176 2900 3271 2954 sed
3305 2902 3659 2970 exspectavit,
3702 2903 3875 2956 donec
3900 2918 4002 2970 per

2422 2986 2536 3039 vim
2566 2986 2877 3055 ejiceretur.
2910 2988 3143 3059 Urgente
3170 2990 3317 3043 enim
3361 2991 3712 3060 imperatoris
3745 2990 4006 3045 mandato

2428 3084 2488 3128 ut
2519 3077 2599 3129 vel
2630 3076 2853 3130 Mariam
2888 3078 3153 3147 virginem
3189 3079 3513 3150 simpliciter
3547 3098 3609 3136 ac
3658 3081 3775 3135 sine
3807 3081 4004 3135 restri-

2353 3183 2393 3239 c
2426 3166 2605 3220 ctione
2664 3168 2949 3235 Deiparam
3009 3169 3236 3234 diceret,
3287 3168 3375 3225 vel
3424 3172 3553 3226 sede
3611 3180 3843 3235 careret,
3902 3186 4007 3241 per

2425 3261 2817 3330 senigmaticam
2859 3262 3217 3329 quaestionem
3258 3281 3287 3318 a
3330 3264 3678 3319 Theodoreto
3709 3265 4004 3319 consilium

2426 3352 2695 3419 petierat;
2734 3352 2889 3420 petiit
2915 3351 3081 3421 igitur
3117 3353 3336 3408 circiter
3364 3371 3565 3407 annum
3598 3356 3719 3417 446,
3755 3364 3850 3407 aut
3876 3356 4001 3407 447.

2426 3441 2692 3504 Pependit
2733 3443 2881 3496 enim
2914 3442 3010 3496 diu
3044 3442 3236 3498 lrenzei
3282 3460 3469 3509 causa,
3530 3457 3589 3498 ut
3624 3447 3901 3515 colligitur
3934 3462 4002 3499 ex

2425 3536 2654 3604 epistola
2678 3536 2761 3589 16.

2497 3629 2628 3682 Vill.
2665 3629 2834 3682 Porro
2864 3638 3045 3683 autem
3074 3631 3130 3683 in
3168 3628 3426 3697 Catalogo
3468 3628 3733 3680 librarum
3781 3628 4006 3698 Syriaca

2425 3720 2609 3789 lingua
2654 3721 3091 3790 conscriptorum
3118 3721 3340 3790 legitur,
3377 3719 3520 3788 apud
3550 3720 3951 3773 llebcd-Jesum
3988 3738 4000 3773 :

2434 3830 2451 3862 ι
2489 3811 2725 3865 [renatus
2757 3811 2954 3881 Tyrius
2983 3812 3285 3881 composuit
3308 3811 3800 3864 ecclesiasticarum
3828 3810 4004 3865 histo-

2427 3903 2629 3957 riarum
2664 3904 2831 3958 libros
2863 3905 3105 3974 quinque
3132 3904 3199 3957 de
3236 3903 3509 3973 ejectione
3557 3904 3832 3967 Nestorii;
3867 3918 4000 3955 uec-

2426 4011 2534 4049 non
2568 3995 2635 4050 de
2667 3996 2921 4049 omnibus
2970 3996 3035 4049 iis
3079 4011 3199 4065 quae
3232 3995 3288 4048 in
3340 3994 3448 4047 illis
3484 3993 3803 4062 regionibus
3845 4003 4001 4063 gesta

2428 4095 2571 4141 sunt.
2615 4106 2632 4136 ›
2674 4087 2908 4141 Dubium
2950 4086 3187 4149 videtur,
3244 4100 3425 4139 annon
3484 4085 3585 4138 iste
3644 4084 3999 4139 historiarum

2428 4178 2662 4246 scriptor
2687 4179 2758 4232 sit
2783 4177 3020 4231 lrenmus
3074 4179 3184 4240 ille,
3232 4176 3299 4231 dc
3346 4192 3457 4245 quo
3490 4192 3671 4229 sermo
3692 4184 3775 4229 est
3808 4193 3819 4227 :
3849 4185 4002 4229 certe

2428 4284 2551 4323 cum
2584 4269 2929 4323 Theodoreto
2954 4269 3103 4322 velut
3142 4268 3334 4337 aequali
3374 4267 3641 4337 jungitur,
3678 4281 3798 4336 qua:
3827 4265 4003 4318 videri

2427 4368 2605 4429 potest
2632 4359 2931 4413 aﬂirmandi
2972 4360 3113 4413 ratio
3144 4378 3156 4411 :
3193 4375 3331 4428 opus
3372 4360 3478 4412 hoc
3510 4356 3751 4413 nondum
3781 4358 3835 4410 in
3888 4356 4005 4410 Eu-

2429 4468 2562 4521 ropa
2591 4451 2769 4505 visum
2799 4461 2903 4513 est,
2939 4452 3086 4521 quod
3122 4452 3343 4521 quidem
3375 4451 3565 4504 sciam.

2884 4563 3123 4632 Epistola
3148 4564 3181 4616 4
3206 4564 3546 4616 lieortastica.

2496 4676 2535 4728 Ι.
2567 4675 2787 4729 Nullum
2816 4676 2981 4729 habet
3013 4676 3384 4729 characterem
3410 4674 3524 4729 sive
3551 4676 3700 4738 anni,
3727 4676 3841 4729 sive
3870 4692 4007 4745 per-

2426 4781 2593 4829 some,
2631 4766 2793 4820 habet
2828 4766 3148 4820 nonnullum
3192 4765 3337 4829 festi,
3368 4780 3565 4835 nempe
3601 4765 4005 4819 Pentecostes:

2430 4858 2490 4910 ﬁt
2520 4858 2666 4912 enim
2717 4858 2923 4912 mentio
2953 4858 3150 4927 pluvia:
3182 4865 3487 4927 opportune
3526 4856 3685 4919 datae,
3716 4872 3841 4911 cum
3873 4870 4006 4910 san—

2431 4948 2735 5003 ctissimum
2763 4951 2961 5002 festum
2987 4959 3261 5019 ageretur.
3293 4948 3560 5017 Optabilis
3593 4964 3725 5003 vero
3755 4948 4010 5018 frugibus

2429 5040 2615 5108 pluvia
2640 5040 2781 5094 solet
2813 5055 2930 5093 esse
2967 5049 3213 5108 tempore
3245 5040 3613 5093 Pentecostes.

2499 5130 2563 5184 ll.
2598 5129 2827 5183 Fiebant
2864 5146 3031 5199 porro
3061 5130 3337 5186 festivales
3381 5131 3739 5185 salutationes
3770 5129 3825 5183 in
3851 5127 4011 5185 festis

2430 5222 2764 5277 solemnibus
2788 5261 2802 5284 ,
2850 5238 2985 5290 quas
3014 5222 3204 5290 ἑορτὰς
3231 5223 3497 5293 κ’)ρῑακὰς
3523 5224 3538 5239 ⁶
3566 5220 3739 5275 (ΙΙ-ει)ςί
3766 5229 4004 5288 vocant;

2433 5328 2539 5366 non
2570 5320 2750 5365 tamen
2793 5312 2847 5365 in
2888 5312 3163 5371 omnibus.
3204 5312 3298 5365 sed
3347 5312 3400 5363 in
3458 5312 3745 5380 praecipuis
3804 5312 4004 5374 tribus,

2434 5404 2806 5473 Theopliania,
2852 5403 3113 5457 Paschate
3167 5412 3223 5455 et
3260 5404 3598 5457 Pentecoste.
3634 5403 4009 5471 'l‘heophanite

2434 5496 2676 5557 nomine,
2706 5504 2972 5564 quantum
3000 5495 3107 5549 huc
3138 5494 3394 5563 pertinet,
3419 5494 3767 5548 Nativitatcm
3798 5493 4005 5548 Christi

2433 5598 2489 5642 et
2522 5588 2882 5657 Epiphaniam
2918 5587 3424 5656 complectebantur
3478 5606 3488 5639 :
3539 5586 4015 5655 quemadmodum

2101 5742 2415 5800 SCllULle
2455 5742 2684 5797 NUTA‘J.

826 5811 869 5840 i"
902 5809 1014 5864 Vid.
1042 5828 1223 5883 supra,
1256 5831 1307 5883 ιι.
1339 5816 1460 5870 276.
