4228 6446
230 374 329 438 257

1395 373 1490 432 DE
1531 370 1786 431 LIBRIS
1822 368 2328 432 THEODORETI.

3372 384 3474 445 c253

229 492 454 547 nomine
511 489 791 545 Paschalis
861 488 1119 559 prreviam
1175 485 1524 557 passionem;
1582 484 1803 541 nomine

1848 492 1874 542 Α
1910 483 2093 535 σέϐεις.
2111 486 2260 553 ὑμῶν
2274 486 2631 558 δυσχεραίνει,
2649 496 2753 544 etc.
2767 489 2916 555 Quae,
2934 490 3149 560 opinor,
3168 491 3305 545 verti
3319 507 3476 561 opor~

230 584 609 647 Pentecostes,
645 580 933 649 ἀνάληψιν,
962 580 1076 634 sive
1101 578 1495 633 ascensionem.

298 673 394 727 lll.
427 673 726 741 Praecipua;
777 686 907 725 vero
950 679 1008 724 et
1052 685 1149 739 per
1201 668 1577 723 excellentiam
1629 667 1810 736 ἑορταὶ

234 766 500 834 κυριακαὶ
547 764 892 827 dicebantur,
919 762 1003 815 vel
1032 777 1100 815 eo
1136 762 1367 815 maxime
1390 800 1410 824 ,
1440 759 1585 829 quod
1614 757 1811 812 Orien-

236 857 304 911 tis
328 871 487 911 more
541 855 801 910 solemnis
830 854 1135 923 baptismus
1165 854 1221 907 in
1268 854 1400 923 ipsis
1418 852 1808 907 celebraretur.

234 947 373 1002 Vide
401 948 707 1001 orationem
738 944 1115 1014 Cbrysostomi
1149 944 1218 998 de
1251 953 1441 999 sancto
1468 941 1808 1011 Philogonio,

235 1044 292 1088 et
321 1034 545 1087 tertiam
570 1032 749 1087 Procli
780 1032 848 1086 de
879 1033 1278 1087 lncarnatione.

684 1146 925 1217 Epistola
957 1147 990 1201 5
1016 1148 1352 1201 hecrtastica.

305 1261 533 1314 Nullum
561 1261 710 1323 anni,
740 1260 977 1329 aliquem
1008 1257 1129 1312 festi
1152 1270 1505 1327 personaeque
1538 1256 1815 1309 characte-

238 1368 359 1406 rem
405 1353 651 1406 exhibet.
692 1350 919 1405 Videtur
973 1351 1120 1403 enim
1171 1348 1369 1417 scripta
1426 1348 1480 1400 in
1522 1346 1815 1400 Nativitate

235 1444 469 1505 Christi,
499 1459 609 1512 quo
640 1453 885 1511 tempore
914 1460 931 1491 ‹
960 1441 1103 1495 Dens
1136 1441 1282 1493 curis
1309 1439 1471 1508 303
1496 1438 1817 1508 angoribus-

236 1551 345 1603 que
370 1535 574 1588 nostris
595 1531 937 1587 occasionem
959 1529 1350 1585 consolationis
1370 1529 1755 1597 suppeditavit.
1790 1546 1807 1577 ι

235 1620 473 1675 Videtur
521 1620 685 1673 etiam
722 1620 789 1673 ad
846 1619 1111 1673 illustrem
1158 1618 1337 1671 virum
1369 1618 1571 1680 missa,
1617 1617 1815 1685 quippe

234 1727 400 1780 quem
447 1709 863 1779 magniﬁcentia:
908 1708 1127 1762 nomine
1176 1708 1463 1777 compellat
1506 1725 1519 1760 :
1570 1708 1817 1777 suspicor

236 1801 408 1856 fuisse
436 1801 757 1871 praefectum
786 1799 1096 1872 Cyresticm,
1131 1808 1224 1854 aut
1251 1801 1415 1854 etiam
1445 1797 1701 1854 Orientis.

675 1911 917 1982 Epistola
941 1912 973 1966 6
1004 1912 1339 1964 heortastica.

306 2027 545 2082 Videtur
572 2028 738 2079 missa
766 2033 889 2096 post
916 2024 1204 2078 Paschales
1230 2022 1350 2077 dies
1376 2040 1386 2074 :
1423 2022 1500 2076 illi
1530 2022 1677 2076 enim
1713 2020 1820 2075 fre-

236 2121 506 2190 quentius
552 2135 582 2173 a
618 2118 963 2172 Theodoreta
1020 2117 1281 2172 dicuntur
1332 2116 1615 2168 salutares.
1656 2112 1818 2167 Certe

238 2214 412 2268 festos
449 2213 572 2267 dies
598 2212 774 2282 egisse
804 2226 861 2265 se
886 2226 1009 2265 eum
1051 2210 1253 2281 populo
1282 2224 1382 2262 suo
1404 2208 1528 2277 Cyri
1551 2206 1746 2259 innuit.

417 2322 667 2393 Epistola
700 2324 728 2376 7
760 2320 1136 2384 consolatoria,
1167 2320 1236 2372 ad
1263 2317 1605 2373 Tltconi'llam.

305 2437 529 2490 Nullam
573 2436 739 2490 habet
776 2435 903 2489 anni
947 2443 1166 2500 notam;
1208 2449 1451 2503 personae
1489 2449 1620 2485 vero
1672 2432 1818 2485 illam

239 2528 541 2589 duntaxat,
584 2544 689 2597 qua
744 2528 1063 2598 designatur
1100 2526 1325 2580 illustris
1360 2525 1582 2587 femina,
1630 2524 1819 2593 pietati

238 2621 448 2683 dedita,
486 2622 591 2674 viri
639 2620 1165 2691 magnilicentissimi
1198 2636 1355 2685 uxor,
1389 2619 1545 2688 cujus
1586 2617 1639 2671 in
1664 2617 1817 2672 obitu

239 2713 639 2768 consolatorias
660 2713 1042 2768 Theodoretus
1072 2713 1166 2767 dat
1189 2713 1417 2766 litteras.

240 2822 485 2893 Epistola
517 2824 551 2878 8
588 2823 943 2877 consolatoria
965 2823 1126 2946 sinito!
1151 2842 1211 2877 ac
1244 2823 1581 2887 lieortastica,
1613 2817 1684 2872 ad
1716 2817 1824 2872 Eu-

330 2927 334 2930 ‹
900 2910 1197 2946 araonam.

330 2927 334 2930 ι
900 2910 1197 2964 grapmam.

306 3005 350 3059 1.
380 3004 587 3060 Certus
613 3016 697 3060 est
729 3007 989 3076 temporis
1008 3008 1293 3063 character
1316 3051 1332 3075 ,
1386 3008 1512 3065 data
1552 3011 1821 3081 siquidem

1917 573 2038 637 tuit,
2061 574 2237 627 Pietas
2267 586 2435 629 vestra
2458 578 2788 648 indignatur,
2814 589 2919 634 etc.
2949 581 3133 650 Neque
3164 582 3312 636 enim
3342 583 3478 637 solet

1913 664 2292 719 Theodoretus
2343 667 2536 735 plurali
2570 686 2809 726 numero
2854 687 2954 741 pro
3000 672 3266 742 singulari
3314 674 3392 728 uti
3420 675 3478 728 in

1912 754 2225 825 huiusmodi
2268 758 2423 813 locis.
2466 759 2726 829 Suspicor
2755 762 2921 827 hunc,
2960 763 3025 817 ad
3053 779 3214 832 quem
3241 765 3475 830 scribit,

1910 862 2031 901 esse
2082 848 2334 918 Alypium
2386 850 2778 904 monachorum
2810 853 3105 924 Cyrestica:
3142 854 3315 907 totius
3344 869 3476 923 pro-

1912 938 2124 1002 vinciis,
2146 948 2240 993 aut
2263 951 2412 995 certe
2431 940 2558 1011 Cyri
2589 942 2903 1000 exarchum.

1916 1050 2156 1122 Epistola
2186 1053 2253 1106 10
2282 1056 2717 1111 commendatilia
2736 1097 2751 1121 ,
2784 1058 2853 1110 ad
2883 1057 3061 1111 Eliam
3092 1057 3477 1112 scholasticam.

1985 1165 2174 1219 Datam
2242 1175 2459 1235 oportet
2506 1177 2623 1236 post
2670 1186 2872 1223 annum
2913 1170 3036 1226 445.
3097 1172 3283 1241 Neque
3334 1172 3481 1226 enim

1914 1258 2297 1313 Theodoretus
2319 1269 2443 1313 ante
2468 1260 2571 1314 hoc
2593 1270 2804 1331 tempus
2826 1271 2920 1316 aut
2950 1263 3003 1316 in
3022 1264 3113 1332 jus
3148 1279 3179 1317 a
3208 1278 3481 1334 quoquam

1913 1357 2140 1403 vocatus
2178 1341 2281 1412 est,
2327 1359 2421 1404 aut
2455 1351 2709 1421 cuiquam
2747 1353 2981 1407 intendit
3004 1353 3193 1419 litem;
3245 1354 3354 1407 imo
3382 1370 3483 1408 nec

1916 1436 2059 1491 ullus
2080 1437 2332 1508 Cyrensis
2355 1439 2612 1494 Ecclesiae
2643 1442 2895 1504 clericus,
2920 1453 2978 1495 ut
2997 1444 3272 1512 expressis
3300 1443 3484 1497 verbis

1916 1528 2077 1599 309
2104 1530 2351 1583 scribens
2374 1532 2439 1583 ad
2466 1532 2695 1585 Nonium
2719 1534 2995 1586 consulem
3025 1536 3270 1588 tradit".
3298 1536 3355 1589 In
3386 1536 3485 1589 hac

1920 1629 2097 1674 tamen
2142 1620 2373 1690 epistola
2419 1623 2767 1678 manifestum
2811 1634 2914 1688 est,
2961 1626 3218 1679 Abraami
3263 1627 3479 1681 cuidam

1918 1710 2174 1767 Ecclesia
2193 1711 2450 1784 Cyrensis
2473 1714 2836 1785 depraedatori
2872 1717 3021 1771 litem
3047 1717 3163 1771 ﬁeri
3190 1718 3333 1788 apud
3359 1734 3488 1787 pra).-

1848 1812 1892 1871 Β
1921 1802 2118 1857 fectum
2142 1803 2379 1859 Orientis
2405 1807 2706 1861 Antiochia:
2734 1808 3085 1874 residentem,
3133 1818 3187 1864 et
3231 1809 3485 1864 advocari

1922 1894 2096 1947 Eliam
2144 1896 2548 1960 scholasticum,
2592 1908 2649 1952 ut
2689 1916 2905 1953 causam
2952 1900 3118 1955 dicat.
3162 1900 3293 1967 Quis
3325 1915 3486 1970 porro

1919 1986 2087 2040 fuerit
2125 1987 2437 2051 Abraames,
2468 1999 2561 2042 aut
2583 1991 2705 2058 quis
2736 1990 2899 2054 Elias,
2926 1990 3221 2044 obscurum
3243 1998 3347 2055 est,
3378 1990 3484 2044 nisi

1920 2077 2063 2146 quod
2090 2078 2179 2131 ille
2231 2078 2669 2147 improbissimus
2710 2081 2895 2145 fuerit,
2948 2082 3049 2136 iste
3083 2083 3225 2152 juris
3249 2090 3304 2136 et
3353 2081 3489 2136 artis

1920 2171 2175 2223 oratorim
2196 2171 2422 2239 peritus.

1921 2304 2161 2375 Epistula
2200 2307 2256 2359 11
2297 2305 2650 2375 gratulatoria
2683 2309 2753 2361 ad
2780 2307 3089 2361 Fluvimmm
3115 2307 3487 2364 Constantino-

2373 2377 2673 2445 politauum
2712 2380 3025 2447 epierpnm.

1992 2464 2028 2517 Ι.
2058 2466 2398 2521 Manifestum
2428 2468 2587 2521 habet
2611 2470 2736 2521 anni
2756 2479 2809 2522 et
2835 2484 3077 2538 person:e
3097 2469 3485 2522 characterem.

1924 2558 2300 2613 Theodoretus
2348 2560 2493 2613 enim
2560 2561 2815 2614 Flaviano
2874 2562 3179 2631 gratulatur
3232 2560 3487 2630 adeptum

1924 2650 2076 2705 urbis
2114 2651 2272 2721 regize
2298 2652 2692 2720 episcopatum,
2725 2653 2778 2705 iu
2810 2656 2825 2670 '
2850 2668 3011 2721 quem
3050 2652 3312 2706 successit
3354 2653 3488 2706 Pro-

1921 2742 2027 2803 clo,
2079 2744 2171 2811 qui
2223 2743 2367 2797 diem
2405 2752 2708 2798 extremum
2754 2745 2947 2798 clausit
2979 2760 3123 2798 anno
3152 2744 3274 2810 M7,
3306 2744 3395 2800 die
3421 2746 3491 2800 24

1922 2832 2191 2888 Octobris.

1995 2926 2058 2979 ll.
2112 2926 2187 2980 De
2226 2926 2500 2987 Flaviano,
2549 2926 2641 2995 qui
2696 2937 2817 2995 post
2866 2926 3260 2996 depositionern
3301 2945 3330 2983 a
3362 2930 3492 2985 Dio-

1924 3034 2081 3073 scoro
2123 3018 2177 3071 in
2203 3020 2504 3072 latrocinali
2529 3020 2760 3073 concilio
2787 3019 3003 3083 factam,
3037 3020 3206 3074 nobili
3234 3023 3494 3093 martyrio

237 3107 321 3152 est
340 3106 472 3167 post
491 3099 720 3203 alteram
750 3117 762 3151 :
850 3098 1321 3169 Supervacaneum
1345 3099 1485 3155 duco
1524 3103 1820 3172 spiritualia
1851 3145 1893 3203 Ο
1926 3109 2214 3164 defunctus
2260 3120 2362 3175 est,
2393 3111 2602 3181 egimus
2646 3110 2856 3179 prolixe
2895 3109 2950 3163 in
2978 3111 3123 3165 notis
3156 3111 3223 3165 ad
3253 3111 3491 3167 Liberati

241 3190 443 3243 iterum
482 3188 729 3243 remedia
774 3189 951 3244 dolori
990 3190 1274 3245 adhibere.
1320 3211 1339 3243 ι
1389 3192 1514 3247 Hice
1542 3204 1721 3248 autem
1749 3196 1825 3249 al-

241 3291 382 3344 tera,
426 3297 551 3349 (litae
580 3281 759 3336 alieno
798 3280 918 3335 loco
950 3284 1149 3352 posita,
1180 3285 1511 3354 sexagesima
1544 3302 1687 3340 nona
1720 3303 1821 3340 nu-

241 3385 510 3435 meratur,
560 3374 762 3442 scripta
814 3382 936 3438 est,
988 3390 1097 3443 quo
1150 3385 1394 3444 tempore
1440 3377 1823 3435 Theodoretus

238 3464 363 3536 Cyri
407 3465 763 3519 detinebatur
784 3466 828 3496 ⁸¹
860 3484 871 3518 :
909 3485 926 3515 ι
956 3466 1069 3519 Nisi
1096 3482 1181 3520 me
1217 3469 1563 3524 necessitatis
1603 3471 1821 3526 vincula

243 3560 629 3621 retinuissent,
656 3559 1011 3612 accurrissem
1038 3574 1067 3613 e
1085 3560 1313 3628 vestigio
1333 3560 1496 3613 simul
1519 3577 1581 3615 ac
1609 3561 1677 3615 de
1712 3577 1826 3616 ma-

240 3646 427 3715 gniﬁci
463 3662 527 3700 ac
570 3645 792 3716 gloriosi
838 3645 1083 3716 conjugis
1132 3647 1211 3700 tui
1245 3647 1571 3702 dormitione
1622 3664 1826 3719 cogno-

240 3738 314 3801 vi,
345 3757 363 3787 ι
398 3747 514 3792 etc.

311 3830 378 3883 ll.
412 3830 713 3898 Epistolam
750 3830 873 3883 dico
919 3829 1336 3883 consolatoriam
1371 3832 1529 3885 simul
1568 3841 1623 3885 et
1662 3832 1825 3886 hccr-

243 3921 497 3975 tasticam
536 3921 741 3974 :missa
789 3922 933 3974 enim
970 3932 1053 3975 est
1092 3933 1213 3990 post
1256 3924 1559 3990 passionem
1585 3924 1811 3977 Christi.

248 4032 266 4063 ι
308 4013 489 4073 Unde,
540 4011 716 4080 inquit
745 4009 811 4074 ⁸³,
856 4010 1072 4073 sullicit,
1123 4013 1206 4065 vel
1246 4012 1311 4065 ad
1354 4030 1623 4067 summam
1660 4016 1827 4068 tristi-

243 4104 374 4157 tiam
408 4102 806 4171 proﬂigandam
853 4104 1174 4156 salutarium
1213 4104 1554 4158 cruciatuum
1590 4106 1702 4159 sola
1736 4123 1827 4160 re-

243 4194 497 4248 cordatio
526 4211 539 4241 :
572 4211 669 4263 pro
692 4202 884 4247 natura
906 4195 1049 4247 enim
1078 4195 1313 4248 humana
1332 4195 1387 4248 hi
1415 4197 1655 4265 suscepti
1674 4207 1824 4255 sunt.

244 4288 479 4341 Mortem
513 4286 661 4339 enim
697 4287 960 4339 Dominus
991 4286 1297 4351 destruxit,
1355 4304 1463 4340 non
1525 4298 1584 4341 ut
1625 4304 1824 4359 corpus

246 4395 418 4433 unum
472 4377 541 4433 de
568 4385 742 4431 morte
784 4378 1149 4447 triumphasse
1207 4378 1557 4441 ostenderet,
1606 4382 1701 4435 sed
1768 4390 1827 4435 ut

1946 3202 2299 3259 Brevierium.

1998 3295 2084 3349 ΙΙΙ.
2118 3295 2273 3349 Nunc
2303 3294 2543 3349 breviter
2576 3293 2804 3348 dicenda
2828 3296 3100 3350 sententia
3135 3295 3203 3350 de
3236 3296 3493 3365 quaestio~

1924 3387 2089 3441 nibus
2126 3386 2358 3445 duabus.
2410 3402 2563 3456 quas,
2590 3386 2791 3441 eruditi
2837 3396 3058 3441 movent
3091 3404 3104 3439 :
3154 3394 3287 3455 quot
3323 3402 3495 3440 annos

1925 3493 2120 3548 nempe
2164 3478 2453 3532 Flavianus
2485 3478 2708 3541 sederit,
2754 3478 2847 3531 ubi
2874 3486 2930 3532 et
2952 3478 3168 3547 quando
3194 3479 3265 3533 sit
3296 3478 3492 3532 defun-

1926 3576 2064 3623 ctus.
2125 3567 2229 3622 Sed
2283 3568 2437 3636 prius
2488 3567 2829 3622 observanda
2886 3568 3028 3631 duo,
3082 3568 3335 3634 alterum,
3389 3583 3496 3638 qua

1925 3659 2304 3713 Theodoretus
2326 3668 2441 3738 arte
2468 3658 2780 3712 Flavianum
2804 3659 3008 3722 laudet;
3038 3660 3115 3713 ait
3136 3660 3280 3714 enim
3301 3699 3315 3721 ,
3354 3678 3372 3710 ι
3394 3660 3494 3714 oh-

1925 3766 2140 3805 scuram
2188 3760 2401 3804 noctem
2446 3749 2500 3802 in
2548 3766 2740 3818 puram
2793 3752 3078 3805 meridiem
3127 3751 3195 3805 ab
3228 3752 3344 3821 ipso
3374 3761 3494 3804 tan-

1925 3856 2085 3908 quam
2133 3840 2436 3893 clarissiino
2476 3840 2625 3892 orbis
2668 3840 2873 3894 lumine
2927 3857 3267 3897 conversam.
3302 3860 3319 3892 ι
3377 3840 3497 3907 Quo

1924 3929 2072 3982 dicto
2123 3928 2339 3981 videtur
2381 3928 2542 3980 tacite
2583 3927 2833 3980 Proclum
2873 3944 3123 3997 arguere,
3151 3927 3304 3996 quasi
3331 3942 3496 3981 vexa-

1924 4020 2090 4074 tionis
2118 4035 2226 4072 suze
2248 4028 2524 4071 auctorem
2552 4034 2564 4080 ;
2603 4016 2804 4086 quippe
2831 4019 2922 4085 qui
2972 4037 2988 4068 ι
3022 4018 3259 4071 humano
3288 4025 3496 4070 terrore

1925 4109 2199 4165 cohibitus
2224 4108 2313 4171 sit,
2350 4124 2417 4161 ne
2470 4123 2569 4175 pro
2613 4107 2945 4176 evangelicis
2994 4106 3341 4175 dogmatibus
3388 4107 3499 4159 ala-

1926 4204 2093 4257 criter
2142 4201 2447 4255 dimicaret.
2484 4219 2501 4249 »
2548 4198 2742 4252 Proclo
2788 4208 2937 4253 certe
2988 4215 3095 4251 non
3151 4198 3499 4267 :equissimus

1928 4294 2305 4349 Theodoretus
2350 4292 2486 4348 fuit.
2544 4289 2910 4359 Mopsuesteni
2965 4290 3239 4343 Theodori
3297 4306 3496 4354 causa,

1926 4401 2087 4455 quem
2118 4392 2173 4438 et
2203 4382 2579 4435 Theodoretus
2609 4381 2914 4449 deperibat,
2940 4388 2994 4434 et
3025 4380 3250 4434 Proelus
3296 4382 3499 4449 scripto

244 4485 597 4527 communem
635 4485 731 4537 per
760 4468 891 4522 illud
914 4469 1369 4524 resurrectionem
1404 4481 1704 4539 praestaret,
1741 4480 1824 4526 at-
1858 4490 1902 4544 ι)
1931 4476 1997 4530 ad
2018 4475 2283 4529 Armenes
2316 4481 2460 4527 tomo
2488 4470 2884 4525 confutavcrat.

244 4578 351 4631 que
405 4561 550 4614 hanc
600 4560 760 4613 nobis
801 4575 950 4629 spem
1004 4558 1213 4613 ﬁrmam
1240 4560 1526 4629 praeberet.
1559 4561 1713 4627 Quod
1752 4564 1820 4629 si,

243 4670 369 4719 cum
398 4654 605 4707 divina:
644 4651 969 4706 festivitates
994 4651 1360 4704 omnimodam
1396 4653 1825 4709 consolationem

243 4748 449 4801 aﬂ’erre
485 4745 720 4808 soleant,
776 4743 1009 4798 tristitia:
1059 4743 1306 4797 dolorem
1352 4759 1461 4797 non
1508 4759 1825 4814 expugnas,

246 4834 482 4897 suadeo,
528 4854 546 4883 ι
593 4841 699 4887 etc.

241 4948 496 5019 Epistola
532 4944 566 4999 9
599 4944 882 5014 familiaris
909 4944 1070 4998 simul
1100 4953 1149 4997 et
1190 4945 1537 5015 apologetica,
1586 4945 1656 4998 ad
1700 4964 1831 5001 ano-

899 5031 1133 5085 nymum.

315 5109 649 5164 Deditanno
673 5108 795 5170 449,
826 5106 928 5159 sub
959 5108 1143 5169 linem,
1180 5112 1470 5174 postquam
1512 5106 1724 5160 audivit
1760 5109 1828 5164 de

247 5201 527 5257 sententia
565 5200 620 5253 in
656 5198 960 5253 latrocinali
1011 5196 1244 5251 concilio
1279 5195 1335 5249 in
1370 5211 1427 5250 se
1459 5196 1582 5250 data
1611 5213 1624 5249 :
1650 5199 1828 5253 amico

248 5293 424 5356 enim,
449 5299 548 5345 aut
569 5289 873 5345 amicorum
901 5288 1069 5344 coetui
1092 5287 1293 5358 potius,
1329 5286 1587 5356 injuriam
1622 5288 1826 5343 illatam

247 5397 393 5452 aegre
426 5379 651 5443 ferenti,
672 5378 990 5449 respondet,
1020 5393 1119 5432 sua
1149 5392 1208 5432 se
1234 5376 1545 5431 innocentia
1575 5385 1630 5431 et
1656 5377 1829 5433 divini

244 5473 441 5544 judicii
465 5488 563 5542 spe
600 5472 907 5525 consolans.
938 5470 1081 5534 Dixi,
1128 5475 1220 5522 aut
1244 5470 1531 5521 amicorum
1554 5471 1706 5523 coetui
1734 5488 1829 5540 po-

252 5566 373 5620 tius.
404 5564 465 5619 ld
488 5562 637 5619 enim
666 5562 965 5618 ostendunt
1004 5560 1189 5631 priora
1225 5559 1390 5614 verba
1422 5578 1434 5613 :
1485 5560 1547 5612 Ἦ
1590 5563 1687 5632 μὲν
1718 5562 1832 5616 θεο-

1998 4564 2080 4619 IV.
2130 4563 2396 4623 Alterum,
2440 4561 2639 4613 mirum
2687 4558 2884 4623 videri,
2938 4573 3036 4612 cur
3082 4559 3331 4628 epistola,
3379 4575 3500 4629 qua:

1925 4666 2034 4711 tam
2068 4664 2252 4724 aperta
2284 4653 2545 4721 temporis
2569 4659 2695 4704 nota
2724 4650 2952 4719 insignis
2981 4659 3084 4712 est,
3127 4652 3241 4705 visa
3292 4651 3363 4705 sit
3408 4652 3498 4705 ni-

1926 4747 2221 4801 hilominus
2247 4743 2479 4797 Baronio
2522 4742 2722 4810 scripta
2756 4750 2877 4809 post
2904 4741 3248 4796 latrocinium
3273 4742 3501 4811 Ephesi-

1926 4854 2055 4892 num
2082 4844 2173 4902 ;et
2202 4836 2325 4889 ideo
2354 4835 2407 4887 in
2436 4834 2768 4893 columnam,
2805 4832 2952 4885 velut
2982 4832 3346 4901 epitaphium,
3378 4848 3502 4886 san-

1935 4939 2023 4983 cto
2066 4926 2289 4995 martyri
2337 4922 2679 4977 incidendam
2712 4940 2723 4974 :
2753 4922 2954 4990 scripta
2993 4922 3137 4976 enim
3171 4933 3257 4977 est
3285 4922 3501 4977 duobus

1937 5021 2105 5076 ferme
2132 5017 2290 5072 annis
2319 5023 2442 5069 ante
2469 5013 2737 5083 ejusmodi
2764 5012 3081 5068 concilium.

2007 5111 2069 5163 V.
2121 5109 2196 5163 De
2243 5107 2421 5169 annis,
2462 5105 2660 5174 quibus
2692 5102 2983 5158 Flavianus
3009 5104 3167 5167 sedit,
3202 5111 3503 5173 pugnantes

1936 5210 2064 5259 sunt
2087 5208 2370 5255 auctorum
2392 5196 2694 5251 sontentiai.
2722 5196 2828 5251 Alii
2852 5196 3135 5251 biennium
3185 5205 3243 5250 et
3286 5211 3503 5252 menses

1929 5288 2120 5343 decem
2140 5285 2345 5341 sedisse
2369 5291 2619 5338 asserunt
2644 5300 2659 5348 ;
2690 5283 2782 5338 alii
2809 5299 3011 5339 annum
3041 5283 3304 5339 duntaxat
3331 5300 3500 5340 unum

1931 5392 2055 5432 cum
2078 5375 2267 5430 decem
2303 5372 2602 5427 mensibus.
2636 5371 2694 5426 ln
2716 5373 2902 5443 priore
2931 5374 3191 5445 opinione
3214 5384 3503 5431 versantur

1931 5469 2217 5531 Baronius,
2267 5464 2536 5520 Antonius
2585 5465 2914 5531 Ricbardus,
2969 5475 3027 5522 et
3073 5466 3386 5523 Bollandus.
3441 5468 3501 5524 ln

1933 5559 2236 5631 posteriore
2267 5557 2467 5612 Menzea
2496 5556 2833 5624 Graecorum,
2877 5558 3142 5614 Maximus
3161 5557 3497 5632 Cytheraus,

1583 5703 1901 5763 SCHL‘LZII
1938 5702 2169 5762 NOTAE.

323 5823 368 5857 ιι
398 5820 576 5893 Epist.
601 5821 689 5877 69.
767 5822 811 5855 ι’
841 5822 1013 5892 Epist.
1041 5820 1092 5875 8.
1171 5820 1216 5853 υ
1242 5820 1414 5890 Epist.
1455 5822 1543 5876 ει.
