4228 6446
733 399 837 460 259

1851 389 2229 449 GARNERII
2268 388 2760 451 DISSERTATIO
2798 392 2878 451 II.

3867 393 3978 457 200

734 503 1075 573 Nicephorus
1102 500 1757 569 Constantinopolitanus,
1797 497 2099 564 Cedrenus,
2145 500 2306 553 Peta-
2339 515 2378 570 Α
2410 501 2608 557 illustri
2654 502 2976 574 martyrium
3016 500 3265 572 perfecit,
3293 508 3598 571 pugnantes
3622 501 3822 557 iterum
3844 514 3975 559 sunt

732 610 876 648 γωδ.

800 683 887 738 Vl.
913 684 987 738 De
1008 683 1289 737 mensibus
1322 682 1511 736 decem
1538 696 1684 737 nunc
1707 696 1901 735 omnes
1932 679 2305 743 consentiunt,

733 784 1023 843 propterea
1062 774 1205 843 quod
1255 772 1544 827 Flavianus
1589 773 1875 827 ordinatus
1906 780 1992 826 est
2011 773 2113 826 sub
2145 771 2310 825 finem

733 864 1008 928 Octobris,
1045 864 1326 932 depositus
1350 863 1438 917 die
1471 862 1682 917 decima
1714 862 1965 932 Augusti.

805 955 916 1009 VII.
969 954 1204 1019 Quaestio
1245 954 1312 1007 de
1340 954 1497 1007 annis
1523 954 1725 1023 pendet
1761 968 1827 1007 ex
1856 964 2101 1022 tempore
2130 953 2313 1008 obitus

736 1046 933 1109 Procli,
960 1046 1047 1098 cui
1072 1046 1365 1099 Flavianus
1385 1045 1667 1099 successit.
1698 1043 1805 1098 Alii
1833 1044 2085 1099 Proelum
2109 1044 2312 1098 obiisse

736 1134 890 1186 aiunt
924 1150 1066 1187 anno
1100 1135 1223 1200 446,
1261 1136 1353 1189 alii
1383 1150 1529 1188 anno
1556 1135 1659 1189 447
1690 1151 1705 1199 ;
1741 1144 1905 1204 prout
1935 1149 2130 1203 nempe
2157 1143 2212 1188 et
2236 1134 2313 1188 illi

735 1232 791 1277 et
834 1224 920 1278 isti
956 1227 1203 1280 sentiunt
1237 1226 1304 1280 de
1332 1236 1492 1280 teme
1513 1236 1686 1290 motu,
1722 1241 1831 1296 quo
1851 1225 2312 1293 Constantinopo-

736 1314 804 1368 lis
826 1330 1091 1370 concussa
1139 1326 1241 1379 est,
1284 1316 1490 1385 quique
1542 1317 1738 1371 Proclo
1792 1316 2012 1369 vivente
2064 1316 2311 1385 contigit.

737 1404 917 1459 Motus
960 1406 1049 1458 ille
1080 1421 1110 1459 a
1140 1406 1363 1461 Pctavio
1405 1408 1626 1475 ponitur
1646 1422 1787 1459 anno
1810 1408 1933 1469 447,
1957 1406 2011 1459 ἰη
2042 1421 2151 1474 quo
2173 1406 2315 1459 Mar-

737 1496 997 1549 cellinum
1026 1504 1081 1550 et
1110 1497 1535 1551 Alexandrinum
1573 1496 1734 1564 310
1766 1495 2078 1549 Chronicon
2124 1494 2314 1564 sequi-

738 1597 827 1640 tur
861 1604 873 1640 :
904 1589 1130 1657 ponitur
1158 1604 1187 1641 a
1214 1588 1448 1641 Baronio
1486 1604 1629 1641 anno
1653 1589 1775 1649 446,
1810 1588 1905 1641 ubi
1929 1603 2029 1658 pro
2052 1602 2130 1652 se,
2168 1586 2315 1657 quod

738 1677 939 1729 mirum
972 1685 1073 1739 est,
1109 1684 1165 1729 et
1193 1687 1383 1730 contra
1414 1676 1575 1729 fidem
1613 1677 1885 1739 codicum,
1937 1676 2314 1729 Marcellinum

740 1766 927 1818 laudat
982 1766 1281 1819 Sententia;
1338 1766 1504 1833 priori
1555 1764 1943 1819 adbterendum
1994 1772 2148 1833 puto,
2198 1770 2314 1815 tum

736 1857 863 1924 quia
888 1856 1126 1925 plurium
1161 1865 1247 1910 est
1284 1856 1764 1925 antiquiorumque
1805 1856 2168 1925 scriptorum;
2202 1864 2315 1909 tum
2350 1850 2387 1902 Β

736 1956 881 2017 quod
938 1950 1178 2003 rationes
1232 1964 1332 2017 pro
1382 1949 1671 2017 posteriori
1717 1948 1964 2003 adducta:
2007 1949 2097 2002 vix
2150 1948 2311 2018 quid-

738 2053 900 2105 quam
950 2038 1187 2091 habeant
1234 2036 1495 2107 ponderis
1538 2036 1801 2091 adversus
1830 2046 2032 2091 tantam
2066 2047 2311 2091 veterum

737 2130 1141 2183 auctoritatem.

807 2241 942 2294 Vlll.
984 2240 1241 2295 Momenti
1285 2241 1516 2311 alicujus
1567 2240 1621 2294 id
1672 2256 1838 2294 unum
1882 2240 2057 2299 videri
2111 2249 2309 2310 potest,

737 2329 881 2397 quod
935 2330 1212 2399 profertur
1256 2330 1539 2413 de‘annis
1591 2329 1880 2383 duodecim
1922 2330 2069 2385 sedis
2108 2332 2307 2395 Procli,

738 2435 900 2488 quem
938 2428 1150 2473 constat
1189 2436 1331 2474 anno
1377 2421 1499 2485 454,
1541 2420 1629 2474 die
1664 2420 1729 2474 l2
1753 2420 1978 2490 Aprilis,
2025 2421 2078 2473 in
2130 2422 2311 2477 locum

740 2512 1048 2565 Maximiani
1087 2512 1394 2566 suilectum.
1425 2512 1565 2566 Hinc
1612 2513 1757 2566 enim
1796 2511 2164 2578 concluditur,
2217 2514 2315 2568 ob—

741 2604 867 2657 iissc
911 2620 1054 2658 anno
1086 2604 1209 2658 446.
1241 2605 1444 2659 Verum
1476 2604 1529 2657 id
1567 2605 1744 2673 reipsa
1775 2605 1891 2658 leve
1917 2613 2001 2659 est
2034 2622 2046 2658 :
2082 2622 2207 2659 nam
2245 2608 2312 2663 de

740 2693 898 2747 armis
920 2694 1096 2747 Procli
1124 2712 1231 2747 non
1257 2694 1606 2748 consentiunt
1646 2694 1893 2749 historici
1937 2695 2058 2765 ipsi.
2116 2697 2312 2752 Fateor

739 2801 766 2838 a
788 2786 1097 2854 Nicephoro
1132 2785 1739 2853 Constantinopolitano
1764 2784 1931 2838 tribui
1977 2801 2151 2841 annos
2172 2786 2311 2842 duo-

739 2877 936 2940 decim,
989 2877 1101 2931 sive
1149 2877 1204 2930 in
1247 2877 1718 2945 Chronographia,
1767 2875 1881 2931 sive
1926 2877 1983 2930 in
2012 2876 2309 2948 Catalogo:

740 2968 906 3022 tribui
962 2969 1165 3037 pariter
1212 2984 1243 3022 a
1292 2968 1645 3037 Theophane,
1698 2983 1820 3021 cum
1875 2968 2065 3023 scribit
2110 2969 2311 3025 obiisse

741 3077 884 3116 anno
934 3061 1002 3114 59
1057 3059 1389 3124 Theodosii;
1440 3058 1534 3112 sed
1585 3070 1943 3129 prteterquam
1972 3061 2117 3130 quod
2151 3062 2311 3115 unica

741 3163 824 3209 cst
864 3152 1158 3222 Nicephori
1194 3160 1250 3206 et
1285 3151 1636 3220 Theophanis
1674 3151 2001 3205 Menaaorum
2035 3159 2091 3205 et
2124 3152 2310 3207 Meno-

743 3244 1010 3312 logiorum
1059 3241 1375 3296 Graecorum
1415 3239 1753 3295 auctoritas:
1796 3256 1923 3294 nam
1955 3240 2316 3309 Theophanes

742 3336 1110 3404 Nicephorum
1136 3335 1406 3402 sequitur,
1438 3333 1639 3387 Menzea
1666 3341 1721 3387 et
1741 3332 2121 3404 Martyrologia
2144 3350 2211 3388 ex
2232 3335 2317 3389 bis

742 3426 1102 3495 scriptoribus
1166 3424 1441 3493 descripta
1498 3431 1671 3487 sunt;
1729 3432 2089 3492 praeterquam
2147 3425 2313 3493 quod,

744 3514 987 3583 inquam,
1033 3515 1148 3568 hzec
1186 3513 1482 3567 auctoritas
1527 3513 1691 3566 unica
1728 3521 1831 3575 est,
1860 3515 2100 3567 etetiam
2137 3529 2234 3584 per
2259 3531 2318 3569 se

743 3606 895 3659 levis.
920 3606 1053 3660 Nam
1080 3605 1361 3675 irrepsisse
1385 3619 1631 3658 errorem
1658 3603 1712 3656 in
1731 3620 2023 3658 numerum
2042 3621 2311 3660 annorum

743 3696 885 3765 apud
907 3696 1296 3765 Nicephorum,
1318 3695 1585 3764 legentem
1608 3694 1867 3749 tredecim
1888 3710 1985 3764 pro
2007 3695 2315 3762 duodecim,

742 3806 854 3843 non
914 3800 1124 3843 temere
1158 3786 1427 3857 quispiam
1482 3786 1754 3855 opinetur.
1803 3786 1962 3839 Certe
1993 3803 2212 3841 necesse
2235 3797 2317 3842 est

744 3882 902 3936 fateri
943 3891 1224 3951 peccatum
1271 3893 1390 3933 esse
1437 3878 1490 3930 in
1524 3892 1754 3931 numero
1787 3877 2094 3930 mensium:
2137 3895 2315 3948 neque

743 3972 889 4025 etaim
939 3980 1067 4034 tres,
1106 3978 1167 4023 ut
1199 3968 1434 4021 habetur
1477 3966 1619 4036 apud
1644 3982 1737 4020 eos
1760 3967 1851 4034 qui
1881 3968 2135 4035 appellati
2167 3976 2314 4033 sunt,

745 4062 838 4115 sed
875 4079 969 4116 sex
1012 4077 1134 4115 cum
1182 4058 1471 4113 duodecim
1502 4058 1697 4111 diebus
1730 4058 1839 4111 dici
1874 4058 2201 4112 debuerunt.
2236 4059 2319 4112 Si-

745 4154 967 4223 quidem
1009 4170 1039 4207 a
1093 4153 1181 4206 die
1234 4152 1299 4204 l2
1351 4150 1572 4220 Aprilis,
1607 4166 1714 4219 qua
1743 4150 1831 4203 die
1858 4157 2003 4204 certe
2034 4150 2317 4205 ordinatus

743 4254 826 4299 est
862 4245 1108 4308 Proelus,
1144 4244 1209 4298 ad
1240 4245 1386 4298 diem
1417 4241 1486 4294 (ξι
1513 4241 1789 4303 Octobris,
1818 4257 1924 4310 qua
1956 4250 2169 4295 constat
2194 4258 2316 4298 esse

745 4336 1085 4399 defunctum,
1138 4351 1354 4389 menses
1396 4348 1535 4402 quos
1588 4331 1721 4395 dixi,
1748 4332 1973 4401 diesque
2008 4331 2319 4387 interfluxe—

745 4428 873 4481 rint.
915 4426 1099 4492 Quare
1146 4426 1397 4479 Proelum
1427 4423 1628 4477 obiissc
1651 4438 1794 4476 anno
1827 4423 1950 4489 447,
1983 4423 2189 4478 sedisse
2218 4440 2317 4478 an-

2408 592 2738 660 scriptorum
2788 591 3089 646 sententiae.
3125 591 3372 646 Tradunt
3411 592 3557 646 enim
3612 592 3703 646 alii
3750 591 3807 645 in
3857 592 3976 661 ipso

2409 680 2598 750 synodi
2621 681 2742 734 loco
2775 679 3121 734 interfectum
3153 695 3273 734 esse
3295 695 3325 734 a
3354 680 3613 734 Barsuma
3636 688 3692 734 et
3720 680 3835 733 suis
3858 695 3978 733 mo-

2408 770 2600 827 nachis
2628 789 2643 837 ;
2670 772 2762 826 alii
2785 780 2908 841 post
2942 772 3183 826 triduum
3222 787 3289 827 ex
3318 771 3556 841 acceptis
3602 771 3775 841 plagis
3812 772 3981 825 inter-

2411 864 2580 929 iisse;
2641 864 2733 919 alii
2790 865 2845 919 in
2907 865 2994 919 via
3050 865 3115 919 ad
3170 865 3504 936 Hypaepense
3570 864 3823 918 exsilium
3874 863 3981 917 ob-

2411 955 2539 1009 iisse
2569 971 2583 1019 ;
2623 955 2736 1020 alii,
2770 965 3054 1025 postquam
3082 956 3344 1027 Hypaepas
3364 958 3665 1025 ‘pervenit,
3694 957 3979 1011 calamita-

2411 1047 2559 1100 tibus
2587 1055 2643 1101 et
2676 1047 2912 1102 miseriis
2950 1050 3197 1102 attritum
3235 1063 3376 1103 esse.
3422 1049 3638 1103 Veritas
3689 1048 3847 1103 facile
3894 1049 3983 1103 di-

2412 1138 2583 1192 scitur
2627 1153 2693 1192 ex
2746 1137 2922 1208 prima
2985 1147 3140 1208 parte
3198 1138 3416 1193 concilii
3473 1137 3980 1203 Chalcedonensis;

2412 1244 2538 1283 nam
2573 1229 2629 1283 in
2669 1229 2897 1299 epistola
2949 1228 3114 1283 Gallae
3163 1230 3415 1285 Placidia:
3461 1230 3531 1285 ad
3586 1230 3981 1293 Theodosium,

2413 1322 2596 1374 vivere
2645 1320 2825 1374 adhuc
2868 1320 3184 1373 Flavianum
3232 1321 3388 1389 311
3431 1322 3775 1391 supponitur.
3816 1342 3833 1371 ‹
3868 1320 3986 1377 Hac

2415 1409 2595 1478 itaque
2623 1409 2795 1479 gratia
2820 1410 3182 1464 mansuetudo
3205 1418 3296 1465 tua
3320 1412 3486 1465 tantis
3504 1407 3679 1465 turbis
3696 1412 3981 1475 resistens,

2413 1500 2697 1555 veritatem
2727 1500 3006 1556 catholicae
3036 1500 3318 1569 religionis
3344 1502 3742 1556 immaculatam
3775 1502 3984 1556 servari

2414 1592 2740 1660 praecipiat:
2772 1601 2835 1647 ut
2886 1592 3187 1647 secundum
3221 1592 3450 1647 formam
3497 1605 3554 1649 et
3603 1595 3986 1651 deﬁnitionem

2415 1683 2724 1750 apostolicae
2780 1683 2945 1748 sedis,
2996 1699 3159 1753 quam
3179 1694 3235 1739 et
3259 1700 3357 1739 nos
3386 1693 3641 1751 tanquam
3663 1687 3995 1755 prmeellen--

2415 1780 2525 1827 tem
2556 1773 2808 1829 similiter
2834 1790 3181 1840 veneramur,
3236 1775 3289 1830 in
3324 1784 3463 1831 statu
3499 1777 3785 1832 sacerdotii
3814 1777 3988 1832 illzeso

2418 1876 2671 1922 manente
2708 1884 2806 1937 per
2834 1868 3016 1922 omnia
3052 1868 3326 1933 Flaviano,
3358 1869 3426 1922 ad
3450 1870 3742 1923 concilium
3763 1878 3988 1939 aposto-

2419 1960 2534 2014 licae
2584 1960 2731 2015 sedis
2771 1960 3036 2031 judicium
3066 1960 3485 2015 transmittatur.
3538 1981 3556 2013 ι
3593 1961 3819 2031 Scripsit
3850 1978 3988 2017 vero

2417 2052 2654 2107 Placidia
2695 2062 2819 2122 post
2862 2053 3003 2106 diem
3054 2054 3119 2107 l8
3146 2054 3486 2125 Novembris,
3528 2054 3579 2108 id
3602 2065 3702 2118 est,
3727 2062 3850 2123 post
3876 2065 3990 2109 tres

2416 2158 2633 2197 menses
2675 2159 2704 2196 a
2738 2145 2915 2197 soluto
2940 2144 3174 2198 concilio
3204 2145 3479 2214 Ephesino
3503 2145 3804 2198 latrocinali
3836 2163 3849 2207 ;
3875 2161 3990 2213 quo

2419 2240 2661 2300 tempore
2698 2231 3017 2287 incredibile
3064 2242 3166 2298 est,
3196 2248 3304 2287 non
3333 2233 3500 2289 fuisse
3528 2235 3707 2288 adhuc
3736 2233 3986 2287 auditum

2418 2323 2470 2377 in
2519 2322 2815 2379 Occidente
2853 2325 2920 2379 de
2956 2325 3102 2379 cmde
3150 2325 3472 2394 patriarchte
3511 2339 3661 2378 novae
3694 2325 3895 2388 Romae,
3941 2324 3987 2377 si

2420 2432 2607 2471 revera
2633 2416 2971 2487 contigisset.
3007 2416 3139 2483 Quis
3164 2417 3310 2470 enim
3345 2416 3447 2470 sibi
3488 2416 3834 2487 persuadeat,
3858 2430 3987 2468 cum

2418 2506 2485 2560 de
2515 2505 2681 2561 rebus
2705 2506 2994 2576 Ephesinis
3020 2514 3427 2576 perstreperent
3460 2505 3664 2571 omnia,
3715 2504 3782 2559 de
3833 2513 3990 2558 tanto

2417 2596 2679 2661 facinore,
2738 2606 3002 2666 quantum
3057 2607 3142 2653 est
3193 2597 3353 2668 regite
3405 2597 3557 2652 urbis
3616 2597 3987 2666 Patriareham

2417 2687 2700 2752 trucidari,
2746 2688 2831 2742 vel
2884 2688 3102 2754 famam,
3148 2704 3252 2758 qua
3281 2688 3418 2743 nihil
3446 2688 3722 2758 pernicius
3750 2688 3803 2741 in
3832 2687 3991 2742 defe—

2417 2779 2605 2834 rendis
2636 2779 2998 2833 insolentibus
3024 2780 3275 2844 nuntiis;
3318 2779 3401 2833 vel
3446 2780 3653 2832 litteras
3710 2778 3853 2831 ultro
3902 2778 3990 2832 ci-

2418 2878 2611 2938 troque
2640 2868 2708 2922 ad
2742 2869 3131 2937 imperatorum
3159 2868 3312 2921 aulas
3337 2874 3701 2936 permeantes,
3730 2865 3985 2928 siluisse;

2416 2960 2503 3015 vel
2531 2963 2850 3030 Augustam,
2884 2974 3008 3013 cum
3032 2959 3096 3013 ad
3132 2958 3499 3012 Theodosium
3533 2965 3815 3025 parentem
3844 2956 3989 3010 scri-

2416 3050 2593 3114 beret,
2624 3050 2918 3104 relaturam
2946 3049 3115 3104 fuisse
3145 3048 3287 3101 solas
3310 3047 3483 3102 sancti
3515 3045 3712 3099 Leonis
3734 3044 3990 3113 querelas

2416 3141 2485 3196 de
2531 3141 2772 3195 Flaviani
2824 3141 3163 3209 expulsione,
3214 3156 3323 3194 non
3370 3139 3497 3193 item
3538 3138 3605 3191 de
3633 3150 3989 3204 nece,eaque

2418 3242 2526 3287 tam
2552 3232 2771 3286 immani
2798 3243 2853 3287 et
2882 3232 3174 3294 horrenda,
3207 3232 3252 3285 si
3292 3231 3477 3284 Romae
3506 3238 3633 3283 nota
3660 3228 3847 3283 esset?

2492 3324 2554 3377 Χ.
2602 3323 2756 3389 Quod
2791 3324 2836 3377 si
2863 3340 2991 3377 vera
3019 3331 3147 3377 sunt
3188 3323 3310 3387 ista,
3340 3330 3399 3375 ut
3425 3329 3571 3375 certe
3602 3328 3752 3382 sunt,
3784 3318 3991 3371 minim

2417 3422 2683 3485 quantum
2738 3431 2768 3469 a
2828 3414 3038 3468 ratione
3088 3414 3368 3477 abhorret,
3424 3412 3570 3481 quod
3627 3427 3737 3465 non
3778 3411 3990 3466 nemini

2419 3506 2831 3562 contradicendi
2858 3506 3058 3576 cupido
3093 3522 3202 3560 non
3232 3507 3305 3559 ita
3341 3506 3551 3575 pridem
3580 3505 3729 3559 venit
3752 3506 3806 3557 in
3830 3519 3991 3559 men-

2419 3609 2549 3653 tem.
2598 3600 2833 3653 Litteras
2877 3598 3237 3652 Valentiniani
3265 3605 3320 3650 et
3342 3598 3706 3666 Augustarum
3738 3613 3847 3650 non
3880 3597 3991 3651 nisi

2417 3696 2541 3758 post
2586 3688 2783 3741 festum
2833 3688 3007 3742 sancti
3038 3687 3205 3750 Petri,
3238 3686 3291 3740 id
3314 3696 3397 3740 est
3429 3703 3484 3739 lll
3517 3685 3632 3740 Kal.
3662 3686 3811 3749 Julii,
3840 3701 3992 3739 anno

2418 3780 2542 3845 450,
2577 3795 2698 3834 esse
2726 3787 2991 3834 exaratas.
3016 3777 3243 3848 Oportet
3267 3778 3413 3831 enim
3446 3792 3476 3831 e
3506 3776 3720 3831 duobus
3754 3776 3991 3830 alterum

2422 3869 2696 3931 accidere,
2729 3883 2924 3936 nempe
2955 3876 3079 3937 post
3111 3865 3364 3920 undecim
3406 3867 3518 3921 fere
3550 3882 3764 3919 menses
3809 3866 3894 3920 vel
3932 3867 3990 3920 in

2417 3958 2711 4012 Occidente
2750 3957 2818 4011 de
2868 3967 3043 4011 morte
3085 3957 3325 4025 episcopi
3373 3965 3531 4011 tanta:
3559 3957 3703 4011 sedis
3726 3956 3990 4010 rescitum

2417 4065 2559 4113 esse,
2622 4049 2710 4103 vel
2763 4049 2943 4103 adhuc
2985 4049 3335 4117 superstitem
3387 4049 3704 4102 Flavianum
3764 4048 3987 4104 vixisse.

2418 4142 2719 4209 Utrumque
2742 4154 2872 4195 vero
2893 4140 3137 4210 prodigio
3166 4140 3339 4194 simile
3368 4147 3469 4194 est.

2488 4232 2580 4286 XI.
2626 4233 2813 4286 Restat
2859 4232 3025 4302 igitur
3051 4241 3111 4286 ut
3150 4232 3438 4286 Flavianus
3469 4230 3739 4302 Hypaepis,
3774 4249 3866 4285 seu
3895 4249 3993 4286 su-

2420 4327 2764 4395 perveniente,
2790 4342 2883 4379 seu
2907 4327 3108 4395 ingesta
3135 4333 3320 4389 morte,
3366 4323 3662 4378 defunctus
3716 4324 3786 4379 sit
3822 4343 3835 4378 :
3888 4326 3992 4380 sed

2418 4435 2527 4489 quo
2554 4433 2759 4481 mense,
2788 4433 2965 4486 quove
2989 4417 3098 4481 die,
3128 4416 3349 4472 definite
3397 4432 3559 4471 nemo
3608 4418 3773 4472 tradit
3799 4436 3814 4483 ;
3861 4434 3995 4487 pro-

746 4534 846 4572 nos
888 4517 952 4571 15
996 4532 1120 4571 cum
1170 4517 1201 4569 6
1255 4514 1535 4569 mensibus
1574 4523 1630 4568 et
1657 4515 1722 4567 12
1754 4514 1949 4568 diebus
1980 4515 2176 4569 sentio.
2204 4515 2318 4569 lmo
2350 4522 2393 4575 ι)
2420 4511 2603 4565 babile
2651 4518 2831 4564 tamen
2871 4510 2926 4564 id
2978 4511 3271 4580 contigisse
3317 4510 3406 4565 die
3436 4511 3501 4565 l8
3528 4510 3809 4565 Februarii
3841 4528 3994 4567 anno

746 4608 1111 4677 Nicephorum
1142 4606 1424 4660 Callistum
1455 4604 1855 4658 emendandum
1887 4621 2033 4667 reor,
2056 4622 2178 4661 cum
2201 4606 2312 4660 ait:

745 4700 902 4752 Μετὰ
958 4697 1015 4749 δὲ
1069 4695 1224 4750 τοῦτο
1268 4696 1507 4766 Πρόκλος
1535 4696 1631 4765 μὲν
1659 4698 1687 4748 ὁ
1727 4696 1997 4758 θειότατος
2022 4696 2152 4749 δέκα
2182 4698 2316 4765 πρὸς

745 4788 822 4855 τῷ
873 4788 953 4839 ἐν).
997 4784 1276 4856 διατρίψας
1319 4786 1412 4855 ἔτη
1456 4785 1532 4855 τῷ
1569 4786 1665 4853 τῆς
1699 4788 2316 4849 Κωνσταντινουπὸλεως

748 4876 944 4947 Θεόνῳ,
979 4877 1072 4927 καὶ
1101 4879 1128 4928 ὁ
1164 4875 1265 4943 τῆς
1315 4876 1716 4945 Ἀλεξανδρείας
1743 4877 2023 4939 Θεσπέσιος
2054 4878 2316 4947 Κύριλ).ος

746 4965 841 5019 δύο
867 4966 1002 5034 πρὸς
1034 4967 1143 5027 τοῖς
1169 4964 1457 5034 τριάκοντα
1483 4966 1620 5017 κατὰ
1643 4966 1853 5023 ταύτὸν,
1880 4968 1972 5018 καὶ
1994 4968 2159 5036 ἄμφω
2182 4970 2318 5038 πρὸς

746 5054 843 5123 τὴν
873 5054 1065 5122 ἀγήρω
1096 5053 1409 5120 μετέϐαινον
1446 5051 1649 5120 βιοτήν.
1685 5053 1999 5121 Legendum
2033 5056 2178 5108 enim
2233 5065 2317 5111 est

746 5141 951 5195 δώδεκα
987 5158 1000 5193 :
1044 5138 1307 5208 alioquin,
1352 5157 1474 5193 cum
1518 5140 1693 5194 tradat
1725 5152 1780 5195 et
1810 5142 2059 5196 Proelum
2092 5145 2315 5198 ordina-

748 5242 861 5285 tum
889 5247 1031 5284 anno
1063 5233 1183 5293 454,
1215 5232 1303 5284 die
1350 5232 1414 5284 l9.
1458 5232 1675 5301 Aprilis,
1704 5242 1757 5286 et
1790 5248 1855 5287 eo
1876 5237 2091 5288 vivente
2123 5236 2315 5305 ingen-

747 5330 857 5376 tem
917 5322 1067 5373 illum
1126 5330 1285 5375 teme
1335 5329 1541 5375 motum
1602 5323 1913 5393 contigisse,
1963 5324 2018 5377 in
2071 5335 2315 5394 apertam

746 5412 1232 5467 contradictionem
1282 5414 1549 5467 incideret
1579 5432 1589 5465 :
1626 5430 1749 5466 nam
1776 5422 1871 5467 aut
1903 5425 2110 5469 motum
2143 5416 2314 5472 refer-

746 5514 829 5557 ret
859 5504 926 5557 ad
959 5520 1161 5557 annum
1188 5505 1312 5570 445,
1363 5520 1473 5575 quo
1506 5506 1644 5559 nihil
1698 5506 1804 5559 dici
1849 5516 2027 5575 potest
2075 5509 2313 5563 alienum

747 5595 917 5663 magis
954 5610 982 5648 a
1038 5610 1208 5659 vero;
1261 5605 1355 5649 aut
1398 5597 1651 5651 Proelum
1701 5611 1807 5651 non
1846 5597 2083 5652 adfuisse
2115 5614 2313 5655 conce-

746 5686 920 5747 deret,
952 5687 1093 5755 quod
1116 5697 1300 5758 aperte
1334 5687 1545 5742 falsum.

816 5776 905 5831 lx.
940 5778 1057 5832 Jam
1090 5795 1216 5832 vero
1250 5779 1317 5833 de
1362 5788 1628 5849 tempore,
1665 5796 1773 5847 quo
1811 5781 2096 5836 Flavianus
2140 5792 2313 5837 morte

2417 4605 2541 4668 458,
2574 4619 2682 4673 quo
2713 4603 2800 4657 die
2843 4602 2900 4656 fit
2926 4603 3098 4657 sancti
3125 4602 3366 4657 Flaviani
3407 4604 3667 4656 memoria
3704 4603 3757 4657 in
3800 4604 3993 4657 Meno-

2417 4695 2561 4763 logio
2586 4693 2896 4748 Grtecorum
2921 4702 2976 4745 et
3006 4692 3386 4762 Martyrologio
3417 4693 3684 4747 Romano.
3718 4693 3851 4747 Nam
3888 4709 3996 4749 cur

2417 4786 2683 4840 Baronius
2725 4785 3013 4838 relatarum
3057 4783 3581 4853 Constantinopolim
3629 4785 3991 4853 reliquiarum

2417 4878 2736 4931 memoriam
2777 4892 2844 4930 eo
2891 4876 2980 4929 die
3013 4874 3279 4929 celebrari
3321 4876 3635 4938 asseruerit,
3689 4876 3827 4929 nihil
3879 4877 3993 4931 tale

2418 4968 2814 5038 Martyrologiis
2857 4966 3241 5029 referentibus,
3277 4966 3405 5019 fecit
3442 4976 3769 5036 praesumpta
3798 4968 3993 5036 Opinio

2417 5059 2484 5112 de
2525 5066 2697 5112 morte
2732 5056 2974 5111 Flaviani
3026 5066 3147 5126 post
3194 5057 3435 5111 triduum
3480 5072 3511 5111 a
3560 5058 3903 5127 depositione
3933 5061 3993 5115 in

2418 5147 2533 5217 ipsa
2567 5148 2703 5201 urbe
2738 5147 3029 5215 Ephesina.

2486 5236 2599 5290 ΧΠ.
2644 5236 2810 5289 Porro
2859 5244 3039 5289 autem
3085 5236 3230 5305 quod
3279 5236 3557 5305 probabile
3600 5236 3845 5301 dixi,his
3871 5238 3991 5294 fere

2417 5328 2752 5397 argumentis
2802 5326 2980 5381 fulciri
3028 5334 3205 5396 potest
3234 5343 3245 5378 :
3276 5327 3541 5390 Primum,
3579 5327 3871 5381 defunctus
3904 5340 3993 5384 est

2417 5419 2706 5473 Flavianus
2758 5417 3008 5488 llyptepis
3057 5419 3111 5471 in
3160 5418 3380 5472 civitate
3422 5417 3601 5488 Lydia:
3630 5435 3717 5470 seu
3745 5436 3992 5489 superve-

2418 5511 2609 5572 niente,
2672 5524 2760 5562 seu
2813 5510 3015 5578 ingesta
3069 5518 3251 5561 morte.
3306 5507 3363 5561 ld
3421 5522 3549 5561 vero
3598 5509 3845 5564 accidere
3876 5528 3991 5567 non

2418 5601 2615 5671 potuit,
2664 5600 2710 5654 si
2752 5616 2859 5664 res,
2901 5615 3011 5670 quo
3037 5615 3189 5655 more
3216 5598 3372 5663 fiunt,
3405 5600 3763 5663 mstimentur,
3783 5600 3899 5655 nisi
3935 5613 3993 5656 et

2418 5692 2601 5745 itineri
2655 5701 2710 5744 et
2762 5706 2926 5745 morte
2975 5706 3085 5745 non
3128 5690 3383 5760 exiguum
3439 5699 3653 5760 tempus
3687 5690 3987 5745 tribuatur.

2420 5784 2624 5838 Deinde
2656 5784 2699 5837 si
2728 5798 2873 5837 mors
2902 5783 3139 5838 Flaviani
3168 5782 3483 5854 contigisset
3511 5792 3636 5837 ante
3668 5781 3989 5849 Octobrem,
