4228 6446
185 399 281 462 261

1362 406 1458 465 DE
1492 407 1748 467 LIBRIS
1782 409 2288 475 THEODORETI.

3344 428 3449 491 262

185 512 395 604 absque
424 508 1009 604 dubiorescitum‘de
1064 511 1180 582 ipsa
1233 514 1441 584 aliquid
1480 514 1673 572 fuisset
1722 518 1777 572 in
1806 525 1851 581 Α
1881 524 2160 579 veteribus
2210 527 2548 595 auctoribus,
2605 541 2738 600 puta
2784 532 3057 597 Liberato,
3113 534 3365 604 Evagrio,
3391 547 3448 593 et

109 596 113 600 ’
183 602 489 656 Occidente
539 602 643 655 sub
694 600 855 656 ﬁnem
882 602 1226 669 Novembris,
1259 621 1370 675 quo
1396 615 1638 677 tempore
1662 610 1765 664 Va-

181 694 530 747 lentinianus
573 708 697 747 cum
747 693 1007 763 Augustis
1054 693 1268 751 duabus
1296 695 1363 749 ad
1396 696 1766 752 Theodosium

181 785 401 839 litteras
455 784 654 838 dedit:
705 793 762 838 at
811 787 1075 840 rescitum
1128 804 1238 842 non
1286 798 1425 849 erat.
1474 790 1688 853 Postea,
1721 791 1767 845 si

179 883 305 929 ante
337 874 665 929 Ianuarium
700 886 793 929 aut
841 876 1002 930 ﬁnem
1056 878 1372 931 Decembris
1412 878 1701 934 Flavianus
1736 896 1767 935 e

178 968 290 1021 vita
314 968 670 1031 decessisset,
701 967 1045 1022 Theodosius
1072 969 1259 1039 utique
1283 971 1666 1026 Valentiniano
1711 983 1767 1027 et

175 1056 445 1126 Augustis
491 1056 830 1125 respondens
884 1072 995 1110 non
1047 1058 1355 1113 tacuisset:
1407 1060 1576 1114 tacuit
1612 1075 1762 1113 vero.

176 1150 455 1218 Denique,
512 1150 556 1203 si
605 1158 733 1203 ante
776 1148 1134 1203 Februarium
1167 1164 1316 1204 mors
1349 1150 1591 1205 Flaviani
1620 1151 1767 1205 acci-

174 1239 374 1301 disset,
410 1240 576 1308 312
606 1240 738 1309 quid
766 1245 911 1294 esset
936 1255 1136 1303 causae,
1167 1255 1268 1293 cur
1297 1249 1519 1295 sanctus
1552 1240 1663 1296 Leo
1696 1258 1765 1296 ne

173 1330 412 1383 verbum
454 1329 675 1398 quidem
715 1345 779 1383 ea
800 1329 867 1383 de
900 1346 957 1384 re
987 1330 1198 1393 fecerit,
1232 1339 1326 1385 aut
1350 1342 1498 1385 certe
1523 1333 1591 1385 de
1623 1332 1767 1387 Ana-

174 1422 310 1475 tolio
346 1436 459 1474 non
490 1421 771 1490 scripserit
806 1422 1133 1487 Theodosio,
1178 1423 1499 1488 Pulcherize,
1536 1425 1764 1495 aliisque

173 1522 302 1567 ante
361 1514 573 1569 Julium
628 1514 913 1567 mensem?
944 1514 1055 1569 Cur
1102 1514 1449 1570 Theodosius
1494 1532 1602 1569 non
1639 1525 1764 1571 ante

175 1606 694 1675 Quadragesimam,
729 1618 824 1660 aut
850 1607 1015 1662 etiam
1044 1617 1170 1661 ante
1196 1607 1423 1669 Pascha,
1455 1623 1564 1661 non
1588 1608 1763 1677 petie-

173 1698 243 1751 rit
298 1700 624 1753 Anatolium
665 1708 792 1753 ante
820 1699 1265 1753 communionem
1296 1699 1466 1768 recipi
1504 1716 1534 1754 a
1572 1711 1762 1755 sancto

171 1789 383 1852 Leone,
434 1806 598 1859 quem
640 1789 813 1859 probe
841 1798 1091 1854 noverat,
1126 1790 1359 1845 solemni
1389 1791 1491 1846 hac
1515 1791 1761 1847 declara-

1871 613 2013 677 aliis,
2056 618 2203 684 quod
2251 627 2429 673 tamen
2467 622 2813 689 potissimum
2839 633 3001 693 atque
3028 625 3193 679 etiam
3223 627 3446 682 unicum

1870 703 2147 771 opinionis
2184 721 2297 762 sua:
2337 707 2754 766 fundamentum
2787 727 2908 766 esse
2937 713 3148 779 voluit;
3186 730 3313 769 nam
3339 714 3449 771 Eu-

1869 796 2055 851 sebius
2101 799 2322 866 quidem
2376 801 2687 874 Dorylensis
2738 805 2957 860 actione
2997 805 3171 874 prima
3203 808 3447 861 occisum

1868 889 2118 955 queritur
2146 890 2463 946 Flavianum
2499 911 2511 946 :
2562 898 2775 951 actione
2829 896 2991 950 tertia
3036 896 3381 951 interfectum
3415 915 3446 954 a

1868 977 2130 1033 Dioscoro
2159 990 2345 1035 narrat
2394 981 2631 1048 Quintus
2687 987 3003 1052 Pbocensis,
3060 995 3224 1055 atque
3276 987 3445 1042 etiam

1867 1068 2149 1125 Proterius
2173 1071 2497 1141 Myrinensis
2514 1092 2543 1140 ,;
2576 1076 2789 1131 actione
2813 1087 3005 1148 quarta
3028 1078 3290 1132 adversus
3310 1076 3444 1131 Bar-

1866 1177 2077 1217 suma‘m
2102 1204 2115 1227 ,
2152 1166 2303 1223 velut
2345 1168 2753 1223 interfectorem
2800 1171 2959 1240 313
3003 1170 3267 1234 Flaviani,
3307 1184 3443 1225 con-

1866 1254 2152 1309 clamatur.
2207 1255 2312 1310 Sed
2360 1258 2486 1313 inde
2529 1276 2691 1314 nemo
2741 1262 3034 1316 concludat
3072 1262 3240 1326 aliud,
3277 1277 3443 1332 quam

1866 1344 2006 1399 male
2042 1345 2288 1401 habitum
2325 1348 2524 1417 Ephesi
2568 1351 2907 1415 Flavianum,
2940 1351 3176 1420 indeque
3207 1352 3442 1421 ejectum

1867 1434 1921 1486 in
1948 1435 2219 1500 exsilium,
2251 1437 2344 1490 ubi
2376 1439 2633 1493 aerumnis
2659 1441 2941 1496 confectus
2960 1451 3065 1496 est.

1934 1526 2004 1581 Et
2028 1543 2160 1583 vero
2193 1528 2593 1595 Theodoretus,
2630 1546 2755 1584 cum
2782 1531 2836 1585 in
2870 1533 3137 1586 concione
3165 1531 3377 1587 diceret
3397 1534 3444 1565 ”

1864 1632 1894 1671 a
1949 1618 2114 1673 sociis
2173 1620 2487 1689 pastoribus
2530 1622 2774 1677 occisum
2822 1623 3051 1677 calamis
3104 1622 3441 1685 Nestorium,

1864 1706 2013 1761 aliud
2049 1708 2184 1763 nihil
2207 1710 2567 1779 signiﬁcabat,
2595 1712 2813 1782 opinor,
2838 1728 3002 1781 quam
3037 1712 3346 1782 depositum
3386 1720 3445 1768 et

1865 1798 2138 1869 dejectum
2196 1802 2385 1868 fuisse,
2434 1813 2495 1858 ut
2548 1813 2734 1874 posset
2780 1820 3015 1859 maerore
3049 1803 3263 1858 confici.
3293 1802 3444 1858 ldem

172 1882 323 1935 tione
392 1880 1021 1953 Constantinopolitanis
1094 1884 1353 1938 omnibus
1417 1886 1705 1954 scripsisse
1742 1902 1755 1938 :
1794 1860 1835 1914 Β
1868 1892 1984 1962 ipse
2015 1892 2419 1957 Theodoretus,
2462 1860 2588 1949 cuiln
2627 1896 2695 1949 de
2724 1911 2823 1949 sua
2861 1895 3205 1963 depositione
3227 1894 3441 1950 scribe-

179 1994 195 2023 ‹
225 1973 501 2043 Quisquis
523 1974 780 2029 incolumi
813 1990 875 2029 ac
896 1976 1190 2044 superstite
1214 1976 1469 2030 Flaviano
1501 1975 1759 2046 episcopo

170 2074 359 2119 vestro
383 2065 756 2119 sacerdotium
783 2066 901 2135 ejus
930 2064 1095 2119 fuerit
1118 2082 1285 2121 ausus
1309 2066 1588 2131 invadere,
1612 2083 1757 2121 nun-

168 2174 335 2226 quam
370 2159 426 2211 in
462 2159 849 2213 communione
894 2167 1081 2211 nostra
1112 2157 1427 2224 habebitur,
1474 2173 1578 2214 nec
1614 2159 1756 2214 inter

166 2251 465 2320 episc0pos
494 2251 697 2320 poterit
723 2251 1025 2305 numerari.
1060 2270 1076 2301 ι

236 2342 381 2396 Xlll.
456 2341 786 2412 Opinionem
847 2341 1207 2407 conﬁrmant,
1264 2342 1502 2413 primum
1554 2341 1756 2397 Nemea

167 2433 378 2498 Graeca,
418 2434 475 2487 in
504 2434 707 2503 quibus
733 2434 1021 2488 Flavianus
1048 2429 1251 2487 dicitur
1295 2454 1313 2485 ‹
1342 2433 1613 2504 permissu
1660 2432 1754 2487 Dei

166 2542 196 2580 a
226 2525 500 2581 Dioscoro
528 2526 786 2581 hieretico
804 2536 861 2581 et
890 2525 1256 2581 conciliabqu
1275 2526 1394 2596 ejus
1418 2526 1473 2579 in
1502 2524 1755 2579 exsilium

167 2621 400 2689 eiectus,
431 2634 559 2673 cum
585 2619 770 2673 sedem
802 2618 1068 2673 tenuisset
1090 2633 1293 2672 annum
1331 2626 1386 2671 et
1420 2632 1637 2671 menses
1663 2617 1757 2671 de-

167 2726 327 2776 cem;
371 2712 429 2765 in
480 2711 685 2767 exsilio.
717 2725 882 2781 porro
928 2710 1127 2764 multas
1163 2709 1486 2765 aﬂlictiones
1526 2725 1625 2779 pro
1651 2708 1755 2763 ﬁde

168 2802 479 2857 orthodoxa
498 2818 812 2873 perpessus,
834 2818 899 2856 ex
922 2801 1113 2855 morbo
1139 2801 1355 2856 tandem
1383 2800 1702 2855 decessisse.
1730 2818 1747 2850 ι

170 2892 378 2947 Deinde
415 2892 783 2964 Menologium
835 2892 1051 2947 Maximi
1097 2890 1387 2962 Cythertei,
1428 2891 1484 2945 in
1529 2907 1639 2961 quo
1667 2906 1758 2945 ea-

171 2982 293 3036 dem
352 2981 696 3037 referuntur.
750 2983 943 3037 Postea
998 2981 1363 3051 Menologium
1419 2979 1753 3044 Gmcorum,

172 3074 313 3142 quod
373 3073 449 3127 ab
505 3072 745 3128 Henrico
792 3072 1013 3128 Canisio
1048 3090 1114 3127 ex
1142 3071 1475 3125 bibliotheca
1505 3080 1560 3124 et
1588 3071 1758 3124 inter-

175 3164 487 3228 pretatione
506 3161 801 3215 cardinalis
819 3161 1001 3215 Sirleti
1017 3161 1226 3215 editum
1248 3168 1351 3223 est,
1373 3159 1438 3213 ad
1464 3161 1527 3214 l7
1554 3160 1711 3214 Febr.
1738 3178 1750 3212 :

182 3272 198 3301 ι
227 3252 283 3306 S.
331 3253 393 3307 P.
429 3253 498 3307 Ν.
541 3254 938 3324 archiepiscopi
963 3252 1465 3322 Constantinopolis
1494 3252 1758 3318 Flaviani,

175 3346 265 3414 qui
313 3345 387 3399 ab
443 3344 614 3414 impio
662 3344 945 3406 Dioscoro,
988 3355 1043 3398 et
1072 3343 1343 3399 haereticis
1374 3358 1499 3397 cum
1530 3358 1597 3397 eo
1626 3359 1760 3397 con-

176 3437 541 3506 spirantibus,
565 3438 774 3507 ejectus
795 3446 958 3506 atque
991 3437 1044 3491 in
1073 3437 1325 3491 exsilium
1351 3436 1572 3501 missus,
1596 3436 1761 3490 variis

178 3530 458 3598 pressuris
484 3540 539 3583 et
571 3529 834 3583 aerumnis
861 3536 1107 3591 vexatus,
1147 3528 1260 3581 vita
1284 3528 1502 3582 functus
1527 3536 1629 3582 est.
1666 3546 1683 3578 ι

247 3616 386 3671 XIV.
424 3616 762 3685 Argumenta
803 3615 913 3669 duo
964 3616 1138 3670 videri
1186 3624 1415 3685 possunt
1466 3632 1564 3686 pro
1607 3626 1763 3686 parte

178 3711 429 3779 opposita
486 3709 688 3771 facere,
743 3724 975 3778 quorttm
1026 3709 1259 3761 alterum
1316 3724 1345 3762 a
1384 3708 1763 3780 Martyrologio

179 3802 451 3863 Romano,
477 3800 710 3854 alterum
741 3816 770 3853 a
792 3800 1070 3854 nonnullis
1092 3801 1351 3853 Actorum
1368 3799 1764 3855 conciliiChal-

177 3893 510 3948 cedonensis
539 3892 725 3946 verbis
751 3891 1007 3946 sumitur.

246 3985 701 4056 Martyrologium
776 3986 858 4039 sic
934 3984 1147 4038 habet:
1222 4003 1239 4034 ι
1291 3983 1762 4053 Constantinopoli

177 4076 349 4131 sancti
386 4076 632 4130 Flaviani
665 4076 930 4145 episcopi,
970 4076 1064 4144 qui
1094 4090 1218 4128 cum
1248 4075 1407 4129 ﬁdem
1439 4076 1763 4130 catholicam

178 4169 379 4238 Ephesi
426 4176 825 4238 propugnaret,
871 4167 941 4221 ab
996 4167 1147 4235 impii
1202 4166 1451 4221 Dioscori
1505 4166 1761 4233 factione,

175 4263 377 4332 pugnis
412 4269 470 4313 et
501 4261 744 4314 caicibus
775 4275 1093 4329 percussus,
1145 4267 1269 4328 post
1313 4260 1555 4313 triduum
1595 4260 1762 4313 vitam

177 4353 376 4405 Iinivit.
413 4371 431 4403 ι
469 4351 670 4405 Verum
704 4351 881 4420 primo
905 4350 1267 4421 Martyrologii
1295 4351 1485 4405 eadem
1526 4360 1611 4404 est
1643 4366 1763 4419 quae

174 4442 399 4497 Baronii
433 4441 735 4496 auctoritas
763 4459 776 4493 :
815 4441 1082 4494 Baronius
1107 4442 1253 4495 enim
1292 4441 1357 4495 ad
1384 4457 1586 4495 novum
1616 4442 1759 4496 Mar-

176 4533 513 4604 tyrologium
541 4532 773 4593 addidit,
800 4532 946 4601 quod
976 4531 1043 4585 de
1074 4532 1332 4586 Flaviano
1372 4539 1382 4551 ’
1413 4541 1498 4586 est
1531 4551 1542 4585 :
1581 4548 1760 4602 neque

171 4625 322 4678 enim
372 4626 429 4678 in
482 4625 889 4694 antiquioribus
936 4624 1156 4694 legitur,
1210 4640 1280 4678 ne
1326 4625 1379 4678 in
1410 4624 1758 4679 Galesiniano

171 4717 399 4784 quidem
436 4716 679 4769 Venetiis
706 4717 875 4770 edito.
910 4715 1118 4770 Deinde
1150 4716 1582 4769 additamentum
1610 4716 1757 4771 istud

170 4807 389 4877 accepit
431 4806 506 4859 ita
550 4822 616 4860 ex
664 4806 885 4861 Menaeis
922 4817 977 4860 et
1005 4806 1306 4876 Menologio
1331 4806 1664 4870 Graecorum,
1699 4815 1761 4861 ut

171 4899 342 4952 verba
375 4899 760 4966 interpolaret,
792 4898 947 4965 quasi
981 4913 1226 4951 errorem
1258 4898 1423 4951 vellet
1461 4899 1755 4969 corrigere.

173 4988 371 5041 Postea
431 4986 660 5040 credere
712 4987 905 5040 maluit
949 4986 1260 5056 Nicephoro
1312 4985 1556 5051 Callisto,
1593 5002 1757 5056 quam

172 5078 492 5132 Marcellino
536 5079 747 5143 comiti,
792 5088 849 5132 et
878 5079 1042 5133 Felici
1069 5078 1342 5133 defensori
1365 5078 1620 5133 Ecclesiae
1646 5079 1759 5134 Ro-

172 5186 367 5235 manae,
412 5170 468 5224 id
504 5180 608 5232 est,
658 5172 899 5240 praetulit
938 5171 1220 5226 hominem
1276 5179 1398 5241 post
1452 5180 1758 5241 nongentos

170 5279 346 5317 annos
375 5263 448 5317 de
486 5262 653 5317 rebus
689 5262 929 5317 Flaviani
964 5262 1319 5325 scribentem,
1366 5261 1648 5316 historicis
1690 5278 1758 5317 ne

172 5370 282 5408 uno
304 5352 533 5425 quidem
564 5353 772 5423 integro
793 5352 991 5407 saeculo
1020 5351 1369 5407 distantibus.

252 5444 365 5500 Cur
411 5444 725 5512 Nicephoro
776 5444 1053 5506 crederet.
1112 5444 1507 5512 damnaretque
1555 5442 1762 5497 erroris

172 5541 397 5601 Nemea,
445 5536 585 5589 nihil
632 5535 925 5591 admodum
972 5551 1150 5591 causa:
1174 5536 1420 5605 accipere
1445 5535 1643 5606 potuit,
1675 5534 1761 5588 vel

172 5647 238 5684 ex
284 5627 473 5683 verbis
518 5626 781 5681 Actorum
812 5626 1029 5682 concilii
1064 5624 1547 5690 Chalcedonensis,
1579 5624 1664 5679 vel
1693 5640 1761 5679 ex

1867 1992 1973 2045 ret,
2013 1983 2215 2037 aedem
2261 1985 2583 2039 nominavit.
2622 1985 2895 2040 Eusebius
2918 1985 3111 2039 funera
3134 1985 3291 2049 dixit,
3322 2001 3444 2055 qua

1865 2087 2058 2143 passus
2083 2081 2184 2127 est.
2216 2072 2421 2130 Neuter
2452 2082 2632 2130 tamen
2658 2074 2937 2138 occubuit,
2964 2074 3061 2128 sed
3089 2074 3208 2129 dira
3229 2083 3443 2130 tantum

1864 2181 2058 2236 passus
2090 2175 2193 2220 est.

1865 2300 2109 2371 Epistola
2136 2300 2201 2355 12
2222 2301 2598 2369 consolatoria,
2626 2303 2695 2357 ad
2710 2302 2974 2357 Irena’um
2992 2305 3285 2375 episcopum
3299 2305 3438 2377 Tyri.

1937 2409 2156 2465 Solatur
2215 2412 2268 2466 in
2324 2412 2517 2468 funere
2560 2414 2746 2484 generi
2778 2415 3041 2468 Irenaeum
3073 2412 3200 2484 Tyri
3231 2412 3444 2483 episco-

1863 2516 2017 2569 pum,
2048 2502 2115 2556 de
2146 2518 2254 2572 quo
2291 2512 2451 2557 antea
2482 2503 2689 2557 dictum
2712 2513 2814 2558 est.
2849 2504 2924 2557 De
2957 2511 3202 2572 tempore
3228 2511 3444 2557 constat

1863 2608 1928 2646 ex
1978 2593 2084 2647 ﬁne
2136 2594 2400 2663 epistolae,
2462 2594 2731 2665 siquidem
2787 2596 2988 2667 scripta
3025 2596 3230 2652 dicitur
3257 2598 3442 2652 statim

1864 2694 2027 2754 atque
2055 2686 2224 2739 altera
2250 2687 2402 2756 prior
2431 2697 2651 2755 exarata
2673 2697 2786 2741 est:
2815 2708 2831 2737 ι
2859 2688 2972 2742 Hoc
2997 2703 3097 2759 ego
3127 2690 3444 2759 perscriptis

1857 2777 1968 2848 jam
2018 2779 2297 2847 prioribus
2348 2780 2571 2833 monitis
2614 2780 2837 2843 dictavi,
2894 2796 3017 2835 cum
3052 2782 3171 2851 eius
3206 2788 3441 2835 mortem

1864 2867 2001 2921 mihi
2027 2869 2236 2924 amicus
2258 2870 2478 2939 quidam
2507 2870 2576 2924 ab
2606 2870 2897 2925 Antiochia
2930 2871 3253 2927 nuntiasset.
3287 2890 3304 2922 ι
3338 2871 3445 2926 Eo-

1865 2959 1989 3014 dem
2017 2960 2183 3032 igitur
2202 2970 2445 3033 tempore
2472 2970 2703 3033 utraque
2729 2962 2895 3017 missa
2922 2969 3025 3028 est,
3060 2963 3272 3018 scilicet
3299 2978 3443 3018 anno

1864 3054 1986 3109 447.

2106 3185 2347 3257 Epistola
2383 3185 2449 3239 15
2476 3148 2846 3251 eucharistica,
2882 3186 2953 3239 ad
2986 3185 3202 3257 Cyrum.

1933 3312 2052 3367 Non
2085 3313 2318 3367 obscura
2346 3321 2429 3366 est
2453 3312 2717 3381 temporis
2744 3321 2891 3377 nota,
2925 3312 3197 3382 siquidem
3239 3313 3446 3370 donum

1862 3404 2008 3476 Cyri,
2044 3404 2190 3475 quod
2239 3404 2495 3459 Lesbium
2555 3404 2764 3468 vinum,
2822 3405 3201 3461 Theodoretus
3254 3407 3451 3464 scribit

1864 3512 1923 3551 se
1951 3497 2248 3566 accepisse,
2283 3511 2406 3550 cum
2438 3496 2624 3549 multa:
2662 3504 2717 3550 et
2741 3511 2933 3566 graves
2956 3508 3145 3551 essent
3164 3499 3291 3552 vitm
3319 3514 3449 3568 pro-

1863 3590 2035 3653 cellae,
2066 3598 2291 3658 propter
2322 3603 2457 3657 quas
2474 3589 2632 3658 longa
2652 3588 2778 3643 vita:
2799 3598 3042 3657 tempora
3065 3606 3172 3644 non
3197 3600 3443 3659 optaret:

1864 3681 2132 3750 procellas
2184 3678 2331 3733 enim
2384 3678 2723 3746 interpretor
2770 3677 3109 3741 vexationes,
3156 3694 3279 3747 qua:
3318 3688 3445 3747 post

1864 3786 2067 3825 annum
2094 3771 2198 3824 445
2224 3762 2591 3839 coniigerunt,
2622 3784 2731 3837 quo
2757 3777 3001 3837 tempore
3051 3782 3150 3838 par
3197 3778 3283 3824 est
3328 3768 3446 3823 exi-

1865 3863 2088 3917 stimare
2119 3862 2301 3915 datam
2322 3874 2443 3915 esse
2464 3860 2772 3929 epistolam.

1932 3955 2124 4026 Cyrus,
2178 3954 2245 4009 ad
2290 3970 2452 4024 quem
2479 3954 2602 4008 data
2637 3962 2741 4017 est,
2763 3952 2939 4007 videri
2966 3963 3147 4022 posset
3170 3953 3448 4022 Marcopo—

1863 4048 2071 4103 litantis
2114 4047 2204 4100 ille
2263 4046 2577 4116 episcopus,
2619 4045 2711 4115 qui
2764 4045 2818 4098 in
2869 4043 3233 4097 conciliabulo
3267 4043 3447 4111 Ephe-

1865 4139 1987 4192 sino
2031 4152 2155 4191 cum
2212 4137 2335 4191 aliis
2380 4134 2753 4190 Orientalibus
2799 4131 3359 4203 deposuit-Cyrillum
3390 4141 3447 4187 et

1864 4226 2229 4287 Memnonem,
2265 4225 2548 4294 depositus
2592 4231 2649 4277 et
2699 4222 2816 4292 ipse
2863 4221 3104 4277 vicissim
3157 4231 3345 4291 postea
3389 4221 3447 4276 in

1864 4318 2153 4374 latrocinio
2175 4317 2422 4371 Dioscori
2457 4334 2476 4381 ;
2508 4317 2775 4386 cujusque
2801 4316 3007 4369 mentio
3057 4312 3116 4367 ﬁt
3149 4329 3180 4367 a
3222 4313 3443 4367 Victore

1865 4394 2184 4465 T'unonensi
2234 4408 2303 4463 ad
2337 4407 2680 4462 consulatum
2736 4405 2920 4468 Gibbi,
2976 4412 3031 4459 et
3075 4419 3105 4456 a
3155 4402 3443 4457 monachis

1864 4500 2164 4555 Palaestinte
2188 4498 2242 4551 in
2288 4497 2489 4553 litteris
2522 4497 2588 4550 ad
2626 4496 2973 4567 Alcysonem.
3018 4493 3179 4555 Vide,
3216 4508 3337 4561 qua:
3376 4493 3445 4548 de

1790 4579 1836 4636 Ι)
1865 4589 1982 4660 ipso
2021 4589 2195 4658 posita
2223 4588 2427 4642 suntin
2465 4586 2585 4640 Vita
2618 4584 2972 4647 Theodoreti,
2998 4598 3118 4652 cap.
3148 4582 3231 4636 l5.

1934 4682 2135 4735 Verum
2179 4680 2476 4750 quominus
2528 4679 2582 4731 in
2629 4678 2770 4730 hanc
2816 4674 3147 4729 sententiam
3204 4672 3442 4734 veniam,

1865 4772 2067 4826 retinet
2121 4771 2427 4841 inscriptio,
2479 4785 2599 4839 qua:
2649 4767 2787 4822 nihil
2841 4766 3006 4820 habet
3060 4772 3261 4835 prazter
3319 4762 3446 4835 Cyri

1864 4877 2067 4916 nomen
2105 4878 2119 4914 :
2174 4877 2303 4916 nam
2349 4860 2731 4915 Theodoretus
2765 4858 2831 4911 ad
2856 4857 3144 4926 episcopos
3176 4855 3444 4919 scribens,

1865 4951 2147 5021 dignitatis
2180 4952 2492 5005 meminisse
2525 4949 2681 5003 solet.
2717 4948 2926 5017 Opinor
2962 4947 3127 5017 igitur
3150 4946 3332 5000 datam
3376 4946 3445 5000 ad

1864 5042 2064 5115 Cyrum
2087 5042 2519 5112 Magistrianum,
2544 5041 2609 5095 ad
2648 5056 2812 5110 quem
2858 5051 2942 5095 est
2977 5038 3209 5109 cpistola
3250 5052 3449 5091 conso-

1866 5134 2062 5189 latoria
2114 5133 2170 5187 in
2217 5132 2409 5186 funere
2454 5131 2646 5186 uxoris
2689 5139 2746 5185 et
2787 5129 2906 5195 ﬁlii,
2942 5146 3062 5199 quae
3092 5144 3321 5184 numero
3348 5128 3449 5183 156

1867 5234 2143 5281 censetur.

1864 5357 2108 5429 Epistola
2158 5357 2226 5411 M
2271 5356 2647 5429 consolatoria,
2670 5356 2751 5429 ad
2781 5354 3149 5429 Alexandrum
3183 5353 3447 5408 iuuarent

2252 5428 2504 5497 feminam
2539 5429 2594 5481 in
2629 5426 2770 5479 obitu
2798 5426 3055 5495 conjugis.

1934 5539 1974 5593 l.
2002 5538 2371 5609 Corrigendus
2387 5553 2550 5608 porro
2566 5545 2651 5593 est
2667 5537 2881 5600 titulus,
2903 5544 2959 5589 et
2975 5550 3075 5604 pro
3101 5532 3447 5603 Ἀλεξανδρίᾳ

1860 5624 2153 5695 legendum
2203 5624 2565 5696 Ἀλεξάνδρᾳε
2612 5622 3074 5696 quemadmodum
3101 5624 3156 5677 in
3186 5627 3446 5678 contequ

1532 5778 1852 5837 SCHULZII
1893 5778 2123 5836 NOTAE.

244 5850 290 5884 “
319 5849 440 5908 Vid.
497 5864 684 5920 supra,
717 5865 770 5920 p.
804 5848 923 5905 106.
