4228 6446
732 440 838 502 263
1856 425 2232 490 GARNERII
2274 417 2769 484 DISSERTATIO
2811 419 2890 477 II.
3874 403 3986 474 264

738 546 1060 619 προσοίκους
1106 557 1217 597 non
1265 540 1480 595 vicinos
1527 538 1595 603 ⁸⁸,
1643 535 1739 591 sed
1781 534 2027 591 hatredes
2076 528 2307 598 intelligi
2337 531 2383 588 Α
2411 524 2678 579 habemus
2728 521 2989 591 temporis
3043 522 3435 586 characterem,
3471 519 3843 575 evocationem
3873 523 3987 576 sci-

739 611 962 702 debere,
1003 636 1177 691 series
1217 634 1399 688 docet.
2411 615 2541 670 licet
2569 614 2638 669 ad
2669 613 2955 685 synodum,
2981 611 3050 667 de
3083 627 3188 681 qua
3219 627 3363 665 mox.

809 731 874 784 ll.
904 700 1034 783 Data
1068 736 1151 781 est
1190 742 1298 796 quo
1324 712 1564 793 tempore
1588 721 1773 791 jussus
1794 728 1913 775 erat
1934 714 2313 771 Tbeodoretus
2481 705 2571 760 IV.
2628 703 3036 759 De‘calamitate
3063 702 3340 767 Ecclesiae,
3366 715 3529 770 quam
3559 700 3740 764 deﬂet,
3773 701 3986 754 calum-

739 836 797 875 se
849 820 976 890 Cyri
1030 818 1353 872 continere:
1413 791 1589 867 elisae
1610 826 1711 881 ego
1751 823 1898 863 nunc
1944 805 2188 860 scribere
2216 819 2312 857 co-
2414 794 2830 863 niatoribusque
2875 795 3010 857 suis,
3051 794 3119 847 de
3164 793 3366 862 quibus
3412 792 3682 862 queritur,
3719 791 3876 845 facile
3900 799 3991 845 est

746 879 911 963 actus
936 922 1077 968 sum,
1110 904 1256 972 quia,
1287 908 1347 954 ut
1385 900 1453 954 ad
1479 914 1576 954 vos
1605 879 1911 960 decurram,
1938 892 2154 947 vincula
2203 904 2315 944 non
2410 884 2679 955 judicare.
2730 884 2861 937 Nam
2894 899 3003 952 quo
3027 892 3272 951 tempore
3296 882 3591 945 scribebat,
3628 881 3743 934 visa
3769 890 3853 935 est
3882 879 3989 949 ipsi

741 1002 948 1055 sinunt.
986 1017 1004 1047 ο
1227 1034 1235 1044 .
2415 976 2672 1030 Ecclesiae
2727 976 2965 1043 procella
3022 976 3077 1029 in
3130 974 3248 1029 dies
3288 974 3532 1044 singulos
3586 974 3867 1042 fastigiari,
3930 979 3993 1025 ut

813 1088 1085 1159 314111.
1117 1086 1246 1152 Qum
1264 1084 1521 1145 fuerit,et
1542 1082 1696 1150 cujus
1720 1079 1898 1132 mariti
1922 1091 2059 1131 uxor
2089 1073 2317 1127 illustris
2417 1067 2678 1136 loquitur,
2718 1067 2773 1120 id
2799 1075 2903 1130 est,
2938 1066 3004 1119 ad
3029 1081 3301 1120 summum
3332 1066 3666 1130 ascendere;
3705 1064 3821 1117 visa
3848 1077 3990 1131 quo-

744 1154 1285 1238 iunge-Alexandra,
1320 1172 1593 1241 conjicere
1623 1170 1964 1238 aliquatenus
1992 1167 2158 1230 licet;
2190 1179 2317 1217 nam
2419 1175 2526 1228 que
2572 1156 2908 1227 desperanda
2947 1157 3317 1226 tranquillitas
3363 1156 3624 1224 publica;
3667 1170 3770 1209 nec
3816 1170 3846 1208 a
3880 1154 3998 1207 sin-

745 1273 924 1341 primo
972 1267 1182 1322 consuli
1231 1263 1438 1333 nupsit,
1474 1260 1744 1330 siquidem
1771 1255 2317 1325 maritumThcodo-
2418 1249 2561 1319 gulis
2613 1248 2779 1302 animi
2830 1262 2934 1316 pax
2982 1246 3201 1300 aliunde
3244 1262 3406 1316 quam
3441 1262 3470 1300 a
3512 1245 3773 1314 patientia
3795 1259 3995 1313 exspe-

746 1334 897 1417 retus
916 1361 1062 1414 dicat.
1082 1358 1148 1411 ad
1181 1359 1387 1426 apicem
1417 1354 1744 1423 dignitatum
1777 1349 2181 1413 conscendisse,
2210 1362 2319 1416 quo
2420 1338 2648 1404 clauda;
2683 1353 2877 1406 nempe
2906 1344 3035 1390 tunc
3062 1336 3503 1390 accusationibus
3519 1335 3611 1404 3]
3630 1334 3678 1403 5
3697 1334 4001 1403 urgebatur

744 1452 967 1507 nomine
1014 1451 1191 1504 solent
1240 1461 1449 1509 omnes,
1493 1454 1548 1498 et
1580 1444 1693 1513 ipse
1724 1442 2046 1495 nominatim
2072 1439 2321 1494 scribens
2421 1430 2698 1500 pressius;
2726 1429 2927 1482 iratum
2949 1428 3052 1481 sibi
3073 1428 3373 1496 principem
3423 1426 3846 1495 experiebatur;
3897 1424 4001 1476 do-

746 1544 949 1598 choni
1004 1558 1067 1596 ac
1115 1541 1316 1601 Tauro,
1372 1538 1716 1592 consulatum
1769 1533 2062 1603 appellare.
2115 1531 2321 1585 Deinde
2422 1522 2652 1576 meSlico
2684 1520 2975 1573 tenebatur
3003 1533 3260 1583 carcere;
3305 1518 3526 1588 patebat
3553 1514 3999 1570 adversariorum

745 1636 1048 1691 Antiochia:
1076 1631 1432 1685 versabatur:
1465 1626 1739 1697 quomodo
1757 1626 1902 1679 enim
1925 1624 2107 1679 statim
2130 1638 2321 1677 accur-
2424 1613 2667 1669 audacia:
2709 1620 2765 1665 et
2821 1609 3080 1673 invidite;
3114 1609 3306 1663 timido
3354 1610 3656 1662 aulicorum
3690 1604 4002 1675 patrocinio

749 1728 909 1779 risset
959 1724 1149 1777 audito
1200 1722 1389 1774 mortis
1418 1720 1610 1772 nuntio
1642 1718 2037 1777 Theodoretus,
2069 1714 2174 1766 nisi
2200 1714 2323 1765 vin-
2425 1722 2532 1759 non
2558 1715 2669 1758 tam
2699 1703 3097 1758 defendebatur
3118 1717 3279 1774 quam
3302 1702 3603 1755 laborabat.

750 1819 871 1872 cula
902 1813 1300 1869 retinuissent?
1343 1811 1523 1877 Quare
1554 1810 1845 1879 episcopus
1879 1807 1989 1871 ille,
2038 1820 2199 1875 quem
2247 1805 2322 1859 ita
2360 1862 2401 1917 Β

2360 1862 2401 1917 Β
2497 1816 2562 1871 ν.
2600 1813 2884 1869 Ditﬁeilius
2919 1814 3262 1884 intelligitur,
3292 1829 3411 1882 quae
3442 1811 3604 1865 fuerit
3634 1809 3892 1881 synodus,
3932 1808 4002 1861 ad

752 1909 1035 1977 inagnilice
1082 1905 1289 1967 laudat,
1335 1904 1518 1972 aitque
1567 1917 1735 1955 unum
1778 1900 1911 1955 satis
1942 1914 2062 1954 esse
2094 1898 2160 1951 ad
2191 1913 2324 1951 con-
2361 1898 2401 1917 "

2361 1898 2401 1917 "
2429 1921 2593 1976 quam
2637 1905 2946 1960 habendam
2996 1904 3334 1958 evocatorias
3378 1902 3442 1956 ad
3484 1902 3859 1971 metropolitas
3903 1916 4004 1954 ve—

752 2001 1072 2055 SOlalionem
1106 1997 1315 2051 ειίῙῙὶοιαὲ
1349 1996 1737 2051 adhibendam.
1792 1994 2035 2047 Domnus
2068 1990 2171 2045 fllit
2213 1991 2326 2045 Αη-
2428 1996 2574 2050 nisse
2618 1996 2832 2050 litteras
2878 1994 3063 2048 refert.
3108 1994 3187 2048 An
3225 1992 3565 2048 Antiochena
3602 1992 3801 2060 aliqua,
3837 2005 4005 2059 quam

755 2093 1022 2146 tiocheme
1045 2090 1201 2142 urbis
1237 2096 1366 2141 tunc
1388 2088 1694 2156 episcopus.

2427 2089 2692 2151 Domnus,
2719 2088 3033 2141 convocatis
3056 2102 3120 2139 ex
3150 2096 3258 2139 tota
3286 2085 3527 2139 Orientis
3555 2082 3777 2138 dimecsi
3800 2089 4009 2136 metro-

824 2184 910 2236 ιν.
948 2182 1190 2248 Denique
1224 2178 1443 2231 videtur
1465 2177 1631 2231 fuisse
1656 2176 1852 2243 conjux
1873 2169 2113 2242 praefecti
2137 2168 2331 2224 Orien—
2429 2195 2494 2252 ρο

2429 2180 2645 2252 politis,
2696 2178 2988 2231 habiturus
3036 2176 3217 2230 esset?
3264 2176 3345 2229 An
3390 2174 3661 2244 Ephesina
3708 2172 4005 2242 posterior,

758 2276 826 2329 tis
858 2293 869 2325 :
900 2288 1021 2325 nam
1052 2282 1107 2326 et
1136 2272 1226 2324 ille
1256 2287 1285 2323 a
1318 2269 1666 2323 Theodoreto
1698 2266 1856 2320 unice
1880 2265 2114 2318 dilectus
2143 2259 2330 2315 innui-
2431 2289 2593 2344 quam
2624 2270 2969 2324 Τιιροάοεῑυε
2999 2270 3293 2339 imperator
3324 2266 3565 2335 undique
3596 2263 3869 2335 coegerit?
3896 2262 4011 2316 Ad-

760 2378 868 2427 tur,
892 2373 947 2418 et
974 2362 1210 2432 prmfecti
1232 2360 1473 2414 Orientis
1496 2358 1743 2414 solebant.
1761 2374 1827 2410 ex
1848 2354 2165 2409 consulibus
2188 2351 2328 2415 ﬁeri,
2428 2367 2614 2437 juncta
2642 2363 2822 2417 omnia
2851 2360 3137 2430 Ephesium
3162 2366 3493 2427 congruum,
3529 2371 3690 2424 quam
3722 2362 3841 2424 post
3859 2352 4013 2423 indi-

758 2465 813 2512 et
840 2455 1077 2526 praefecti
1107 2452 1407 2507 Antiochiae
1439 2450 1771 2511 residebant,
1810 2448 1897 2502 ubi
1936 2447 2195 2515 frequens
2216 2451 2333 2498 erat
2434 2458 2577 2512 cium
2624 2454 2864 2510 Flaviani
2907 2453 2973 2507 de
3018 2451 3283 2522 Eutyche,
3311 2465 3496 2504 mense
3517 2446 3831 2506 Novembri,
3859 2457 4010 2497 anno

758 2546 1159 2606 Theodoretus,
1202 2544 1396 2612 suique
1432 2539 1792 2594 admiratione
1839 2542 2152 2606 magnatum
2211 2530 2334 2585 ani-

2434 2546 2557 2611 448,
2589 2545 2911 2607 exercitum,
2940 2551 3159 2612 petente
3189 2540 3431 2611 Eutyche
3458 2546 3513 2594 et
3539 2547 3813 2608 satagente
3834 2534 4011 2606 Chry-

758 2654 877 2693 mos
893 2637 993 2693 sibi
1012 2634 1354 2689 conciliabat.

2437 2638 2648 2708 sapbio,
2679 2634 3019 2690 Theodosius
3053 2632 3265 2686 indixit.

1112 2750 1128 2769 ‘
1162 2744 1403 2816 Epistola
1452 2744 1536 2807 [5,
1583 2742 1651 2795 ad
1687 2739 1981 2795 Silvanum.
2506 2750 2593 2804 VL
2625 2748 2782 2803 Com]

2506 2750 2593 2804 Vl.
2625 2747 2905 2803 Coneludo
2932 2746 3097 2816 igitur
3126 2745 3346 2799 missam
3376 2742 3540 2797 fuisse
3564 2740 3850 2811 epistolam
3883 2746 4014 2808 post

830 2866 870 2920 Ι.
905 2865 1127 2919 Nullum
1160 2861 1325 2915 habet
1352 2859 1724 2913 characterem
1749 2853 2030 2923 temporis,
2060 2852 2168 2905 nisi
2199 2851 2338 2905 forte
2440 2840 2833 2910 ἀρροείιὶοηθιη
2880 2837 3067 2891 [renati
3093 2877 3106 2900 ,
3159 2836 3267 2890 imo
3316 2843 3439 2904 post
3481 2850 3722 2888 mensem
3768 2830 4015 2901 Aprilem

764 2957 979 3011 dicatur
1018 2961 1142 3007 ante
1175 2949 1482 3003 vexationis
1521 2957 1735 3015 tempus
1761 2922 1964 3013 scripta
1992 2960 2003 2995 :
2032 2942 2157 2996 silet
2191 2941 2338 2994 enim
2439 2931 2567 2986 anni
2593 2931 2693 2985 449
2718 2932 2782 2981 ⁸⁵.
2809 2930 2940 2982 Nam
2963 2929 3145 2983 [remei
3172 2928 3442 2998 depositio
3468 2927 3694 2995 contigit
3723 2938 3865 2979 anno
3882 2922 4011 2988 448,

765 3048 833 3102 de
873 3048 1009 3116 ipsa,
1046 3058 1169 3096 cum
1201 3051 1381 3095 tamen
1417 3038 1645 3107 querula
1681 3051 1769 3089 res
1792 3034 1861 3088 sit
1893 3030 2127 3085 hominis
2154 3029 2339 3099 cujus-
2442 3023 2663 3077 ineunte
2687 3036 2814 3075 vere
2845 3021 2921 3085 5";
2950 3021 3255 3075 cvocatoria
3287 3019 3632 3089 imperatoris
3663 3016 4018 3085 consignatur

765 3112 1003 3209 cunque,
1029 3146 1084 3191 et
1111 3134 1409 3206 przesertim
1441 3128 1792 3191 Theodoreti,
1818 3125 2054 3179 miseria.
2370 3194 2410 3209 Α
2443 3117 2474 3170 ’5
2506 3115 2771 3170 Kalendas
2805 3113 3025 3183 Aprilis,
3064 3130 3207 3166 anno
3235 3112 3358 3167 449.

835 3231 899 3285 ιι.
952 3229 1157 3299 Opinor
1195 3225 1497 3285 Silvanum,
1544 3219 1631 3274 cui
1659 3218 1920 3272 scribitur
1942 3214 2172 3285 epistola
2208 3228 2337 3267 con-
2367 3194 2411 3253 (ἶ
2514 3231 2623 3284 γη,
2659 3231 2737 3284 ΕΕἰ
2763 3230 2868 3294 bis,
2891 3245 3012 3298 qua,
3039 3228 3357 3282 scribuntur
3398 3227 3466 3282 de
3498 3226 3717 3296 Virgine
3757 3224 4016 3292 θεοτίκῳ,

768 3321 1023 3379 solatoria
1075 3319 1127 3371 in
1179 3325 1353 3369 morte
1404 3314 1610 3375 uxoris,
1666 3310 1833 3364 fuisse
1880 3306 2187 3377 praesidem,
2245 3314 2341 3358 aut

2443 3320 2696 3390 conjicio,
2727 3329 2857 3373 tunc
2888 3320 3150 3387 temporis
3175 3319 3529 3387 qumstionem
3568 3307 3909 3377 et‘fcrbuisse,
3944 3330 4018 3368 an

769 3414 1093 3481 primarium
1163 3409 1400 3477 aliquem
1459 3406 1639 3458 virum
1705 3400 1943 3470 regionis
1999 3398 2337 3469 Cyresticm;
2443 3412 2607 3481 Virgo
2630 3410 2736 3466 dici
2764 3410 2990 3464 deberet
3013 3408 3274 3471 ἁπλῶςθι
3296 3409 3413 3463 sine
3437 3408 3622 3462 addito
3653 3407 3917 3469 θεοτόκος,
3944 3422 4018 3461 an

771 3504 917 3561 unde
966 3505 1068 3558 sub
1114 3502 1275 3555 ﬁnem
1324 3498 1511 3552 subdit
1566 3495 1978 3549 Theodoretus:
2030 3510 2047 3541 ι
2078 3489 2342 3543 Admittat
2444 3501 2568 3555 addi
2605 3510 2885 3571 ονοτιονρι
2913 3500 3345 3569 “spumata”,
3385 3497 3709 3567 quibusdam
3738 3486 4054 3551 communi'

772 3613 902 3666 ergo
947 3593 1349 3663 magniﬁcentia
1391 3598 1480 3641 tua
1516 3595 1795 3656 paternam
1819 3582 2280 3645 exhortationem,
2315 3598 2333 3631 ι

2443 3592 2690 3646 formula:
2732 3592 3077 3645 subscribere
3125 3590 3481 3644 renuentibus
3518 3589 3633 3643 sine
3672 3589 3777 3642 hoc
3805 3586 4018 3641 addita-

771 3687 1013 3760 episcopi
1046 3681 1373 3740 sciiicetlui.
2443 3695 2648 3747 mento,
2684 3699 2795 3753 quo
2851 3684 3107 3737 volebant
3152 3682 3362 3736 scilicet
3404 3681 3554 3735 vocis
3598 3678 4020 3749 amplitudinem

934 3797 1173 3869 Epistola
1204 3796 1287 3860 [6,
1310 3794 1377 3848 ad
1405 3793 1665 3847 Irenaeum
1697 3790 1816 3860 Tyri
1850 3790 2164 3858 episcopum.
2444 3775 2804 3843 restringere,
2852 3783 2912 3826 ut
2962 3771 3157 3826 callide
3212 3770 3595 3825 Nestorianum
3643 3785 3862 3824 sensum
3910 3768 4020 3824 sub

844 3914 885 3966 1.
934 3911 1084 3965 Adeo
1130 3907 1436 3976 implicatus
1460 3913 1545 3957 est
1576 3916 1768 3955 sensus
1796 3909 1956 3968 atque
1978 3897 2232 3967 perplexa
2254 3894 2342 3947 lii-
2445 3880 2506 3918 (³³

1576 3916 1768 3955 sensus
1796 3909 1956 3968 atque
1978 3897 2232 3967 perplexa
2254 3894 2342 3947 Μ,
2445 3864 2710 3918 catholica
2734 3878 2866 3916 voce
2897 3863 3216 3915 retinerent.

776 4004 945 4058 storia
992 3968 1255 4069 epistolae,
1292 4006 1352 4050 ut
1381 3968 1521 4047 incili
1564 3991 1780 4061 negotio
1805 3988 2045 4057 expediri
2077 4002 2185 4039 non
2215 4000 2342 4053 pos-
2512 3975 2649 4031 Vill.
2698 3974 3101 4043 Conjecturam,
3147 3971 3363 4042 opinor,
3412 3969 3645 4039 probant
3684 3968 4019 4023 Theodoreti

778 4093 889 4146 sit:
921 4059 1092 4142 multa
1123 4088 1291 4149 enim,
1316 4093 1375 4137 ut
1420 4082 1562 4135 inter
1591 4059 1796 4133 amicos
1837 4092 2019 4129 rerum
2070 4073 2340 4136 conscios,
2444 4068 2608 4122 verba
2644 4084 2656 4119 :
2701 4086 2717 4116 ‹
2756 4066 2881 4119 [llos
2927 4072 3164 4133 oportet,
3204 4063 3297 4132 qui
3339 4076 3437 4130 pro
3478 4061 3678 4130 pietate
3725 4059 4017 4124 dimicant,

778 4179 1157 4233 Theodoretus
1183 4176 1386 4229 [remeo
1415 4171 1656 4224 breviter
1702 4169 1937 4237 scripsit,
1992 4180 2113 4235 quae
2164 4173 2343 4218 tamen
2445 4173 2567 4228 qua:
2594 4157 2793 4211 dicturi
2823 4155 2932 4209 sint
2969 4153 3014 4186 ⁵⁸
3046 4154 3335 4223 diligenter
3362 4151 3695 4214 examinare,
3720 4166 3822 4205 nec
3848 4165 4019 4205 voca-

776 4287 887 4326 non
915 4269 1066 4338 parvi
1098 4266 1358 4321 momenti
1382 4273 1466 4318 est
1486 4262 1669 4315 sciria
1713 4258 1972 4313 studiosis
2017 4254 2344 4310 ecclesiasti-
2447 4249 2575 4303 bula
2617 4261 2896 4316 quaerere,
2951 4260 3073 4314 quae
3122 4244 3529 4297 contentionem
3580 4242 3870 4305 suscitent,
3919 4242 4019 4296 sed

777 4377 963 4417 carum
994 4373 1199 4413 rerum.
2448 4336 2775 4399 sententias,
2824 4350 2945 4405 quae
2986 4335 3273 4389 veritatem
3331 4332 3538 4402 liquido
3580 4332 3913 4403 exprimant,
3961 4343 4024 4388 et

848 4454 913 4508 ll.
967 4452 1324 4520 Attinguntur
1362 4445 1585 4500 omnino
1624 4457 1757 4497 sex:
1794 4439 2163 4494 ecclesiastica
2198 4435 2343 4491 cala-
2447 4427 2706 4482 reluctari
2750 4425 3016 4479 audentes
3057 4427 3259 4480 rubore
3299 4425 3635 4479 suil‘undant.
3679 4424 3819 4489 Quid
3866 4424 4020 4478 enim

778 4548 961 4608 mitas,
1005 4542 1251 4598 evocatio
1298 4538 1364 4592 ad
1395 4537 1680 4608 synodum,
1707 4534 1927 4605 querela
1947 4532 2013 4586 de
2047 4529 2348 4585 caluinnia-
2377 4522 2423 4579 D

2377 4522 2423 4579 ι)
2452 4519 2555 4573 ista
2602 4518 2947 4586 discrepant,
3003 4516 3412 4588 ἀνθρωποτόκον
3455 4516 3617 4570 simul
3662 4532 3727 4569 ac
3768 4514 4023 4568 θεοτόκον

783 4638 994 4691 ῑοτὶὶιυε
1024 4635 1159 4696 suis,
1207 4632 1435 4701 qmestio
1476 4629 1544 4683 de
1593 4629 1817 4697 Virgine
1877 4624 2129 4692 θεοτόκῳ,
2184 4635 2346 4674 causa
2450 4609 2727 4678 Virginem
2768 4618 3010 4663 sanctam
3055 4608 3351 4677 appellare,
3386 4616 3480 4661 aut
3504 4622 3699 4661 vocare
3720 4606 3866 4660 illam
3897 4607 4023 4660 Filii

783 4728 1007 4784 Diodori
1062 4696 1240 4792 atque-
1282 4720 1581 4782 Theodori,
1641 4696 1711 4770 et
1745 4714 2033 4769 consilium
2081 4713 2147 4766 de
2178 4711 2348 4765 relin-
2451 4711 2682 4755 matrem
2708 4709 2871 4768 atque
2901 4700 3182 4763 ancillam;
3209 4707 3264 4751 et
3291 4698 3515 4761 addere,
3541 4705 3769 4751 matrem
3797 4696 4024 4765 quidem

783 4820 1002 4890 quendo
1059 4817 1397 4885 episcopatu.
1469 4811 1592 4864 [hcc
1646 4812 1921 4876 quorsum
1954 4811 2346 4867 memorentur,
2450 4809 2592 4857 esse,
2639 4800 2703 4845 ut
2741 4791 2996 4854 hominis,
3030 4788 3243 4843 Domini
3290 4787 3463 4841 nostri
3501 4788 3630 4841 [esu
3669 4784 3895 4846 Christi,
3928 4800 4034 4838 an-

780 4910 1162 4981 exponcndum
1190 4916 1294 4969 est,
1320 4906 1463 4959 facto
1495 4920 1524 4957 a
1552 4913 1796 4969 tempore
1830 4900 2073 4969 epistolae
2100 4898 2274 4951 initio.

2452 4883 2635 4936 cillam
2661 4894 2793 4933 vero
2832 4888 2890 4932 ut
2919 4879 3037 4942 Dei,
3061 4877 3450 4946 calumnimque
3486 4878 3829 4931 occasionem
3856 4875 4028 4929 silen-

852 4962 940 5057 ἶιι.
968 5002 1099 5054 Data
1118 5008 1201 5053 est
1229 4997 1416 5068 procul
1443 4996 1611 5049 dubio
1638 5005 1761 5064 post
1786 4962 1994 5044 editum
2022 4990 2304 5043 Eram‘stcn
2327 5004 2345 5042 :
2453 4972 2530 5025 ῑίο
2562 4980 2766 5068 ξθὸθνξξν
2804 4977 2860 5022 ει
2889 4968 3136 5023 eamdem
3167 4968 3494 5022 sententiam
3518 4967 3622 5020 8th
3657 4965 3765 5019 alio
3799 4962 4030 5017 nomine

784 5089 1076 5160 respondet
1135 5088 1277 5141 enim
1349 5084 1727 5139 Theodorctus
1798 5082 2002 5135 [remeo
2060 5079 2346 5148 qumrenti,

1135 5088 1277 5141 enim
1349 5084 1727 5139 Theodorctus
1798 5082 2002 5135 [remeo
2060 5079 2346 5148 qumrenti,
2454 5060 2779 5131 Ρτοῖεττθῗι

785 5197 883 5234 cur
936 5182 1079 5234 inter
1118 5176 1472 5249 appellandos
1503 5177 1693 5229 Patres
1727 5172 1793 5226 de
1828 5170 2066 5225 Diodoro
2090 5184 2153 5223 ac
2174 5168 2355 5221 Theo—
2523 5170 2616 5224 IX.
2648 5170 2722 5223 De
2754 5184 2916 5223 causa
2940 5168 3157 5223 Diodori
3189 5177 3245 5222 et
3270 5166 3542 5221 Theodori
3568 5166 3782 5220 dicetur
3804 5164 3858 5217 in
3884 5163 4029 5216 Era-

785 5274 921 5328 doro
942 5272 1201 5333 siluisset,
1233 5269 1590 5335 eamdemque
1614 5266 1705 5318 hic
1733 5272 1787 5317 et
1812 5262 2003 5316 iisdem
2036 5260 2149 5314 fere
2170 5258 2356 5312 verbis
2457 5260 2611 5313 uiua:
2639 5273 2874 5313 censura
2902 5258 2976 5323 ’9;
3006 5257 3250 5326 proderit
3277 5272 3408 5311 vero
3439 5265 3569 5311 tunc
3592 5254 3838 5325 epistola;
3856 5253 4031 5306 verba

785 5380 1004 5420 causam
1034 5362 1213 5419 ail‘ert.
1254 5377 1317 5415 ac
1336 5362 1392 5414 in
1416 5357 1658 5413 secundo
1678 5355 1892 5423 dialogo
1918 5370 1931 5417 ;
1964 5352 2167 5420 scripta
2190 5350 2357 5419 igitur
2457 5366 2583 5405 cum
2608 5350 2791 5403 verbis
2811 5350 3017 5419 Dialogi
3046 5349 3315 5403 conferre.

786 5460 870 5506 est
923 5462 1047 5523 post
1097 5464 1301 5505 annum
1350 5447 1473 5511 445,
1525 5452 1619 5499 aut
1658 5442 1779 5497 M6.
1841 5440 1947 5495 Sed
1988 5440 2156 5493 alium
2188 5438 2353 5492 etiam
2527 5436 2595 5491 Χ.
2628 5436 2758 5502 Qua:
2788 5437 3167 5492 Theodoretus
3189 5437 3292 5491 sub
3315 5435 3476 5492 ﬁnem
3507 5434 3678 5500 addit,
3701 5434 3770 5489 de
3794 5433 4033 5489 consilio

2126 5573 2439 5630 SCHULZII
2477 5573 2710 5629 NOTAE.

859 5703 904 5735 ⁸⁸
929 5700 1241 5770 Legendum
1278 5708 1362 5770 est
1406 5695 1732 5770 πρρᾳῂὁους.
1763 5694 1885 5748 Vid.
1923 5691 2371 5770 Lahmann-[013;
2436 5692 2481 5770 ’.⁸
2516 5690 2641 5770 Post
2673 5708 2838 5745 mens.
2870 5690 3191 5770 Apiil_._'Sub
3215 5690 3376 5770 tinent
3409 5689 3621 5770 Aprilis
3656 5687 4030 5770 scripta_dici—
4091 5680 4101 5690 ’

789 5780 881 5898 bur
918 5758 1080 5893 intfr’a,
1112 5784 1228 5839 eap.
1266 5769 1317 5822 6.
1393 5758 1595 5825 l"'Vid'.
1631 5778 1814 5835 supra,
1846 5780 1900 5833 p.
1925 5761 2048 5823 ὅου,
2087 5758 2192 5829 ξε.
2267 5763 2313 5793 ⁸⁸
2335 5761 2459 5816 Paul

833 5856 967 5898 isser
995 5881 1007 5894 .

2367 5761 2505 5815 'aulo
2537 5762 2698 5817 aliter
2721 5758 2978 5831 supra,’t.
3011 5761 3099 5823 ιν,
3126 5776 3180 5829 p.
3208 5761 3361 5816 [077.
3439 5758 3484 5792 ’θ
3510 5760 3670 5826 infra,
3695 5774 3743 5813 c.
3775 5758 3808 5814 6
3864 5758 4037 5832 hujus

853 5856 1007 5895 SSCl‘l.
