4228 6446
150 430 246 494 265

1322 417 1418 477 DE
1458 414 1712 476 LIBRlS
1749 410 2256 472 THEODORETI.

3301 402 3406 466 266

151 542 465 613 deponendi
498 539 897 608 episcopatum,
934 534 1038 589 nisi
1065 531 1333 604 judicium
1366 530 1612 584 divinum
1644 542 1734 580 ve—
1764 532 1807 585 Α
1839 541 1951 579 rem
1981 525 2183 587 virum,
2209 532 2269 576 ut
2298 520 2551 592 agricolis
2584 518 2865 572 stcriiitate
2893 523 3050 569 terra:
3078 513 3289 571 amictis
3319 519 3404 571 in-

151 647 384 696 reretur,
416 640 724 687 consonant
755 626 985 683 consilio
1014 624 1245 695 epistola
1275 622 1309 674 5
1341 620 1487 675 dato.

211 726 305 780 XI.
351 726 489 792 Quae
531 723 720 778 subdit
763 723 830 775 de
880 719 1072 773 mortis
1110 715 1537 785 exspectatione,
1574 726 1733 781 quam

149 838 209 875 ex
258 819 489 874 insidiis
538 817 643 870 sibi
693 814 849 869 factis
905 812 1140 865 vicinam
1198 812 1516 877 auguratur,
1563 803 1736 856 videri

150 921 382 981 possunt
434 907 757 963 vaticinium
819 903 1020 958 mentis
1075 900 1315 953 futuram
1376 895 1735 951 calamitatem

150 998 562 1070 prospicientis.

211 1091 336 1146 Xll.
388 1091 513 1145 Non
567 1087 825 1156 exiguum
881 1095 1046 1153 porro
1098 1081 1459 1149 fragmentum
1512 1075 1739 1143 hujusce

150 1182 399 1252 epistolae
432 1195 501 1233 ex
534 1173 913 1244 antiquissima
949 1170 1201 1224 versione
1244 1166 1475 1220 refertur
1512 1164 1565 1217 in
1605 1162 1741 1215 actis

150 1290 181 1327 γ
216 1271 419 1342 synodi
464 1269 644 1323 collat.
693 1267 765 1328 5',
803 1278 927 1317 cum
971 1263 1073 1315 bac
1109 1258 1275 1329 316
1309 1256 1506 1309 vitiosa
1546 1252 1740 1306 inscri-

152 1364 385 1433 ptione:
433 1380 452 1412 ι
495 1361 575 1415 Es
624 1356 856 1426 epistola
899 1349 1233 1407 Theodoreti
1276 1347 1343 1403 ad
1392 1346 1739 1400 Hierenatum

153 1456 463 1524 digamum,
500 1447 880 1504 testimonium
920 1440 1237 1513 praebentis,
1272 1438 1419 1508 quod
1451 1435 1553 1490 sub
1580 1449 1741 1487 accu-

153 1547 368 1600 satione
414 1544 547 1597 erat‘
587 1538 943 1599 Theodorus,
991 1543 1048 1589 et
1086 1530 1443 1587 dubitabatur
1475 1527 1542 1581 de
1583 1542 1668 1580 eo.
1717 1544 1734 1574 ι

155 1638 240 1691 Sic
281 1646 477 1690 autem
515 1632 652 1687 illud
687 1646 747 1686 se
788 1629 953 1683 habet
986 1645 998 1680 :
1044 1646 1060 1677 ε
1093 1623 1363 1691 Quoniam
1400 1635 1532 1676 vero
1571 1620 1743 1673 incul-

154 1729 295 1798 patis
328 1743 443 1789 me,
486 1745 505 1776 ι
543 1734 651 1779 etc.

1838 617 2085 683 dulgens,
2119 616 2186 667 de
2215 613 2476 667 oneribus
2510 611 2684 665 solitis
2723 609 2977 663 remittat.

1909 707 1997 760 Ill.
2035 704 2244 758 Accidit
2273 718 2436 772 porro
2466 702 2749 761 sterilitas,
2773 710 2834 754 ut
2861 700 3076 769 Opinor,
3106 713 3135 752 a
3164 696 3410 753 siccitate

1840 798 1954 858 illa.
1982 798 2138 867 cujus
2171 794 2377 848 mentio
2409 793 2466 847 lit
2501 795 2555 847 in
2586 792 2775 862 Elogio
2803 790 3171 861 Polychronii.

1840 910 2079 978 Epistolu
2118 909 2206 969 2i,
2242 908 2311 960 ad
2350 907 2610 960 Andream
2653 903 3058 958 Samosatenum
3092 902 3408 970 epistolium.

1909 1024 1948 1077 1.
1987 1025 2158 1077 Notus
2184 1032 2265 1076 cst
2295 1020 2540 1075 Andreas
2568 1017 2982 1081 Samosatensis,
3012 1025 3125 1069 tum
3150 1014 3410 1083 objectio-

1842 1114 2003 1166 nibus
2045 1113 2262 1165 nomine
2305 1110 2663 1166 Orientalium
2704 1109 2965 1161 adversus
3010 1106 3187 1175 capita
3226 1103 3409 1174 Cyrilli

1840 1205 2000 1275 317
2041 1203 2363 1273 propositis.
2399 1212 2509 1255 tum
2544 1200 2744 1254 litteris
2775 1199 3124 1259 Theodoreti,
3156 1212 3262 1250 nou
3297 1194 3415 1247 istis

1845 1296 1985 1357 unis,
2018 1294 2111 1347 sed
2140 1293 2279 1353 aliis,
2311 1309 2445 1362 quas
2479 1293 2669 1361 quinta
2701 1289 2938 1360 synodus
2965 1296 3019 1341 et
3049 1287 3251 1340 Marius
3280 1286 3418 1337 Mcr-

1845 1395 1996 1439 cator
2038 1384 2329 1447 exhibent;
2379 1391 2491 1435 tum
2535 1381 2770 1449 denique
2822 1378 2980 1430 libris
3026 1375 3292 1429 Anastasii
3336 1373 3419 1427 Si-

1844 1480 2024 1539 naitm,
2061 1476 2154 1546 qui
2190 1476 2449 1528 nonnulla
2478 1474 2546 1527 de
2577 1473 2694 1541 ipso
2728 1472 2911 1524 refert.

1915 1568 1977 1624 ll.
2016 1569 2139 1623 Fuit
2174 1566 2421 1621 doctrina
2454 1565 2687 1618 eximius
2722 1564 2862 1615 inter
2895 1558 3189 1615 Orientalis
3220 1557 3420 1610 dimce-

1848 1660 1920 1714 sis
1945 1660 2252 1729 episcopos,
2290 1656 2391 1710 fuit
2426 1663 2481 1709 et
2520 1652 2778 1723 singulari
2812 1649 3050 1704 amicitia
3085 1663 3208 1701 cum
3238 1646 3420 1699 Theo-

1847 1749 2038 1803 doreto
2066 1748 2421 1817 conjunctus;
2450 1744 2582 1813 quin
2608 1752 2663 1795 et
2696 1740 2967 1810 particeps
2991 1753 3113 1791 cum
3142 1738 3258 1805 ipso
3281 1736 3425 1803 ejus—

158 1841 401 1911 Ερίδεοία
442 1839 533 1903 1⁷»
573 1831 1340 1919 consolqtorigﬂdﬂeﬁanam
1374 1829 1743 1886 diaconma’",
1782 1867 1820 1919 η
1848 1844 1972 1897 dem
2018 1839 2342 1896 calamitatis
2387 1838 2441 1891 in
2483 1836 2759 1906 Ephesino
2808 1830 3117 1892 latrocinio,
3158 1828 3201 1881 si
3242 1827 3422 1880 Theo-

766 1908 823 1960 in
857 1906 999 1959 obitu
1033 1903 1153 1971 ﬁlii.

219 2025 418 2094 Neque
470 2021 737 2092 temporis
784 2026 889 2081 est,
925 2030 1106 2086 neque
1154 2026 1404 2083 personae
1440 2009 1549 2064 ulla
1598 2014 1745 2069 nota,

157 2119 259 2173 nisi
290 2116 449 2187 quod
481 2131 549 2170 ex
579 2112 855 2183 adiunctis
880 2106 1149 2178 suspicari
1178 2105 1327 2167 licet,
1354 2100 1574 2155 viduam
1611 2099 1747 2152 hanc

159 2210 525 2265 Antiochense
555 2203 817 2259 Ecclesiae
850 2200 1188 2256 inserviisse.

161 2325 400 2397 Epistola
442 2324 530 2385 18,
563 2320 921 2376 consolatoria
962 2317 1032 2400 ad
1062 2313 1484 2385 Neaptofemum,
1520 2309 1575 2360 in
1606 2312 1747 2364 obitu

859 2403 1057 2441 υακητε.

223 2511 420 2580 Neque
454 2510 559 2563 ista
586 2507 760 2561 ullum
811 2503 978 2558 habet
1011 2503 1126 2557 sive
1158 2503 1443 2572 temporis,
1478 2501 1593 2555 sive
1625 2515 1748 2569 pcr-

161 2618 305 2658 sonze
340 2603 751 2656 characterem.

163 2716 409 2787 Epistola
445 2717 511 2770 l9
540 2721 598 2769 et
624 2711 714 2775 20,
738 2712 807 2765 ad
836 2708 1095 2831 Bctzsilium
1123 2716 1171 2760 et
1200 2706 1515 2777 Martyrium
1540 2704 1749 2774 presby-

906 2796 1043 2831 eros.

906 2796 1043 2833 ενοι.

230 2904 482 2973 Utraque
523 2900 772 2971 ejusdem
820 2895 1147 2968 argumenti,
1190 2894 1257 2949 de
1296 2894 1595 2948 Athanasio
1631 2907 1756 2946 ora-

168 2999 284 3047 tore
332 2990 626 3062 Egyptio;
684 2996 913 3055 utraque
964 2982 1211 3055 ejusdem
1280 2982 1395 3036 fere
1450 2982 1751 3050 temporis;

169 3090 362 3135 neutra
398 3088 587 3133 tamen
619 3084 826 3132 certam
861 3073 1027 3128 habet
1057 3079 1152 3125 aut
1180 3085 1445 3140 personae,
1482 3079 1576 3121 aut
1601 3068 1751 3131 anni,

173 3181 262 3226 aut
282 3168 579 3225 Athanasii
608 3175 815 3221 notam.

381 3277 630 3349 Epistola
655 3276 745 3340 2i,
772 3275 841 3329 ad
872 3274 1153 3329 Eusebium
1177 3271 1576 3328 Scholasticum.

242 3392 292 3444 i.
334 3389 568 3444 Certum
612 3385 829 3456 praefert
875 3385 1004 3437 anni
1050 3383 1445 3442 characterem,
1486 3379 1756 3432 incertum

172 3494 429 3551 persona:
454 3519 469 3541 ,
499 3478 624 3532 data
646 3476 793 3530 enim
823 3483 907 3528 est
941 3481 1066 3542 post
1091 3486 1336 3541 sparsam
1365 3470 1434 3524 de
1467 3486 1565 3525 sua
1593 3470 1649 3522 in
1677 3469 1757 3521 la-

176 3571 412 3625 trocinio
445 3568 722 3637 Ephesino
748 3564 1089 3635 depositione
1118 3562 1336 3625 famam,
1366 3576 1491 3616 cum
1512 3560 1758 3613 nondum

175 3662 240 3716 de
265 3678 326 3716 re
348 3666 651 3715 constaret.
682 3656 860 3723 Quare
885 3656 1124 3725 pertinet
1148 3654 1215 3708 ad
1236 3652 1365 3707 anni
1385 3652 1489 3707 M9
1512 3652 1759 3721 Septem-

175 3754 333 3809 brem
380 3761 479 3807 aut
515 3749 808 3806 Octobrem
846 3763 1113 3811 mensem,
1179 3745 1449 3816 siquidem
1488 3742 1758 3812 depositio

177 3847 296 3916 ejus
326 3843 532 3913 Ephesi
563 3840 792 3910 contigit
821 3839 911 3893 die
946 3838 1239 3893 undecima
1271 3834 1521 3906 Augusti.

242 3937 313 3991 ll.
356 3935 551 3988 Miram
603 3929 981 3985 Theodoretus
1042 3926 1284 3983 ostendit
1327 3926 1382 3980 in
1433 3932 1585 3978 tanto
1629 3937 1759 3977 casu

176 4028 346 4082 animi
388 4024 786 4087 constantiam;
823 4030 1026 4076 rectam
1075 4034 1295 4090 quoque
1334 4017 1494 4071 ﬁdem
1534 4030 1758 4085 expres-

177 4125 253 4179 sis
291 4123 569 4190 clarisque
612 4118 797 4173 verbis
835 4117 1145 4186 proﬁtetur,
1172 4116 1397 4183 vultque
1435 4113 1503 4167 de
1536 4127 1631 4166 sua
1666 4126 1758 4163 or-

180 4216 439 4271 thodoxia
477 4221 706 4268 cunctos
741 4226 837 4280 per
870 4208 1169 4263 Eusebium
1200 4206 1405 4261 doceri.

243 4308 339 4363 111.
380 4296 655 4360 Eusebius
711 4303 821 4367 ille,
859 4310 920 4355 ut
974 4300 1191 4369 opinor,
1236 4298 1340 4351 fuit
1390 4293 1760 4350 Scholasticus

177 4400 577 4460 Antiochenus,
614 4412 643 4449 a
692 4410 803 4464 quo
854 4393 1123 4447 didicerat
1173 4405 1272 4459 per
1321 4389 1567 4449 litteras,
1611 4382 1757 4452 quod

179 4494 319 4546 fama
344 4493 435 4561 jac
444 4491 609 4543 tabat.

428 4600 672 4672 Epistola
697 4599 786 4664 22,
819 4599 889 4654 ad
920 4596 1207 4668 Ulpianum
1229 4569 1485 4649 comitem.

245 4717 459 4773 Eodem
504 4715 620 4769 fere
664 4721 911 4781 tempore
952 4708 1156 4778 scripta
1197 4715 1300 4770 est,
1340 4721 1450 4775 quo
1487 4706 1551 4759 19
1581 4714 1637 4758 et
1670 4704 1757 4758 20.

180 4807 329 4863 ldetn
364 4805 516 4861 enim
558 4803 725 4858 trium
773 4809 1156 4871 argumentum
1191 4795 1260 4851 de
1299 4794 1596 4849 Athanasio
1634 4810 1761 4849 ora-

180 4904 298 4950 tore
344 4894 493 4965 apud
538 4907 598 4946 se
640 4899 907 4945 morante.
950 4888 1145 4942 Nullus
1170 4893 1256 4939 est
1290 4885 1417 4939 anni
1457 4884 1759 4938 character.

181 4984 455 5054 Ulpianus
487 4982 578 5035 ille
616 4980 721 5034 fuit
757 4978 936 5033 adhuc
964 4976 1201 5044 gentilis,
1231 4983 1289 5026 ut
1330 4975 1478 5043 cujus
1523 4971 1763 5026 laudibus

182 5077 378 5128 deesset
410 5075 668 5126 bonorum
697 5078 875 5140 caput,
905 5082 1101 5136 nempe
1132 5064 1287 5119 ﬁdes.

186 5188 427 5257 Epistola
444 5188 539 5249 23,
563 5181 1001 5257 adAriobizglam,
1021 5176 1385 5257 deprecatoria
1407 5190 1501 5245 pro
1521 5174 1765 5244 agricolis

830 5251 1125 5321 Cyresticis.

254 5378 294 5431 1.
335 5376 387 5429 Is
440 5373 555 5442 ipse
595 5380 678 5425 est
723 5365 1043 5427 Ariobinda,
1081 5363 1174 5432 qui
1223 5361 1564 5418 consulatum
1602 5360 1768 5430 gessit

188 5483 329 5521 anno
355 5466 484 5528 451,
513 5463 777 5532 cujusque
807 5458 989 5512 obitus
1018 5457 1239 5525 ponitur
1266 5469 1295 5506 a
1325 5453 1635 5507 Marcellino
1666 5453 1767 5507 sub

190 5558 477 5613 consulatu
509 5551 829 5621 Protogenis
854 5556 909 5602 et
938 5546 1159 5609 Asterii,
1196 5544 1249 5599 id
1281 5555 1364 5598 est
1396 5559 1539 5597 anno
1569 5544 1690 5598 449.

258 5645 321 5701 ll.
374 5644 516 5698 Huic
567 5641 915 5709 amplissimae
952 5636 1323 5707 possessiones
1359 5642 1517 5687 erant
1565 5633 1620 5687 in
1668 5632 1769 5705 Cy-

195 5736 389 5789 restica
421 5733 665 5803 regione,
696 5747 816 5800 qua:
842 5744 967 5784 cum
997 5727 1358 5781 calamitatem
1390 5740 1558 5794 passa:
1587 5734 1771 5778 essent

196 5827 266 5879 ab
302 5825 592 5893 iniquitate
632 5822 775 5885 coeli,
809 5830 1067 5891 precatur
1102 5817 1479 5871 Theodorctus
1515 5814 1768 5870 consula-

438 5918 710 5978 PATROL.
754 5916 870 5976 Gn.
916 5911 1224 5973 LXXXIV.

1849 1935 2015 2004 phani
2064 1931 2378 1991 credimus;
2434 1943 2545 1980 non
2604 1934 2788 1978 tamen
2837 1920 3079 1993 ejusdem
3140 1918 3303 1971 sortis
3368 1915 3425 1968 in

1848 2021 2279 2081 Cbalcedonensi
2314 2018 2548 2074 concilio
2648 2028 2798 2069 mors
2842 2013 2988 2066 enim
3018 2008 3314 2080 praevertit,
3348 2006 3423 2059 si-

1850 2117 2070 2188 quidem
2119 2131 2242 2169 cum
2288 2110 2543 2167 Patribus
2592 2107 2734 2163 sedit
2774 2105 3005 2160 Ruﬁnus
3040 2100 3428 2155 Samosatenus

1848 2187 2157 2278 episcopus.
2189 2204 2325 2257 Vide
2357 2216 2478 2270 qua:
2513 2196 2927 2254 observavimus
2951 2193 3005 2246 in
3036 2208 3073 2245 ιι
3097 2198 3250 2261 parte
3281 2187 3426 2257 Ope-

1853 2314 1973 2351 rum
1999 2296 2150 2350 Marii
2177 2291 2493 2347 Mercatoris
2527 2289 2595 2343 ad
2633 2288 2972 2357 objectiones
3002 2284 3290 2354 praedictas
3321 2281 3425 2352 Cy-

1854 2388 2074 2457 rillique
2097 2383 2500 2455 responsiones,
2521 2396 2657 2450 quas
2692 2378 2894 2432 Marius
2922 2376 3189 2431 Mercator
3218 2372 3427 2426 Latini-

1854 2488 1960 2534 tate
1994 2479 2235 2532 donavit.

1921 2568 2009 2623 ιιι.
2040 2569 2116 2622 De
2146 2576 2389 2635 tempore
2411 2566 2551 2619 data:
2575 2563 2817 2633 epistolae
2847 2559 3117 2629 conjicere
3142 2571 3250 2611 non
3277 2555 3425 2621 licet,

1854 2675 1978 2714 cum
2005 2658 2189 2712 nullus
2214 2656 2357 2711 adsit
2383 2655 2687 2709 character.

2170 2769 2423 2842 Epistula:
2452 2767 2522 2823 25
2550 2775 2605 2822 et
2632 2768 2722 2829 26,
2752 2765 3095 2819 lieortastirw.

1924 2886 2254 2941 Charactere
2284 2882 2456 2935 amba:
2496 2886 2705 2942 carent,
2741 2876 2841 2931 nisi
2881 2874 3027 2944 quod
3059 2874 3208 2943 prior
3229 2874 3430 2928 Natali-

1856 2979 1971 3033 litia
2011 2976 2145 3031 festa
2184 2973 2406 3028 indicat.

1858 3088 2096 3160 Epistola
2133 3088 2222 3148 27,
2263 3085 2333 3138 ad
2375 3081 2683 3160 Aquilinum
2727 3080 3006 3132 diaconum
3050 3089 3097 3131 et
3132 3079 3433 3130 archimart-

2556 3151 2773 3204 dritam.

1930 3268 2306 3326 Consolatoria
2344 3275 2428 3321 est
2470 3265 2526 3318 in
2561 3262 2797 3318 orbitate
2841 3260 2970 3326 ﬁlii;
3012 3258 3329 3329 spiritualis,
3364 3274 3435 3313 an

1860 3362 2160 3425 naturalis,
2190 3362 2461 3415 incertum
2499 3374 2513 3411 :
2555 3366 2749 3411 caetera
2780 3354 2984 3408 nullam
3025 3352 3191 3406 habet
3224 3359 3432 3405 notam.

1860 3454 1943 3509 An
1976 3450 2266 3521 Aquilinus
2300 3449 2389 3502 ille
2421 3454 2607 3517 postea
2640 3444 2809 3499 fuerit
2834 3442 2988 3513 Bybli
3025 3441 3323 3497 Palaestinae
3344 3455 3435 3495 or-

1860 3546 2078 3599 dinatus
2108 3543 2417 3612 episcopus,
2442 3546 2643 3592 etcum
2669 3534 3017 3588 Theodoreto
3047 3535 3101 3587 in
3129 3531 3438 3587 latrocinali

1859 3636 2066 3709 synodo
2088 3633 2387 3704 depositus,
2416 3640 2479 3685 ut
2502 3628 2696 3682 scribit
2718 3627 2981 3697 Evagrius
3004 3625 3101 3680 lib.
3137 3641 3175 3688 ι,
3200 3639 3317 3694 cap.
3346 3622 3435 3684 10.

1858 3739 1915 3785 et
1942 3728 2036 3798 qui
2065 3741 2190 3780 cum
2224 3723 2574 3778 Theodoreto
2612 3718 2938 3787 subscripsit
2977 3717 3221 3787 epistolae
3265 3714 3437 3770 sancti

1860 3817 2062 3873 Leonis
2090 3815 2157 3870 ad
2192 3813 2531 3874 Flavianum,
2572 3814 2844 3865 incertum
2884 3816 2988 3861 est.

1862 3924 2100 3999 Epistola
2133 3925 2225 3989 28,
2258 3921 2541 3992 familiaris
2584 3919 2654 3973 ad
2678 3917 2951 3999 .Jacobum
2990 3917 3347 3987 presbyterum
3386 3923 3437 3969 et

2480 3990 2813 4043 monachum.

1929 4131 2089 4186 Caret
2122 4127 2269 4183 omni
2308 4140 2535 4197 prorsus
2562 4132 2710 4177 nota.
2746 4121 2885 4177 Sunt
2909 4121 3003 4191 qui
3031 4127 3244 4191 putent,
3276 4120 3432 4175 Jaco-

1860 4224 1993 4277 bum
2029 4222 2193 4284 hunc,
2230 4218 2296 4272 ad
2329 4231 2491 4286 quem
2520 4213 2899 4267 Theodoretus
2927 4211 3138 4275 scribit,
3177 4226 3286 4265 non
3317 4224 3437 4264 esse

1864 4316 2139 4370 diversum
2171 4326 2199 4364 a
2229 4308 2433 4364 Jacobo
2472 4303 2819 4359 sanctissimo
2852 4301 3143 4363 monacho,
3172 4302 3328 4369 cujus
3352 4300 3438 4351 vi-

1861 4406 2040 4459 ventis
2058 4402 2293 4471 elogium
2319 4396 2628 4467 composuit
2646 4395 2701 4448 in
2720 4393 3011 4454 Philotheo,
3030 4406 3303 4460 quemque
3326 4404 3439 4443 mo-

1794 4534 1838 4587 Β
1867 4497 2013 4552 riens
2061 4491 2412 4563 superstitem
2457 4478 2679 4555 reliquit
2721 4504 2732 4537 :
2774 4500 2922 4544 nam,
2970 4482 3243 4551 inquiunt,
3279 4486 3334 4533 et
3371 4478 3437 4532 ad

1868 4602 2029 4657 quem
2078 4582 2357 4646 scribitur,
2395 4589 2451 4634 et
2480 4578 2572 4649 qui
2620 4575 2900 4638 laudatur,
2934 4572 3220 4642 presbyter
3249 4569 3351 4623 fuit
3385 4574 3439 4622 et

1866 4675 2185 4731 monachus.
2205 4673 2405 4728 Verum
2434 4670 2528 4739 qui
2556 4666 2819 4723 attentius
2836 4663 3072 4734 elogium
3093 4662 3307 4731 legerit,
3330 4675 3437 4713 non

1866 4767 2197 4823 assentietur
2220 4764 2411 4835 procul
2440 4762 2609 4815 dubio
2643 4758 2869 4820 dicenti,
2898 4771 3024 4809 eum
3049 4754 3141 4823 qui
3166 4752 3438 4813 laudatur,

1867 4859 2034 4913 fuisse
2062 4838 2301 4926 unquam
2339 4854 2742 4923 presbyterum.
2771 4849 2904 4903 Nam
2935 4847 3079 4916 quod
3110 4845 3313 4899 dicitur
3346 4845 3442 4898 Ni-

1868 4950 2060 5005 sibeno
2089 4949 2257 5003 fuisse
2293 4945 2552 5015 ὁμότιμος
2587 4943 2679 4993 καὶ
2716 4940 3039 5009 ὁμότροπος,
3065 4952 3174 4991 non
3205 4938 3444 5006 pertinet

1868 5042 1934 5097 ad
1976 5056 2165 5110 parem
2210 5039 2266 5092 in
2292 5036 2536 5091 Ecclesia
2582 5035 2924 5104 dignitatem,
2961 5029 3275 5101 (Nisibenus
3298 5027 3443 5079 enim

1868 5134 1971 5189 fuit
1998 5129 2336 5202 episcopus),
2358 5128 2451 5182 sed
2492 5126 2560 5180 ad
2603 5125 2747 5179 idem
2786 5122 2967 5177 laudis
3000 5119 3277 5181 meritum,
3312 5132 3445 5185 pro-

1870 5237 1991 5295 pter
2012 5222 2267 5278 eumdem
2297 5217 2603 5275 sanctitatis
2633 5215 2874 5269 modum.

2010 5336 2247 5408 Epistola
2278 5334 2367 5397 29,
2397 5331 2827 5387 commendatitia
2853 5329 2921 5382 ad
2945 5327 3313 5397 Apenioncm..

1942 5453 1981 5505 1.
2024 5450 2307 5520 Temporis
2347 5458 2477 5502 nota
2526 5444 2813 5499 manifesta
2860 5452 2962 5507 est,
2996 5441 3190 5511 partim
3231 5455 3297 5494 ex
3328 5439 3449 5492 aliis

1871 5557 1966 5596 sex
2004 5537 2469 5608 consequentibus
2506 5537 2725 5599 litteris,
2767 5548 2998 5604 quarum
3041 5531 3185 5585 idem
3231 5539 3315 5585 est
3356 5546 3447 5583 ar-

1872 5639 2211 5701 gumentum,
2258 5628 2512 5696 idemque
2557 5636 2798 5695 tempus;
2841 5623 3038 5693 partim
3070 5638 3138 5675 ex
3176 5603 3445 5690 personis,

1874 5720 1939 5774 ad
1970 5735 2106 5788 quas
2136 5717 2411 5771 nonnullae
2449 5716 2665 5784 scriptae
2696 5724 2841 5767 sunt.

1947 5813 2010 5865 ll.
2051 5809 2519 5865 Commendatitize
2562 5818 2687 5861 sunt
2726 5821 2916 5860 omnes
2954 5804 3019 5858 ad
3060 5803 3264 5857 amicos
3335 5800 3451 5855 sive

3024 5898 3058 5955 9
