4228 6446
838 406 940 467 267

1967 407 2340 465 GARNERH
2384 407 2870 466 DISSERTATIO
2910 409 2988 465 ll.

3984 409 4087 470 263

841 514 997 579 alios,
1036 528 1176 584 quos
1219 514 1593 568 Theodoretus
1634 514 1892 567 admonet
1923 514 2413 568 commiserationis
2447 528 2481 575 ,\
2520 515 2751 584 Epistula
2798 515 2893 577 52,
2940 515 3363 568 contumulatitia
3402 515 3471 567 ad
3513 514 3849 567 Tlteortistum
3886 514 4087 570 Bera’c

842 608 895 658 in
935 605 1267 659 sublevanda
1302 615 1539 674 egestate
1570 605 1857 660 Celestiaci
1894 605 2094 660 nobilis
2126 605 2405 674 Carthagi-

842 696 1069 758 uiensis,
1099 695 1193 763 qui
1231 704 1400 764 "capta
1453 712 1482 750 a
1515 692 1810 751 Gbnserico
1847 696 2174 766 Carthagine
2216 706 2412 749 exutus

840 786 1064 853 opibus,
1109 794 1162 838 et
1211 801 1336 838 cum
1382 801 1478 839 sua
1524 798 1702 840 tamen
1754 796 1864 841 tota
1919 788 2120 842 familia
2164 788 2410 842 exsulare

839 887 1059 931 (ειιαρῐιιε
1098 890 1199 931 (³31..

907 970 1072 1039 318
1106 971 1193 1024 ill.
1245 972 1473 1025 Venerat
1521 970 1629 1033 ille,
1680 982 1739 1025 ut
1785 973 2020 1036 videtur,
2066 970 2265 1042 Cyrum
2314 986 2412 1039 per

836 1058 1121 1129 Egyptum
1152 1069 1205 1113 et
1236 1061 1554 1122 Phoenicen,
1594 1060 1863 1132 Cyroque,
1888 1062 2099 1125 Bercea,
2136 1062 2326 1116 Emesa
2355 1069 2411 1113 et

837 1152 1124 1206 Antiochia
1171 1152 1372 1222 Tyrum
1419 1153 1712 1222 cogitabat,
1744 1164 1803 1208 ut
1841 1154 1990 1208 illinc
2019 1153 2234 1208 solvens
2262 1152 2408 1207 Con-

837 1242 1244 1311 stantinopolim
1275 1255 1541 1314 pergeret,
1582 1245 1925 1315 imperatoris
1954 1260 2111 1315 Opem
2150 1244 2408 1314 implora—

838 1341 1011 1386 turus.

891 1423 991 1479 'lV.
1023 1421 1142 1489 Quo
1180 1432 1426 1495 tempore
1467 1426 1589 1479 data
1628 1425 1717 1488 sit,
1754 1425 2143 1495 disputandum
2176 1442 2299 1480 eum
2340 1426 2407 1479 il-

824 1513 1163 1569 lustrissimo
1200 1516 1489 1571 Annalium
1538 1518 1827 1586 scriptore,
1861 1534 1981 1571 eam
2017 1517 2227 1572 scilicet
2263 1517 2407 1572 refe-

844 1614 995 1659 rente
1034 1614 1148 1659 toto
1174 1607 1284 1662 fere
1311 1608 1533 1662 biennio
1562 1611 1724 1664 citius
1756 1626 1917 1679 quam
1944 1617 2185 1679 oportet,
2212 1626 2408 1679 nempe

834 1694 901 1747 ad
938 1710 1141 1750 annum
1186 1697 1309 1751 MO.
1347 1697 1437 1752 Sic
1464 1708 1643 1752 autem
1684 1699 2042 1752 ratiocinatur
2076 1717 2087 1751 :
2118 1698 2285 1767 Capta
2325 1706 2408 1752 est

832 1786 1104 1857 Carthago
1138 1788 1421 1844 Gcnserici
1454 1799 1571 1844 astu
1609 1806 1752 1844 anno
1777 1792 1899 1855 439,
1933 1802 2118 1844 mense
2151 1789 2403 1856 Octobri;

3141 585 3455 654 episcopum.

2581 694 2834 762 Ejusdem
2871 696 3076 764 pariter
3110 696 3415 765 argumenti
3447 704 3502 749 et
3540 688 3818 765 temporis.
3856 694 4084 750 Succes-

2511 784 2581 837 sit
2618 784 2968 840 Theoctistus
3011 786 3211 839 Acacio
3260 801 3404 840 anno
3452 786 3553 839 457
3614 796 3710 839 aut
3758 784 3881 849 458,
3920 784 4088 854 319

2512 883 2583 933 ut.
2612 882 2798 944 postea
2842 875 3307 930 demoustrabitur
3334 875 3401 928 °°.
3444 875 3542 929 Est
3587 875 3654 929 de
3698 876 3815 944 ejus
3859 873 4085 927 ordina-

2512 966 2659 1019 tione
2696 967 3151 1036 eongratulatoria
3183 968 3200 987 ‘
3237 966 3303 1020 ad
3346 966 3664 1021 Berteenses
3704 967 3932 1020 clericos
3968 963 4087 1032 epi-

2511 1056 2651 1110 stola
2689 1057 2755 1109 37
2782 1056 2847 1110 “.
2875 1056 2957 1110 Ad
2994 1057 3248 1110 eumdem
3278 1064 3364 1111 est
3390 1058 3553 1110 etiam
3581 1057 3811 1126 epistola
3844 1056 3968 1118 154,
3997 1055 4085 1107 in-

2509 1148 2813 1217 crepatoria
2839 1148 2910 1202 ob
2934 1148 3236 1218 neglectam
3261 1149 3516 1203 amicitia:
3540 1149 3735 1219 legem,
3758 1148 3825 1201 de
3848 1162 3956 1216 qua
3982 1161 4084 1200 suo

2509 1238 2650 1292 loco.
2703 1239 2955 1294 interfuit
2999 1239 3232 1294 concilio
3287 1239 3717 1295 Chalcedonensi
3764 1253 3907 1292 anno
3952 1238 4080 1300 45L

2509 1328 2833 1397 subscripsit
2904 1330 3147 1399 epistolae
3209 1330 3591 1399 episcoporqu
3661 1329 3849 1397 primae
3912 1326 4084 1398 Syria:

2510 1430 2652 1469 anno
2684 1414 2807 1469 458.
2883 1416 2885 1419 ’

2510 1528 2747 1598 Epistola
2788 1528 2876 1592 33,
2913 1529 3340 1610 commendatitia
3387 1530 3455 1582 ad
3500 1528 3787 1584 Stasimum
3837 1530 4079 1581 comitem

3107 1608 3156 1652 et
3190 1608 3492 1668 primatem.

2578 1711 2833 1782 Ejusdem
2874 1728 2997 1766 cum
3030 1711 3463 1781 praecedentibus
3499 1713 3803 1784 argumenti
3845 1721 3900 1766 et
3940 1723 4079 1765 tem-

2508 1801 2674 1870 poris.
2703 1800 2835 1867 Quis
2865 1816 3030 1871 porro
3065 1801 3333 1855 Stasimus
3364 1803 3548 1866 fuerit,
3577 1808 3633 1856 et
3658 1804 3815 1871 cujus
3842 1802 4083 1856 civitatis

822 1879 989 1946 rejecti
1037 1896 1164 1933 mox
1208 1881 1439 1943 nobiles,
1482 1882 1573 1950 qui
1619 1882 1825 1936 servire
1861 1882 2066 1936 nollent
2112 1881 2169 1965 in
2207 1859 2477 1951 patria.’B
2508 1894 2735 1962 primas,
2771 1894 3043 1965 conjicere
3079 1910 3189 1948 ηοιι
3216 1894 3377 1961 licet;
3415 1894 3635 1965 Tyrinc,
3662 1912 3729 1949 ειη
3755 1895 3986 1955 Επιεεω,
4011 1910 4081 1947 ειη

830 1969 1032 2024 l-Iorum
1068 1988 1210 2025 unus
1246 1973 1347 2026 fuit
1383 1972 1736 2034 Celestiacus,
1769 1974 1861 2042 qui
1891 1989 2014 2026 cum
2049 1973 2100 2026 in
2125 1964 2402 2028 Orientem

834 2063 1058 2132 fugisset
1084 2081 1227 2118 anno
1254 2073 1538 2135 sequente,
1572 2065 1665 2133 qui
1707 2065 1829 2127 440,
1862 2064 2063 2135 Cyrum
2103 2064 2272 2128 venit,
2313 2064 2405 2118 lit—

834 2162 1086 2225 lerasque
1132 2156 1421 2211 discedens
1471 2172 1499 2209 a
1545 2155 1890 2210 Theodoreto
1936 2155 2405 2209 commendatitias

832 2249 896 2303 ad
930 2248 1134 2302 amicos
1171 2249 1221 2301 in
1253 2247 1339 2301 via
1375 2248 1583 2317 positos
1613 2247 1842 2315 accepit.

902 2342 1102 2395 Verum
1132 2341 1247 2395 haec
1274 2341 1413 2394 ratio
1437 2341 1737 2395 consistere
1762 2356 1870 2394 non
1899 2348 2077 2410 potest
2103 2357 2116 2392 :
2147 2338 2241 2393 sed
2268 2338 2399 2391 alte-

834 2450 952 2488 rum
984 2435 1093 2503 jam
1131 2450 1332 2487 annum
1372 2433 1427 2486 in
1470 2431 1907 2486 circumferenda
1949 2448 2046 2486 sua
2088 2430 2402 2485 infelicitate

830 2525 1163 2579 Celestiacus
1206 2531 1481 2592 posuerat,
1521 2539 1646 2578 eum
1686 2523 1836 2578 venit
1873 2522 2095 2595 Cyrum,
2136 2522 2401 2578 obtinuit-

830 2631 937 2683 quc
982 2614 1193 2667 litteras
1224 2629 1254 2665 a
1288 2612 1636 2667 Theodoreto
1668 2630 1679 2665 :
1714 2628 1855 2666 unus
1887 2613 2034 2666 enim
2075 2612 2399 2676 amicorum,

832 2723 970 2774 quos
998 2708 1062 2760 ad
1086 2705 1369 2759 levandam
1395 2704 1680 2759 Celestiaci
1706 2704 1981 2758 miseriam
2004 2704 2203 2757 litteris
2231 2704 2405 2757 Theo-

832 2796 1055 2848 dorctus
1091 2794 1429 2855 hortabatur,
1462 2793 1704 2847 Domnus
1737 2792 1843 2846 fuit
1869 2792 2093 2847 Joannis
2124 2793 2176 2844 in
2212 2792 2401 2845 Antio-

833 2886 1005 2940 t-hena
1051 2887 1179 2942 sede
1225 2888 1507 2938 successor
1545 2902 1557 2937 :
1600 2884 1750 2953 atqui
1799 2884 2037 2937 Joannes
2080 2883 2216 2936 obiit
2261 2898 2404 2937 anno

832 2976 1095 3031 duntaxat
1128 2975 1229 3030 440
1267 2976 1482 3039 affecto,
1514 2985 1607 3029 aut
1637 2976 1799 3029 etiam
1832 2976 1959 3028 anni
1992 2975 2272 3044 sequentis
2297 2976 2403 3029 ini-

833 3066 946 3132 tio;
980 3076 1036 3121 et
1057 3064 1437 3121 Theodoretus
1462 3067 1670 3121 Domno
1700 3068 1911 3131 scribit,
1936 3076 1997 3121 ut
2020 3068 2128 3137 jam
2155 3068 2403 3136 aliquan—

835 3160 930 3213 diu
962 3159 1014 3213 in
1052 3159 1179 3213 sede
1208 3159 1532 3222 constituto;
1570 3158 1787 3228 scripsit
1814 3159 1975 3229 igitur
2002 3175 2145 3213 anno
2172 3159 2295 3213 442.

907 3253 1144 3322 Tempus
1176 3268 1341 3322 porro
1375 3269 1485 3321 quo
1523 3252 1760 3307 Joannes
1798 3253 1952 3315 obiit,
1978 3269 2043 3307 ex
2076 3269 2142 3308 eo
2174 3254 2401 3309 demon-

835 3356 1040 3406 stratur
1067 3365 1079 3399 :
1112 3346 1269 3399 Anno
1299 3346 1402 3400 “8
1439 3346 1686 3401 scribens
1723 3346 2098 3401 Thcodoretus
2122 3347 2401 3410 Dioscoro,

834 3436 912 3490 ait
949 3436 1096 3490 hunc
1141 3452 1344 3491 annum
1384 3452 1504 3491 esse
1551 3438 1842 3506 septimum
1881 3454 1910 3491 a
1949 3438 2143 3492 Domni
2186 3438 2407 3493 ordina-

836 3528 984 3582 tione
1010 3545 1025 3592 ;
1054 3527 1340 3581 ordinatus
1368 3534 1450 3581 est
1477 3525 1644 3596 igitur
1667 3528 1908 3581 Domnus
1934 3544 2077 3583 anno
2106 3530 2228 3582 441.

905 3618 968 3672 V.
1006 3618 1084 3671 Ex
1123 3618 1210 3671 his
1242 3626 1473 3681 constat,
1511 3618 1794 3688 epistolam
1836 3619 1901 3673 ad
1939 3619 2298 3688 Apellionem,
2339 3619 2405 3673 dc

835 3722 943 3777 qua
984 3722 1132 3760 nunc
1173 3707 1372 3777 agitur,
1406 3708 1660 3776 scriptam
1693 3724 1832 3771 esse,
1867 3708 2009 3762 sicut
2046 3716 2103 3762 et
2140 3707 2272 3762 alias
2311 3723 2407 3762 sex

836 3807 1147 3867 sequentes,
1180 3813 1324 3851 anno
1355 3798 1478 3852 442.
1514 3796 1714 3853 Omnes
1755 3801 1900 3853 enim
1953 3814 2059 3851 una
2102 3797 2240 3851 data:
2281 3806 2408 3851 sunt

838 3888 1042 3943 infelici
1075 3889 1273 3958 hospiti
1302 3890 1545 3944 abeunti.

908 3983 991 4037 Vl.
1030 3981 1164 4047 Quis
1195 3982 1287 4035 ille
1316 3981 1479 4034 fuerit
1508 3982 1734 4050 Apellio,
1759 3980 1989 4035 definire
2012 3996 2118 4033 non
2148 3994 2364 4049 possum
2391 3998 2403 4032 :

840 4075 941 4129 fuit
984 4074 1122 4129 forte
1182 4074 1433 4127 eruditus
1471 4075 1668 4143 aliquis
1706 4082 2005 4143 potensque
2040 4073 2143 4136 vir,
2172 4083 2265 4127 aut
2298 4072 2410 4126 An-

822 4167 1073 4229 tiochiae,
1105 4176 1198 4220 aut
1234 4165 1439 4220 Beroeaa
1476 4165 1747 4219 habitans.

846 4255 1078 4324 Epistola
1114 4255 1213 4321 30,
1263 4256 1331 4309 ad
1370 4256 1585 4309 Aeriam
1633 4258 1919 4326 saphistam
1957 4256 2405 4308 commendatitia.

908 4345 949 4398 l.
993 4345 1245 4414 Ejusdem
1296 4342 1559 4413 temporis
1598 4353 1655 4397 et
1696 4342 1998 4412 argumenti
2043 4356 2167 4396 cum
2204 4355 2408 4410 praece-

837 4434 1022 4497 dente,
1055 4434 1124 4488 ad
1161 4434 1311 4489 hunc
1337 4433 1559 4488 Aerium
1590 4443 1674 4488 est
1702 4434 1932 4503 epistola
1960 4434 2048 4497 66,
2075 4448 2181 4503 qua
2213 4432 2406 4486 invita—

840 4540 930 4582 tur
950 4526 1017 4580 ad
1039 4527 1278 4582 encaenia
1300 4526 1487 4596 templi
1507 4526 1876 4596 apostolorum
1898 4524 2023 4597 Cyri
2048 4524 2372 4579 celebranda
2394 4540 2406 4575 :
2444 4535 2486 4589 ο

841 4636 960 4690 qua:
988 4634 1073 4673 me
1100 4635 1189 4674 res
1218 4626 1425 4682 monet,
1461 4628 1522 4672 ut
1558 4618 1845 4687 conjiciam
1872 4617 2038 4672 fuisse
2068 4618 2246 4670 virum
2273 4632 2409 4685 quo-

840 4727 946 4781 que
964 4710 1241 4764 eruditum
1259 4711 1461 4773 ,civem
1486 4707 1688 4764 Berteae
1711 4708 1898 4778 paucis
1923 4707 2248 4761 milliaribus
2269 4706 2409 4777 Cyro

841 4801 1109 4857 distantis.
2364 4806 2367 4807 '

912 4893 974 4947 11.
1013 4893 1297 4962 Templum
1326 4906 1492 4961 porro
1515 4890 1907 4959 apostolorum,
1930 4888 1996 4941 de
2022 4902 2131 4956 quo
2170 4886 2228 4940 fit
2256 4902 2409 4940 men-

846 4987 940 5050 tio,
987 4985 1207 5039 videtur
1251 4982 1399 5036 aliud
1450 4982 1518 5036 ab
1571 4997 1657 5044 eo,
1702 4979 1847 5051 quod
1899 4978 2160 5032 suadente
2210 4977 2413 5033 Jacobo

844 5076 1223 5130 Theodoretus
1246 5074 1531 5137 exstruxit,
1556 5082 1611 5126 et
1637 5072 1692 5126 in
1719 5086 1827 5140 quo
1851 5068 2133 5138 depositus
2157 5076 2241 5122 est
2266 5084 2414 5122 com-

845 5170 995 5222 muni
1027 5184 1149 5221 eum
1182 5167 1387 5221 Jacobo
1421 5165 1691 5235 sepulcro.
1724 5162 1857 5217 Vide
1883 5168 2047 5230 caput
2071 5160 2135 5213 21
2168 5159 2413 5213 Historite

846 5258 1119 5328 religiosw.

850 5345 1087 5414 Epistula
1124 5345 1214 5408 3|,
1254 5342 1696 5414 commendatitiai
1725 5340 1795 5393 ad
1830 5340 2091 5393 Damnum
2133 5338 2413 5393 Antioche-

1367 5415 1584 5465 chenum
1618 5413 1932 5482 episcopum.

916 5505 1169 5577 Ejusdem
1217 5513 1273 5557 et
1317 5502 1623 5572 argumenti
1669 5511 1725 5555 et
1776 5499 2055 5569 temporis.
2093 5499 2170 5553 De
2208 5499 2418 5553 Domno

848 5596 1051 5651 dictum
1076 5595 1208 5650 satis
1241 5594 1292 5647 in
1318 5594 1437 5647 Vita
1469 5590 1821 5648 Theodoreti.

2507 1984 2746 2038 civitatis
2794 1985 3027 2056 alicujus
3072 1994 3168 2040 aut
3226 1994 3431 2041 tractus
3480 1986 3727 2051 alterius,
3768 2001 3866 2055 per
3912 2000 4080 2054 quem

2504 2076 2837 2132 Cclestiacus
2873 2078 3168 2134 transiret?

2504 2189 2743 2258 Epistola
2777 2190 2866 2255 54,
2906 2192 3331 2246 commendatitia
3375 2194 3445 2246 ad
3479 2193 3771 2248 Patricium
3814 2194 4078 2246 comitem.

2573 2304 2775 2358 lterum
2815 2305 3059 2374 ejusdem
3095 2307 3403 2377 argumenti
3434 2316 3487 2362 et
3522 2307 3803 2377 temporis.
3832 2307 3998 2374 Quid,
4034 2308 4082 2361 si

2503 2395 2772 2449 Patricius
2810 2396 2900 2450 ille
2942 2411 3126 2451 comes
3169 2396 3334 2452 fuerit
3372 2398 3666 2467 provincia:
3700 2400 3950 2469 alicujus,
3978 2415 4081 2468 per

2503 2501 2664 2555 quam
2692 2487 3084 2541 transeundum
3115 2498 3235 2543 erat
3268 2488 3569 2544 Celestiaco
3594 2489 3795 2561 Tyrum
3831 2488 4083 2558 petenti?

2505 2574 2918 2630 Transeundum
2959 2586 3107 2632 certe
3146 2578 3251 2632 fuit
3288 2595 3387 2649 per
3424 2589 3711 2649 utramque
3741 2580 4082 2635 thniciam

2504 2675 2558 2721 et
2588 2666 2799 2738 Syriam
2832 2668 3063 2737 primam
3109 2686 3122 2721 :
3170 2685 3296 2723 nam
3347 2670 3402 2722 in
3449 2670 3605 2742 Syria
3648 2670 3821 2740 prima
3856 2670 4085 2725 fuerunt

2502 2756 2789 2810 Antiochia
2829 2765 2887 2811 et
2929 2758 3148 2825 Beroea;
3203 2759 3256 2813 in
3289 2760 3568 2815 Phtenicia
3603 2760 3818 2825 Libani,
3848 2762 4081 2827 Emesa;

2504 2844 2559 2897 in
2591 2846 2851 2901 extremis
2881 2847 3081 2903 ﬁnibus
3110 2851 3337 2904 alterius
3367 2852 3658 2908 Phtenicite
3688 2854 3882 2924 Tyrus.

2612 2956 2848 3027 Epistola
2879 2959 2967 3022 55,
3005 2963 3431 3042 commendatitia
3467 2967 3536 3017 ad
3566 2966 3828 3021 Irenaeum
3854 2968 3977 3022 Turi

3122 3048 3439 3102 eptsCOpum.

2576 3140 2650 3194 De
2699 3150 2962 3211 tempore,
2999 3153 3318 3214 argumento
3366 3153 3422 3198 et
3465 3161 3698 3215 persona
3744 3159 3979 3205 constat.
4024 3152 4085 3206 Id

2507 3249 2673 3287 unum
2696 3234 3121 3299 observandum,
3140 3236 3404 3293 Irenmum
3428 3249 3555 3294 ante
3576 3255 3778 3294 annum
3795 3243 3897 3296 442
3914 3243 4087 3298 fuisse

2506 3321 2817 3376 ordinatum
2846 3344 2857 3375 :
2882 3324 2976 3378 sed
3004 3340 3113 3394 quo
3135 3326 3359 3382 definite
3389 3337 3633 3398 tempore
3652 3330 3677 3382 Ἰ

2509 3432 2744 3503 Epistola
2779 3434 2866 3500 36,
2899 3436 3325 3521 commendatitia
3357 3440 3426 3493 ad
3453 3440 3836 3512 Pompeianum
3867 3443 4089 3499 Emesa-

3070 3523 3197 3560 num
3236 3526 3551 3581 episcopum.

2578 3617 2617 3669 l.
2656 3617 2918 3671 Eumdcm
2954 3617 3314 3674 Cclestiacum
3358 3621 3691 3692 Pompeiano
3733 3628 4088 3684 commendat

2507 3707 2699 3761 eodem
2735 3718 2839 3763 tem
2846 3724 2997 3779 pore.

2578 3799 2643 3853 ll.
2687 3799 2964 3854 Successit
3005 3801 3368 3871 Pompeianus
3413 3805 3615 3870 Paulo,
3664 3809 3758 3876 qui
3802 3811 4089 3880 negotium

2508 3890 2658 3959 pacis
2699 3892 2842 3945 inter
2870 3891 3143 3947 Ecclesias
3182 3897 3412 3965 peregit.
3452 3898 3693 3952 Decessit
3732 3900 3955 3967 Uranio,
3988 3905 4091 3973 qui

2510 3982 2741 4036 concilio
2775 3982 3204 4039 Chalcedonensi
3242 3986 3492 4041 interluit
3526 4004 3671 4043 anno
3708 3991 3830 4054 451,
3864 4000 3919 4047 et
3954 3994 4092 4047 sub-

2510 4074 2728 4143 scripsit
2752 4060 3066 4147 synodicam
3085 4077 3379 4132 Phoenicia:
3399 4078 3726 4135 Libanitidis
3748 4083 3816 4137 ad
3841 4083 4089 4139 Leonem

2511 4167 2891 4235 imperatorem
2922 4184 3066 4222 anno
3094 4169 3216 4223 458.

2545 4277 2787 4348 Epistola
2820 4279 2908 4342 37,
2939 4257 3260 4333 salutatoria
3302 4281 3371 4334 ad
3404 4279 3718 4337 Sallustium
3747 4285 4051 4354 praesidem.

2581 4390 2801 4444 Nullum
2848 4389 3012 4445 habet
3049 4392 3424 4448 characterem
3462 4397 3743 4465 temporis.
3791 4396 4094 4453 Sallustius

2514 4479 2615 4533 fuit
2651 4495 2854 4549 prmses
2888 4480 3286 4549 Euphratensis
3332 4485 3661 4552 provinciae,
3701 4487 3798 4541 sed
3840 4490 4092 4544 nondum

2513 4569 2875 4636 Christianus,
2907 4579 2969 4626 ut
2997 4588 3063 4627 ex
3090 4573 3320 4642 epistola
3354 4574 3698 4645 intelligitur.

2931 4684 3174 4755 Epistola
3208 4686 3297 4750 38,
3325 4688 3662 4743 heortastica.

2587 4794 2816 4849 Videtur
2847 4795 2994 4860 data,
3020 4812 3130 4866 quo
3161 4807 3404 4868 tempore
3429 4800 3807 4858 Theodoretus
3837 4806 4093 4861 contine-

2519 4885 2680 4939 batur
2724 4885 3019 4958 Cyresticis
3065 4887 3285 4943 finibus.
3340 4891 3653 4947 Paschalem
3696 4909 3755 4949 se
3801 4897 4097 4954 manifeste

2518 4977 2720 5044 prodit.

2929 5068 3173 5139 Epistula
3208 5069 3297 5133 59,
3331 5072 3665 5128 heartastica.

2595 5179 2796 5235 Eodem
2826 5190 3071 5251 tempore
3096 5188 3151 5236 et
3172 5182 3227 5237 in
3257 5182 3450 5238 eodem
3478 5184 3618 5241 festo
3646 5187 3790 5243 data.

2557 5293 2795 5363 Epistola
2833 5295 2923 5359 40,
2958 5296 3273 5349 heortastica
3314 5298 3383 5349 ad
3422 5297 3746 5354 Theodorum
3781 5303 4067 5361 vicarium.

2591 5406 2796 5462 Eodem
2844 5416 2900 5463 et
2942 5423 3087 5462 anno
3131 5417 3186 5462 et
3228 5407 3368 5463 festo
3414 5412 3615 5481 scripta
3651 5420 3755 5478 est,
3794 5429 3860 5469 ac
3896 5432 4107 5485 praece-

2521 5498 2713 5552 dentes
2758 5497 2897 5554 duae.
2951 5498 3277 5552 Theodorus
3327 5499 3531 5556 dicitur
3571 5504 3791 5572 quidem
3834 5505 4103 5565 vicarius.

2526 5589 2621 5645 sed
2661 5591 2817 5661 cujus
2854 5589 3190 5646 diteceseos?
3219 5588 3415 5645 Annon
3451 5592 3683 5659 Asianze,
3714 5609 3836 5663 qute
3874 5596 4105 5666 propius

2202 5702 2514 5759 SCHULZII
2557 5703 2786 5761 ΝΟΤᾸΞ.

922 5826 965 5856 ⁶⁰
998 5824 1115 5880 \‘id.
1157 5834 1271 5880 not.
1294 5824 1361 5879 ad
1384 5825 1550 5895 epist.
1569 5824 1657 5879 75.
1735 5824 1773 5855 ⁶¹
1805 5822 2045 5889 Epistula
2084 5831 2168 5875 est
2197 5822 2281 5875 75.
