4228 6446
184 397 286 462 269

1354 399 1447 457 DF.
1491 399 1739 457 [1111113
1776 398 2281 461 THEODORETI.

3333 404 3437 469 270

180 512 333 566 abest
380 511 450 562 ab
498 511 904 579 Eupltratesia?
955 510 1159 564 Deinde
1210 528 1393 565 annon
1444 511 1767 565 Theodorus
1803 525 1836 572 Α
1871 511 2180 566 accensitus
2224 513 2446 568 circiter
2491 528 2693 567 annum
2736 512 2866 576 445,
2911 511 3067 581 321
3118 529 3277 581 quam
3333 515 3437 584 ipsi

181 603 266 653 ille
300 611 405 657 est.
438 602 537 669 qui
578 612 634 655 et
679 601 1057 669 praefecturam
1100 602 1256 655 urbis
1299 602 1459 670 regite
1493 602 1680 671 gessit,
1712 611 1766 653 ct

182 706 323 743 unus
348 691 456 743 fuit
491 712 520 745 e
546 692 828 759 judicibus
851 692 1014 761 320
1037 692 1105 746 ab
1134 692 1464 761 imperatore
1494 693 1673 747 missis
1698 692 1762 745 ad

178 782 479 835 concilium
502 782 985 837 Cbalcedonense?
1006 783 1062 837 ld
1086 797 1196 836 non
1222 792 1426 837 temere
1448 785 1573 853 quis
1593 783 1767 850 suspi-

177 886 331 927 catus
390 875 593 937 fuerit,
649 875 743 944 qui
807 874 1212 937 observaverit,
1263 875 1507 929 delectos
1556 874 1767 945 judiccs

179 982 374 1035 magna
404 983 472 1020 ex
501 976 655 1034 parte
680 966 1013 1021 Theodoreti
1038 967 1315 1020 studiosos
1345 965 1528 1019 fuisse.

354 1078 605 1147 Epistola
640 1078 729 1139 41,
760 1079 1077 1130 Iteortastica
1112 1077 1182 1129 ad
1213 1075 1588 1131 Claudinnum.

238 1190 279 1243 1.
317 1190 445 1243 Non
473 1189 706 1243 obseura
734 1198 817 1241 est
845 1186 1107 1255 temporis
1136 1196 1285 1251 nota,
1315 1188 1585 1256 siquidem
1618 1204 1767 1242 men-

176 1281 251 1334 tio
286 1279 351 1334 ῆι
385 1280 629 1349 ingentis
670 1288 832 1333 terra:
866 1286 1068 1340 motus,
1106 1289 1160 1333 et
1187 1278 1606 1348 irrumpentium
1639 1279 1766 1332 bar-

174 1371 441 1422 barorum
480 1386 493 1420 :
527 1378 823 1436 utrumque
869 1381 1001 1419 vero
1046 1367 1276 1436 contigit
1316 1384 1458 1421 anno
1499 1368 1622 1432 447,
1656 1384 1766 1436 quo

172 1477 320 1514 anno
356 1470 509 1514 totus
542 1459 656 1513 lere
689 1458 841 1512 orbis
874 1465 1030 1510 terra:
1068 1466 1218 1510 motu
1253 1474 1553 1511 concussus
1581 1470 1683 1521 est,
1712 1468 1766 1513 et

173 1553 380 1605 multas
416 1551 589 1604 Attila
630 1548 873 1605 Orientis
920 1550 1232 1619 provincias
1268 1549 1522 1610 vastavit,
1558 1552 1763 1618 coegit-

171 1660 278 1711 que
313 1641 695 1696 Theodosium
735 1640 1123 1709 imperatorem
1160 1641 1366 1695 tributo
1399 1656 1587 1710 pacem
1624 1642 1765 1696 redi-

172 1748 347 1786 mere.
379 1730 594 1799 Scripta
624 1729 791 1799 igitur
815 1729 965 1783 credi
994 1736 1174 1799 potest
1199 1737 1322 1798 post
1353 1730 1497 1784 diem
1530 1732 1762 1785 natalem

170 1823 382 1878 Christi
411 1837 558 1875 anno
586 1822 708 1875 447.

238 1916 308 1969 11.
348 1914 469 1969 [loc
506 1928 652 1967 anno
682 1913 911 1967 Proclus
938 1912 1074 1967 obiit
1103 1912 1193 1967 die
1222 1913 1291 1967 24
1317 1911 1762 1982 Octobris,-post-

170 2022 340 2076 quam
374 2005 714 2059 interfuisset
740 2004 1014 2073 stupendo
1041 2005 1329 2068 miraculo,
1358 2004 1503 2073 quod
1534 2004 1761 2074 Trisagii

171 2098 531 2167 postmodum
561 2097 891 2152 decantandi
921 2111 1138 2150 causam
1172 2096 1319 2150 fecit.

236 2189 332 2243 111.
387 2188 565 2254 Quem
613 2186 977 2241 Claudianutn
1009 2188 1051 2217 δ’
1098 2187 1421 2256 inscriptum
1466 2184 1764 2255 praeferunt

171 2297 305 2335 mss.
343 2281 570 2335 codices
610 2288 774 2348 atque
815 2278 988 2333 editio
1029 2278 1329 2341 Sirmondi,
1375 2276 1761 2331 Sallustianum

171 2380 330 2427 vocat
357 2371 631 2426 Baronius
669 2372 737 2424 ad
767 2387 971 2425 annum
1000 2371 1122 2433 446,
1149 2385 1257 2439 quo
1286 2384 1430 2423 anno
1472 2369 1764 2439 contigisse

169 2467 433 2536 opinatur
464 2464 741 2533 ingentem
774 2462 929 2515 illum
963 2473 1193 2525 motum,
1225 2462 1464 2531 citatque
1493 2460 1761 2514 Marcelli-

168 2573 304 2612 num
348 2564 571 2620 testem,
606 2554 701 2625 qui
748 2553 1087 2609 contrarium
1136 2553 1303 2607 tradit
1339 2570 1350 2605 :
1387 2568 1512 2606 nam
1557 2561 1764 2605 motum

171 2658 331 2703 terra:
378 2655 656 2699 memorat
703 2643 769 2698 ad
819 2642 933 2696 ind.
976 2643 1061 2705 15,
1099 2642 1389 2696 Ardabane
1428 2649 1483 2694 et
1524 2639 1766 2710 Callepio

170 2736 519 2791 consulibus.

174 2845 424 2918 Epistola
483 2843 590 2907 42,
650 2842 1011 2914 deprecatoria
1067 2847 1136 2898 ad
1193 2843 1557 2899 Constantium
1625 2858 1765 2911 pra:-

874 2917 1086 2983 fectum.

241 3031 281 3085 l.
315 3031 472 3085 Idem
522 3038 609 3084 est
653 3029 819 3100 hujus
858 3029 1105 3097 epistola“:
1146 3043 1210 3082 ac
1250 3028 1481 3081 aliarum
1522 3025 1765 3096 quinque

172 3121 637 3191 consequentium
680 3126 1064 3189 argumentum
1092 3122 1106 3136 ‘
1138 3118 1206 3171 de
1248 3116 1559 3171 relevandis
1600 3114 1763 3186 Cyre-

172 3214 318 3267 stica:
343 3212 647 3282 provincia:
674 3210 914 3265 tributis.

242 3305 303 3358 ll.
344 3304 571 3357 [labent
600 3318 732 3356 vero
760 3317 952 3355 omnes
986 3301 1347 3355 indubitatam
1380 3303 1505 3355 anni
1536 3311 1717 3356 notam
1747 3320 1759 3354 :

172 3396 390 3463 scripta:
429 3400 561 3446 sunt
593 3392 739 3445 enim
781 3407 925 3445 anno
962 3391 1085 3453 416,
1118 3399 1239 3459 ρης-1
1280 3393 1673 3461 promulgatam
1708 3401 1763 3446 ct

173 3483 516 3537 cxsecutioni
564 3482 873 3535 mandatam
918 3480 1210 3533 Theodosii
1258 3482 1526 3533 novellam
1572 3483 1659 3544 55,
1702 3483 1764 3533 de

174 3576 439 3635 rclcvatis,
482 3575 759 3633 atlmratis,
800 3571 880 3625 vel
930 3572 1137 3624 donatis
1181 3572 1602 3641 possessionibus,
1644 3589 1764 3641 qum

173 3669 295 3720 data
327 3678 410 3721 est
450 3663 930 3731 Constantinopoli
974 3663 1008 3715 5
1044 3662 1172 3716 ldus
1218 3663 1553 3721 Decembris.
1587 3664 1763 3716 Thro-

173 3760 324 3813 dosio
359 3761 503 3827 Aug.
541 3774 648 3817 xix,
678 3764 732 3809 et
758 3755 956 3808 Albino
982 3769 1149 3817 eoss.,
1175 3753 1229 3807 id
1256 3762 1340 3808 est
1367 3768 1511 3807 anno
1532 3754 1655 3806 445.

243 3852 327 3905 111.
364 3847 751 3909 Constantius,
796 3846 884 3899 cui
926 3845 1210 3908 scribitur,
1252 3844 1298 3898 is
1341 3845 1454 3914 ipse
1501 3853 1604 3905 est,
1653 3861 1762 3913 quo

173 3958 396 4013 operam
442 3941 644 4000 dante,
696 3938 966 4006 collapsos
1008 3946 1168 3991 terra:
1214 3944 1365 3989 motu
1408 3937 1560 3990 urbis
1604 3937 1763 4005 regia:

172 4050 358 4087 muros
408 4033 553 4084 intra
598 4041 708 4083 tres
756 4043 971 4082 menses
1018 4027 1375 4081 reacdilicatos
1418 4028 1762 4082 Marcellinus

174 4126 358 4178 tradit.
395 4122 521 4175 Fuit
553 4122 719 4173 etiam
761 4134 904 4172 unus
929 4133 996 4172 ex
1023 4118 1305 4188 judieibus
1343 4118 1523 4171 missis
1554 4118 1623 4171 ab
1664 4118 1763 4171 im-

174 4223 427 4283 peratore
482 4211 757 4263 Marciano
805 4208 871 4261 ad
919 4208 1217 4262 concilium
1265 4206 1759 4262 Chalcedonense:

173 4321 298 4359 nam
337 4306 394 4357 in
429 4304 579 4356 Actis
616 4318 715 4371 pro
746 4300 1109 4355 Constantino
1134 4300 1487 4354 Constantius
1521 4301 1624 4367 legi
1664 4301 1761 4354 de-

174 4396 298 4457 bet,
349 4402 412 4448 ut
456 4394 586 4447 Acta
644 4392 760 4461 ipsa
815 4391 949 4444 satis
998 4390 1314 4453 ostendunt,
1363 4399 1419 4444 et
1451 4406 1518 4445 ex
1560 4390 1762 4446 Codice

172 4488 568 4543 Theodosiano
601 4485 945 4553 intelligitur.

173 4600 419 4672 Epistola
454 4602 542 4663 45,
570 4599 930 4669 deprecatoria
961 4598 1030 4650 ad
1063 4595 1403 4650 Pulcheriam
1445 4596 1759 4666 Augustam.

246 4714 458 4769 Eodem
491 4721 759 4780 tempore,
786 4708 978 4764 eadem
1006 4708 1074 4762 de
1101 4723 1179 4762 re.
1208 4708 1283 4761 De
1305 4707 1594 4761 Pnlcheria
1622 4708 1761 4761 nihil

174 4806 267 4861 hic
316 4801 758 4864 observandum,
805 4800 911 4854 nisi
963 4799 1111 4869 quod
1157 4798 1502 4852 Theodoreto
1545 4814 1763 4868 semper

173 4894 330 4957 favit,
362 4892 585 4961 quoties
627 4890 806 4959 potuit
837 4905 849 4941 :
885 4904 997 4942 non
1030 4887 1209 4957 potuit
1236 4902 1391 4951 vero,
1430 4904 1555 4942 cum
1595 4889 1764 4958 depo-

175 4988 315 5041 situs
340 4993 430 5038 est
462 4984 518 5035 in
552 4980 857 5034 latrocinali
894 4979 1164 5042 concilio;
1196 4993 1320 5032 nam
1352 4979 1562 5034 artibus
1592 4978 1762 5050 Chry-

175 5078 353 5146 sapbii
402 5073 649 5129 eunuchi
693 5071 872 5125 fuerat
917 5086 949 5127 a
995 5070 1162 5124 rebus
1206 5069 1464 5139 gerendis
1501 5078 1757 5125 remota:

174 5167 271 5221 sed
300 5166 397 5220 ubi
427 5164 687 5233 primum,
719 5161 980 5216 defuncto
1008 5160 1198 5223 fratre,
1221 5160 1521 5229 resumpsit
1544 5161 1760 5230 imperii

178 5256 443 5317 habenas,
474 5253 786 5321 depositum
812 5252 1030 5307 restitui
1059 5250 1257 5306 voluit.

175 5367 420 5438 Epistola
454 5368 523 5423 44
544 5408 559 5432 ,
603 5368 967 5439 άερνεεαιοήα
1013 5366 1083 5420 ad
1113 5365 1420 5422 Senatorem
1456 5366 1758 5436 patricium.

247 5481 455 5535 Eodem
486 5489 733 5549 tempore
760 5489 818 5535 et
850 5488 1194 5551 argumento.
1232 5479 1357 5533 Fuit
1380 5493 1510 5534 vero
1531 5477 1763 5534 Senator

178 5571 366 5624 ceasul
400 5585 528 5624 cum
556 5569 765 5624 Isidoro
794 5584 937 5623 anno
970 5568 1092 5632 456,
1126 5568 1228 5622 fuit
1256 5575 1311 5622 et
1339 5568 1481 5623 inter
1504 5569 1763 5637 patricios

1870 601 2190 670 dignitatem
2232 605 2533 673 gratulatur
2576 603 2732 657 initio
2769 605 3012 673 epistola:
3040 604 3433 658 Theodoretus.

1870 691 2121 744 Interfuit
2167 694 2398 747 concilio
2441 695 2894 757 Chalcedonensi.
2935 710 3059 749 cum
3105 702 3249 749 esset
3298 711 3438 749 unus

1867 795 1932 833 ex
1963 782 2369 851 gloriosissimis
2393 786 2690 855 judicibus.

1870 890 2109 960 Epistola
2153 895 2242 957 45,
2288 895 2651 965 deprecatoria
2687 897 2756 950 ad
2794 896 3096 950 Anatolium
3134 898 3432 966 patritium.

1940 1007 2142 1060 Eodem
2180 1008 2386 1077 pariter
2415 1015 2472 1062 et
2508 1016 2748 1078 tempore
2786 1017 2842 1063 et
2881 1019 3221 1079 argumento.
3259 1009 3437 1066 Gessit

1867 1102 2210 1154 consulatum
2240 1101 2526 1156 Anatolius
2560 1118 2705 1155 anno
2741 1102 2862 1156 440.
2912 1104 3037 1157 Fuit
3077 1110 3135 1157 et
3179 1104 3437 1171 magister

1868 1189 2124 1251 militum,
2168 1204 2278 1257 quo
2324 1199 2571 1259 tempore
2607 1190 2674 1243 dc
2711 1189 2975 1245 Orientali
3026 1191 3252 1245 diceeesi
3299 1191 3438 1244 bene

1868 1281 2099 1333 meritus
2124 1288 2228 1343 est,
2260 1287 2322 1333 ut
2360 1280 2739 1336 Theodoretus
2778 1282 2975 1335 innuit.
3006 1282 3222 1336 Primus
3250 1296 3442 1335 cense-

1869 1380 1959 1425 tur
1994 1372 2136 1425 inter
2156 1372 2370 1441 judices
2408 1373 2627 1428 concilii
2658 1373 3141 1429 Chalcedonensis.
3183 1374 3439 1429 Nestorio

1867 1462 2001 1515 favit
2034 1471 2157 1515 ante
2188 1463 2477 1518 concilium
2508 1465 2866 1534 Ephesinum.

1868 1576 2106 1646 Epistola
2131 1577 2200 1630 46
2237 1579 2662 1631 commendatitia
2706 1579 2775 1631 ad
2805 1578 3023 1632 Petrum
3049 1577 3435 1632 scholasticam.

1936 1687 2193 1758 Ejusdem
2245 1689 2510 1759 temporis
2571 1705 2636 1745 ac
2684 1693 3010 1761 argumenti.
3060 1691 3291 1747 Videtur
3346 1690 3440 1744 ille

1866 1778 2060 1832 Petrus
2084 1780 2386 1850 suscepisse
2410 1796 2627 1836 causam
2653 1780 2946 1853 Cyresticaa
2975 1783 3214 1852 regionis
3242 1781 3440 1836 adver-

1796 1855 1835 1909 Β
1866 1889 1960 1927 sus
1981 1875 2388 1930 denuntiatoris
2413 1876 2657 1945 episcopi
2696 1876 3021 1931 calumnias.

1868 1986 2113 2057 Epistola
2142 1989 2229 2053 47,
2276 1988 2640 2057 deprccatoria
2672 1989 2741 2041 ad
2772 1988 3021 2042 Proetum
3063 1988 3437 2044 Constantino—

2322 2058 2623 2128 pOlitanum
2657 2060 2977 2131 episcopum.

1936 2174 2142 2229 Eodem
2175 2184 2441 2244 tempore,
2472 2175 2662 2229 eadem
2699 2174 2768 2229 de
2795 2190 2874 2228 re.
2908 2172 3088 2227 Procli
3117 2186 3319 2226 nomen
3346 2184 3437 2223 ce-

1864 2265 2074 2320 lebritis
2106 2274 2210 2330 est,
2250 2282 2413 2336 quam
2446 2274 2507 2320 ut
2534 2275 2690 2337 egeat
2715 2267 2891 2336 elogio
2924 2274 3134 2319 nostro.

1970 2378 2212 2449 Epistola
2252 2379 2339 2443 48,
2369 2380 2652 2462 [antiliqris
2684 2380 2754 2433 ad
2788 2378 3124 2435 Eustathium
3160 2375 3335 2448 Beryti

2493 2467 2806 2521 episcopum.

1938 2563 1977 2617 1.
2016 2563 2179 2617 Deest
2213 2564 2500 2618 character
2533 2562 2817 2632 temporis.
2862 2563 2979 2616 sine
3020 2576 3214 2632 magna
3258 2568 3435 2615 tamen

1862 2654 2097 2723 jactura,
2128 2668 2251 2706 cum
2292 2654 2361 2707 sit
2390 2654 2621 2723 epistola
2654 2670 2789 2723 pure
2827 2652 3130 2707 familiaris.

1938 2741 2001 2796 11.
2046 2742 2171 2796 Fuit
2196 2743 2516 2797 Eustathius
2544 2744 2636 2799 ille
2665 2744 2844 2815 Beryti
2865 2746 3177 2814 episcopus,
3207 2746 3437 2803 celebris

1866 2833 2126 2896 nominis,
2155 2834 2354 2903 partim
2384 2835 2454 2888 ob
2481 2843 2773 2905 utrumque
2796 2835 2863 2891 de
2894 2836 2985 2890 lba
3005 2836 3294 2907 judicium,
3323 2839 3438 2893 sive

1867 2922 2013 2994 quod
2036 2924 2188 2995 Tyri,
2228 2925 2343 2979 sive
2369 2925 2513 2994 quod
2546 2924 2727 2997 Beryti
2760 2926 3059 2981 exercitum
3089 2936 3203 2994 est;
3240 2931 3436 2999 partim

1866 3024 2091 3086 propter
2134 3017 2561 3072 controversiam
2612 3034 2735 3073 cum
2778 3019 2971 3074 Photio
3011 3019 3135 3091 Tyri
3183 3024 3433 3091 prarsule,

1867 3106 1934 3161 de
1960 3108 2276 3162 civitatibus
2311 3116 2540 3177 septem,
2594 3109 2647 3162 in
2685 3110 2888 3179 quibus
2935 3122 3287 3182 arrogaverat
3331 3115 3435 3169 sibi

1791 3196 1830 3249 C
1866 3198 1957 3268 jus
1987 3199 2302 3261 ordinandi,
2346 3199 2569 3253 obtenta
2601 3209 2793 3253 contra
2830 3216 3067 3255 canones
3095 3202 3164 3255 ab
3196 3202 3433 3272 impera-

1869 3299 1985 3343 tore
2014 3292 2415 3361 metropolitica
2437 3292 2699 3362 dignitate
2724 3311 2737 3358 ;
2762 3293 2856 3347 sed
2882 3293 2993 3347 haec
3021 3293 3121 3363 ipsi
3149 3310 3176 3347 a
3202 3296 3435 3349 concilio

1864 3383 2292 3438 Cbalccdonensi
2326 3385 2584 3454 abrogata
2624 3393 2720 3439 est.

1938 3470 2025 3523 111.
2070 3470 2255 3533 Tunc,
2303 3472 2520 3539 opinor,
2569 3472 2793 3525 obtenta
2842 3481 2925 3527 est
2971 3474 3039 3529 ab
3084 3477 3432 3545 imperatore,

1866 3577 2028 3631 quam
2074 3560 2207 3625 dixi,
2242 3562 2495 3632 dignitas,
2537 3578 2662 3616 cum
2703 3563 2985 3633 depositus
3026 3576 3110 3621 est
3152 3568 3430 3622 lrenmus:

1865 3670 1988 3707 nam
2020 3652 2146 3724 quia
2186 3654 2329 3709 inter
2357 3655 2545 3724 plures
2571 3654 2929 3723 depositionis
2959 3673 3151 3714 causas
3176 3660 3289 3713 haec
3314 3669 3434 3714 erat

1866 3746 2117 3807 maxima,
2158 3746 2302 3815 quod
2336 3746 2577 3799 animum
2619 3746 2963 3816 imperatoris
2994 3751 3228 3804 [renatus
3258 3751 3433 3805 oﬂ‘en-

1866 3837 2057 3901 disset,
2104 3838 2206 3892 hac
2246 3838 2531 3892 occasione
2564 3838 2769 3895 abusus
2809 3840 3148 3902 Eustathius.
3194 3842 3325 3896 fecit
3374 3854 3434 3897 ut

1865 3929 2037 3997 prima
2074 3928 2353 3982 Phoenicia
2382 3928 2437 3981 in
2466 3927 2605 3983 duos
2640 3930 3014 3998 metropolitas
3043 3931 3385 3987 divideretur
3416 3952 3429 3987 :

1866 4034 1967 4072 nec
1997 4018 2246 4082 Photius,
2280 4018 2375 4087 qui
2421 4018 2610 4071 lrenmi
2638 4018 2820 4072 locum
2859 4022 3092 4090 accepit,
3136 4023 3432 4078 reclamare

1865 4125 2028 4163 ausus
2056 4120 2156 4171 est,
2176 4126 2244 4164 ne
2274 4110 2620 4179 imperatoris
2656 4111 2792 4164 iram
2818 4111 2872 4164 in
2903 4125 2961 4165 se
2989 4128 3206 4181 quoque
3235 4129 3433 4183 provo-

1864 4210 2035 4255 carct.
2069 4202 2293 4263 Verum,
2331 4202 2564 4256 rescissa
2587 4203 2915 4257 Theodoreti
2948 4205 3248 4265 sanctione.
3280 4208 3436 4262 reda-

1865 4294 1985 4340 ctus
2030 4296 2114 4341 est
2155 4289 2474 4343 Eustathius
2528 4290 2582 4342 in
2637 4290 2887 4346 ordinem
2938 4312 2950 4345 :
3000 4310 3125 4348 nam
3160 4305 3284 4363 post
3328 4297 3425 4351 Do-

1866 4374 2119 4427 rotheum
2186 4375 2366 4429 Photii
2448 4390 2825 4432 successorem
2904 4388 2959 4432 et
3034 4382 3435 4450 metropolitam

1865 4461 2186 4531 subscripsit
2215 4462 2269 4516 in
2297 4464 2574 4533 synodieis
2603 4466 2895 4520 Phoenicia:
2932 4468 3124 4536 prima:
3150 4469 3347 4526 litteris
3367 4472 3436 4526 ad

1794 4544 1835 4598 D
1866 4549 2099 4603 Leonem
2135 4552 2517 4620 imperatorem
2545 4567 2689 4624 anno
2713 4554 2835 4607 458.

1976 4663 2217 4732 Epistola
2243 4664 2330 4728 49,
2364 4664 2646 4747 familiaris
2673 4666 2742 4719 ad
2766 4666 3091 4722 Damianum
3120 4668 3331 4726 Sidonis

2516 4752 2830 4805 episcopum.

1938 4838 2098 4893 Deest
2134 4839 2235 4908 ipsi
2276 4841 2481 4909 pariter
2511 4843 2771 4911 temporis
2812 4852 2958 4898 nota.
2992 4846 3306 4913 Damianus,
3347 4850 3436 4904 cui

1867 4928 2146 4993 scribitur,
2200 4931 2451 4985 interfuit
2507 4934 2742 4988 concilio
2785 4934 3131 4993 Antiocheno
3177 4939 3233 4993 in
3274 4954 3437 4995 causa

1867 5018 2144 5074 Athanasii
2175 5022 2495 5078 Perrhensis
2519 5040 2660 5078 anno
2691 5026 2814 5091 445,
2840 5036 2896 5083 et
2916 5028 2969 5082 in
3003 5029 3435 5088 Cbalcedonensi

1866 5127 2011 5166 anno
2062 5115 2185 5167 451.
2216 5115 2335 5168 Non
2391 5117 2483 5169 diu
2542 5126 2723 5172 tamen
2782 5120 3051 5189 superfuit
3102 5139 3116 5175 :
3163 5124 3435 5193 siquidem

1867 5204 2141 5273 synodicis
2160 5208 2451 5261 Pbmnicize
2474 5209 2665 5277 primae
2690 5210 2755 5264 ad
2786 5210 3165 5280 imperatorem
3196 5214 3435 5270 Leonem

1867 5295 2008 5348 datis
2028 5296 2205 5367 Mcgas
2226 5298 2445 5353 Sidonis
2472 5300 2762 5370 episcopus
2790 5302 3113 5373 subscripsit
3140 5322 3282 5360 anno
3311 5309 3411 5362 458

1903 5411 1918 5424 ⁹
1960 5408 2199 5478 Epistola
2227 5411 2313 5474 50,
2346 5412 2628 5482 familiaris
2660 5416 2728 5468 ad
2757 5414 3061 5472 Gerontium
3092 5420 3396 5474 archiman-

2537 5485 2750 5539 dritam.
3098 5534 3099 5537 η

1940 5570 2101 5624 Deest
2135 5573 2393 5641 temporis
2430 5585 2590 5641 nota;
2628 5577 2847 5632 videtur
2883 5588 3091 5645 tamen,
3127 5588 3187 5634 ut
3220 5589 3276 5635 et
3313 5581 3433 5635 alite

1501 5682 1816 5739 SCHULZII
1862 5684 2093 5739 NOTAE.

251 5807 291 5838 “
316 5807 467 5861 Idem
500 5820 620 5860 esse
653 5804 885 5870 videtur,
918 5806 983 5859 ad
1012 5820 1175 5874 quem
1206 5804 1421 5873 scriptae
1451 5811 1579 5856 sunt
1603 5804 1843 5872 epistoch
1871 5805 1933 5859 59
1972 5815 2025 5858 et
2056 5806 2142 5858 959.
