4228 6446
790 394 888 456 271

1912 389 2286 449 GARNERII
2328 384 2816 447 DISSERTATIO
2850 383 2931 443 Il.

3922 371 4035 433 272

791 507 1007 576 priores
1036 500 1176 559 dua.
1215 498 1339 553 data
1378 498 1695 567 priusquam
1726 493 2105 549 Theodoretus
2128 507 2353 545 vexare-
2389 497 2427 550 Α
2458 489 2606 543 enim
2639 488 2813 542 Nomo
2858 484 3230 545 consulatum,
3280 479 3439 551 323
3474 492 3637 548 quem
3677 477 3849 547 gessit
3883 491 4036 531 anno

796 606 922 650 tur:
954 591 1201 660 alioquin
1242 604 1350 642 non
1378 586 1669 649 omisisset,
1694 585 1887 639 saltem
1918 583 2080 654 322
2114 582 2357 649 oblique,

792 684 861 738 de
889 681 1172 736 vexatione
1206 675 1457 730 nonnihil
1481 674 1664 729 dicere
1700 691 1711 726 :
1743 673 1945 727 etenim
1980 671 2223 742 querula
2259 669 2362 723 fuit

794 785 850 830 et
892 769 1261 827 ostentatricis
1302 767 1595 837 patientia.
1630 766 1705 818 De
1732 763 1993 818 Gerontio
2030 762 2166 817 nihil
2210 775 2360 815 com-

797 864 933 935 perti
965 862 1162 924 habeo,
1205 859 1311 914 nisi
1350 858 1485 911 forte
1514 857 1656 909 idem
1687 856 1758 910 sit
1790 871 1913 910 cum
1936 854 2198 910 Gerontio
2230 852 2360 907 sub—

796 956 1048 1016 diacono,
1076 952 1144 1005 de
1168 966 1278 1020 quo
1313 949 1373 1001 fit
1401 947 1606 1001 mentio
1645 947 1803 1016 epist.
1846 944 1929 998 10.

899 1063 1141 1136 Epistola
1170 1062 1256 1124 52,
1280 1060 1324 1091 “
1350 1059 1771 1136 commendatitia
1790 1057 1858 1111 ad
1877 1056 2026 1112 Ibam
2050 1056 2260 1111 Edessa:

1426 1132 1663 1200 episc0pu
1672 1145 1740 1181 m.

867 1257 906 1309 l.
950 1252 1162 1323 Scripta
1206 1259 1291 1306 est
1328 1256 1453 1320 post
1498 1260 1700 1300 annum
1742 1243 1864 1308 456,
1904 1257 2014 1311 quo
2059 1254 2203 1294 anno
2244 1237 2367 1292 lbas

796 1350 973 1402 factus
1007 1355 1090 1399 est
1137 1344 1429 1413 episcopus
1472 1357 1483 1391 :
1527 1338 1638 1390 imo
1674 1342 1795 1405 post
1838 1349 2041 1388 annum
2085 1333 2210 1395 439,
2257 1345 2366 1400 quo

796 1447 951 1508 capta
986 1444 1069 1490 est
1103 1450 1131 1487 a
1161 1431 1420 1488 Vandalis
1459 1428 1750 1495 Carthago,
1799 1424 2082 1492 coactique
2123 1419 2365 1490 episcopi

796 1525 1032 1581 Africani
1067 1524 1262 1594 partim
1284 1520 1490 1589 fugere,
1513 1515 1708 1585 partim
1733 1514 1869 1567 dura
1897 1513 2008 1582 pati
2040 1529 2053 1564 :
2085 1524 2365 1565 commen—

797 1617 959 1671 datur
991 1613 1136 1668 euim
1170 1610 1276 1663 lba
1307 1606 1612 1677 Cyprianus
1636 1604 1947 1673 episc0pus,
2002 1619 2019 1652 ι
2053 1600 2146 1669 qui
2182 1616 2248 1654 ex
2275 1612 2368 1652 ce-

796 1704 1088 1759 leberrima
1121 1709 1275 1754 ortus
1304 1696 1508 1757 Africa,
1540 1701 1755 1749 exteras
1787 1707 1911 1746 oras
1949 1690 2244 1745 circumire
2280 1703 2370 1742 co-

796 1795 1048 1865 gebatur,
1075 1797 1298 1860 propter
1321 1784 1716 1840 immanitatem
1752 1782 2133 1834 barbarorum.
2170 1796 2187 1828 ι

869 1892 930 1944 ll.
974 1888 1132 1942 llunc
1163 1884 1231 1938 ab
1270 1879 1508 1936 Eusebio
1545 1877 1771 1947 Ancyra
1802 1874 2058 1943 episcopo
2088 1884 2369 1925 commen-

797 1986 985 2038 datum
1029 1975 1408 2032 Theodoretus
1445 1975 1735 2037 exceperat
1777 1982 1790 2018 :
1835 1964 1973 2029 petit
2014 1962 2257 2015 vicissim
2302 1960 2371 2013 ab

796 2079 910 2140 lha,
938 2081 999 2127 ut
1020 2075 1309 2138 exceptum
1342 2062 1651 2118 liberaliter
1680 2058 1748 2113 ad
1773 2058 1908 2112 alios
1927 2056 2214 2125 episcopos
2246 2070 2370 2108 cum

800 2164 1001 2221 litteris
1042 2159 1301 2215 dimittat.
1346 2155 1479 2208 Data
1523 2158 1607 2205 est
1652 2149 1819 2218 igitur
1864 2148 2094 2217 epistola
2150 2146 2372 2200 circiter

802 2272 1005 2311 annum
1032 2252 1154 2306 “0.

870 2343 957 2402 111.
986 2342 1134 2396 Mira
1161 2352 1291 2392 vero
1322 2334 1547 2389 fuerunt
1576 2331 1693 2386 Afri
1726 2330 1874 2385 illius
1907 2329 2281 2392 circuitiones,
2312 2336 2373 2381 ut

800 2436 893 2508 qui
946 2435 1161 2502 Ancyra
1199 2425 1423 2483 Galatia
1467 2421 1668 2492 Cyrum
1714 2417 2089 2488 Euphratcsia
2136 2416 2369 2479 venerit,

802 2507 928 2584 inde
977 2524 1237 2579 Edessam
1270 2524 1434 2586 caput
1485 2513 1781 2569 Osdroenae
1816 2510 2120 2579 petiturus,
2168 2507 2373 2563 Edessa

799 2613 1213 2675 Constantinam
1252 2609 1305 2662 in
1337 2604 1589 2677 opposita
1623 2611 1777 2674 parte
1802 2604 1959 2671 longe
1986 2600 2240 2670 positam.

871 2710 960 2765 ιν.
994 2704 1267 2762 Eusebius
1293 2713 1460 2771 porro
1483 2698 1709 2767 Ancyra
1738 2692 1794 2748 in
1817 2693 2027 2749 Galatia
2059 2694 2372 2762 episcopus,

803 2801 961 2870 cujus
1006 2792 1258 2850 meminit
1304 2786 1720 2848 Theodoretus,
1774 2779 2035 2837 successit
2068 2777 2373 2841 Theodoto,

804 2868 963 2960 cujus
1000 2887 1057 2940 in
1090 2881 1367 2953 Ephesina
1407 2877 1615 2950 synodo
1659 2874 1872 2943 insigne
1912 2886 2113 2926 nomen
2148 2877 2250 2925 est.
2290 2868 2379 2922 ln-

807 2980 997 3037 terfuit
1022 2973 1319 3032 latrocinio
1342 2970 1619 3041 Ephesino
1635 2982 1779 3021 anno
1799 2964 1922 3029 449,
1942 2961 2377 3019 Chalcedonensi

806 3069 1040 3125 concilio
1070 3068 1191 3121 451.
1232 3064 1337 3118 Diu
1360 3073 1539 3117 tamen
1567 3074 1677 3113 non
1698 3055 1968 3126 superfuit
2002 3072 2017 3120 ;
2053 3069 2177 3108 nam
2214 3068 2377 3124 syno-

2463 580 2587 643 445,
2617 588 2678 633 ut
2701 585 2915 635 constat
2942 592 3010 632 ex
3044 575 3238 630 Fastis.
3692 638 3696 643 _

2533 672 2596 725 11.
2630 670 2878 725 Meminit
2905 666 3288 723 Theodoretus
3321 660 3725 733 congressionis
3757 675 3869 715 sua
3907 674 4037 713 cum

2462 762 2655 824 Nomo,
2707 769 2763 814 et
2807 758 3004 820 morbi,
3055 772 3165 827 quo
3220 755 3524 809 exstinctus
3558 760 3644 806 est
3686 750 4041 805 beatissimus

2463 852 2687 921 quidam
2718 851 2802 904 vir
2848 868 2860 902 :
2901 845 3217 919 congressio
3259 844 3401 900 facta
3438 854 3544 906 est,
3592 841 3810 910 opinor,
3845 839 4042 893 Antio-

2464 944 2601 999 chia
2645 960 2658 995 :
2699 943 2786 996 vir
2815 942 2904 996 ille
2927 938 3278 994 beatissimus
3315 936 3421 990 fuit
3461 935 3700 990 Joannes
3732 932 4042 986 Antiochia

2464 1035 2710 1089 antistes.

2536 1127 2624 1180 111.
2662 1126 2869 1180 Nomus
2915 1132 3034 1179 erat
3069 1123 3329 1194 magister
3368 1120 3672 1176 officiorum
3719 1132 3865 1171 anno
3912 1116 4041 1177 445,

2467 1232 2575 1288 quo
2611 1231 2753 1269 anno
2784 1215 2909 1269 data
2953 1214 3153 1284 legitur
3185 1229 3214 1268 a
3248 1211 3559 1266 Theodosio
3611 1209 3677 1263 ad
3712 1210 3890 1278 ipsum
3946 1223 4047 1260 no—

2466 1309 2608 1362 vella
2644 1307 2733 1371 51,
2790 1305 2867 1379 De
2913 1307 3111 1360 ambitu
3150 1314 3196 1359 et
3247 1303 3369 1357 locis
3410 1302 3714 1363 limitaneis,
3757 1308 3865 1354 etc.
3918 1298 4049 1352 Fuit

2467 1399 2633 1453 etiam
2676 1411 2817 1451 unus
2854 1396 2921 1451 de
2966 1396 3243 1465 judicibus
3297 1395 3362 1448 ad
3415 1393 3707 1447 concilium
3743 1387 4050 1445 Chalcedo-

2468 1505 2636 1543 nense
2665 1488 2863 1551 missis,
2892 1487 2983 1540 ubi
3019 1488 3287 1541 Anastasii
3313 1487 3564 1555 querelas
3594 1491 3780 1538 contra
3805 1497 3863 1535 se
3887 1481 4052 1534 obla-

2472 1586 2553 1633 tas
2586 1577 2778 1631 audiit.
2805 1576 3147 1642 Querebatur
3168 1575 3509 1636 Anastasius,
3547 1572 3694 1642 quod
3717 1572 3925 1626 Nomus
3949 1584 4049 1622 sua

2469 1675 2737 1737 potestate
2794 1667 2988 1728 fretus,
3038 1666 3219 1719 statim
3282 1666 3350 1719 ab
3398 1664 3551 1718 obitu
3600 1662 3809 1733 Cyrilli,
3855 1660 4053 1715 amnes

2472 1756 2644 1825 ipsius
2666 1756 2910 1809 Dioscori
2944 1756 3204 1825 impulsu,
3231 1764 3502 1818 vexasset,
3536 1761 3700 1823 atque
3731 1753 3897 1807 etiam
3932 1752 4052 1821 opi-

2402 1824 2441 1876 Β
2471 1846 2575 1899 bus
2604 1846 2966 1901 exhausisset.

2541 1939 2630 1993 Π.
2671 1939 3051 2009 Prodigiosum
3077 1938 3226 1996 dictu
3255 1948 3358 2004 est,
3387 1947 3619 2008 quantas
3642 1954 3795 2009 Opes,
3827 1937 3913 1991 vel
3948 1936 4053 2005 Cy-

2474 2031 2579 2084 rilli
2631 2040 2978 2094 testamento,
3034 2030 3120 2086 vel
3169 2031 3273 2085 alia
3322 2039 3438 2085 arte
3480 2030 3748 2101 ejusmodi
3794 2028 4055 2082 homines

2474 2121 2794 2190 collegerint
2825 2138 2837 2173 :
2865 2136 2989 2174 nam
3021 2136 3050 2174 a
3080 2121 3215 2175 viris
3245 2121 3463 2176 duobus
3490 2121 3678 2192 Cyrilli
3706 2119 4048 2181 baredibns,

2473 2218 2600 2263 octo
2622 2209 3073 2264 millialibrarum
3102 2211 3223 2263 auri
3250 2210 3453 2265 Nemus
3485 2210 3735 2273 extorsit,
3754 2210 4055 2264 Dioscorus

2472 2319 2503 2358 a
2535 2304 2753 2358 feminis
2777 2304 2991 2358 duabus
3019 2312 3238 2357 centum
3269 2310 3325 2356 et
3351 2302 3541 2371 viginti
3570 2301 3693 2356 auri
3722 2300 3930 2370 pondo,
3964 2300 4054 2353 cui

2473 2412 2699 2451 summa
2731 2396 2979 2466 ingentes
3018 2396 3157 2450 adde
3197 2395 3479 2466 pecunias,
3520 2394 3717 2465 partim
3747 2394 4053 2464 Artopolis.

2475 2491 2672 2560 partim
2705 2490 3014 2559 OEnopolis
3053 2488 3439 2544 Alexandrinis
3483 2504 3551 2543 ex
3592 2489 3783 2542 eadem
3818 2487 4055 2542 haredi-

2478 2590 2587 2635 tate
2618 2581 2863 2643 traditas,
2901 2590 2963 2636 ut
3003 2581 3253 2641 meliora,
3296 2594 3398 2633 nec
3433 2580 3625 2649 majori
3654 2588 3836 2633 tamen
3873 2578 4059 2649 pretio

2477 2674 2622 2742 plebi
2652 2673 2974 2727 venderent.

2556 2767 2609 2821 ν.
2653 2764 2880 2819 ΛΕειίιηει
2909 2763 3057 2826 inde,
3090 2764 3281 2825 lector,
3305 2771 3507 2831 quanta
3537 2761 3705 2816 fuerit
3727 2760 4059 2815 Alexandri-

2478 2872 2675 2911 norum
2725 2855 3047 2925 pontificum
3080 2854 3346 2924 potentia,
3371 2862 3588 2921 quanta
3613 2868 3766 2921 opes,
3801 2868 3925 2906 cum
3959 2869 4062 2906 us-

2479 2964 2585 3017 que
2606 2947 2743 3002 adeo
2763 2947 3035 3017 profucrit
3058 2946 3152 2999 uni
3174 2945 3391 2999 familia
3412 2945 3688 3013 peperisse
3706 2945 3863 3007 duos,
3889 2945 4062 2998 etiarn

2481 3039 2858 3093 sanctissimos
2885 3036 3193 3107 pontifices,
3233 3039 3327 3106 qui
3358 3037 3542 3092 sedem
3576 3036 4001 3091 Alexandrinam
4046 3040 4063 3055 '

807 3162 947 3217 dicis
976 3158 1199 3215 Galatia
1229 3156 1419 3226 prima
1456 3150 1659 3206 litteris
1703 3124 1780 3204 adv
1804 3148 2044 3203 Leonem
2083 3146 2378 3215 imperato-
2408 3158 2448 3209 α

2490 3129 2761 3198 sexaginta
2792 3126 2905 3181 fere
2935 3140 3107 3179 annos
3129 3125 3475 3179 continenter
3508 3124 3803 3179 tenuerint.

809 3269 924 3309 rem
983 3265 1127 3306 anno
1197 3247 1301 3303 458
1375 3242 1703 3312 subscripsit
1771 3239 2090 3295 Anastasius
2152 3238 2379 3308 Ancyra:

805 3346 1120 3419 episcopus.

808 3452 1050 3526 Epistola
1090 3451 1186 3514 53,
1223 3447 1594 3526 comendatitia
1625 3444 1695 3498 ad
1736 3441 2086 3513 Sophronium
2118 3438 2379 3495 Constan-

1338 3520 1479 3571 tina
1512 3517 1830 3586 episcopum.

882 3635 1089 3691 Similis
1109 3642 1192 3687 est
1218 3628 1547 3702 pracedenti
1568 3626 1749 3697 quoad
1778 3634 1995 3693 tempus
2019 3631 2076 3677 et
2099 3636 2385 3691 argumen-

812 3738 947 3783 tum.
983 3724 1344 3794 Sophronius,
1373 3721 1440 3775 ad
1464 3734 1627 3790 quem
1656 3717 1938 3778 scribitur,
1964 3714 2068 3769 fuit
2095 3712 2385 3782 episcopus

813 3822 869 3874 in
899 3816 1179 3889 provincia
1205 3814 1507 3869 Osdroena.
1536 3808 1792 3864 Interfuit
1816 3806 2053 3861 concilio
2080 3804 2383 3859 Chalcedo-

813 3909 990 3964 nensi.
1022 3906 1250 3968 Civitas,
1275 3904 1433 3973 cujus
1464 3899 1763 3955 Ecclesiam
1793 3898 1955 3960 rexit,
1982 3913 2088 3950 non
2114 3894 2384 3949 Constan-

817 4002 889 4054 tia
942 3999 1051 4053 dici
1087 3996 1271 4059 debet,
1319 4007 1497 4062 neque
1542 3988 2063 4058 ConstantinOpolis,
2106 3995 2168 4041 ut
2204 3994 2289 4040 est
2330 3985 2385 4037 in

814 4088 1093 4145 nonnullis
1124 4083 1410 4140 codicibus
1438 4099 1451 4146 ;
1485 4081 1579 4136 sed
1602 4078 1982 4142 Constantina,
2012 4086 2069 4132 et
2091 4074 2385 4145 aliquando

813 4180 1226 4251 Nicephorium.

1102 4289 1356 4361 Epistola:
1382 4287 1717 4340 heortastica:
1752 4285 1839 4346 54,
1871 4285 1960 4347 55,
1993 4283 2079 4337 56.

884 4405 1087 4462 Omnes
1137 4402 1189 4454 in
1234 4395 1560 4466 Epiphania,
1615 4402 1669 4447 et
1714 4408 1839 4446 cum
1884 4400 2199 4454 vexaretur,
2249 4390 2387 4443 data

815 4506 941 4553 sunt
982 4513 995 4548 :
1036 4491 1217 4547 media
1240 4489 1310 4543 ad
1348 4488 1613 4541 illustrem
1646 4484 1883 4553 aliquem
1912 4484 2126 4547 virum;
2161 4482 2386 4550 reliqua
2423 4504 2461 4555 ι)

815 4589 1018 4645 nullam
1052 4582 1350 4654 praferunt
1375 4593 1620 4649 persona
1644 4586 1851 4631 notam.

817 4698 1059 4773 Epistola
1088 4698 1175 4760 57,
1205 4692 1561 4766 gratulatoria
1591 4692 1659 4745 ad
1687 4690 2027 4744 Eutreclu’um
2060 4687 2386 4759 praefectum.

888 4817 1025 4868 Tres
1053 4819 1181 4865 sunt
1202 4810 1268 4864 ad
1293 4806 1647 4862 Eutrechium
1670 4802 1987 4873 praefectum
2006 4802 2274 4871 epistola,
2300 4801 2387 4862 57.

821 4908 887 4961 80
923 4915 979 4960 ct
1007 4904 1095 4960 96.
1120 4902 1321 4957 Omnes
1343 4915 1409 4953 eo
1439 4912 1581 4951 anno
1610 4895 1841 4963 accepit,
1872 4908 1981 4963 quo
2008 4893 2173 4963 gessit
2196 4891 2390 4961 prafe-

822 5012 1035 5055 eturam
1062 5016 1075 5063 ;
1103 4996 1272 5068 gessit
1304 5010 1456 5057 vero,
1490 5006 1599 5062 quo
1624 5006 1768 5044 anno
1792 4988 2131 5051 consulatum
2162 4987 2389 5049 Nemus,

825 5095 877 5147 id
920 5101 1024 5154 est,
1066 5104 1211 5143 anno
1250 5088 1374 5141 415.
1415 5085 1733 5139 Gratulatur
1780 5080 2160 5135 Theodoretus
2193 5078 2296 5149 ipsi
2341 5086 2397 5130 et

825 5182 927 5235 sibi
963 5198 975 5232 :
1012 5178 1137 5247 ipsi,
1189 5176 1255 5230 de
1294 5174 1489 5242 adepta
1534 5171 1827 5241 dignitate;
1856 5170 1982 5234 sibi,
2019 5168 2085 5223 de
2124 5168 2259 5222 tanti
2296 5166 2395 5220 viri

824 5289 934 5326 non
968 5267 1349 5324 benevolentia
1381 5274 1613 5326 tantum,
1641 5262 1736 5316 scd
1762 5265 1926 5316 etiam
1957 5260 2216 5314 amicitia.

900 5382 1137 5452 Epistolu
1184 5380 1270 5439 58,
1308 5375 1662 5446 gratulatoria
1692 5374 1759 5427 ad
1786 5372 2010 5427 Nomum
2040 5370 2325 5424 consulem.

900 5499 938 5553 l.
984 5497 1151 5549 llahet
1197 5490 1548 5546 manifestum
1605 5488 1980 5542 characterem
2031 5502 2043 5536 :
2098 5484 2401 5555 gratulatur

2659 3239 2899 3309 Epistola
2934 3239 3022 3301 59,
3050 3236 3370 3291 salutatoria
3403 3237 3472 3290 ad
3502 3216 3881 3291 Claudianum.

2551 3352 2709 3407 Nulla
2762 3360 2845 3405 est
2879 3351 3007 3404 anni
3054 3360 3202 3413 nota,
3251 3350 3401 3403 nulla
3447 3364 3695 3417 persona
3727 3349 3851 3413 alia,
3894 3364 4066 3417 quam

2483 3444 2630 3515 quod
2680 3443 3017 3499 Claudianus
3056 3442 3225 3497 fuerit
3264 3442 3352 3495 vir
3386 3441 3618 3497 illustris
3661 3450 3717 3495 et
3746 3442 3937 3509 procul
3973 3440 4068 3494 di—

2485 3548 2672 3592 stans:
2699 3536 2952 3591 eumdem
2985 3535 3182 3605 Opinor
3222 3549 3343 3590 esse
3390 3548 3517 3588 cum
3558 3548 3644 3598 eo,
3683 3532 3749 3586 ad
3779 3547 3944 3602 quem
3974 3541 4070 3586 est

2486 3630 2716 3698 cpistola
2744 3629 2833 3691 41,
2874 3629 2983 3681 imo
3023 3636 3077 3680 et
3097 3627 3186 3691 99,
3220 3627 3274 3681 in
3304 3642 3412 3696 qua
3452 3625 3775 3680 inscribitur
3816 3625 4068 3695 amigra-

2484 3720 2736 3789 pharius,
2773 3726 2937 3787 atque
2981 3717 3055 3770 ita
3086 3715 3561 3784 Constantinopoli
3608 3715 3906 3774 exstitisse,
3937 3729 4070 3769 cum

2487 3827 2515 3865 a
2539 3811 2886 3865 Theodoreto
2926 3824 3024 3877 per
3060 3807 3379 3862 Patroinum
3419 3806 3803 3860 draconarium
3852 3806 4075 3860 litteras

2488 3902 2779 3971 acciperet.
2810 3900 3056 3953 Fuerunt
3094 3914 3227 3952 vero
3265 3897 3577 3951 draconarii
3621 3896 3932 3959 vexilliferi,
3969 3898 4073 3965 qui

2488 3994 2639 4063 signa
2679 3990 2989 4046 cohortium
3021 3997 3261 4059 portant,
3308 3990 3363 4042 in
3389 3988 3589 4057 quibus
3620 3987 3751 4057 picti
3774 3986 4070 4041 dracones.

2491 4105 2727 4175 Epistola
2764 4104 2852 4167 60,
2879 4101 3241 4182 θναεαιαιονξα
3284 4102 3354 4153 ad
3392 4100 3699 4154 Dioscorum
3725 4099 4079 4155 Alexandria

3118 4187 3439 4241 episcopum.

2558 4265 2597 4318 1.
2641 4265 2773 4318 Data
2804 4273 2889 4318 est
2928 4278 3037 4316 non
3072 4261 3234 4330 longo
3263 4270 3382 4329 post
3402 4269 3666 4328 tempore,
3701 4274 3862 4327 quam
3908 4259 4074 4314 Dios-

2492 4369 2657 4408 corus
2696 4353 2899 4423 Cyrillo
2927 4351 3192 4405 successit
3221 4350 3273 4401 in
3303 4348 3727 4401 Alexandrinam
3752 4348 3963 4409 sedem,
3990 4359 4050 4402 at

2490 4463 2595 4515 que
2623 4445 2759 4498 adeo
2783 4459 2926 4497 anno
2948 4443 3073 4504 4M,
3096 4456 3205 4510 quo
3226 4440 3361 4493 abiit
3390 4438 3457 4493 ad
3483 4453 3710 4507 superos
3729 4437 4077 4509 Cyrillusdic

2491 4537 2561 4591 9.8
2590 4534 2833 4591 Januarii
2863 4542 2958 4587 aut
2996 4532 3028 4587 9
3055 4530 3222 4587 Junii.

2565 4628 2629 4682 11.
2673 4624 3056 4680 Theodoretus
3092 4621 3282 4676 laudat
3309 4622 3429 4690 ejus
3452 4619 3783 4689 singularem
3818 4634 4081 4674 mansuc-

2498 4718 2741 4771 tndinem
2767 4731 2893 4783 erga
2918 4714 3193 4775 subditos,
3221 4720 3275 4765 et
3301 4726 3515 4764 morum
3539 4709 3860 4762 modestiam
3896 4725 3910 4761 :
3944 4725 4081 4778 par-

2501 4810 2596 4864 tim
2628 4810 2755 4878 quia
2786 4823 2875 4861 res
2907 4807 2983 4860 ita
3016 4819 3074 4859 se
3099 4803 3355 4866 habebat,
3381 4817 3505 4855 nam
3534 4800 3621 4854 his
3652 4799 3862 4853 artibus
3883 4809 4079 4867 capta-

2501 4900 2593 4954 bat
2626 4899 2791 4952 homo
2814 4911 3048 4965 nequam
3073 4894 3277 4949 civium
3304 4892 3537 4953 animos,
3571 4899 3632 4944 ut
3660 4905 3846 4944 amore
3885 4898 4084 4958 postea

2500 4990 2826 5045 abuteretur
2863 4986 2929 5040 ad
2963 5000 3090 5039 suas
3116 4983 3430 5038 molitiones
3464 4980 3801 5035 roborandas
3832 4997 3845 5033 :
3872 4982 4083 5049 partim

2504 5084 2730 5148 propter
2754 5075 3096 5143 iniquitatem
3124 5072 3291 5126 animi
3329 5087 3459 5141 erga
3491 5069 3773 5142 Cyrillum,
3802 5070 3898 5139 qui
3928 5086 4087 5124 seve-

2501 5167 2662 5221 rioris
2685 5165 2990 5234 disciplina
3012 5177 3203 5217 revera
3227 5170 3366 5223 erat,
3392 5169 3449 5216 et
3467 5160 3786 5216 ambitionis
3807 5176 3836 5213 a
3865 5160 4087 5216 calum-

2503 5258 2811 5311 niatoribus
2839 5256 3193 5325 arguebatur.

2504 5367 2747 5437 Epistola
2782 5367 2871 5431 61,
2898 5365 3221 5420 salutatoria
3263 5364 3332 5417 ad
3356 5365 3658 5418 Archibium
3697 5363 4089 5434 presbyterum.

2577 5479 2855 5535 Credibile
2881 5488 2985 5540 est,
3030 5478 3173 5533 hanc
3220 5476 3465 5550 ejusdem
3500 5491 3621 5531 esse
3663 5475 3926 5545 temporis
3959 5490 4092 5531 cum

2159 5662 2475 5718 SCllULle
2516 5659 2747 5715 NOT/E.

911 5816 951 5848 ⁸⁸
974 5816 1155 5871 Editio
1185 5816 1336 5890 prior
1370 5812 1607 5868 habebat
1655 5827 1945 5869 numerum
1985 5810 2228 5883 epistola
2266 5811 2363 5877 5i;
2400 5809 2515 5864 hac
2546 5816 2726 5862 autem
2762 5806 2963 5874 scripta
2992 5813 3075 5860 est
3107 5804 3171 5859 ad
3199 5803 3462 5873 Agapium
3493 5800 3894 5873 presbyterum.
