4228 6446
167 399 265 463 273

170 597 374 667 sbyter,
406 599 568 666 cujus
596 601 889 668 perlatoris
927 603 981 658 in
1016 614 1246 675 utraque
1270 608 1284 625 ‘
1311 606 1474 677 324
1509 607 1569 661 ﬁt
1600 624 1747 662 nien-

170 689 259 739 tiu.
286 688 477 753 Quare
512 690 835 747 Archibium
860 696 1056 750 merito
1084 696 1354 766 quispiam
1374 698 1750 754 Alexandriam

170 775 429 831 Ecclesia:
468 780 850 850 presbyterum
883 787 1179 852 putaverit.

167 883 410 953 Epistula
452 887 522 941 6‘2
593 889 913 945 salutatoria
951 895 1020 947 ad
1065 896 1325 952 Joannem
1367 902 1746 971 presbyterum.

231 997 272 1049 Ι.
320 997 542 1068 Scripta
577 1009 661 1055 est
688 1002 896 1071 aliquot
923 1006 1204 1061 mensibus
1226 1018 1346 1078 post
1380 1012 1750 1079 praecedentes

164 1089 297 1141 duas
329 1108 342 1141 :
381 1090 447 1145 fit
466 1092 615 1145 enim
648 1093 703 1146 in
731 1110 794 1147 ea
821 1098 1026 1152 mentio
1063 1100 1345 1156 redeuntis
1368 1104 1589 1158 Eusebii
1624 1122 1749 1175 pre-

163 1180 366 1248 sbyteri
406 1198 421 1233 :
461 1180 683 1236 Rediens
709 1194 885 1239 autem
916 1204 1082 1261 nuper
1120 1206 1180 1243 ex
1208 1193 1384 1261 patria
1417 1203 1588 1248 vestra
1620 1195 1745 1248 reli-

164 1271 495 1338 giosissimus
523 1274 795 1345 presbyter
815 1276 1095 1334 Eusebius.

230 1361 296 1414 ll.
343 1363 479 1416 lnde
506 1376 741 1429 constat,
783 1369 1047 1426 Joannem
1078 1376 1451 1447 presbyterum
1492 1380 1750 1435 Ecclesiae

163 1452 554 1509 Alexandrina:
571 1458 864 1523 exstitisse,
885 1478 1190 1533 magnoque
1215 1467 1269 1519 in
1289 1469 1467 1535 pretio
1495 1469 1749 1523 habuisse

165 1544 608 1617 Theodoretum,
632 1568 796 1621 quem
824 1557 881 1609 in
905 1569 1180 1614 conventu
1206 1560 1510 1617 honoriﬁce
1535 1564 1750 1618 laudas-

165 1648 266 1690 set.

230 1728 323 1781 Ill.
349 1728 501 1784 Misit
523 1748 655 1787 vero
670 1736 955 1804 epistolam
978 1740 1356 1798 Theodoretus
1373 1762 1469 1814 per
1489 1747 1747 1801 eumdem

1330 410 1426 470 DE
1460 412 1716 471 LIBRIS
1747 412 2255 487 THEODORETI.’

172 507 518 576 praecedente
549 529 559 562 :
594 510 738 565 idem
766 513 911 567 enim
937 514 1157 570 videtur
1177 531 1297 571 esse
1328 520 1598 574 Eusebius
1622 536 1747 589 pre-
1779 526 1823 580 Α

3320 426 3427 492 27’s

1995 522 2236 592 Epistula
2268 526 2355 591 69,
2390 528 2759 583 eonsolaturia‘
2783 530 2851 583 ad
2887 533 3273 605 Eugrapltiam.

1924 632 1997 685 De
2027 631 2127 685 hac
2152 633 2359 687 dictum
2394 645 2476 690 est
2498 638 2565 691 ad
2594 639 2881 707 epistolam
2908 640 2959 693 8.

1859 742 2090 811 Epistula
2126 745 2212 808 70,
2243 750 2671 831 commertdatitia
2700 752 2769 805 ad
2792 752 3130 809 Eustathium
3161 758 3424 829 Aegarum

2478 834 2791 889 episcopum.

1928 924 2170 979 Pertinet
2206 929 2272 981 ad
2303 945 2507 1010 annum
2544 932 2669 997 M3,
2704 945 2797 990 aut
2830 947 3153 1007 sequentem
3200 960 3211 995 :
3246 946 3424 997 conti-

1856 1024 1949 1067 nct
1981 1016 2128 1069 enim
2159 1019 2442 1075 historiam
2471 1023 2653 1078 Mariae
2683 1027 2964 1096 cujusdam
3001 1032 3203 1088 nobilis
3230 1036 3427 1103 puclla:

1856 1101 2147 1169 Africanm,
2187 1124 2309 1176 qua:
2339 1128 2366 1163 a
2390 1113 2647 1169 Vandalis
2679 1118 2860 1185 pretio
2901 1122 3122 1176 vendita
3153 1101 3437 1180 mercato--

1855 1195 2026 1258 ribus,
2060 1198 2289 1251 servivit
2324 1194 2488 1269 Cyri;
2541 1203 2636 1257 sed
2684 1204 2984 1276 redempta,
3028 1212 3172 1278 quod
3219 1214 3421 1269 mirum

1853 1293 1956 1349 est,
1987 1301 2015 1339 a
2044 1287 2330 1349 militibus.
2360 1298 2415 1343 et
2444 1306 2474 1343 a
2502 1292 2847 1350 Theodoreto
2870 1314 2970 1366 per
2995 1299 3181 1355 decem
3208 1318 3423 1360 menses

1854 1375 2065 1430 idoneis
2091 1379 2350 1433 subsidiis
2383 1381 2671 1448 instructa,
2696 1402 2817 1441 cum
2843 1390 3155 1446 rescivisset
3177 1394 3243 1448 de
3270 1404 3422 1464 patre

1854 1468 2227 1537 magistratum
2258 1471 2311 1524 in
2346 1470 2658 1529 Occidentis
2688 1480 2935 1545 partibus
2962 1493 3185 1553 gerente
3205 1525 3219 1548 ,
3267 1494 3326 1539 ut
3354 1486 3421 1540 ad

1854 1558 2005 1612 illum
2041 1561 2504 1630 proﬁcisceretur,
2542 1570 2960 1625 commendatur
2992 1574 3263 1644 Aegarum
3300 1578 3424 1646 epi-

1853 1665 2041 1720 scopo,
2065 1667 2169 1721 qua
2200 1654 2255 1707 in
2280 1655 2498 1710 civitate
2520 1659 2775 1714 secundae
2802 1660 3005 1717 Cilicia:
3040 1664 3299 1719 nundinas
3325 1666 3423 1720 ha-

1854 1741 2144 1806 bebantur,
2182 1744 2248 1797 ad
2296 1762 2432 1813 quas
2475 1763 2541 1800 ex
2581 1747 2874 1805 Occidente
2920 1763 3253 1810 mercatores
3291 1771 3424 1810 con-

164 1816 490 1885 Eusebium,
528 1840 720 1880 rursus
745 1828 798 1880 in
826 1827 1117 1900 Egyptum
1151 1834 1619 1904 proﬁciscentem;
1657 1856 1753 1908 po-
1783 1858 1824 1912 Β
1853 1832 2027 1887 ﬂuere
2060 1835 2318 1889 solerent.
2362 1837 2438 1891 De
2478 1838 2769 1895 Eustatbio
2805 1842 2942 1898 nihil
2979 1845 3243 1901 hactenus
3270 1861 3423 1901 com-

164 1911 449 1980 stulatquc
484 1930 583 1983 per
611 1918 812 1986 ipsum,
841 1936 963 1974 cum
1000 1932 1389 1991 reverteretur,
1427 1946 1746 1998 responsum
1786 1911 1811 1912 ﬂ
1852 1927 1989 1995 peri-

164 2001 302 2055 dari.
334 2004 535 2061 Nescio
558 2025 626 2063 an
652 2027 773 2065 mea
799 2028 883 2065 me
912 2012 1063 2068 fallat
1087 2017 1350 2085 suspicio,
1388 2030 1466 2075 tot
1488 2021 1749 2078 itionibus

166 2095 648 2170 reditionibusque
693 2104 991 2159 Eusebium
1046 2109 1360 2177 explorasse
1402 2112 1745 2183 diligentius,

164 2186 297 2252 quid
332 2190 415 2241 rei
446 2191 795 2248 Alexandria:
823 2206 1138 2265 gereretur;
1171 2208 1227 2253 et
1254 2200 1305 2252 in
1348 2200 1626 2256 Orientem
1657 2219 1746 2257 rc-

166 2277 356 2331 tulisse
382 2279 453 2332 ad
476 2282 725 2338 curiosos
753 2285 1061 2355 episcopos,
1087 2300 1143 2343 et
1169 2291 1223 2343 in
1252 2290 1443 2360 primis
1472 2293 1539 2346 ad
1567 2293 1747 2348 Theo-

164 2367 443 2436 doretum,
485 2373 759 2430 intentum
788 2377 842 2431 in
874 2393 1065 2435 omnes
1090 2382 1349 2451 carpendi
1378 2383 1564 2456 Cyrilli
1594 2403 1751 2443 occa-

165 2474 370 2516 510003.

597 2580 862 2649 Epistula,
895 2583 983 2648 65,
1022 2587 1360 2641 lteortastica.

234 2685 521 2743 Paschalis
569 2700 672 2755 est,
723 2694 1031 2764 eodemque
1070 2706 1313 2768 tempore
1367 2702 1592 2771 scripta,
1642 2720 1749 2772 quo

166 2777 488 2844 vexabatur,
535 2797 754 2852 quoque
810 2786 1138 2841 moliebatur
1186 2790 1479 2845 Dioscorus
1528 2793 1746 2858 turbas;

167 2884 334 2935 quare
361 2872 607 2939 pertinet
635 2874 702 2928 ad
737 2890 939 2931 annum
971 2879 1093 2943 447,
1127 2890 1223 2934 aut
1262 2882 1501 2937 circiter.

616 2987 858 3059 Epistula
886 2991 953 3046 64
982 2995 1317 3048 lteortasticu.

235 3097 355 3166 Ipsa
396 3116 623 3171 quoque
652 3104 928 3176 Paschalis
955 3116 1060 3171 est,
1126 3111 1222 3164 sed
1270 3111 1375 3165 alia
1419 3124 1546 3166 nota
1578 3124 1745 3168 caret.

220 3208 467 3277 Epistula
491 3215 580 3279 65,
614 3217 967 3293 consolatorie
993 3220 1063 3272 ad
1093 3220 1359 3275 Zenonem
1383 3224 1696 3293 magistrum

833 3289 1080 3343 militum.

242 3390 281 3443 l.
314 3390 455 3456 Quis
476 3392 644 3449 fuerit
672 3398 841 3460 Zeno,
877 3401 1081 3454 rescire
1108 3401 1235 3455 licet
1262 3418 1329 3455 ex
1373 3404 1753 3458 consularibus

176 3485 598 3539 monumentis:
641 3490 808 3557 gessit
851 3491 998 3552 enim
1048 3493 1393 3547 consulatum
1438 3509 1561 3549 cum
1596 3496 1752 3549 Post-

177 3573 461 3639 humiano,
483 3592 630 3632 anno
654 3580 778 3635 448.
808 3582 942 3636 Nam
965 3584 1204 3653 synodus
1228 3586 1468 3639 Flaviani
1488 3587 1752 3641 adversus

178 3663 460 3733 Eutychen
531 3672 814 3725 consulatu
860 3674 1128 3740 Zenonis;
1207 3686 1331 3745 post
1383 3678 1748 3742 consulatum,

178 3752 517 3821 Epliesiuum
556 3758 903 3816 latrocinium
949 3766 1302 3835 consignatur
1338 3784 1349 3819 :
1382 3776 1560 3822 exstat
1583 3769 1751 3823 etiam

177 3845 296 3897 data
338 3846 409 3899 ad
455 3848 657 3916 ipsum,
705 3868 828 3907 cum
857 3863 1073 3923 gereret
1116 3858 1484 3922 consulatum,
1524 3860 1754 3928 epistola

182 3938 235 3988 7t
271 3937 636 4004 Theodoreti,
665 3943 731 3996 de
756 3961 863 4014 qua
897 3961 997 3999 suo
1018 3949 1157 4001 loco.

245 4025 307 4078 ll.
349 4026 475 4092 Quo
519 4038 763 4099 tempore
804 4034 905 4088 ista
948 4037 1151 4106 scripta
1200 4037 1291 4102 sit,
1326 4040 1569 4094 nondum
1619 4042 1752 4096 mihi

178 4127 394 4171 constat
432 4136 447 4171 :
481 4120 615 4174 latet
645 4124 793 4176 enim
829 4126 1044 4189 adhuc,
1079 4136 1173 4181 aut
1199 4138 1349 4183 certe
1384 4130 1614 4184 dubium
1646 4142 1750 4197 est,

180 4207 299 4274 quis
353 4208 447 4262 ille
496 4211 714 4265 tandem
740 4213 979 4269 Zenonis
1021 4215 1209 4282 frater,
1245 4217 1425 4273 clarus
1455 4221 1672 4283 militia,
1700 4233 1757 4277 et

183 4300 466 4364 praeclaris
495 4301 834 4358 facinoribus
871 4307 1090 4370 nobilis,
1126 4309 1283 4377 cujus
1306 4309 1361 4363 in
1392 4311 1547 4364 obitu
1576 4313 1757 4367 Theo-

180 4385 409 4443 doretus
456 4393 778 4470 magistrum
823 4396 1058 4450 militum
1083 4400 1332 4453 solatur:
1364 4403 1633 4471 suspicari
1678 4413 1756 4458 ta-

182 4494 299 4533 men
331 4479 418 4534 fas
448 4489 553 4542 est,
584 4483 636 4536 id
662 4493 789 4540 ante
816 4488 1160 4542 vexationem
1188 4491 1473 4545 accidisse.

183 4590 425 4660 Epistula
464 4594 558 4676 66,
596 4598 903 4676 invitatoria
944 4601 1013 4676 arl
1045 4604 1278 4676 encwnia
1311 4604 1493 4674 templi
1541 4618 1756 4676 aposto-

539 4666 711 4721 lorum
743 4671 812 4722 ad
838 4670 1055 4724 Aeriam
1074 4674 1386 4741 sophistam.

248 4779 325 4832 De
366 4778 535 4831 Aerio
574 4779 819 4847 sophista
852 4781 1059 4835 dictum
1092 4790 1177 4835 est
1205 4784 1270 4835 ad
1298 4784 1458 4852 epist.
1486 4785 1572 4839 ‘50.
1610 4787 1758 4842 Non-

183 4868 307 4924 dum
330 4870 598 4939 cornperi,
618 4886 728 4939 quo
751 4887 894 4925 anno
921 4873 1230 4926 absolutum
1255 4874 1323 4927 sit
1349 4877 1616 4944 templum
1631 4893 1760 4947 apo-

184 4962 334 5015 stolis
370 4977 401 5015 a
435 4961 781 5016 Theodoreto
806 4972 1071 5017 erectum.

249 5070 498 5143 Epistula
529 5073 683 5147 67Aet
711 5074 798 5147 68,
836 5075 905 5127 ad
926 5074 1209 5147 Maranam
1249 5085 1301 5128 et
1332 5077 1687 5147 Epiphaniam

522 5145 828 5198 invitaturia
866 5146 935 5197 ad
964 5146 1145 5198 eadem
1174 5148 1427 5200 eucwnia.

250 5233 289 5285 l.
323 5234 544 5288 incerta
575 5233 831 5287 similiter
864 5235 1126 5303 temporis
1163 5244 1311 5297 nota,
1338 5236 1554 5304 ignotus
1584 5237 1723 5319 Mara
1743 5269 1758 5279 -

187 5338 297 5385 nas,
321 5324 549 5394 ignotus
574 5324 741 5377 etiam
763 5324 1120 5394 Epiphanius,
1147 5326 1249 5378 nisi
1271 5326 1418 5394 quod
1449 5327 1537 5381 ille
1555 5328 1757 5381 dicitur

187 5415 419 5468 multum
443 5414 743 5468 contulisse
784 5414 850 5468 ad
887 5416 1075 5483 templi
1109 5416 1393 5478 fabricam,
1436 5417 1538 5470 istc
1569 5432 1757 5471 exsors

188 5503 331 5562 ﬁdei.
362 5511 600 5575 uterque
621 5502 889 5575 Cyrensis.
907 5506 1064 5560 civis.

252 5600 314 5651 tl.
353 5598 519 5669 325
549 5599 790 5654 Observa
830 5614 1038 5654 morem
1085 5601 1369 5669 antiquum
1417 5603 1753 5657 convocandi

191 5688 248 5739 ad
279 5688 419 5743 festa
439 5689 747 5744 Christiana
776 5690 923 5759 ipsos
941 5690 1104 5743 etiam
1133 5690 1399 5755 infideles,
1430 5701 1487 5744 ut
1513 5690 1751 5745 fidelium

190 5782 437 5850 exemplo
461 5780 527 5835 ad
557 5781 816 5851 pietatem
847 5784 861 5801 ‘
896 5780 1341 5836 incenderentur.

1884 2053 2128 2123 Epistula
2153 2059 2242 2123 7i,
2271 2061 2629 2140 gratulatoria
2669 2066 2739 2117 ad
2770 2066 3037 2140 Zenonem
3071 2072 3406 2140 magistrum-

2321 2130 2547 2185 militum
2583 2142 2633 2186 et
2664 2136 2953 2191 consulem.
3046 2156 3049 2159 ·

1922 2238 2094 2295 Habet
2155 2250 2405 2312 apertum
2446 2248 2707 2315 temporis
2779 2249 3148 2305 characterem
3198 2270 3211 2305 :
3257 2254 3431 2323 gessit

1850 2331 1996 2383 enim
2041 2331 2189 2385 Zeno
2234 2335 2579 2390 consulatum
2630 2352 2771 2394 anno
2820 2339 2944 2394 448.
2992 2340 3128 2398 Vide
3157 2350 3317 2400 notas
3353 2344 3425 2399 ad

1848 2421 2133 2490 epistolam
2154 2424 2243 2479 65.

2011 2551 2251 2622 Epistula
2286 2555 2373 2621 72,
2406 2557 2723 2612 heortcstica
2748 2560 2818 2613 ad
2841 2560 3265 2632 Hermesigenem

2464 2644 2805 2683 assessorem.

1924 2734 2115 2787 Nullus
2156 2743 2240 2789 est
2283 2738 2396 2791 sive
2444 2740 2730 2808 temporis,
2790 2740 2907 2795 sive
2952 2756 3201 2810 personae
3234 2743 3421 2808 index,

1854 2823 1955 2874 nisi
1980 2824 2125 2891 quod
2152 2823 2567 2896 Ilermesigenes
2593 2832 2963 2899 magistratum
2986 2841 3200 2901 gereret
3217 2833 3269 2887 in
3293 2833 3428 2889 vici-

1854 2930 1919 2965 na
1946 2914 2127 2983 aliqua
2160 2916 2400 2982 civitate,
2430 2918 2595 2971 veluti
2626 2919 2830 2974 Beraxe
2858 2932 2951 2976 aut
2983 2922 3307 2977 Antiochiae.

2027 3048 2269 3117 Epistula
2304 3050 2390 3115 75,
2427 3051 2749 3107 salutatoria
2784 3055 2853 3108 ad
2885 3054 3246 3126 Apollonium.

1778 3189 1819 3245 ο
1924 3161 2081 3215 Nulla
2109 3164 2368 3231 temporis
2394 3174 2544 3228 nota,
2573 3166 2721 3219 nulla
2746 3177 2842 3221 aut
2865 3168 3021 3223 valde
3045 3169 3279 3223 obscura
3299 3185 3427 3238 per-

1855 3268 2018 3315 sonae,
2051 3252 2155 3305 nisi
2189 3253 2334 3321 quod
2358 3254 2442 3307 vir
2464 3255 2693 3310 illustris
2721 3257 2845 3320 fuit,
2881 3259 2973 3311 sed
2998 3260 3240 3313 nondum
3262 3259 3424 3314 Chri-

1856 3344 2093 3408 stianus;
2139 3360 2259 3412 qua:
2291 3361 2377 3399 me
2402 3346 2513 3399 duo
2550 3347 2821 3401 inducunt
2868 3349 2923 3402 in
2950 3351 3321 3420 conjecturam
3355 3352 3425 3406 de

1854 3434 2141 3501 Apollonio
2183 3435 2384 3488 comite
2428 3452 2710 3490 sacrarum
2740 3438 3115 3508 largitionum,
3156 3441 3223 3495 ad
3258 3458 3423 3509 quem

1853 3533 1935 3578 est
1964 3526 2194 3592 epistola
2223 3527 2343 3581 105.
2376 3527 2555 3593 Quare
2589 3532 2790 3584 omissa
2817 3532 3057 3597 videtur,
3091 3543 3313 3602 propter
3340 3533 3426 3587 in-

1856 3614 2363 3685 ﬂdelitatem,quod
2384 3617 2697 3672 observavit
2720 3620 3110 3686 Gothofredus,
3146 3622 3428 3693 dignitatis
3508 3635 3514 3643 '

1856 3705 2159 3775 inscriptio.

2075 3840 2317 3910 Epistula
2356 3842 2422 3895 74
2462 3832 2781 3898 heortastica
2812 3846 2880 3899 ad
2913 3845 3203 3901 Urbanum.

1922 3951 2081 4007 Caret
2104 3955 2252 4008 omni
2287 3955 2506 4024 penitus
2526 3966 2675 4011 nota.

1949 4086 2190 4156 Epistula
2224 4089 2310 4153 75,
2343 4089 2627 4158 familiaris
2662 4091 2732 4144 ad
2759 4090 2975 4144 clericos
3009 4090 3327 4145 Berwenses.

1927 4199 2056 4253 Data
2082 4208 2166 4253 est
2197 4200 2511 4255 Theoctisto
2539 4203 2799 4272 episcopo
2830 4218 2941 4255 non
2979 4202 3052 4269 ita
3089 4202 3307 4272 pridem
3332 4219 3427 4257 or-

1856 4288 2061 4350 dinato,
2094 4299 2257 4358 atque
2290 4290 2363 4343 ita
2397 4307 2539 4345 anno
2562 4292 2677 4345 457.
2711 4300 2804 4345 aut
2824 4292 2945 4347 458.
2975 4292 3253 4348 Successit
3280 4294 3428 4348 enim

1859 4379 1946 4432 ille
1973 4379 2188 4443 Acacio,
2232 4381 2325 4449 qui
2352 4382 2637 4437 ordinatus
2670 4394 2745 4433 est
2793 4397 2937 4436 anno
2964 4383 3067 4437 578
3100 4383 3203 4437 sub
3240 4383 3428 4447 finem,

1860 4481 1952 4524 aut
1973 4472 2129 4525 initio
2166 4474 2467 4539 sequentis,
2493 4482 2555 4526 ut
2593 4482 2806 4527 constat
2842 4490 2909 4528 ex
2940 4475 3171 4529 historia
3208 4475 3429 4529 concilii

1862 4560 2209 4624 Azitiocheni,
2248 4576 2277 4613 a
2304 4577 2413 4630 quo
2446 4563 2772 4631 legationem
2799 4564 3010 4632 accepit
3038 4563 3310 4618 Eusebius
3333 4564 3432 4619 Sa-

1863 4653 2187 4705 mosatensis
2225 4652 2406 4706 Acacii
2451 4653 2757 4717 ordinatur,
2799 4654 3072 4723 simulque
3113 4655 3430 4709 mandatum

1859 4743 2183 4811 providendi
2213 4744 2450 4798 viduatis
2470 4746 2525 4797 in
2546 4743 2771 4799 Oriente
2800 4744 3058 4799 Ecclesiis
3075 4744 3277 4809 ;,,vidua
3297 4759 3431 4798 vero

1860 4846 1990 4887 tunc
2017 4844 2134 4889 erat
2160 4835 2485 4889 Bcroaensis.
2516 4834 2652 4890 Cum
2673 4852 2802 4905 ergo
2826 4836 3059 4891 Aeacius
3084 4837 3430 4890 Bermensem

1857 4926 2232 4995 episcopatum
2274 4927 2514 4979 tenuerit
2554 4941 2730 4980 annos
2758 4926 3152 4997 quinquaginta
3190 4934 3245 4980 et
3282 4935 3428 4989 octo,

1860 5027 1919 5070 ut
1973 5018 2140 5071 tradit
2176 5017 2557 5071 Theodorctus
2609 5018 2666 5071 in
2710 5016 2985 5071 Philutheo
3028 5032 3150 5087 cap.
3193 5018 3249 5079 2,
3293 5016 3431 5070 obiit

1858 5116 2006 5161 certe
2044 5124 2186 5162 anno
2231 5110 2332 5160 457
2378 5116 2473 5161 aut
2515 5109 2641 5171 458,
2692 5109 3063 5177 nonagenario
3102 5108 3294 5175 major,
3337 5114 3431 5160 aut

1857 5199 2023 5251 etiam
2045 5215 2182 5267 pene
2212 5198 2563 5252 centenarius
2597 5216 2607 5249 :
2646 5198 2733 5249 vix
2769 5199 2914 5250 enim
2945 5196 3134 5251 credat
3166 5196 3310 5263 quis,
3344 5211 3430 5248 (ηιμ

1858 5289 2099 5342 dinatum
2131 5296 2253 5340 ante
2279 5303 2482 5340 annum
2514 5287 3011 5356 quadragesimum,
3039 5300 3162 5338 cum
3188 5294 3313 5337 ante
3343 5301 3431 5337 or-

1858 5380 2192 5432 dinationem
2227 5379 2318 5431 diu
2346 5393 2403 5431 se
2425 5378 2735 5432 exercuerit
2766 5377 2867 5430 sub
2895 5376 3135 5435 Asterie,
3165 5375 3344 5445 326,
3375 5384 3430 5428 ct

1859 5487 1956 5540 pro
1983 5469 2082 5522 fnle
2107 5484 2193 5521 res
2231 5484 2336 5521 non
2373 5468 2522 5537 parvi
2552 5468 2811 5521 momenti
2834 5466 3083 5537 gesserit.

1859 5581 2097 5653 Epistula
2125 5580 2209 5645 76,
2252 5582 2546 5636 hortatoria
2571 5581 2640 5634 ad
2678 5580 2934 5634 Uranium
2968 5580 3090 5649 Cyri
3122 5578 3423 5648 prwsidem.

1924 5690 2094 5756 Quem
2129 5700 2183 5745 et
2218 5692 2435 5762 quando
2465 5693 2715 5746 hortetur
2750 5691 2816 5745 ad
2850 5692 3030 5754 lidcm,
3060 5691 3209 5745 nullo
3248 5690 3422 5746 indite

1857 5783 2129 5854 proditur.
