4228 6446
801 336 906 399 275

1930 339 2308 400 GARNERII
2349 338 2845 399 DISSERTATIO
2880 340 2960 397 II.

3968 346 4074 408 276

803 447 1044 516 Epistula
1067 448 1130 501 77
1149 458 1196 500 ct
1224 448 1312 513 78,
1330 447 1410 518 μά
1432 447 1707 503 Eulalium
1730 457 1777 501 et
1803 448 2087 503 Eusebium
2113 450 2377 518 episc0pos
2410 455 2453 507 Α
2554 446 2796 517 Epistola
2821 447 2908 511 81,
2933 448 3322 517 deprecatoria,
3359 448 3429 500 ad
3450 448 3678 503 Nomum
3710 452 3998 508 consulem.

1319 517 1545 573 Persicae
1565 518 1849 573 Armeniae.

869 632 909 685 l.
942 630 1219 687 Armenias
1249 633 1486 688 Persicae
1530 633 1754 687 nomine
1807 633 2114 702 appellatur
2150 648 2213 687 ea
2253 648 2380 701 pars

799 723 1072 778 Armenia:
1120 724 1373 795 majoris,
1408 740 1530 795 quae
1574 724 1764 779 Media:
1801 724 2055 789 vicinior,
2103 739 2379 793 quamque

797 822 1208 883 occupaverunt
1232 815 1410 870 Persae
1447 814 1551 868 sub
1588 816 1834 879 Valente,
1881 814 2087 884 diuque
2129 816 2375 868 retinue-

799 911 953 956 runt.

866 995 929 1048 Il.
949 994 1085 1048 Cum
1103 1001 1249 1048 mota
1264 1003 1410 1049 esset
1433 997 1489 1050 in
1508 994 1752 1057 Perside,
1779 994 2068 1064 lsdegerdc
2088 1010 2234 1063 rege,
2253 1009 2378 1063 per-

798 1084 1030 1149 secutio,
1071 1093 1130 1137 ut
1167 1084 1333 1138 tradit
1362 1085 1762 1149 Theodoretus,
1797 1087 2037 1154 pervasit
2072 1086 2162 1138 illa
2201 1086 2378 1155 regio-

796 1191 895 1240 nes
924 1176 1252 1232 remotiores
1276 1177 1522 1231 Romano
1562 1177 1793 1246 imperio
1822 1184 2059 1245 ereptas,
2096 1193 2205 1247 quo
2235 1185 2376 1231 tem-

797 1282 930 1335 pore
993 1267 1378 1322 Theodoretus
1420 1268 1744 1337 episcopos,
1802 1267 1896 1336 qui
1945 1281 2115 1337 prope
2146 1268 2378 1323 aberant

797 1358 866 1412 ab
901 1358 1284 1429 Euphratesia,
1339 1358 1543 1412 litteris
1589 1359 1825 1424 monuit,
1876 1357 2011 1428 quid
2048 1368 2198 1413 esset
2238 1375 2378 1430 opus

797 1449 970 1515 factu,
1003 1466 1070 1504 ne
1101 1450 1358 1505 deessent
1388 1450 1587 1514 olIicio,
1616 1459 1729 1505 tum
1767 1452 1820 1504 in
1846 1451 2068 1506 tuendis
2096 1452 2373 1522 gregibus,

798 1548 913 1594 tum
948 1557 1073 1610 erga
1103 1541 1414 1596 desertores
1443 1542 1589 1603 ﬁdei,
1626 1552 1679 1595 et
1706 1542 2054 1612 ptenitentes.

865 1632 953 1685 III.
983 1632 1245 1685 Ilortatur
1269 1648 1398 1701 ergo
1422 1631 1562 1685 duos
1588 1631 1655 1685 ad
1678 1648 1896 1701 gregem
1919 1632 2227 1687 curandum
2251 1647 2377 1700 per-

794 1724 1098 1777 secutionis
1160 1734 1443 1794 tempore,
1498 1737 1791 1795 monetque
1861 1740 1969 1778 non
2041 1723 2376 1778 deserendas

2559 541 2598 594 I.
2639 538 2898 609 Ejusdem
2947 538 3153 608 pariter
3195 540 3503 609 argumenti
3536 556 3601 595 ac
3630 542 3895 612 temporis
3944 560 4071 597 cum

2488 630 2767 700 prioribus
2786 629 3020 683 duabus.

2559 720 2621 774 11.
2658 719 2890 773 Maxima
2934 735 3061 789 pars
3107 718 3476 790 ebronologia:
3506 737 3691 775 rerum
3730 721 4068 777 Theodoreti

2486 813 2689 883 pendet
2739 828 2805 867 ex
2836 812 3136 881 quaestione
3172 812 3239 866 de
3270 813 3453 867 verbis
3484 813 3880 883 inscriptionis,
3921 815 4067 869 sitne

2488 903 2773 959 retinenda
2807 904 3055 957 omnium
3087 903 3339 957 codicum
3368 905 3554 970 lectio,
3606 923 3727 975 qum
3752 906 3917 961 habet
3947 923 4073 960 con-

2485 993 2683 1056 sulem;
2738 1008 2807 1046 an
2856 992 3203 1062 corrigenda,
3258 994 3405 1061 quod
3446 995 3563 1049 vult
3606 996 3960 1061 Baronius“;
4017 1004 4071 1051 et

2486 1086 2693 1140 Nonius
2723 1100 2833 1138 non
2862 1086 3052 1139 consul
3082 1085 3369 1148 dicendus,
3402 1087 3497 1140 sed
3523 1089 3851 1142 consularis.

2554 1178 2643 1232 Ill.
2680 1176 3043 1231 Retinendam
3068 1178 3288 1247 opinor,
3319 1179 3447 1249 quia
3478 1180 3702 1234 retineri
3735 1180 3873 1234 nihil
3897 1190 4069 1245 vetat,

2486 1272 2595 1324 imo
2632 1269 2786 1338 plura
2808 1269 3005 1338 jubcnt
3029 1287 3041 1322 :
3063 1270 3445 1339 corrigendam
3470 1272 3587 1324 vult
3618 1271 3904 1336 Baronius,
3934 1289 4070 1342 quo‘

2483 1362 2630 1416 niam
2684 1360 2792 1415 nisi
2836 1359 3145 1414 consularis
3194 1376 3295 1430 pro
3323 1363 3549 1416 consule
3582 1372 3840 1431 ponatur,
3876 1364 4073 1416 ὑπατι-

2483 1454 2577 1515 κὸς
2605 1468 2704 1522 pro
2733 1453 2942 1522 ὑπάτῳ,
2966 1451 3101 1506 falsa
3127 1462 3282 1523 putat
3304 1452 3515 1517 futura,
3541 1470 3661 1523 qua:
3682 1455 4073 1513 Theodoretus

2484 1550 2675 1596 sancto
2705 1541 2874 1595 Leoni
2900 1541 3097 1595 scribit
3127 1543 3231 1597 sub
3261 1544 3425 1597 ﬁnem
3454 1543 3583 1597 anni
3607 1543 3731 1609 449,
3763 1559 3821 1598 se
3846 1561 4072 1616 nempe,

2481 1646 2608 1686 cum
2654 1631 2808 1686 daret
2844 1631 3081 1696 litteras,
3140 1633 3332 1703 viginti
3363 1644 3571 1703 septem
3594 1651 3768 1690 annos
3796 1636 3850 1689 in
3880 1638 4074 1706 ponti-

2482 1722 2646 1777 ﬁcatu
2690 1723 2866 1793 egisse
2916 1740 2928 1776 :
2971 1723 3174 1793 egisset
3203 1723 3351 1778 enim
3382 1724 3577 1794 viginti
3607 1734 3662 1779 et
3689 1742 3910 1794 novem,
3960 1727 4075 1782 imo

793 1828 926 1868 oves
958 1815 1101 1883 turpi
1128 1816 1250 1886 fuga
1276 1834 1290 1880 ;
1329 1818 1421 1870 sed
1452 1832 1548 1870 eos
1578 1817 1671 1885 qui
1699 1817 1834 1885 lapsi
1863 1817 2063 1881 forent,
2092 1815 2288 1869 idonea
2318 1823 2375 1869 et
2409 1810 2448 1863 Β
2476 1815 2591 1870 fere
2618 1816 2860 1885 triginta,
2887 1816 2955 1880 si,
2980 1831 3089 1884 quo
3116 1824 3364 1885 tempore
3393 1817 3560 1872 dabat
3583 1818 3681 1873 has
3722 1819 3788 1873 ad
3828 1819 4071 1874 Nomum

795 1905 1151 1960 misericorde
1178 1908 1501 1974 poenitentia
1524 1906 1917 1962 restituendos.

866 1998 952 2052 IV.
988 1998 1088 2052 Vix
1140 1998 1371 2053 delinire
1411 2000 1561 2064 licet,
1611 2016 1720 2068 quo
1769 2014 1914 2053 anno
1960 2008 2070 2053 tam
2111 1998 2372 2053 salutaria

796 2091 1004 2146 monita
1049 2091 1427 2147 Theodoretus
1458 2094 1674 2157 dederit
1712 2112 1724 2146 :
1758 2092 2029 2163 siquidem
2066 2108 2239 2146 annos
2272 2092 2371 2145 tri-
2440 2144 2445 2149 .

795 2181 946 2251 ginta
976 2181 1289 2250 persecutio
1335 2182 1523 2237 isthsec
1556 2182 1795 2247 duravit,
1840 2182 1910 2236 ab
1939 2196 2083 2236 anno
2114 2181 2373 2236 videlicet

795 2273 901 2327 420
931 2273 997 2325 ad
1023 2272 1147 2326 450.
1172 2272 1403 2327 Videtur
1425 2282 1605 2327 tamen
1640 2273 2023 2328 Theodoretus
2047 2282 2179 2327 tunc
2204 2272 2373 2327 fuisse

796 2363 1015 2428 senior;
1051 2365 1188 2433 petit
1209 2364 1355 2419 enim
1382 2364 1450 2417 ab
1478 2364 1714 2428 Eulalio,
1740 2364 1885 2433 quod
1913 2364 2160 2419 seniores
2196 2364 2374 2418 solent

796 2455 865 2509 ab
893 2456 1109 2519 amicis,
1146 2455 1427 2525 impetrari
1460 2472 1490 2509 a
1529 2455 1641 2509 Deo
1671 2456 1689 2475 ⁶
1717 2456 1997 2523 precibus,
2035 2464 2095 2510 ut
2130 2456 2373 2524 reliquos

796 2545 921 2600 vitae
968 2560 1142 2599 annos
1194 2561 1262 2600 ex
1311 2546 1491 2615 legum
1544 2544 1717 2614 ipsius
1755 2554 2029 2616 prwcepto
2085 2546 2371 2615 transigat.

795 2637 951 2703 Quod
977 2638 1019 2690 si
1040 2638 1113 2691 ita
1143 2647 1246 2701 est,
1278 2637 1498 2690 videtur
1527 2637 1731 2706 scripta
1758 2637 1988 2707 epistola
2020 2636 2241 2691 circiter
2272 2652 2373 2689 an-

794 2746 927 2784 num
951 2730 1074 2792 445,
1102 2744 1227 2783 cum
1252 2728 1635 2782 Theodoretus
1659 2727 1774 2782 fere
1793 2738 1939 2782 esset
1963 2728 2371 2797 sexagenarius,

796 2835 899 2875 nec
925 2821 1107 2874 adhuc
1136 2836 1167 2873 a
1194 2818 1506 2873 Theodosio
1536 2827 1835 2888 pateretur,
1868 2835 1991 2887 qua:
2024 2818 2371 2887 postmodum

794 2912 1144 2966 acciderunt:
1164 2927 1273 2964 non
1299 2910 1469 2973 enim,
1497 2920 1558 2963 ut
1579 2918 1662 2962 est
1682 2909 1913 2977 querula
1936 2925 2022 2963 res
2037 2909 2278 2972 amictio,
2304 2908 2372 2961 de

794 2999 913 3053 suis
951 3015 1232 3063 aerumnis,
1270 3014 1407 3068 quas
1458 2998 1749 3053 videbatur
1796 2998 1904 3053 sibi
1958 3013 2058 3067 pro
2103 2998 2210 3051 ﬁde
2259 2996 2397 3073 pati,

792 3090 1040 3145 siluisset
1065 3091 1207 3160 apud
1237 3105 1354 3154 eos,
1384 3091 1477 3159 qui
1514 3089 1952 3159 persecutionem
1982 3104 2083 3159 pro
2109 3089 2373 3159 religione

792 3186 1104 3241 Christiana
1125 3184 1529 3254 experirentur.

794 3367 1041 3423 Eulalius
1072 3376 1129 3421 et
1170 3366 1443 3421 Eusebius
1487 3364 1731 3419 rexerint
1758 3380 1772 3417 :
1801 3363 1941 3418 nihil
1985 3378 2152 3433 porro
2180 3362 2377 3417 melius

794 3458 996 3513 adduci
1030 3467 1211 3527 potest
1264 3457 1332 3511 ad
1362 3456 1414 3510 id
1452 3454 1895 3524 persuadendum
1928 3469 2039 3524 quo
2077 3452 2146 3509 de
2174 3453 2374 3524 ageba-

799 3559 915 3613 tur,
939 3564 1102 3619 quam
1132 3547 1280 3617 quod
1304 3548 1392 3602 bis
1421 3546 1620 3603 litteris
1641 3546 1979 3600 continetur.

828 3660 1072 3732 Epistola
1100 3661 1186 3724 79,
1213 3659 1579 3729 deprccatoria
1601 3657 1669 3710 ad
1688 3655 1999 3711 Anatolium
2029 3656 2331 3726 patricium.

863 3775 906 3827 1.
938 3772 1061 3828 Haec
1082 3782 1138 3827 et
1164 3772 1282 3825 aliae
1305 3780 1416 3825 tres
1440 3779 1839 3839 consequentes
1866 3771 2029 3824 unius
2057 3778 2186 3825 sunt
2206 3786 2371 3839 argu-

794 3865 964 3921 menti
1016 3882 1029 3917 :
1074 3864 1360 3920 continent
1405 3862 1552 3917 enim
1607 3862 1942 3916 Theodoreti
1975 3862 2257 3930 querelam
2303 3862 2371 3915 de

796 3956 1051 4010 mandato
1087 3953 1458 4023 imperatoris,
1493 3968 1604 4022 quo
1633 3953 1821 4023 jussus
1850 3964 1970 4009 erat
2003 3952 2129 4023 Cyri
2168 3952 2372 4008 ﬁnibus

794 4061 853 4099 se
876 4043 1182 4098 continere.

864 4133 929 4187 Il.
953 4131 1134 4198 Quare
1176 4131 1469 4185 clarissimi
1505 4140 1635 4186 sunt
1665 4139 1722 4186 et
1760 4132 1892 4185 anni
1916 4140 1972 4186 et
2008 4147 2368 4200 personarum

795 4224 1005 4277 indices
1032 4241 1044 4275 :
1071 4236 1428 4291 personarum
1449 4221 1696 4290 quidem,
1718 4223 1847 4291 quia
1872 4223 2079 4277 nobilia
2109 4233 2239 4278 sunt
2258 4224 2371 4278 sin-

792 4315 1045 4383 gularum
1071 4313 1294 4367 nomina
1318 4331 1333 4366 :
1358 4313 1487 4366 anni
1516 4328 1667 4377 vero,
1688 4305 1947 4382 quoniam
1974 4330 2081 4368 una
2105 4315 2367 4370 scribitur

791 4405 966 4460 Nomo
994 4404 1228 4465 consuli,
1257 4403 1373 4471 qui,
1405 4410 1465 4457 ut
1491 4410 1577 4457 est
1605 4404 1750 4472 apud
1786 4420 1978 4459 omnes
2004 4404 2059 4459 in
2092 4406 2362 4471 confesso,

792 4511 942 4551 anno
967 4495 1072 4549 445
1104 4508 1380 4548 summum
1411 4494 1790 4564 magistratum
1823 4494 2009 4563 gessit.

860 4587 927 4641 Ill
984 4586 1089 4640 Sed
1124 4586 1239 4639 luce
1264 4584 1494 4653 epocha,
1522 4595 1582 4639 ut
1606 4596 1691 4639 est
1719 4586 1960 4655 plurium
1982 4586 2211 4641 aliarum
2240 4586 2365 4641 fun-

790 4680 1131 4741 damentum,
1154 4678 1226 4731 ita
1254 4675 1582 4731 stabilienda
1604 4685 1688 4731 est
1708 4676 2021 4733 ﬁrmissime
2055 4678 2121 4731 ad
2154 4679 2363 4749 episto-

790 4768 897 4822 lam
926 4768 1016 4821 81.

850 4857 947 4914 IV.
973 4858 1047 4911 De
1067 4856 1323 4911 Anatolio
1350 4856 1558 4912 dictum
1582 4864 1669 4911 est
1697 4857 1766 4912 ad
1800 4857 1963 4927 epist.
1995 4858 2085 4911 45.

860 4950 924 5003 ν.
957 4948 1150 5003 Totam
1175 4948 1415 5002 mandati
1444 4948 1780 5017 imperatorii
1807 4949 1875 5002 ad
1907 4964 1967 5003 se
1999 4949 2151 5005 missi
2182 4950 2357 5004 histo-

789 5038 925 5090 riam
960 5036 1252 5104 diligenter
1286 5036 1668 5091 Theodoretus
1708 5046 1916 5103 narrat,
1953 5039 2225 5109 simulque
2260 5040 2358 5094 ad-

784 5130 969 5199 iuncta
1006 5127 1168 5197 327
1199 5127 1489 5196 diligenter
1522 5129 1861 5185 observanda
1892 5148 1904 5183 :
1948 5130 2186 5186 diximus
2232 5132 2358 5186 inde

787 5220 843 5273 in
869 5218 988 5271 Vita
1026 5234 1146 5286 qua:
1175 5218 1546 5287 pertinebant.

788 5343 1023 5412 Izpistola
1053 5343 1119 5397 80
1138 5386 1150 5407 ,
1181 5344 1539 5413 deprecatoria
1569 5348 1637 5401 ad
1661 5348 1994 5405 Eutrccliimn
2031 5353 2352 5422 prwfectum.

855 5454 1109 5521 Ejusdem
1141 5455 1445 5525 argumenti
1475 5466 1529 5511 et
1555 5461 1815 5529 temporis
1841 5477 1962 5516 cum
1988 5464 2346 5531 prmccdente.

784 5544 856 5597 ile
884 5543 1178 5598 Eutrcchio
1212 5544 1416 5599 dictum
1445 5558 1529 5601 est
1562 5549 1627 5601 ad
1655 5552 1941 5619 epistolam
1968 5554 2052 5607 57.

2478 1906 2710 1969 litteras,
2746 1913 2803 1959 et
2834 1906 3042 1960 Nemus
3069 1908 3263 1960 consul
3288 1916 3455 1971 esset,
3490 1919 3545 1962 et
3570 1909 3680 1979 jam
3706 1909 3822 1979 ipse
3848 1912 4071 1982 exegis-

2479 2006 2564 2051 set
2595 1997 2789 2067 viginti
2814 1997 3058 2066 quinque
3083 2014 3260 2052 annos
3292 1998 3345 2051 in
3375 2000 3713 2070 episcopatu.

2548 2087 2635 2141 IV.
2662 2088 2863 2142 Verum
2884 2096 3076 2141 contra
3095 2087 3387 2142 Baronium
3411 2089 3620 2143 faciunt
3635 2090 4074 2147 demonstratio-

2479 2194 2577 2234 nes
2608 2180 2835 2233 omnino
2857 2195 2971 2233 sex.
3008 2180 3188 2234 Prima
3212 2180 3279 2234 ad
3305 2180 3607 2247 hominem,
3638 2184 4067 2253 utloquuntur:

2479 2284 2604 2322 nam
2624 2268 2892 2323 Baronius
2922 2283 3109 2323 secum
3131 2278 3355 2339 pugnat.
3392 2269 3528 2324 Cum
3554 2270 3701 2324 enim
3726 2279 3916 2341 aperte
3937 2287 4072 2325 cnn-

2480 2366 2606 2422 stet,
2629 2358 3034 2414 Tlieoderetum
3052 2360 3196 2413 hanc
3211 2361 3500 2429 epistolam
3518 2360 3757 2427 dedisse,
3775 2378 3903 2416 cum
3922 2362 4073 2434 Cyro

2479 2448 2663 2516 egredi
2695 2449 2899 2503 vetitus
2925 2459 3009 2503 est
3035 2468 3047 2501 :
3075 2464 3311 2519 cumque
3335 2450 3605 2505 Baronius
3629 2451 4069 2521 prohibitionem

2479 2540 2677 2593 factam
2703 2556 2823 2595 esse
2849 2550 3061 2596 asserat
3084 2558 3229 2597 anno
3249 2544 3375 2608 445,
3408 2559 3517 2613 quo
3543 2554 3787 2614 tempore
3815 2544 4071 2599 nondum

2480 2633 2823 2687 consulatum
2840 2644 3083 2704 gesserat
3100 2635 3328 2701 Nemus,
3343 2636 3574 2705 epistola
3594 2648 3744 2692 certe
3760 2652 3871 2691 non
3886 2636 4069 2707 potuit

2481 2724 2757 2778 consulari
2807 2725 3062 2789 inscribi,
3120 2726 3176 2780 id
3205 2734 3310 2791 est,
3360 2727 3595 2792 homini,
3646 2729 3740 2798 qui
3772 2730 4068 2784 consulatu

2481 2814 2774 2868 defunctus
2792 2814 2882 2868 sit.

2556 2906 2613 2959 V.
2651 2905 2925 2971 Secunda,
2980 2907 3182 2961 iterum
3212 2909 3279 2962 ad
3311 2908 3615 2963 hominem.
3668 2908 3725 2962 Si
3748 2907 3932 2979 jussio
3960 2908 4070 2962 im-

2481 2998 2752 3067 peratoris
2782 2998 2922 3052 facta
2947 3008 3031 3053 est
3056 3017 3199 3054 anno
3220 3001 3346 3064 445,
3380 3002 3656 3070 quomodo
3683 3001 4072 3055 Theodoretus

2481 3107 2625 3144 anno
2652 3092 2757 3145 444
2784 3102 2910 3160 post
2935 3093 3147 3146 obitum
3176 3092 3366 3164 Cyrilli
3400 3094 3704 3149 Antiochiae
3738 3096 4070 3149 concionem

2404 3159 2447 3216 (ἶ
2480 3182 2694 3245 habuit,
2737 3159 2899 3251 quam
2930 3184 3131 3239 Marius
3162 3159 3431 3239 Mercator
3461 3195 3573 3240 etv
3597 3186 3840 3257 synodus
3863 3187 4071 3240 refert?

837 3277 929 3331 -V.
955 3277 1056 3330 Vix
1081 3277 1211 3329 licet
1236 3274 1486 3339 deﬁnire,
1521 3288 1754 3343 quarum
1781 3274 2069 3328 civitatum
2104 3272 2377 3327 Ecclesias
2407 3282 2419 3295 ‘

2479 3274 2666 3328 Paruit
2687 3274 2832 3327 enim
2867 3275 3119 3346 religiose
3142 3277 3396 3346 jussioni,
3422 3293 3525 3331 nec
3548 3285 3670 3346 post
3691 3287 3975 3345 acceptam
4000 3278 4072 3331 ad

2476 3364 2873 3419 Antiochenam
2898 3366 3173 3421 civitatem
3203 3369 3453 3433 accessit,
3492 3378 3550 3422 ut
3587 3369 3699 3438 ipse
3732 3376 3993 3422 testatur.

2546 3457 2631 3511 VI.
2690 3457 2895 3511 Tertia.
2952 3459 3157 3513 Eodem
3202 3468 3448 3530 tempore
3495 3470 3552 3515 et
3592 3461 3647 3514 in
3676 3459 4071 3516 eademcausa

2478 3548 2865 3603 Theodoretus
2894 3549 3130 3603 Nomum
3157 3551 3440 3605 consulem
3463 3560 3521 3605 et
3542 3551 3901 3606 Eutrechium
3924 3568 4077 3621 pra:-

2474 3640 2679 3694 fcctum
2710 3642 3005 3711 compellat
3053 3659 3068 3694 :
3120 3642 3272 3711 atqui
3308 3643 3364 3696 in
3392 3643 3649 3697 eumdem
3678 3658 3883 3697 annum
3913 3658 4070 3712 pra:-

2475 3732 2685 3786 l‘ectura
2717 3733 3028 3796 Eutrechii,
3063 3742 3120 3787 et
3144 3733 3302 3787 Nomi
3332 3735 3653 3788 consulatus
3679 3734 4067 3788 conveniunt:

2475 3823 2642 3891 igitur
2672 3832 2766 3876 aut
2795 3832 2989 3877 neutra
3014 3825 3341 3895 corrigenda
3361 3833 3447 3878 est
3472 3826 3656 3885 lectio,
3681 3834 3775 3878 aut
3798 3833 4068 3894 utraque.

2473 3915 2751 3969 Posterior
2774 3931 2905 3970 vero
2934 3916 3136 3985 corrigi
3167 3931 3277 3969 non
3308 3925 3520 3986 potest,
3571 3916 3858 3971 retinenda
3888 3915 4072 3986 igitur

2472 4006 2642 4075 prior.

2541 4098 2652 4151 VII.
2710 4097 2936 4164 Quarta.
2992 4098 3377 4152 Theodoretus
3431 4099 3695 4168 epistolas
3743 4106 3856 4152 tres
3900 4098 4075 4154 dedit

2471 4190 2537 4243 ad
2570 4190 2804 4244 Nomum
2839 4190 3075 4244 diversis
3106 4190 3445 4259 temporibus
3483 4210 3495 4243 :
3531 4191 3761 4260 primam
3799 4190 4070 4245 inscribit

2472 4283 2723 4351 magistro
2771 4281 3055 4351 officiorum
3084 4322 3098 4345 ,
3158 4289 3491 4351 postremam
3532 4281 3773 4351 patricia,
3812 4281 4066 4334 mediam

2470 4373 2706 4437 consuli;
2740 4382 2873 4428 tunc
2901 4389 3034 4443 ergo
3057 4373 3262 4427 Nomus
3287 4373 3633 4427 eonsulatmn
3656 4373 3904 4442 gerebat,
3925 4389 4065 4428 cum

2397 4498 2440 4551 υ
2470 4468 2683 4536 accepit
2705 4467 2963 4530 mediam,
2994 4466 3267 4535 siquidem
3291 4465 3557 4534 inscripto
3582 4465 3813 4535 singulis
3833 4465 4068 4520 duabus

2467 4561 2591 4613 aliis
2624 4560 2941 4629 magistratu
2976 4557 3327 4628 fungebatur,
3368 4572 3494 4612 cum
3529 4557 3677 4627 ipsas
3707 4557 3938 4626 recepit.

2537 4650 2673 4704 VIII.
2709 4648 2929 4715 Quinta.
2960 4648 3341 4703 Theodoretus
3358 4649 3655 4711 neminem,
3681 4648 3773 4717 qui
3795 4650 4062 4703 consula—

2467 4749 2583 4794 tum
2609 4738 2888 4808 gessisset,
2919 4739 3266 4793 consularem
3292 4738 3616 4802 nominavit,
3646 4754 3770 4792 cum
3792 4738 4061 4807 pluribus

2465 4832 2630 4901 328
2684 4830 2894 4885 litteras
2944 4831 3100 4885 daret
3155 4838 3280 4900 post
3335 4846 3611 4885 summum
3665 4828 4057 4898 magistratum

2465 4928 2709 4991 gestum;
2765 4920 2865 4974 sed
2898 4936 3009 4974 sua:
3038 4936 3311 4989 quemque
3341 4919 3623 4989 dignitatis
3652 4919 3897 4983 nomine,
3939 4936 4058 4988 qua

2467 5021 2597 5065 tunc
2649 5010 3005 5081 insigniretur
3057 5029 3069 5064 :
3121 5028 3299 5079 neque
3342 5012 3488 5064 enim
3540 5012 3879 5073 Anatolium,
3930 5013 4055 5066 An-

2464 5102 2730 5165 tiochum,
2764 5101 3144 5166 Ariobindam,
3178 5102 3520 5165 Senatorem,
3551 5102 3812 5163 Taurum.
3840 5103 4055 5158 Vinco-

2465 5195 2690 5255 malum,
2725 5195 3013 5248 consulatu
3044 5194 3284 5257 functos,
3327 5202 3422 5248 aut
3453 5195 3708 5248 consules
3739 5194 4052 5263 inscripsit,

2465 5294 2561 5339 aut
2590 5284 2939 5347 consulares;
3003 5284 3097 5338 sed
3152 5284 3238 5337 vel
3280 5283 3569 5354 patricios,
3607 5283 3757 5336 velut
3788 5287 3801 5302 ‘
3832 5282 4051 5339 Anato-

2463 5376 2629 5437 lium,
2684 5374 3068 5439 Ariobindam,
3120 5374 3473 5439 Senatorem,
3527 5385 3583 5430 et
3624 5375 3902 5441 Taurum;
3962 5378 4052 5432 vel

2460 5464 2767 5533 perfectos,
2805 5474 2864 5518 ut
2891 5465 3252 5532 Antiochum;
3285 5469 3370 5521 vel
3395 5468 3685 5539 magistros
3709 5466 4048 5534 oﬁiciorum.

2459 5564 2518 5608 ut
2545 5554 2937 5609 Viucomalum.

2112 5692 2426 5748 SCIIUIZII
2476 5689 2713 5746 ΝΟΤ

853 5749 895 5782 ⁵⁸
921 5750 1041 5807 Vid.
1076 5766 1259 5821 supra,
1297 5766 1352 5820 p.
1384 5753 1508 5809 5249.
