4228 6446
162 366 244 424 277
1312 370 1408 428 DE
1449 369 1620 427 [ΙΒῇ
1636 370 1701 427 lS
1738 368 2241 428 THEUDORETI.

3293 372 3398 432 273

223 472 303 525 lx.
344 471 533 525 Sexta.
568 472 1015 531 Eruditissimum
1042 474 1386 529 Cardinalem
1415 477 1724 531 fefellerunt
1754 486 1795 538 Α
1824 477 2058 530 militum
2101 476 2343 530 Orientis
2392 484 2446 530 et
2477 475 2711 529 consuli.
2776 476 2913 530 Hine
2940 478 3189 547 arguitur
3210 479 3398 548 opinio

165 564 312 616 verba
358 564 613 632 epistola:
642 566 1035 633 consequentis
1072 566 1139 618 ad
1164 566 1463 619 Eusebium
1493 586 1504 619 :
1540 586 1556 617 ‹
1584 568 1726 621 lute-

162 669 298 722 grma
323 665 431 717 est,
458 655 547 707 cui
570 656 788 709 animus
807 654 992 719 fuerit,
1017 656 1240 725 antiqua
1260 672 1425 726 opera
1446 673 1563 711 mea
1581 659 1728 711 evol-

164 760 304 807 vere,
359 758 480 797 tum
522 760 586 799 ea
633 762 753 815 qua:
777 757 902 800 ante
929 748 1195 817 synodum
1226 747 1576 817 Ephesinam,
1613 757 1725 801 tum

162 850 266 903 qua:
283 844 415 904 post
440 837 588 889 illam
612 853 821 901 rursus,
847 847 973 892 ante
991 839 1277 893 duodecim
1296 856 1467 894 annos
1478 841 1688 910 scripsi.
1706 863 1720 891 ι

162 926 267 979 Ηωο
290 926 449 979 enim
475 928 869 996 interpretatus
889 939 992 993 est,
1020 931 1247 999 perinde
1273 947 1335 986 ac
1356 932 1400 985 si
1419 931 1731 985 Theodore-

164 1025 239 1069 tus
260 1017 628 1085 signiﬁcaret,
659 1034 863 1072 annum
894 1036 1003 1089 quo
1027 1021 1323 1085 scribebat,
1346 1022 1728 1075 duodecimum

161 1122 264 1159 esse
292 1107 365 1159 ab
395 1107 678 1176 Ephesina
708 1110 916 1178 synodo
959 1128 973 1163 :
1010 1119 1065 1164 at
1094 1111 1217 1180 quis
1249 1126 1359 1165 non
1382 1112 1584 1177 videat,
1620 1128 1731 1165 ser-

162 1214 366 1251 monem
413 1215 542 1254 esse
592 1201 661 1254 de
693 1202 854 1257 libris
887 1218 1026 1271 quos
1054 1202 1342 1258 duodecim
1368 1204 1542 1269 annis,
1582 1215 1731 1258 ante-

161 1307 309 1360 quam
346 1292 572 1346 litteras
596 1294 772 1357 daret,
803 1294 1085 1349 ediderat?

228 1380 428 1432 Verum
464 1380 571 1434 hac
591 1380 660 1434 de
683 1382 985 1449 quaastione
1016 1383 1351 1451 disputatum
1377 1393 1459 1436 est
1481 1384 1656 1452 capite
1675 1385 1730 1444 2,

164 1487 275 1525 cum
327 1481 556 1540 tempus
603 1473 728 1527 initi
782 1489 813 1527 a
868 1474 1219 1528 Theodoreto
1264 1475 1610 1543 episcopatus
1655 1476 1733 1526 in—

164 1572 495 1631 quirerelur.

167 1712 399 1781 Epistula
453 1712 542 1778 8‘2,
600 1714 883 1782 familiaris
935 1716 1004 1767 ad
1048 1714 1329 1768 Eusebium
1378 1716 1597 1783 Ancyra:
1624 1716 1723 1782 epi-

831 1800 1062 1853 scapum.

224 1917 260 1969 l.
291 1915 507 1969 Eodem
528 1914 642 1968 fere
663 1929 808 1968 anno
830 1914 954 1967 data
969 1923 1073 1977 est,
1099 1929 1208 1982 quo
1225 1914 1437 1982 priores
1454 1914 1574 1966 aliae
1593 1923 1730 1975 tres;

163 2006 481 2075 exponenda
507 2020 639 2058 vero
662 2006 801 2057 κατὰ
828 2007 1009 2073 μέρος,
1038 2003 1296 2072 quoniam
1325 2002 1471 2055 nulla
1491 2011 1594 2065 est,
1618 2017 1736 2070 qme

165 2098 309 2164 piura
338 2096 407 2149 ad
454 2095 741 2149 historiam
765 2094 1097 2164 pertinentia
1123 2093 1401 2147 contineat
1431 2110 1443 2145 :
1470 2092 1563 2147 sed
1588 2093 1739 2161 prius

166 2192 225 2245 de
249 2190 498 2244 Eusebio
521 2204 718 2259 pauca.

210 2280 593 2342 ll.Theodoto,
604 2280 759 2349 cujus
770 2278 983 2333 celebre
996 2292 1190 2331 nomen
1205 2287 1286 2331 est
1298 2277 1351 2330 in
1366 2276 1515 2331 Actis
1526 2275 1741 2330 concilii

167 2370 451 2441 Ephesini,
487 2366 786 2432 successit;
828 2382 938 2436 quo
969 2380 1134 2430 anno,
1166 2366 1456 2419 incertum.
1491 2362 1744 2418 Interfuit

165 2462 396 2515 emcilio
418 2459 665 2513 Flaviani
692 2457 954 2512 adversus
975 2457 1257 2527 Eutychen
1280 2472 1422 2510 anno
1437 2454 1561 2517 448,
1582 2455 1747 2508 latro-

168 2552 327 2605 cinali
346 2565 454 2620 pro
466 2548 713 2619 Eutyche
729 2562 875 2601 anno
885 2547 1010 2611 449,
1023 2547 1452 2602 Chalcedonensi
1467 2562 1608 2600 anno
1620 2546 1713 2599 451
1731 2586 1741 2596 .

169 2644 280 2696 Non
309 2642 404 2695 diu
444 2640 554 2695 fuit
582 2648 863 2708 superstes
896 2656 909 2691 :
943 2654 1067 2693 nam
1103 2639 1157 2691 in
1185 2638 1377 2709 synodi
1405 2637 1630 2693 Galatia
1658 2637 1745 2690 lit-

170 2734 296 2787 teris
353 2731 426 2785 ad
474 2730 717 2785 Leonem
764 2730 1154 2799 imperatorem
1204 2728 1503 2784 subscribit
1538 2728 1746 2798 primus

172 2825 487 2877 Anastasius
518 2821 743 2891 Ancyra:
766 2822 1051 2891 episcopus.

234 2914 535 2967 Eusebium
560 2913 803 2982 Oportuit
839 2912 973 2965 levis
1014 2911 1306 2965 admodum
1344 2919 1399 2963 et
1439 2911 1749 2963 inconstan-

174 3003 239 3055 tis
265 3001 438 3055 animi
470 3000 663 3061 fuisse,
716 3009 778 3053 ut
824 2998 918 3067 qui
949 2998 1233 3067 Eutychen
1278 2993 1747 3062 Constantinopoli

173 3090 552 3156 damnaverit,
606 3100 669 3143 ut
716 3105 815 3159 par
858 3097 1004 3153 erat;
1072 3097 1127 3141 et
1153 3085 1350 3157 Ephesi
1388 3086 1439 3138 in
1464 3083 1750 3138 latrocinio

1828 567 2019 637 nuperi
2068 566 2387 637 cujusdam,
2447 566 2682 621 volentis
2732 566 2999 635 Lupicino
3042 568 3399 623 communito—

1828 660 1968 711 rium
2013 674 2133 712 esse
2186 657 2493 721 directum,
2550 674 2656 727 qua
2690 657 2757 712 de
2787 657 3043 726 opinione
3080 659 3296 714 dicetur
3330 661 3396 713 ad

1823 752 2106 819 epistolam
2150 764 2231 802 xc.
2275 749 2452 811 Addit,
2507 748 2927 803 commonitorio
2954 764 3063 802 non
3105 751 3379 803 contineri

1830 842 2231 895 accusationem
2263 840 2489 894 hmresis
2513 880 2527 904 ,
2591 839 2686 893 sed
2718 840 3147 909 prohibitionem
3177 838 3301 911 Cyri
3336 840 3399 893 li-

1831 930 1993 983 nibus
2045 928 2359 999 egrediendi
2390 969 2403 993 ,
2467 928 2931 997 propterea,quod
2984 928 3222 998 synodos
3253 928 3396 997 apud

1831 1019 2174 1073 Antiochiam
2212 1027 2563 1083 convocaret,
2619 1017 2819 1087 quibus
2840 1034 3037 1087 nempe
3069 1018 3399 1074 sollicitabat

1830 1113 2213 1180 episcoporum
2236 1109 2466 1173 animos,
2491 1124 2561 1164 ne
2581 1107 2768 1179 Cyrilli
2786 1108 3119 1178 Joannisqne
3139 1110 3193 1163 in
3214 1119 3404 1179 partes

1834 1203 2149 1266 transirent,
2186 1200 2445 1272 pacisque
2472 1200 2690 1255 sancitze
2709 1200 2856 1269 leges
2883 1199 3255 1255 observarent.

1903 1290 2010 1345 VII.
2066 1290 2232 1344 Addit
2256 1290 2453 1352 etiam,
2504 1303 2561 1341 se
2587 1290 2829 1356 paruisse
2859 1286 3396 1349 continnolibeuter,

1834 1394 1886 1438 et
1911 1382 2197 1436 calumniae
2216 1390 2487 1442 auctores,
2526 1378 2636 1432 Deo
2663 1378 2982 1440 ulciscente,
3013 1384 3235 1445 argutos
3256 1391 3395 1437 esse.

1834 1488 2136 1543 eorumque
2167 1471 2489 1542 patefactam
2518 1469 2751 1523 haeresin
2784 1486 2796 1522 :
2830 1469 3088 1524 nimirum
3114 1477 3244 1523 tunc
3267 1477 3403 1521 tem-

1836 1566 1983 1637 poris
2025 1564 2250 1619 Armeni
2293 1560 2565 1624 monachi,
2610 1560 2701 1629 qui
2732 1559 2893 1628 primi
2924 1560 3073 1612 litem
3096 1566 3399 1622 moverant,

1836 1653 2163 1724 deprehensi
2195 1660 2323 1707 sunt
2345 1652 2776 1721 Apollinaristaa;
2830 1659 2959 1706 tunc
2986 1651 3149 1705 simul
3180 1658 3404 1705 vocatus

1842 1748 1897 1799 in
1949 1743 2317 1813 suspicionem
2370 1741 2675 1812 Eutyches,
2734 1740 3126 1794 monachorum
3174 1739 3403 1793 istorum

1771 1809 1809 1860 Β
1836 1837 2037 1890 fautor.

1909 1926 2043 1980 Vlll.
2082 1924 2286 1979 Scribit
2313 1933 2513 1987 tamen,
2537 1922 2591 1976 in
2614 1936 2670 1975 se
2694 1919 3077 1975 Alexandriam
3096 1918 3164 1972 ab
3189 1918 3256 1977 iis
3274 1933 3401 1972 con-

1840 2019 2057 2071 citatam
2112 2032 2209 2084 per
2254 2014 2553 2078 ministros,
2615 2012 2708 2081 qui
2753 2019 3073 2081 spargerent
3102 2010 3157 2064 in
3186 2009 3402 2079 vulgus,

1840 2111 1979 2163 duos
2009 2124 2038 2161 a
2062 2107 2409 2161 Theodoreto
2442 2106 2581 2158 ﬁlios
2603 2104 2843 2168 defendi,
2898 2119 3024 2158 cum
3054 2110 3234 2156 tamen
3264 2101 3409 2155 hanc

1844 2201 2179 2270 impietatem
2218 2205 2535 2252 exsecretur
2570 2208 2594 2249 τ’
2615 2194 2942 2250 sollicitatus
2970 2208 3166 2262 nempe
3188 2199 3272 2245 est
3295 2190 3404 2261 jam

1845 2290 1970 2343 inde
2018 2289 2085 2342 ab
2130 2287 2373 2357 Eutyche
2418 2285 2739 2347 Dioscorus,
2794 2289 2857 2335 ut
2902 2281 2957 2334 in
3001 2278 3408 2333 Theodoretum

1845 2380 2075 2435 szeviret.
2115 2377 2246 2432 Vide
2277 2383 2595 2444 sequentem
2619 2373 2930 2441 epistolam.

1916 2471 2007 2525 ιχ.
2046 2472 2134 2523 Ait
2155 2485 2213 2522 se
2245 2468 2511 2521 imitatum
2536 2464 2784 2519 Nicaenos
2802 2464 3012 2522 Patres,
3037 2461 3130 2529 qui
3150 2460 3412 2513 adversus

1847 2562 2037 2618 Arium
2072 2560 2446 2628 disputantes,
2486 2556 2643 2609 multi
2672 2556 2895 2607 fuerunt
2930 2554 2984 2606 in
3014 2550 3323 2625 dividendis
3355 2548 3411 2601 in

1846 2654 2067 2710 Christo
2109 2650 2339 2705 naturis.
2399 2648 2548 2703 Idem
2589 2648 2755 2700 habet
2787 2652 2842 2699 et
2874 2643 3063 2697 iisdem
3096 2642 3209 2696 fere
3233 2638 3415 2695 verbis

1850 2747 1906 2800 in
1933 2743 2175 2798 secundo
2194 2740 2427 2809 dialogo,
2468 2740 2560 2807 qui
2598 2736 2908 2805 Inconfusus
2942 2734 3167 2787 dicitur.

1921 2836 1987 2890 Χ.
2023 2833 2375 2889 Contestatur
2412 2838 2600 2898 postea
2622 2870 2634 2892 ,
2692 2828 2834 2880 hanc
2856 2825 3254 2880 confessionem
3300 2838 3328 2876 a
3359 2837 3417 2875 se

1853 2940 1959 2978 non
1999 2922 2237 2991 primum
2278 2919 2388 2981 edi,
2446 2914 2601 2985 quasi
2628 2929 2727 2984 per
2752 2914 2859 2966 vim
2886 2922 2942 2967 et
2964 2919 3169 2965 metum
3204 2918 3419 2964 extorta

1852 3024 2025 3078 esset;
2077 3013 2173 3067 sed
2201 3026 2355 3066 suam
2390 3024 2602 3077 semper
2623 3006 2791 3059 fuisse
2826 3012 3165 3059 constantem
3194 3009 3419 3068 senten-

1857 3106 2010 3166 tiam,
2041 3117 2205 3172 quam
2236 3100 2466 3169 quisque
2498 3097 2613 3151 suis
2641 3111 2708 3149 ex
2736 3095 2912 3157 libris,
2949 3107 3086 3161 quos
3114 3092 3273 3157 longe
3297 3098 3422 3143 ante

175 3181 495 3247 absolverit,
547 3181 805 3235 damnato
839 3180 1129 3243 Flaviano;
1180 3186 1235 3231 et
1260 3176 1603 3230 Chalcedone
1637 3185 1753 3230 tan—
1779 3176 1797 3195 ‘

1732 3207 1753 3215 ·
1779 3176 1820 3197 u
1856 3194 2035 3249 editos
2056 3199 2327 3253 recenset,
2360 3189 2669 3257 intelligere
2688 3186 2880 3255 possit.
2928 3184 3005 3237 De
3030 3182 3189 3237 libris
3215 3182 3422 3235 dictum

176 3273 296 3326 dem
327 3273 473 3326 diris
500 3271 805 3325 devoverit.
863 3268 965 3324 Sed
992 3271 1101 3338 jam
1131 3268 1340 3339 singula
1363 3268 1605 3336 epistolae
1633 3282 1754 3334 pcr—

176 3379 495 3433 sequamur.

1857 3295 1939 3338 cst
1971 3299 2088 3352 cap.
2114 3282 2167 3345 5,
2218 3280 2314 3334 sed
2371 3280 2513 3332 inter
2550 3276 2914 3330 recensendos
2947 3274 3119 3328 libros
3151 3272 3217 3325 de
3244 3287 3429 3340 repre-

1860 3375 2121 3429 hensione
2148 3370 2513 3439 capitulorum
2546 3369 2689 3429 silet,
2726 3375 2781 3421 et
2812 3367 2880 3419 de
2904 3365 3123 3419 Diodori
3157 3380 3220 3417 ac
3246 3362 3427 3417 Theo—

246 3457 333 3511 III.
363 3455 754 3510 Theodoretus
777 3453 951 3507 amice
972 3452 1208 3521 primum
1234 3446 1757 3518 queritur,defuissc

180 3547 352 3601 ofﬁcio
376 3545 703 3609 Eusebium,
729 3545 822 3614 qui
845 3542 1103 3597 afﬂictum
1125 3550 1180 3595 et
1198 3533 1523 3594 calumniam
1541 3552 1758 3606 passum
1796 3572 1797 3575 η

183 3640 293 3691 suis
320 3638 530 3691 litteris
560 3652 667 3690 non
695 3637 766 3691 sit
791 3635 1015 3689 solatus.
1056 3632 1257 3687 Scribit
1285 3631 1450 3700 igitur
1482 3645 1547 3682 cx
1575 3630 1761 3682 dome-

186 3731 318 3783 stico
348 3745 453 3784 suo
488 3728 702 3782 exsilio.
1101 3766 1103 3768 .

256 3821 339 3873 IV.
382 3818 578 3873 Refert
615 3817 813 3871 deinde
837 3857 850 3878 ,
908 3829 1003 3868 cos
1044 3813 1150 3867 sibi
1186 3811 1512 3866 calumniam
1547 3810 1759 3870 fecisse,

188 3912 277 3979 qui
308 3927 373 3965 ea
410 3917 734 3977 tempestate
769 3906 1080 3968 Marcionis,
1117 3902 1413 3966 Valentini,
1449 3901 1678 3955 Manetis
1710 3909 1766 3953 et

1859 3467 1975 3520 dori
1994 3463 2359 3534 Mopsuesteni
2382 3460 2716 3514 defensione.

1929 3559 1995 3610 Χ.
2034 3555 2279 3624 Denique
2307 3554 2545 3624 postulat
2575 3553 2642 3606 ab
2663 3551 2901 3605 Eusebio
2923 3590 2936 3610 .
2987 3559 3048 3603 ut
3067 3548 3419 3601 calumniato-

1863 3650 2017 3704 ribus
2048 3647 2300 3709 obsistat,
2337 3645 2623 3699 calumniae
2650 3642 2947 3696 vanitatem
2973 3638 3244 3703 ostendat,
3276 3646 3432 3707 opta-

1866 3753 1974 3795 tam
1997 3738 2365 3794 Eeclesiarum
2388 3750 2577 3805 pacem
2598 3750 2627 3788 a
2652 3735 2761 3787 Deo
2783 3732 3059 3801 eﬂiagitet,
3084 3747 3240 3784 suum
3266 3729 3333 3783 de
3353 3729 3435 3783 in-

1868 3833 2061 3887 eundis
2106 3845 2205 3900 pro
2246 3828 2352 3883 fide
2392 3826 2785 3882 certaminibus
2811 3824 3150 3895 propositum
3182 3821 3437 3892 precibus

1869 3922 2172 3976 confirmet.

191 4006 515 4059 Docetarum
547 4001 778 4054 hmrcsin
805 4004 1136 4053 renovarent
1167 4015 1178 4048 :
1214 3996 1267 4048 id
1292 3994 1420 4047 olim
1446 3993 1647 4064 objecit
1668 3992 1768 4063 Cy-

194 4095 348 4157 rillo,
400 4107 531 4147 cum
569 4098 824 4159 argueret
859 4090 1094 4157 capitula
1128 4087 1440 4149 duodecim,
1488 4086 1633 4155 quod
1668 4086 1767 4138 ob—

194 4183 527 4238 servandum
578 4190 677 4235 est.
736 4180 794 4233 ld
828 4181 1003 4249 ipsum
1036 4188 1222 4249 postea
1256 4178 1312 4231 in
1348 4177 1662 4247 prrefatione
1702 4175 1769 4228 ad

197 4278 490 4330 Eranisten
544 4273 847 4343 exprobrat
898 4270 1252 4333 adversariis,
1291 4284 1534 4339 quorum,
1574 4265 1769 4334 inquit,

197 4369 405 4437 αἵρεσιν
438 4364 698 4434 ἄντικρυς
730 4362 1110 4431 στηλιτεύομεν
1132 4361 1197 4414 ⁸⁵.
1230 4360 1363 4414 Mira
1384 4357 1656 4427 emphasis
1682 4372 1773 4410 v0-

199 4475 340 4522 cum,
374 4456 583 4527 quibus
618 4454 862 4522 dialogos
893 4451 1095 4505 indicat
1127 4468 1140 4503 :
1174 4451 1242 4504 iis
1270 4451 1415 4503 enim
1438 4448 1777 4502 adversario-

201 4566 318 4604 rum
340 4548 579 4604 breresin
599 4562 665 4599 ex
687 4546 938 4607 adverso,
969 4552 1025 4597 et
1043 4550 1230 4612 aperte
1252 4542 1403 4596 velut
1422 4541 1476 4594 in
1497 4541 1656 4609 cippo
1691 4540 1776 4593 in-

206 4642 393 4696 scribit
426 4646 488 4693 et
515 4636 772 4694 traducit.

271 4730 438 4802 329
475 4729 537 4783 V.
563 4727 703 4782 Tum
723 4728 1051 4781 calumniam
1070 4726 1371 4795 exponit“,
1399 4723 1543 4793 quod
1569 4723 1624 4777 in
1644 4723 1783 4777 duos

210 4822 346 4876 filios
377 4820 666 4875 Christum
690 4817 936 4872 dividere
959 4816 1320 4881 diceretur",
1349 4816 1531 4870 dictus
1549 4823 1633 4869 est
1651 4831 1783 4870 vero

212 4922 504 4984 propterea
537 4909 685 4980 quod
725 4909 931 4964 acriter
977 4907 1242 4962 adversus
1274 4906 1591 4961 defensores
1624 4905 1788 4960 unius

215 5016 422 5059 natura:
450 5002 615 5056 Verbi
648 5000 946 5054 incarnata:
979 5007 1035 5051 et
1063 4998 1292 5067 dialogis
1320 4997 1593 5058 invectus,
1647 5002 1703 5049 et
1730 4995 1784 5048 in

214 5096 475 5166 Cyrillum
506 5100 784 5146 mortuum
822 5105 923 5161 pro
953 5088 1216 5143 concione
1242 5088 1490 5142 invectus
1509 5086 1676 5139 foret.

283 5186 366 5239 Vl.
408 5184 533 5238 Mox
566 5190 750 5235 narrat
782 5181 1007 5235 missum
1036 5195 1156 5234 esse
1190 5179 1259 5233 ab
1291 5179 1621 5246 imperatore
1641 5191 1788 5229 com-

222 5276 575 5330 monitorium
611 5270 897 5341 στρατηγῷ
926 5270 1016 5323 καὶ
1041 5270 1229 5339 ὑπάτῳ
1243 5267 1309 5332 ⁵⁸,
1337 5268 1509 5321 Nemo
1529 5264 1788 5336 magistro

1941 4016 1955 4034 '
1983 4012 2097 4065 Xll.
2128 4011 2207 4065 Ex
2230 4010 2317 4063 bis
2347 4009 2729 4078 intelliguntur
2752 4007 2923 4061 multa
2948 4008 3127 4076 magni
3152 4002 3436 4066 momenti,

1872 4106 1964 4160 sed
1996 4106 2111 4160 hate
2136 4103 2359 4173 majoris
2386 4102 2495 4155 duo
2529 4119 2539 4152 :
2576 4100 2829 4161 alterum,
2871 4095 3441 4167 imperatorisjussio—

1874 4213 1995 4251 nem
2026 4196 2093 4249 de
2124 4211 2231 4249 non
2253 4190 2600 4263 egrediendis
2626 4189 2826 4244 ﬁnibus
2846 4188 2971 4258 Cyri
2993 4188 3194 4242 editam
3213 4202 3332 4241 esse
3346 4201 3453 4247 ana

1875 4306 1946 4342 no
1971 4288 2103 4351 MSS;
2159 4286 2413 4348 alterum,
2472 4282 2716 4350 dialogos
2759 4279 2992 4349 scriptos
3019 4293 3140 4332 esse
3190 4286 3315 4330 ante
3340 4292 3442 4329 an—

1878 4398 2005 4437 num
2031 4381 2133 4434 445
2150 4380 2214 4431 ⁸9.

1879 4514 2039 4585 330
2070 4510 2310 4581 Epistola
2332 4510 2418 4572 85,
2449 4508 2769 4585 apologetica
2799 4507 2867 4559 ad
2892 4506 3196 4559 Dioscorum
3219 4502 3450 4558 Alexan-

2430 4579 2559 4633 dria
2589 4579 2904 4647 episcopum.

1954 4718 1993 4770 l.
2024 4716 2164 4777 llmc,
2192 4714 2397 4783 pariter
2420 4728 2482 4767 ac
2502 4710 2838 4780 praecedens.
2862 4706 3326 4779 magnimomenti
3342 4712 3447 4769 est,

1886 4808 2145 4877 quoniam
2178 4805 2467 4859 historicas
2495 4803 2681 4870 plures
2706 4808 2864 4854 notas
2892 4799 3079 4852 habet.

1959 4899 2020 4951 ll.
2060 4898 2194 4963 Quis
2223 4897 2517 4951 Dioscorus
2538 4892 2724 4954 fuerit,
2755 4905 2917 4945 nemo
2942 4890 3116 4943 nescit
3140 4906 3151 4939 :
3176 4902 3285 4956 quo
3308 4901 3453 4939 anno

1893 4986 2274 5040 Tlieodoretus
2300 4982 2367 5037 ad
2394 4982 2570 5051 ipsum
2600 4977 2903 5048 scripserit,
2936 4975 3063 5029 inde
3087 4972 3297 5042 liquido
3325 4986 3457 5024 con~

1893 5088 2019 5133 stat.
2047 5098 2063 5129 ι
2092 5077 2216 5141 Sex,
2246 5074 2444 5143 inquit,
2468 5071 2744 5127 continuis
2766 5069 2924 5124 annis
2952 5067 3115 5121 docui
3149 5064 3252 5119 sub
3282 5065 3456 5118 beate

1894 5179 2203 5237 sanctasque
2233 5165 2509 5220 memoriae
2542 5162 2824 5217 Theodoto
2858 5158 3307 5213 Antiochensium
3338 5155 3458 5223 epi-

1893 5277 2087 5330 scopo;
2125 5258 2392 5313 tredecim
2418 5271 2608 5309 rursus
2634 5253 2755 5307 aliis
2789 5252 2891 5306 sub
2919 5250 3079 5305 beato
3103 5249 3339 5313 Joanne;
3391 5245 3457 5299 ad

1565 5415 1877 5473 SCHULZII
1919 5412 2145 5467 NOTAE.

290 5645 331 5673 ⁸⁵
358 5641 476 5697 Non
513 5646 727 5693 exstant
772 5636 869 5689 ista
899 5636 951 5688 in
992 5633 1197 5704 praefat.
1233 5632 1297 5686 ad
1320 5631 1625 5704 Eranisten.

231 5681 559 5779 Vidisupra,
590 5726 641 5778 p.
678 5710 795 5761 I77.
838 5708 878 5736 ⁵⁷
910 5681 1407 5779 ριιδά-τιιίεενειιιν.
1434 5699 1556 5752 Vid.
1588 5712 1865 5779 supra,_p.'
1896 5696 2010 5746 Πὸ.
2079 5694 2130 5779 ξ’*
2162 5690 2491 5779 ξαξὶΛὶκξτξιῐ
2518 5681 2605 5739 ’ίώ
2647 5684 2776 5738 edit.
2806 5681 2997 5751 priori.

1732 5628 1773 5657 “‘3
1803 5625 2046 5681 Caluum.
2086 5622 2155 5675 Dc
2184 5622 2285 5674 hac
2308 5620 2469 5673 etiam
2500 5615 2745 5686 queritur
2772 5614 2824 5665 in
2852 5613 3009 5686 epist.
3042 5592 3465 5686 atlnDiosrortnn.

3076 5678 3119 5703 ““
3152 5677 3256 5729 ilus
3288 5682 3470 5725 autem

233 5760 982 5837 libros—rionyaintcannui-ili
1012 5773 1242 5841 scriptos
1286 5786 1424 5835 esse,
1476 5760 1736 5821 astruitur
1786 5760 1942 5823 infra,
1996 5780 2041 5813 ‹·.
2076 5762 2127 5822 6,
2171 5762 2196 5829 §
2237 5760 2324 5814 Ἦ.
