4228 6446
779 379 846 439 79
1872 374 2251 433 GARNERII
2292 372 2785 432 DISSERTATIO
2825 372 2905 430 II.

3921 359 4033 422 280

744 491 859 541 lucc
887 486 1152 554 septimus
1176 484 1262 535 hic
1281 499 1457 536 annus
1483 492 1565 535 est
1596 483 1705 535 Deo
1729 481 2038 536 charissimi
2062 482 2333 551 archiepi-
2364 490 2404 541 Α
2438 483 2523 535 sui
2566 481 2774 536 erroris
2818 478 3070 549 protulit,
3127 476 3401 544 simulque
3451 487 3508 527 se
3551 469 3881 525 calumniam
3910 464 4025 538 pati

740 578 889 646 scapi
912 575 1117 629 doiniui
1144 574 1391 627 Domni.»
1429 573 1561 626 Nam
1594 587 1719 625 cum
1749 573 2043 628 defunctus
2062 575 2134 627 sit
2156 574 2333 627 Theo-

744 669 905 720 dotus
922 680 1065 718 anno
1081 664 1204 729 427,
1223 674 1282 717 ut
1301 664 1464 717 tradit
1481 663 1861 719 Theodoretus
1880 665 1936 717 in
1954 663 2189 718 Historia
2207 705 2220 727 ,
2244 680 2336 718 ne-

744 774 896 813 cesse
919 768 1003 812 est
1032 757 1296 813 Joannem
1328 755 1632 809 decessisse
1659 756 1769 809 vita
1806 756 1952 811 circa
1977 756 2084 809 440
2102 772 2331 815 annum.

747 856 842 901 aut
883 848 1040 901 initio
1091 844 1406 915 sequentis,
1464 860 1589 899 cum
1642 846 1905 899 tredecim
1928 861 2100 900 annos
2148 846 2334 901 sedem

748 937 1021 1001 tenuerit;
1064 946 1227 1005 atque
1250 936 1323 989 ita
1346 945 1563 1004 oportet
1585 952 1786 989 annum
1810 937 2101 1005 septimum
2118 937 2334 1003 Domni,

655 1088 658 1091 η
749 1025 845 1094 qui
874 1024 1071 1080 Joanni
1099 1024 1391 1089 successit,
1416 1024 1660 1077 incidere
1683 1024 1741 1077 in
1759 1041 1964 1078 annum
1981 1024 2188 1081 Christi
2212 1027 2335 1093 447,

751 1132 862 1186 quo
911 1126 1158 1184 tempore
1190 1116 1373 1170 datam
1411 1116 1699 1186 epistolam
1746 1118 2028 1171 fatendum
2053 1121 2216 1173 est“.
2261 1121 2339 1174 Ex

756 1207 859 1261 hac
911 1207 1156 1262 evidenti
1206 1208 1680 1262 demonstratione
1723 1219 1958 1272 constat,
1995 1211 2338 1265 Albertinum

758 1298 995 1367 turpiter
1024 1300 1263 1369 lapsum,
1301 1299 1549 1367 aliosque
1584 1298 1638 1350 in
1666 1315 1911 1353 errorem
1942 1301 2191 1365 traxisse,
2214 1318 2338 1355 cum

754 1390 997 1459 dialogos
1029 1407 1058 1443 a
1090 1390 1437 1445 Theodoreto
1459 1390 1772 1444 elaboratos
1800 1390 1994 1444 scribit
2014 1402 2137 1461 post
2157 1395 2341 1448 conci-

756 1480 889 1533 lium
911 1480 1376 1545 Clialcedouense,
1412 1495 1554 1533 anno
1575 1480 1670 1534 451
1695 1497 1709 1547 ;
1748 1496 1942 1535 eorum
1965 1482 2111 1536 enim
2141 1483 2198 1538 ﬁt
2224 1500 2338 1539 me-

758 1571 933 1625 moria
966 1572 1019 1625 in
1052 1573 1152 1625 hac
1181 1572 1431 1641 epistola.

831 1660 920 1713 lll.
979 1660 1084 1713 Sed
1116 1662 1226 1730 jam
1261 1662 1474 1732 singula
1505 1663 1679 1733 ipsius
1724 1665 1791 1717 ad
1823 1680 2050 1719 examen
2072 1666 2336 1720 vocanda.

760 1752 1006 1805 Primum
1056 1754 1375 1807 consolatur
1412 1769 1471 1808 se
1516 1754 1899 1810 Theodoretus
1935 1758 2187 1827 exemplo
2224 1766 2340 1812 tum

2436 582 2665 640 questus
2685 580 2790 637 est,
2828 570 2984 641 quasi
3015 569 3355 623 contrarium
3378 566 3629 620 sentiret.

2512 664 2601 717 IX.
2640 664 2746 730 Qui
2785 662 2950 732 paulo
2985 660 3253 715 attentius
3301 666 3553 711 versatus
3581 655 3745 708 fuerit
3776 654 3830 706 in
3857 654 4029 708 rebus

2437 765 2491 810 et
2518 756 2675 811 libris
2699 754 3053 818 Theodoreti,
3079 753 3274 822 ipsius,
3293 750 3512 818 opinor,
3535 745 3874 800 desiderabit
3895 761 4028 813 pru-

2437 850 2710 913 dentiam;
2755 848 2959 916 quippe
3012 845 3107 914 qui
3153 843 3222 897 ad
3264 843 3589 896 Dioscorum
3620 838 3870 893 scribens
3892 837 4031 891 Alc-

2439 940 2769 995 xandriuum
2792 935 3138 1008 episcopum,
3187 932 3491 1005 Cyrillique
3518 930 3869 999 praecessoris
3903 936 4032 983 stu-

2439 1032 2656 1086 diosum
2687 1042 2748 1085 ut
2776 1031 2871 1099 qui
2902 1029 3159 1090 maxime,
3208 1025 3384 1079 libros
3408 1022 3615 1085 laudet,
3646 1021 3886 1089 velitque
3913 1036 4034 1074 sua:

2440 1124 2493 1176 iu
2533 1122 2935 1177 Alexandrinos
2964 1118 3330 1174 observantia
3357 1125 3545 1175 testes.
3593 1114 3648 1167 in
3675 1113 3880 1182 quibus
3913 1127 4032 1165 non
4065 1141 4071 1145 -

2440 1220 2615 1274 solum
2642 1218 2931 1271 Erauistcn
2979 1230 3089 1269 non
3113 1214 3347 1267 obscure
3376 1210 3541 1263 faciat
3564 1206 4030 1266 Alexandrinum,

2440 1311 2534 1366 sed
2565 1310 2728 1363 etiam
2767 1307 2874 1360 ﬁcti
2905 1304 3149 1359 nominis
3172 1304 3317 1356 illius
3366 1302 3513 1354 larva
3540 1298 3625 1351 vel
3649 1296 3913 1367 Cyrillum
3938 1296 4032 1347 iu-

2442 1403 2593 1465 duat,
2645 1399 2873 1470 perinde
2915 1414 2979 1452 ac
3033 1397 3077 1452 si
3119 1412 3229 1450 una
3280 1394 3581 1461 eademque
3615 1390 3805 1461 Cyrilli
3834 1389 4031 1458 Opinio

2442 1496 2676 1550 diversis
2722 1490 3065 1560 temporibus
3117 1488 3390 1541 diversam
3440 1484 3671 1537 formam
3719 1481 3963 1534 induerit
4014 1498 4027 1531 :

2442 1587 2601 1639 aliam
2629 1599 2826 1653 nempe
2852 1624 2865 1646 ,
2921 1591 3212 1648 antequam
3241 1576 3684 1632 analhematismi
3722 1574 4032 1643 reprehen-

2442 1678 2740 1739 derentur;
2780 1674 2963 1735 aliam,
2996 1686 3120 1724 cum
3152 1671 3461 1723 sanciretur
3495 1683 3596 1735 pax
3623 1664 4027 1725 Ecclesiarum;

2442 1768 2603 1823 aliam
2658 1766 2994 1820 reviviscens
3029 1764 3083 1817 in
3113 1760 3415 1817 monachis.
3462 1770 3576 1812 tum
3598 1757 3872 1820 Armenis,
3909 1765 4032 1809 tum

761 1841 1007 1911 Josephi,
1047 1844 1140 1912 qui
1175 1844 1306 1897 olim
1337 1844 1393 1898 in
1413 1844 1647 1917 [Egypto
1670 1855 1897 1916 propter
1917 1825 2138 1917 nuptias
2157 1857 2342 1904 sancte
2376 1825 2417 1880 Β
2443 1859 3083 1929 Constantinopolitanis.

763 1938 939 1991 cultas
963 1938 1185 2008 indigna
1206 1955 1401 2008 passus
1426 1940 1518 2005 sit,
1542 1956 1608 1994 ac
1626 1956 1848 1995 carcere
1869 1943 2194 2007 conclusus;
2228 1950 2343 1996 tum

763 2030 1023 2096 Davidis,
1079 2032 1173 2100 qui
1225 2032 1374 2086 velut
1409 2033 1685 2101 impotens
1718 2041 1985 2104 tyrannus
2034 2035 2242 2105 ejectus
2272 2036 2346 2090 sit

766 2124 822 2178 in
845 2124 1131 2190 exsilium;
1164 2132 1278 2178 tum
1299 2125 1467 2181 etiam
1488 2124 1721 2190 Christi,
1752 2127 1848 2195 qui
1873 2126 2131 2181 seductor
2149 2127 2340 2182 audiit.

764 2215 1060 2269 Alludebat
1092 2216 1302 2271 scilicet
1336 2216 1405 2270 ad
1439 2232 1633 2276 causas
1658 2226 1791 2281 tres,
1831 2227 2057 2288 propter
2080 2235 2216 2289 quas
2249 2235 2345 2274 ve-

768 2308 1000 2389 xabatur
1034 2326 1045 2360 :
1079 2308 1222 2377 quod
1253 2308 1565 2363 ordinasset
1589 2309 1856 2364 Irenaeum
1878 2310 2174 2380 digamum,
2198 2312 2346 2381 quod

769 2401 825 2454 in
861 2400 1083 2471 synodis
1135 2401 1545 2466 dominaretur,
1600 2410 1657 2457 et
1686 2402 1836 2472 quod
1865 2405 2223 2461 concionibus
2252 2421 2347 2475 po-

768 2494 928 2563 pulos
960 2493 1223 2547 seducere
1256 2493 1556 2548 diceretur.

844 2584 931 2638 lV.
986 2585 1191 2639 Deinde
1220 2585 1558 2654 queritur“,
1597 2602 1654 2640 se
1691 2588 1999 2642 inauditum
2027 2602 2058 2642 a
2087 2588 2349 2643 Dioscoro

770 2678 1113 2739 damnatum,
1134 2692 1257 2730 cum
1280 2676 1333 2729 id
1353 2676 1569 2730 crimini
1588 2678 1835 2743 daretur,
1855 2680 2000 2748 quod
2020 2695 2118 2748 pro
2133 2680 2350 2733 concio-

770 2784 841 2821 ne
859 2767 1162 2821 Antiochite
1189 2766 1472 2821 Christum
1502 2768 1556 2821 in
1581 2767 1718 2821 duos
1743 2768 1885 2823 ﬁlios
1905 2768 2202 2823 divisisset.
2227 2769 2351 2823 Haec

772 2859 864 2912 illa
893 2858 1086 2911 concio
1112 2866 1224 2920 est,
1279 2874 1387 2927 qua
1438 2858 1493 2912 in
1521 2868 1771 2913 sanctum
1797 2858 2059 2928 Cyrillum
2086 2859 2197 2913 vita
2223 2858 2349 2913 fun-

772 2960 922 3004 ctum
948 2950 1147 3004 acerbe
1169 2949 1326 3013 dixit,
1359 2950 1461 3004 sub
1485 2950 1651 3005 ﬁnem
1672 2950 1802 3005 anni
1823 2951 1948 3005 444.
1978 2951 2118 3005 Hinc
2133 2950 2352 3005 concio-

770 3044 859 3097 nis
892 3042 1180 3112 γνησιότης
1209 3042 1497 3111 probatur.

851 3135 914 3187 γ.
969 3134 1164 3187 Postea
1212 3132 1278 3187 de
1321 3133 1736 3188 accusatoribus
1770 3134 1848 3188 ait

770 3234 885 3279 tres
910 3231 1066 3287 sunt,
1120 3230 1216 3276 aut
1245 3229 1480 3290 quatuor
1504 3260 1517 3286 ,
1556 3230 1649 3274 aut
1678 3221 1991 3290 quindecim
2019 3239 2033 3287 ;
2095 3236 2195 3290 ego
2219 3236 2351 3275 vero

772 3317 973 3392 multas
1018 3314 1304 3369 hominum
1353 3312 1623 3384 myriades
1678 3321 1838 3367 rectae
1877 3313 2140 3367 doctrinae
2186 3320 2353 3367 testes

774 3407 1028 3467 habeo".
1057 3426 1074 3457 ι
1116 3405 1302 3469 Addit,
1336 3420 1445 3474 quo
1464 3404 1679 3474 plausu,
1715 3420 1932 3474 quaque
1961 3404 2353 3474 approbatione

774 3514 1084 3555 sermonem
1110 3497 1178 3552 ad
1202 3498 1465 3566 populum
1491 3497 1795 3551 Antiochiae
1824 3496 2003 3550 facere
2024 3496 2244 3551 soleret.

847 3593 936 3648 Vl.
989 3592 1128 3645 Tum
1174 3590 1337 3644 ﬁdem
1376 3605 1532 3643 suam
1582 3589 1649 3643 de
1691 3604 1801 3642 uno
1838 3588 2010 3650 Filio,
2049 3598 2106 3642 et
2132 3588 2354 3657 Virgine

776 3685 1009 3755 Deipara
1040 3682 1286 3752 exponit,
1328 3680 1785 3748 testimoniisque,
1813 3680 2009 3747 partim
2035 3678 2352 3747 Scriptum,

775 3778 973 3847 partim
992 3777 1215 3830 Patrum
1235 3777 1523 3828 conﬁrmat
1543 3790 1554 3825 :
1575 3771 1824 3825 meminit
1843 3786 1973 3824 vero
1998 3771 2143 3824 inter
2168 3771 2357 3824 Patres

696 3928 697 3931 η
775 3866 1091 3922 sufferendos
1137 3863 1433 3919 Alexandri
1459 3872 1516 3917 et
1536 3862 1817 3917 Athanasii
1864 3861 2356 3916 Alexandrinorum

782 3960 1098 4027 pracsulum,
1138 3957 1388 4026 quamvis
1412 3956 1573 4010 ambo
1601 3953 1918 4010 defensores
1940 3954 2051 4008 sint
2085 3952 2248 4007 unius
2272 3953 2357 4006 in-

781 4060 1016 4104 carnata:
1045 4048 1208 4103 Verbi
1233 4058 1444 4101 natura:
1490 4065 1502 4101 :
1544 4046 1795 4100 meminit
1817 4061 2035 4115 quoque
2072 4045 2361 4115 Theophili

781 4153 839 4198 et
866 4142 1077 4214 Cyrilli,
1111 4156 1221 4209 prae
1241 4139 1409 4193 animi
1432 4138 1782 4200 conﬁdentia,
1812 4139 1967 4207 quasi
1991 4138 2118 4192 inde
2140 4152 2361 4192 causam

782 4234 1137 4303 potissimum
1173 4245 1325 4285 suam
1366 4229 1671 4300 adjuvaret,
1720 4228 1864 4282 unde
1892 4228 2208 4283 labefactari
2237 4244 2360 4283 cre-

787 4325 1036 4379 debatur.

855 4414 1011 4482 331
1050 4413 1162 4467 Vll.
1189 4412 1437 4467 Ostentat
1466 4424 1685 4480 quoque
1714 4424 1872 4464 suum
1900 4424 2023 4462 cum
2044 4407 2247 4479 Cyrillo
2270 4409 2363 4462 lit-

1894 3151 1905 3186 :
1953 3153 1971 3185 ι
1999 3134 2082 3188 lili
2124 3135 2347 3203 quidem
2378 3158 2421 3214 α

2586 1971 2828 2043 Epistola
2851 1970 2939 2034 84,
2973 1968 3236 2040 enrgclica
3274 1968 3345 2020 ad
3371 1969 3636 2038 episcopos
3664 1964 3879 2021 Cilicirr.

2515 2087 2557 2141 1.
2592 2084 2798 2140 Eodem
2832 2092 3100 2152 tempore,
3136 2097 3247 2150 quo
3268 2079 3604 2150 praecedens,
3635 2086 3690 2132 et
3713 2077 3907 2133 eodem
3933 2094 4030 2131 ar-

2445 2188 2706 2250 gumento
2755 2176 2959 2245 scripta
2990 2158 3083 2229 est
3132 2193 3143 2227 :
3188 2173 3440 2243 pluribus
3464 2172 3613 2226 enim
3643 2170 4035 2225 Theodoretus

2447 2272 2642 2342 probat
2674 2267 2941 2323 unitatem
2969 2264 3113 2326 Filii,
3150 2273 3447 2333 monetque
3478 2262 3817 2317 coercendos
3846 2263 4033 2331 pmnis

2446 2359 2834 2416 ecclesiasticis
2858 2371 2975 2421 eos,
3026 2355 3123 2425 qui
3154 2354 3435 2426 Christum
3467 2354 3519 2408 in
3548 2354 3687 2408 duos
3710 2352 3853 2406 ﬁlios
3881 2352 4033 2406 divi-

2448 2454 2671 2519 derent;
2719 2450 2921 2521 quippe
2957 2464 3081 2502 cum
3111 2447 3237 2501 inde
3270 2456 3390 2500 orta
3420 2446 3700 2499 diceretur
3747 2460 3909 2497 causa
3933 2459 4034 2497 ca-

2447 2543 2671 2599 lumniae
2697 2542 2752 2597 in
2773 2539 3336 2610 Orientalesjactatw,
3360 2537 3505 2606 quod
3529 2537 3582 2589 in
3603 2534 3795 2590 Cilicia
3818 2534 4040 2588 ferren-

2452 2645 2540 2690 tur
2567 2649 2708 2696 esse,
2740 2631 2835 2702 qui
2864 2631 3012 2685 hunc
3035 2645 3281 2684 errorem
3305 2635 3575 2683 errarent.

2522 2729 2534 2745 '
2558 2725 2624 2778 ll.
2644 2723 2990 2794 Encyclicam
3011 2718 3284 2787 inscripsi,
3304 2717 3595 2787 siquidem,
3617 2726 3677 2770 ut
3693 2731 3758 2768 ex
3775 2714 4034 2783 sequenti

2451 2813 2680 2885 epistola
2712 2819 2946 2873 constat,
2980 2809 3144 2862 missa
3171 2806 3241 2860 sit
3272 2806 3338 2860 ad
3368 2807 3653 2874 utriusque
3677 2803 3881 2858 Ciliciae
3908 2803 4035 2871 epi-

2451 2921 2667 2974 scopos,
2722 2903 2773 2957 id
2817 2910 2919 2965 est,
2968 2900 3035 2955 ad
3083 2898 3371 2965 utriusque
3400 2896 3696 2966 provinciae
3745 2895 4033 2963 primates.

2452 2998 2776 3053 Tarsensem
2813 2994 3022 3063 priuare,
3057 2989 3499 3045 Auazarbensem
3533 2986 3805 3049 secundas,
3840 2984 3936 3053 qui
3962 2984 4038 3038 de

2452 3103 2604 3142 more
2654 3086 2721 3139 ad
2770 3086 3062 3138 inferiores
3091 3084 3334 3151 reliquos
3379 3079 3838 3134 transmitterem.
3874 3074 4039 3129 Unde

2453 3179 2672 3248 opinor,
2702 3176 3111 3230 Theodoretum
3146 3190 3256 3227 non
3279 3188 3400 3234 suo,
3436 3170 3530 3224 sed
3564 3168 3647 3221 vel
3676 3167 4041 3221 Antiochense

2454 3272 2539 3325 vel
2570 3268 2946 3338 Euphratesia:
2975 3266 3166 3337 synodi
3192 3265 3413 3318 nomine
3441 3262 3748 3330 scripsisse.

2526 3362 2615 3415 111.
2657 3361 2729 3414 Ea
2759 3365 3084 3428 tempestate
3119 3356 3445 3410 Theodorus
3469 3353 3644 3412 Tarsi,
3685 3350 3859 3420 Cyrus
3885 3348 4031 3400 Ana-

2458 3452 2605 3507 zarbi
2641 3451 2826 3505 sedem
2859 3448 3077 3504 tenebat
3100 3488 3115 3511 ,
3174 3456 3236 3501 ut
3271 3445 3549 3516 colligitur
3579 3459 3646 3497 ex
3675 3438 4040 3510 sequentibus

2462 3544 2687 3616 synodis
2712 3542 2887 3595 tribus
2918 3556 3042 3594 mox
3066 3539 3286 3593 habitis.

2530 3634 2618 3689 IV.
2655 3634 2827 3687 Porro
2855 3640 3035 3685 autem
3072 3631 3127 3683 in
3154 3630 3258 3683 hac
3282 3626 3539 3699 pericope
3571 3643 3582 3677 :
3623 3644 3638 3674 ε
3660 3624 3800 3677 Sunt
3825 3630 4040 3685 autem,

2457 3728 2551 3797 qui
2575 3728 2780 3789 dicant,
2809 3725 3100 3779 calumniae
3122 3736 3342 3776 causam
3370 3734 3466 3773 eos
3487 3717 3734 3785 arripere
3757 3730 3824 3768 ex
3845 3712 4043 3782 paucis

2459 3816 2824 3886 quibusdam,
2884 3812 2978 3881 qui
3031 3810 3175 3879 apud
3226 3825 3328 3862 nos
3381 3808 3454 3861 ita
3499 3806 3777 3868 sentiunt;
3808 3822 3826 3852 ι
3880 3817 4041 3854 eom-

2459 3905 2721 3961 mutanda
2748 3903 2964 3957 videtur
2992 3916 3096 3954 vox
3126 3898 3314 3968 prima:
3350 3911 3619 3965 personae,
3644 3894 3697 3946 in
3718 3906 3912 3945 vocem
3954 3905 4045 3945 se-

2460 3998 2673 4060 cundae,
2714 3993 3174 4060 scribendumque
3207 3990 3261 4042 iu
3282 3997 3431 4042 textu
3455 3986 3701 4041 Grzeco"
3734 3988 3861 4054 παρ’
3886 3983 4043 4051 ὑμῖν,

2461 4106 2570 4144 non
2599 4087 2726 4157 παρ’
2758 4087 2918 4155 ἡμῖν,
2954 4085 3007 4137 in
3042 4083 3236 4137 Latino
3264 4080 3404 4152 apud
3434 4095 3542 4138 vos,
3597 4092 3705 4129 non
3733 4074 3877 4144 apud
3901 4090 3995 4126 nos
4023 4090 4043 4126 :

2464 4191 2613 4235 totus
2637 4178 2781 4232 enim
2811 4185 3101 4229 contextus
3132 4175 3271 4227 hanc
3294 4169 3731 4226 emendationem
3755 4167 3943 4236 exigit.

2463 4293 2622 4363 332
2640 4288 2880 4361 Epistola
2899 4288 2987 4351 85,
3014 4286 3337 4357 apologetica
3359 4283 3427 4336 ad
3443 4280 3700 4335 Basiliam
3717 4279 4046 4347 episcopum.

2536 4406 2577 4460 1.
2612 4402 2961 4458 Manifestum
2994 4401 3162 4455 habet
3209 4396 3472 4467 temporis
3499 4393 3760 4448 indicium
3795 4410 3806 4443 :
3838 4391 4047 4459 scripta

788 4481 1031 4558 terarum
1060 4503 1451 4556 commercium
1479 4543 1491 4564 ,
1552 4511 1610 4556 ut
1640 4502 1801 4555 tacite
1826 4500 2062 4554 dilueret
2094 4500 2360 4570 objectam
2394 4490 2439 4545 1)
2465 4500 2611 4554 enim
2656 4506 2739 4551 est
2765 4496 2943 4565 primo
2983 4500 3107 4563 post
3145 4491 3301 4545 datas
3342 4504 3371 4541 a
3413 4485 3761 4540 Theodoreto
3789 4482 3856 4535 ad
3882 4481 4046 4534 Dios-

786 4595 951 4649 animi
976 4596 1029 4647 in
1052 4594 1315 4665 Cyrillum
1337 4592 1730 4663 impotentiam.
1754 4591 1956 4647 Verum
1977 4592 2100 4645 silet
2126 4607 2364 4660 conque-

787 4696 931 4741 stum
960 4702 1080 4739 esse
1121 4679 1318 4741 Joanni
1348 4685 1688 4741 Antiocheno
1728 4681 1987 4752 Cyrillum
2016 4723 2029 4747 ,
2081 4682 2226 4751 quod
2251 4682 2364 4735 suis

788 4778 987 4834 littoris
1016 4778 1359 4830 abuteretur.

866 4868 998 4921 Vlll.
1059 4867 1303 4935 Denique
1331 4866 1809 4919 'anathematismo
1845 4864 2004 4917 ﬁdem
2038 4878 2191 4916 suam
2228 4878 2361 4915 con—

792 4956 962 5008 eludit
1008 4974 1019 5007 :
1076 4975 1092 5005 ι
1120 4955 1174 5008 Si
1202 4954 1328 5023 quis
1354 4964 1594 5007 sanctam
1622 4954 1897 5023 Virginem
1934 4953 2218 5021 Deiparam
2252 4967 2360 5005 non

792 5047 945 5107 dicit,
973 5056 1067 5099 aut
1091 5060 1289 5114 purum
1312 5044 1588 5098 hominem
1612 5054 1769 5096 vocat
1802 5044 2091 5096 Dominum
2114 5053 2361 5097 nostrum

798 5139 976 5191 Iesum
1021 5138 1333 5201 Christum,
1386 5135 1473 5189 vel
1524 5138 1578 5188 in
1622 5135 1761 5189 duos
1789 5134 1930 5188 ﬁlios
1967 5135 2164 5188 dividit
2195 5150 2363 5187 unum

794 5228 1143 5297 Unigcnitum
1182 5242 1246 5281 ac
1264 5226 1688 5297 primogenitum
1706 5225 1886 5278 omnis
1901 5234 2197 5280 creaturas:
2223 5240 2253 5276 a
2270 5239 2365 5292 spe

799 5322 850 5371 in
875 5319 1153 5374 Christum
1181 5318 1397 5373 excidat
1420 5358 1433 5382 ,
1470 5326 1526 5371 et
1552 5316 1698 5370 dicet
1721 5318 1901 5370 omnis
1927 5316 2161 5385 populus
2187 5333 2200 5369 :
2225 5316 2363 5381 Fiat,

798 5409 906 5463 fiat.
922 5430 938 5460 ι
979 5411 1178 5464 Verum
1201 5410 1391 5464 eadem
1416 5409 1583 5463 verba
1607 5407 1893 5464 Nestorius
1914 5407 2030 5461 sine
2046 5407 2366 5481 przejudicio

2464 4607 2653 4647 corum
2707 4587 3074 4657 apologeticas
3103 4584 3345 4645 litteras;
3378 4578 3641 4643 secundo,
3670 4586 3793 4646 post
3812 4575 4046 4628 missum

2464 4697 2495 4733 a
2520 4681 2780 4734 Dioscoro
2808 4673 3321 4741 ConstantinOpolin
3349 4670 3665 4739 episc0pum
3687 4708 3699 4731 ,
3736 4666 3828 4735 qui
3857 4665 4047 4719 Theo-

2464 4772 2714 4825 doretum
2746 4769 2990 4836 aliosque
3018 4763 3325 4839 Orientales
3358 4760 3503 4829 apud
3534 4760 3923 4827 imperatorem
3956 4771 4051 4809 εο-

2465 4872 2715 4926 cusaret;
2771 4860 2968 4922 tertio,
3022 4855 3185 4910 simul
3233 4868 3357 4907 cum
3392 4852 3622 4921 epistola
3646 4855 4046 4916 consequente,

2471 4956 2728 5011 Flaviano
2775 4952 3067 5020 inscripta;
3130 4956 3185 5002 et
3236 4955 3359 5016 post
3394 4944 3725 5014 encyclicam
3754 4941 4048 5010 epistolam

2472 5049 2535 5101 ad
2567 5048 2851 5113 utriusque
2879 5043 3084 5097 Ciliciae
3109 5040 3393 5108 primates.

2544 5140 2607 5192 11.
2663 5139 2787 5191 Haec
2826 5136 2928 5189 tria
2985 5129 3265 5187 suutanui
3295 5129 3399 5183 448
3450 5122 4045 5195 incipientisindicia:

2474 5244 2598 5282 nam
2637 5227 2925 5281 Flavianus
2948 5221 3214 5277 successit
3238 5219 3433 5274 Proclo
3463 5217 3565 5270 sub
3589 5216 3751 5268 ﬁnem
3773 5215 3899 5267 anni
3919 5213 4048 5268 447.

2474 5319 2856 5373 Theodorctus
2885 5314 3252 5385 apologeticas
3278 5309 3498 5378 scripsit
3524 5308 3590 5361 ad
3613 5306 3935 5360 Dioscorum
3961 5303 4056 5358 lit-

2475 5415 2620 5460 teras
2642 5421 2785 5459 anno
2811 5405 2909 5457 447
2932 5404 3041 5473 jam
3069 5401 3287 5464 aﬂ‘ecto,
3315 5406 3371 5453 et
3393 5413 3460 5451 eo
3484 5406 3727 5464 tempore
3750 5395 4054 5448 Dioscorus

2159 5582 2477 5639 SCHULZII
2512 5583 2744 5638 1AOTA‘L

871 5715 915 5746 ἰ’
953 5714 1027 5767 Ad
1060 5731 1258 5767 annum
1285 5714 1484 5769 Christi
1519 5716 1638 5778 448,
1667 5716 1898 5769 refertur
1930 5717 2087 5776 infra.
2112 5734 2141 5769 c
2187 5718 2290 5785 6,§
2323 5717 2363 5767 l.

2443 5720 2483 5747 τί
2517 5718 2837 5783 Vid.supra.
2872 5735 2922 5786 p.
2961 5715 3055 5768 ΠῙὶ
3082 5724 3133 5765 et
3174 5714 3293 5766 3:29.

3375 5714 3414 5742 ⁷³
3442 5712 3592 5764 "om.
3632 5707 3953 5764 ἀνθρώπων,
3994 5717 4057 5758 ιιι

801 5785 985 5855 legunt
1010 5786 1276 5836 nonnulli.
1304 5786 1527 5840 Pra'stat
1557 5775 1736 5841 autem
1767 5787 1928 5841 lectio
1964 5775 2608 5857 ἀκροατὼνξῇιιάὶιονιιιη.
2648 5788 2687 5817 τ³
2724 5775 2839 5840 Vid.
2873 5775 3030 5839 istam
3067 5785 3352 5839 lectionem
3387 5798 3566 5839 supra.
3604 5790 3638 5833 t.
3677 5775 3764 5843 ιν,
3798 5793 3853 5846 p.
3892 5775 4050 5831 “52.
