4228 6446
174 401 269 464 9³1

1353 403 1451 461 DE
1492 402 1743 462 LIBRlS
1778 400 2285 460 THEODOR‘E’I‘I.

3328 396 3435 458 282

171 515 273 584 jam
323 514 557 569 miserat
602 515 655 567 in
703 513 895 567 urbem
955 512 1158 582 regiam
1216 520 1589 564 accusatorem
1638 509 1755 579 epi-
1787 516 1831 571 Α
1861 510 2050 578 bytero
2082 508 2345 569 habitam,
2377 508 2808 576 expositamque,
2842 516 2903 561 ut
2940 512 3155 578 opinor,
3197 509 3437 565 Athana-

174 618 420 673 scopum.

238 695 327 747 111.
367 695 630 758 Basilius,
671 695 761 750 cui
792 692 1022 764 epistola
1050 690 1398 754 inscribitur,
1429 691 1565 760 quin
1592 690 1759 744 fuerit

174 786 438 841 Seleucia:
465 790 781 857 episcopus,
816 801 879 840 ac
909 783 1129 839 Isauriae
1154 778 1399 853 primas,
1424 783 1613 835 nullus
1638 780 1756 835 fere

172 877 364 932 dubito
391 897 405 932 :
432 895 560 933 nam
582 889 638 933 et
656 880 844 948 prima:
861 877 1068 932 Ciliciae
1086 876 1304 929 vicinus
1322 884 1463 937 erat,
1480 883 1536 928 et
1552 889 1760 943 magna:

174 978 301 1023 tunc
346 971 721 1032 auctoritatis,
762 969 927 1022 etiam
964 970 1017 1017 in
1048 968 1172 1021 aula
1195 1007 1209 1031 ,
1272 974 1329 1020 et
1361 964 1601 1019 amicitia
1633 980 1758 1020 cum

174 1060 530 1115 Theodoreto
559 1063 911 1129 conjuuctus.
978 1051 995 1057 ’

238 1154 327 1206 ιν.
370 1153 654 1206 Successit
678 1150 939 1212 Deaiano,
981 1149 1073 1216 qui
1100 1148 1336 1202 concilio
1367 1147 1645 1218 Ephesino
1679 1147 1761 1199 in-

173 1244 391 1309 terfuit;
416 1243 595 1297 adfuit
622 1258 753 1296 vero
783 1242 898 1310 ipse
931 1248 1167 1309 quatuor
1192 1238 1441 1293 conciliis
1471 1255 1483 1290 :
1517 1237 1758 1291 Flaviani

169 1334 791 1402 Constantinopolitano
846 1332 1112 1385 adversus
1134 1331 1418 1400 Eutychen
1469 1346 1613 1383 anno
1636 1329 1757 1392 418,

171 1426 455 1495 Ephesino
488 1424 733 1477 Dioscuri
788 1437 933 1476 anno
970 1422 1095 1485 449,
1147 1421 1579 1475 Chalcedonensi
1606 1436 1758 1475 (ecu-

172 1518 388 1571 mcnico
418 1532 569 1569 anno
590 1516 714 1579 451,
767 1524 823 1569 et
870 1530 901 1567 e
938 1529 1035 1567 sua
1066 1513 1289 1566 Isauria:
1318 1511 1526 1581 synodo
1560 1510 1626 1564 ad
1654 1510 1757 1564 im-

172 1621 487 1680 peratorem
525 1610 762 1663 Leonem
795 1606 1081 1679 rescripsit
1112 1621 1257 1659 anno
1282 1604 1403 1657 458.

239 1704 301 1757 ν.
344 1703 475 1756 Fuit
505 1696 1129 1760 homo-commutabilis,
1168 1696 1283 1749 sive
1310 1695 1457 1756 ﬁdei,
1493 1694 1608 1749 sive
1640 1711 1758 1748 ser--

171 1795 349 1847 monis
405 1812 418 1846 :
478 1808 601 1847 nam
642 1792 927 1862 Eutychen
950 1789 1231 1843 damnavit
1257 1804 1383 1841 cum
1407 1788 1664 1841 Flaviano
1701 1786 1756 1840 in

1861 597 1928 650 sii
1989 597 2290 667 Cyrillique
2357 596 2425 649 de
2502 612 2605 649 uua
2671 598 2837 651 Verbi
2908 598 3172 654 incarnati
3242 612 3437 655 natura

1859 689 2207 751 sententiam,
2240 688 2530 741 anathema
2558 687 2805 742 dicerent
2832 689 2921 750 iis,
2949 691 3043 759 qui
3068 690 3347 744 Christum
3381 692 3435 746 in

1860 776 1998 830 duos
2031 777 2169 830 ﬁlios
2200 775 2532 841 dividerent,
2569 778 2997 849 nominatimque
3021 781 3038 800 ⁶
3072 779 3435 847 Theodoreto,

1861 868 2010 921 velut
2045 868 2291 921 omnium
2334 868 2697 922 nobilissimo.
2726 868 3043 925 Tunmltum
3090 870 3278 940 populi
3305 887 3436 923 aua-

1862 957 2043 1011 thema
2089 958 2474 1025 ingeminantis
2502 973 2609 1010 non
2663 958 2924 1027 repressit
2968 960 3278 1024 Dioscorus,
3340 961 3437 1014 sed

1860 1048 2138 1116 excipiens
2180 1048 2248 1100 de
2290 1063 2438 1101 more
2474 1048 2720 1103 docentis
2754 1064 3099 1113 sermonem,
3145 1060 3295 1106 stans
3335 1068 3436 1106 suo

1859 1137 2023 1192 etiam
2058 1137 2495 1207 sull‘ragiojuvit.
2535 1140 2710 1195 «Tulit
2736 1142 2987 1212 illos,qui
3017 1142 3175 1195 nobis
3205 1144 3435 1197 anathe-
3512 1128 3518 1133 ’

1860 1243 1945 1281 ma
1975 1228 2237 1292 dicerent,
2270 1245 2605 1299 surgensque
2630 1240 2684 1284 et
2713 1234 3023 1287 acclamans
3059 1234 3283 1287 illorum
3336 1252 3432 1288 vo-

1861 1333 1952 1370 ces
1992 1320 2352 1373 conﬁrmavit.
2393 1344 2410 1370 ι

1922 1409 1973 1461 5.
2004 1409 2116 1461 Sub
2142 1410 2335 1463 Proclo
2362 1413 2655 1481 contigisse
2701 1422 2760 1467 ut
2790 1413 3119 1468 Antio'cheui
3155 1417 3435 1471 consenti-

1862 1508 1983 1551 rent
2012 1499 2065 1551 in
2096 1500 2682 1571 Constantinopolitani
2722 1507 2983 1560 antistitis
3031 1508 3436 1577 prasideutiatn

1858 1605 1888 1642 a
1916 1590 2157 1644 secundo
2187 1592 2422 1646 concilio
2456 1595 2697 1663 generali
2728 1605 3008 1652 statutam.

1926 1683 1977 1736 4.
1994 1683 2144 1738 Unde
2161 1694 2346 1738 uatum
2366 1686 2435 1739 sit
2450 1685 2692 1741 Dioscuri
2721 1688 2775 1741 in
2790 1688 3195 1744 Theodoretum
3216 1692 3398 1745 odium
3420 1710 3433 1745 :

1861 1775 2093 1828 credidit
2135 1776 2281 1829 enim
2328 1776 2687 1832 Antiocheuis
2725 1790 3005 1835 auctorem
3055 1783 3247 1848 fuisse,
3281 1800 3437 1839 novae

172 1885 305 1939 urbe
336 1884 512 1953 regia.
549 1883 785 1936 absolvit
822 1896 945 1937 cum
975 1880 1240 1933 Dioscoro
1262 1877 1485 1947 Ephesi,
1509 1892 1758 1931 exsecra-

1868 1865 2047 1917 llouue
2076 1866 2291 1933 prmsuli
2316 1865 2609 1934 primatum
2648 1868 2900 1923 cedendi.

171 1988 257 2031 tus
284 1985 374 2030 est
404 1991 533 2029 cum
558 1972 809 2028 Ecclesia
836 1968 1210 2035 Chalcedone,
1241 1967 1335 2021 ubi
1363 1966 1602 2026 veniam,
1632 1978 1758 2018 cum

168 2084 284 2122 eam
322 2065 653 2136 suppliciter
695 2070 981 2135 rogasset,
1031 2060 1142 2115 vim
1171 2059 1275 2115 sibi
1305 2060 1509 2114 illatam
1558 2058 1754 2127 Ephesi

168 2166 451 2223 causatus,
509 2156 776 2212 Dioscoro
800 2154 933 2210 licet
954 2167 1149 2224 preces
1173 2152 1447 2216 elevaute,
1496 2149 1753 2205 obtinuit.

169 2295 411 2368 Epistola
445 2293 535 2359 86,
567 2292 930 2415 deorecatorzr
957 2292 1026 2346 ad
1046 2290 1365 2344 Flavianum
1386 2287 1758 2344 Constantino—

809 2378 874 2415 no
920 2371 1127 2415 tanum.

809 2371 1127 2434 pomarium.

240 2502 282 2555 l.
320 2501 573 2556 Pertinet
623 2500 818 2570 procul
852 2498 1022 2553 dubio
1076 2497 1143 2551 ad
1174 2513 1378 2551 annum
1408 2496 1533 2550 M7.
1568 2495 1757 2565 Neque

170 2594 311 2647 enim
338 2594 526 2663 potuit
550 2601 645 2646 aut
667 2592 835 2647 citius
862 2590 1053 2653 scribi,
1079 2597 1175 2643 aut
1196 2589 1373 2642 serius
1402 2607 1413 2641 :
1443 2605 1551 2642 nou
1569 2588 1753 2651 citius,

172 2685 294 2751 quia
344 2684 647 2737 Flavianus
692 2682 964 2737 successit
996 2681 1192 2735 Proclo
1226 2681 1335 2734 vita
1363 2680 1550 2734 l'uueto
1580 2679 1667 2734 die
1688 2680 1759 2733 24

172 2774 429 2828 Octobris
479 2775 609 2828 anni
652 2774 789 2838 M7;
847 2788 954 2826 non
992 2771 1225 2834 tardius,
1269 2787 1392 2824 cum
1419 2770 1760 2840 prmeesserit

174 2867 443 2937 synodum
471 2882 500 2919 a
527 2865 787 2919 Flaviano
813 2864 1079 2918 adversus
1094 2863 1376 2932 Eutychen
1403 2862 1639 2915 habitam
1665 2877 1760 2915 an-

175 2976 241 3011 no
262 2958 366 3011 .158
393 2958 486 3011 die
515 2966 710 3010 octavo
733 2956 1079 3010 Novembris.
1132 2955 1305 3017 Adde,
1338 2954 1485 3023 quod
1509 2954 1758 3024 ejusdem

176 3050 241 3103 sit
266 3049 579 3120 argumenti
609 3064 732 3102 cum
756 3047 1116 3116 prmcedeute.

245 3142 306 3195 11.
345 3142 425 3194 De
454 3140 715 3194 Flaviano
735 3139 941 3193 dictum
969 3149 1129 3194 antea
1163 3139 1230 3193 ad
1253 3138 1543 3209 epistolam
1564 3138 1650 3189 ll.

1921 1953 1973 2007 5.
2010 1952 2135 2008 Haec
2170 1954 2355 2019 verba,
2395 1954 2674 2011 Dioscorus
2719 1958 2997 2028 epistolam
3046 1961 3116 2015 ad
3154 1978 3247 2015 nos
3302 1964 3437 2017 scri-

1860 2046 1981 2115 psit,
2015 2054 2145 2110 etc.,
2188 2045 2502 2115 accipienda
2544 2064 2654 2101 non
2701 2065 2822 2104 esse
2855 2051 2921 2106 de
2958 2052 3186 2121 privatis
3216 2054 3434 2120 litteris,

1859 2137 2015 2207 quasi
2051 2137 2343 2192 Dioscorus
2368 2138 2715 2194 Theodoreto
2749 2141 2961 2211 aliquas
2990 2143 3224 2209 dederit;
3253 2146 3348 2200 sed
3369 2147 3438 2203 de

1859 2229 2246 2284 communibus
2279 2230 2461 2285 missis
2493 2231 2558 2286 ad
2597 2233 2889 2300 Domuum,
2924 2251 3155 2304 quarum
3187 2238 3442 2293 Theodo-

1860 2330 2031 2382 retus.
2052 2322 2300 2376 scribens
2327 2322 2607 2389 Dioscoro,
2630 2326 2896 2381 meminit.
2916 2328 2996 2381 Ad
3033 2328 3303 2384 Domuum
3334 2330 3439 2386 illa:

1857 2420 1915 2468 et
1945 2413 2012 2467 ad
2058 2414 2178 2484 ejus
2223 2414 2492 2485 synodum
2523 2415 2935 2487 dirigebantur;
2987 2421 3133 2490 quod
3173 2421 3242 2477 de
3285 2436 3440 2477 more

1858 2508 2042 2573 ﬁebat,
2081 2524 2205 2563 curn
2240 2511 2455 2581 negotia
2487 2512 2752 2581 ejusmodi
2783 2522 3168 2572 tractarentur.

1924 2602 1985 2655 V.
2034 2602 2234 2656 Verum
2277 2601 2379 2655 hoc
2419 2602 2475 2656 in
2530 2604 2651 2657 loco
2701 2602 2936 2659 ﬁnienda
2989 2616 3073 2661 est
3120 2619 3439 2662 controver-

1859 2695 1936 2748 sia
1956 2734 1969 2755 ,
1997 2710 2118 2763 qua:
2140 2711 2262 2748 cum
2297 2695 2529 2749 Baronio
2565 2696 2749 2751 habita
2770 2707 2856 2752 est
2882 2698 2937 2751 in
2961 2699 3082 2752 Vita
3109 2700 3441 2755 Theodoreti

1859 2786 2034 2854 capite
2052 2787 2081 2839 7
2098 2788 2162 2838 ⁷⁸.
2190 2786 2360 2839 Suum
2378 2787 2586 2841 scilicet
2610 2788 2661 2841 iu
2681 2804 2902 2843 sensum
2926 2794 3258 2860 exponendas
3279 2809 3442 2848 voces

1860 2875 2021 2946 hujus
2045 2878 2306 2945 epistolae,
2337 2893 2457 2946 quae
2506 2879 2875 2933 illustrissimo
2919 2883 3170 2951 scriptori
3202 2884 3441 2938 occasio-

1860 2980 1984 3018 nem
2010 2965 2276 3018 dederunt
2304 2966 2755 3020 comminiscendi
2780 2969 3095 3033 concilium,
3132 2971 3198 3025 de
3223 2987 3331 3041 quo
3364 2973 3440 3027 ibi

1860 3056 2113 3110 diximus.
2147 3056 2285 3109 Sunt
2328 3067 2509 3111 autem
2546 3058 2813 3127 ejusmodi
2849 3076 2860 3110 :
2908 3078 2925 3108 ί
2960 3058 3129 3122 Scito,
3196 3061 3437 3125 domine,

1863 3147 2003 3201 hanc
2032 3147 2186 3200 illum
2215 3146 2580 3218 (Dioscorum)
2613 3148 2876 3203 adversus
2900 3165 3000 3204 nos
3026 3151 3444 3219 pusillanimita—

247 3234 335 3288 lll.
368 3234 431 3286 In
450 3232 682 3302 cpistola
705 3232 1020 3295 continetur
1041 3229 1758 3299 vehemeusquerclaThco-
1789 3220 1831 3278 C
1867 3246 1974 3292 ιεηι
2011 3253 2235 3307 εει-ονε,
2272 3254 2339 3293 ex
2383 3254 2493 3308 quo
2541 3239 2818 3309 synodicis
2864 3240 3063 3295 vestris
3117 3242 3220 3296 sub
3271 3242 3443 3297 beam

178 3326 345 3379 dareti
378 3325 450 3378 de
480 3326 761 3387 Dioscoro,
815 3340 937 3392 qua:
975 3333 1243 3392 quantum
1271 3322 1630 3377 nihilominus
1654 3320 1760 3373 dif-

180 3418 312 3470 ferat
354 3433 384 3470 a
426 3416 655 3486 querela
686 3415 1035 3484 postmodum
1082 3415 1225 3485 apud
1255 3414 1761 3469 sanctumLconem

180 3508 314 3563 facta
338 3550 352 3569 ,
412 3524 578 3561 nemo
611 3506 706 3574 qui
734 3507 949 3578 legerit,
987 3523 1095 3561 non
1120 3507 1289 3561 videt.
1346 3505 1518 3559 Nemo
1546 3521 1761 3574 quoque

181 3618 283 3654 tum
326 3601 459 3654 inde
504 3599 780 3668 intelligit,
835 3599 1075 3653 Leonem
1103 3599 1433 3667 appellatqu
1460 3613 1579 3652 esse
1613 3598 1758 3651 velut

176 3694 448 3762 jUtll‘L‘Clll‘,
486 3693 827 3755 Flavianum,
855 3701 914 3744 ut
936 3700 1245 3760 patronum.

246 3788 331 3841 IV.
384 3788 595 3841 Paeter
638 3786 779 3839 hanc
810 3785 1231 3853 querimoniam,
1278 3784 1439 3853 digna
1465 3793 1610 3845 sunt,
1643 3797 1762 3851 qua:

183 3881 570 3943 observentur,
616 3878 663 3929 1.
694 3877 917 3930 Missum
950 3892 979 3929 a
1008 3876 1354 3930 Theodoreto
1381 3874 1760 3929 Alexandriam

187 3973 600 4042 presbyterum;
639 3968 937 4025 Eusebium
960 3967 1175 4036 opinor,
1196 3983 1293 4036 per
1316 3983 1477 4036 quem
1502 3966 1763 4019 Dioscoro

187 4063 548 4123 renuntiavit,
578 4077 635 4114 se
664 4060 942 4131 synodicis
968 4059 1155 4129 Cyrilli
1196 4067 1255 4112 et
1286 4058 1513 4113 Joannis
1540 4056 1761 4126 acquie-

186 4170 367 4212 scere.
430 4150 580 4221 quod
612 4150 878 4203 hactenus
907 4154 1182 4201 renuerat.
1208 4146 1387 4211 Quare
1414 4146 1503 4197 hic
1526 4145 1763 4213 primum

188 4245 393 4300 mentio
438 4243 497 4297 ﬁt
551 4240 805 4296 conversi
853 4238 922 4293 ad
964 4247 1165 4292 rectam
1210 4236 1393 4299 ﬁdem,
1452 4244 1547 4297 aut
1572 4235 1764 4288 saltem

186 4357 211 4391 ιι
235 4336 470 4404 ρτίδιίτετι
493 4330 866 4387 obstinatione
885 4328 1197 4398 evigilautis
1215 4326 1548 4382 Theodoreti
1568 4343 1577 4375 :
1594 4340 1767 4393 quatt-

186 4441 344 4491 quam
400 4422 562 4492 333
614 4419 924 4489 synodicas,
973 4419 1086 4488 jam
1129 4416 1254 4470 inde
1290 4425 1590 4485 atempore
1617 4416 1766 4483 pacis

191 4520 351 4578 inice,
392 4530 519 4568 eum
554 4513 919 4572 mitterentur,
953 4511 1178 4579 legerat,
1210 4517 1264 4562 et
1296 4524 1357 4562 ca
1386 4516 1538 4577 parte
1566 4507 1764 4576 proha-

188 4616 357 4667 vsrat,
414 4619 521 4672 qua
561 4602 795 4656 duarum
824 4609 1142 4654 naturarum
1176 4600 1482 4653 doctrinam
1515 4598 1764 4653 contine-

189 4700 349 4763 hant;
424 4712 533 4751 non
584 4704 767 4749 tamen
812 4695 1231 4762 subscripserat,
1287 4694 1483 4763 partim
1530 4692 1766 4747 Nestorii

188 4805 395 4852 arnore,
424 4789 623 4857 partim
646 4787 833 4858 Cyrilli
855 4786 1001 4840 odio.
1032 4786 1172 4839 Cave
1196 4802 1362 4855 porro
1383 4786 1764 4855 synodicarum

190 4886 503 4945 litterarum
536 4881 757 4934 nomine
806 4880 1079 4949 intelligas
1105 4894 1235 4943 eas,
1291 4894 1410 4947 qua:
1449 4878 1765 4930 anathema-

192 4976 382 5029 tismos
432 4973 756 5041 subjunctos
794 4972 1023 5035 habent;
1082 4970 1177 5024 sed
1231 4986 1351 5039 qua:
1385 4970 1452 5024 ab
1486 4969 1552 5022 iis
1585 4968 1769 5022 verbis

193 5066 410 5119 initium
438 5065 650 5117 ducunt
677 5081 689 5116 :
716 5062 983 5117 Lwleutur
1002 5061 1136 5126 costi,
1172 5070 1278 5115 etc.

256 5158 309 5211 2.
339 5157 632 5223 Quomodo
668 5157 721 5209 iu
748 5171 1009 5209 canouem
1037 5154 1315 5208 Nicaauum
1340 5168 1591 5221 peccasse
1620 5152 1773 5205 Dios-

195 5268 356 5306 corus
398 5266 430 5303 a
467 5248 812 5303 Theodoreto
847 5247 1068 5315 dicitur,
1110 5246 1284 5315 utqui
1309 5245 1375 5300 de
1399 5245 1586 5299 alienae
1634 5245 1773 5298 dim-

196 5344 331 5397 eesis
381 5340 611 5396 homine
653 5340 922 5411 judicium
964 5339 1275 5393 exercuerit
1310 5356 1320 5390 :
1352 5352 1659 5407 quanquam
1706 5352 1775 5390 ne

196 5431 379 5487 violati
406 5430 636 5484 canonis
661 5429 921 5483 invidiam
975 5430 1301 5492 incurreret,
1326 5427 1521 5499 judicii
1548 5427 1774 5481 formam

200 5541 299 5578 non
336 5525 537 5585 tenuit,
567 5523 661 5577 sed
691 5522 885 5577 callide
920 5521 1134 5576 induxit
1160 5531 1506 5576 accusatores
1528 5519 1780 5575 Orienta-

203 5620 332 5669 lium
363 5615 684 5678 monachos,
722 5612 817 5683 qui
838 5624 963 5683 post
1003 5614 1318 5668 concionem
1343 5612 1408 5667 de
1435 5612 1539 5667 ﬁde
1568 5628 1597 5667 a
1624 5628 1776 5683 pres-

1866 3328 2140 3382 memoria:
2174 3330 2365 3383 Proclo
2403 3330 2559 3383 factis
2582 3370 2597 3394 ,
2631 3342 2944 3385 sanctorum
2979 3333 3199 3387 Patrum
3240 3333 3444 3403 regulis

1868 3420 2214 3483 inhaerentes,
2248 3422 2582 3474 asscnsimus
2616 3440 2627 3474 :
2660 3437 2723 3476 ac
2750 3423 2816 3478 de
2839 3426 2939 3478 hoc
2960 3440 3059 3477 nos
3090 3426 3254 3478 semel
3279 3436 3442 3494 atque

1866 3513 2066 3566 iterum
2103 3512 2437 3581 increpasse,
2463 3513 2617 3581 quasi
2651 3522 2705 3566 et
2732 3516 3222 3580 Autiochenorutn,
3256 3526 3316 3571 ut
3342 3518 3439 3578 ait,

1866 3609 1919 3651 ct
1941 3599 2432 3652 Alexandrinorum
2457 3601 2581 3669 jura
2610 3601 3034 3670 prodiderimus.
3075 3624 3092 3653 ι

1925 3694 2071 3758 Quas
2100 3708 2231 3746 vero
2260 3688 2637 3746 Theodoretus
2670 3693 2959 3763 synodicas
2975 3694 3077 3747 sub
3117 3695 3310 3750 Proclo
3357 3695 3439 3751 l'a-

1863 3796 1979 3839 etas
2021 3784 2511 3853 Constantinopoli,
2542 3793 2596 3838 et
2622 3785 2689 3839 ab
2716 3785 3074 3840 Antiochenis
3114 3788 3444 3856 approbatas

1866 3885 2160 3939 memorat,
2216 3892 2322 3929 non
2352 3876 2488 3930 alias
2517 3877 2733 3945 opinor,
2780 3892 2941 3946 quam
2995 3894 3115 3946 quae
3176 3880 3232 3932 in
3278 3895 3442 3935 causa

1867 3968 2142 4021 Athanasii
2187 3968 2588 4021 Perrhenorum
2635 3968 2873 4038 episcopi
2909 3970 3171 4025 confecta:
3212 3982 3342 4027 sunt
3384 3972 3443 4026 in

1866 4060 2119 4121 concilio,
2158 4059 2298 4112 unde
2334 4059 2558 4121 Proclus
2601 4059 2665 4112 ad
2719 4061 2983 4113 Domuum
3021 4076 3086 4115 ea
3111 4061 3178 4115 de
3207 4077 3265 4117 re
3303 4063 3443 4117 scri-

1867 4152 1991 4219 psit.
2052 4151 2268 4205 Littera:
2332 4150 2479 4205 enim
2528 4152 2703 4205 Procli
2750 4152 3063 4207 referuntur
3116 4154 3171 4207 in
3202 4155 3441 4210 concilio

1865 4242 2027 4311 33A
2049 4242 2476 4296 Chalcedonensi
2527 4242 2631 4298 hoc
2678 4244 2885 4298 titulo:
2942 4246 3294 4316 Ἀντίγραφον
3327 4263 3447 4300 5w.

1868 4335 2046 4388 οδικοῦ
2090 4334 2430 4403 γράμματος.
2462 4333 2550 4402 Τῷ
2572 4335 2864 4403 ὁσιωτάτῳ,
2898 4336 2989 4388 καὶ
3026 4336 3441 4406 θεοφιλεστάτῳ,

1868 4426 1962 4482 καὶ
2011 4424 2401 4495 uomat-muraqu
2444 4425 2654 4495 Δόμνῳ,
2684 4425 2947 4494 Πρόκλος,
2980 4426 3038 4480 ὲν
3079 4426 3299 4497 Χριστῷ
3321 4427 3445 4498 χαί-

1803 4553 1840 4605 D
1876 4536 2005 4587 ρειν.

1941 4612 2124 4664 Potest
2158 4622 2335 4664 tamen
2384 4610 2621 4663 suboriri
2670 4609 2931 4662 nonnulla
2962 4610 3214 4678 quaestio,
3254 4626 3444 4680 quam-

1872 4702 2081 4763 obrem,
2110 4702 2153 4753 si
2186 4716 2271 4754 res
2300 4702 2370 4753 ita
2390 4716 2445 4754 se
2473 4700 2685 4763 habuit,
2713 4710 2772 4752 ut
2790 4699 3045 4762 diximus,
3071 4699 3447 4754 Theodoretus

1871 4792 2181 4862 scripserit,
2215 4792 2586 4846 Antiochenos
2617 4807 2899 4847 assensum
2928 4791 3225 4860 praebuisse
3268 4791 3448 4846 Procli

1873 4882 2165 4953 synodicis,
2206 4885 2317 4944 τοῖς
2341 4882 2449 4933 τῶν
2481 4882 2648 4949 ἁγῖων
2681 4882 2935 4949 πατέρων
2967 4884 3187 4933 κανόσιν
3222 4880 3447 4934 ἀκολου-

1876 4974 2174 5041 Οήσεινταςε
2205 4989 2303 5026 cur
2331 4973 2550 5026 eosdem
2581 4973 2955 5027 Antiocheuos
2986 4972 3285 5026 Dioscorus
3324 4988 3451 5042 pro-

1877 5064 2001 5117 dita:
2023 5079 2133 5117 suae
2170 5078 2233 5116 ac
2264 5062 2643 5116 Alexandrina:
2672 5061 2933 5115 Ecclesiae
2975 5076 3099 5114 reos
3141 5060 3365 5127 fecerit;
3393 5070 3450 5117 et

1878 5173 1986 5226 quo
2034 5157 2087 5209 in
2117 5155 2285 5225 gradu
2318 5164 2446 5209 tunc
2495 5154 2757 5224 temporis
2782 5154 3074 5208 Dioscorus
3119 5153 3451 5209 constitutus

1878 5256 2042 5301 esset.
3525 5236 3531 5242 ’

1943 5339 2140 5390 Verum
2172 5346 2231 5390 ut
2264 5354 2293 5390 a
2333 5346 2607 5405 postremo
2634 5334 2840 5399 ordiar,
2864 5335 3159 5389 Dioscorus
3187 5348 3309 5386 cum
3336 5333 3448 5387 Au-

1878 5428 2145 5482 tiochenis
2170 5427 2374 5480 crimen
2420 5424 2745 5494 proditionis
2766 5423 3048 5492 objiceret,
3098 5436 3293 5476 recens
3330 5437 3455 5476 sue-

1878 5525 2116 5571 cesserat
2142 5516 2194 5568 in
2228 5515 2413 5586 Cyrilli
2438 5514 2618 5568 locum
2651 5513 2740 5567 die
2769 5514 2839 5567 28
2862 5513 3125 5575 Januarii,
3167 5526 3312 5565 anno
3349 5512 3453 5565 444

1880 5610 2143 5664 defuncti.
2172 5608 2383 5678 Objccit
2411 5622 2561 5671 vero,
2600 5606 2724 5675 quia
2748 5606 2987 5660 Domnus
3012 5604 3285 5674 synodicis
3320 5602 3449 5656 Pro-

1538 5765 1847 5822 SClll‘l/I.“
1905 5765 2129 5819 ΝΟΤέΕ.

274 5862 315 5891 ⁷⁸
348 5860 468 5918 για.
494 5876 677 5933 supra,
704 5877 755 5933 p.
795 5860 908 5915 I72.
