4228 6446
795 356 899 418 283

1919 366 2295 427 GARNERII
2337 368 2827 427 DISSERTATIO
2868 369 2923 426 ΙΙ

3939 368 4046 431 284

796 465 863 516 cli
890 464 1088 518 litteris
1126 465 1468 531 admonitus,
1517 467 1865 539 dijudicatam
1914 473 2191 528 Athanasii
2234 477 2363 529 Per—
2391 481 2433 537 Α
2464 476 2607 530 data.
2654 479 2779 532 Fuit
2824 478 3115 547 pra-lectus
3159 476 3314 530 urbis
3350 475 3853 546 Constantinopolis
3898 494 4047 532 anno

794 552 1008 607 rhensis
1043 570 1260 608 causam
1296 558 1693 624 recognoverit,
1728 575 1838 629 quo
1873 559 2016 615 facto
2043 563 2214 617 videri
2264 580 2362 633 po-

792 644 919 707 tuit,
946 646 1239 714 primatum
1260 646 1451 699 Proclo
1468 649 1803 713 concedere;
1833 651 2098 719 siquidem
2128 655 2363 708 utamici

792 744 869 787 est
903 736 1129 802 privatis
1156 737 1355 790 litteris
1393 752 1615 793 monere
1642 739 1709 794 de
1744 739 1940 806 oﬁicio,
1986 742 2060 796 ita
2090 745 2365 814 synodicis

793 826 858 879 ad
886 828 1224 895 superiorem
1246 830 1503 897 pertinet.

858 915 977 969 Jam
1015 933 1147 971 vero
1185 934 1308 971 cum
1342 918 1706 975 Alexandrina
1738 924 1895 977 sedes
1936 924 2175 979 secunda
2200 924 2366 979 fuerit

792 1010 914 1070 post
936 1003 1253 1070 Romanam,
1282 1008 1617 1062 Antiochena
1653 1020 1772 1079 post
1801 1012 2221 1068 Alexandrinam
2259 1023 2364 1067 ter-

796 1093 888 1156 tia,
920 1093 1085 1163 idque
1115 1106 1386 1150 servatum
1407 1098 1574 1152 fuerit
1604 1102 1715 1170 jam
1751 1102 1878 1157 inde
1904 1120 1933 1157 a
1959 1104 2150 1173 primis
2180 1104 2364 1159 Eccle-

795 1182 888 1236 sia:
916 1186 1277 1253 temporibus,
1308 1186 1909 1260 Constantinopolitana
1939 1211 2130 1249 recens
2158 1197 2364 1250 consti-

794 1281 931 1337 tuta,
961 1275 1005 1328 si
1034 1277 1334 1331 secundum
1369 1280 1546 1334 locum
1576 1294 1775 1348 teneat,
1804 1288 2004 1355 jusque
2050 1287 2219 1356 ipsius
2263 1288 2364 1342 bac

792 1363 845 1415 in
894 1374 1048 1433 parte
1098 1376 1444 1435 agnoscatur.
1494 1385 1717 1425 necesse
1756 1382 1842 1428 est
1872 1384 2160 1444 utramque
2203 1377 2362 1430 aliam

790 1454 974 1509 sedem
1004 1458 1420 1526 patriarchalem
1445 1460 1699 1531 deprimi.

881 1566 1120 1637 Epistula
1161 1569 1250 1635 87,
1299 1570 1585 1655 familiaris
1622 1576 1690 1627 ad
1725 1576 1989 1631 Domuum
2023 1578 2270 1649 Apamea

1419 1659 1729 1713 episcopum.

850 1745 890 1800 ἰ.
928 1746 1133 1801 Eodem
1162 1756 1408 1820 tempore
1436 1760 1601 1822 atque
1634 1754 1798 1808 etiam
1830 1769 2169 1827 argumento.

860 1836 926 1891 ΙΙ.
980 1839 1221 1894 Domnus
1249 1842 1546 1910 primatum
1594 1846 1773 1899 tenuit
1801 1846 1872 1899 'in
1904 1849 2143 1903 secunda
2184 1850 2359 1921 Syria,

789 1929 949 2000 cujus
974 1932 1292 2000 metropolis
1336 1934 1572 2003 Apamea
1610 1952 1623 1987 :
1652 1935 1903 1991 interfuit
1928 1940 2165 1993 concilio
2199 1942 2361 1995 Chal-

787 2019 1104 2087 cedonensi,
1134 2032 1361 2093 eratque
1390 2025 1630 2081 amicitia
1659 2027 1919 2097 singulari
1959 2047 2084 2085 cum
2116 2032 2364 2088 Theodo-

788 2119 905 2165 reto
941 2113 1288 2182 conjunctus.

861 2202 953 2257 lll.
992 2204 1076 2258 Fit
1112 2205 1165 2258 in
1192 2206 1422 2275 epistola
1454 2224 1636 2263 sermo
1665 2211 1733 2265 de
1767 2211 1985 2267 clericis
2008 2213 2364 2272 Osroenensi-

789 2294 911 2359 bus,
941 2295 1036 2365 qui
1072 2296 1288 2353 libellos
1325 2300 1588 2355 adversus
1619 2303 1765 2356 Ibam
1797 2305 2137 2372 obtulerunt,
2166 2309 2362 2364 dicun-

790 2394 991 2454 turque
1037 2402 1227 2456 pacem
1264 2389 1521 2445 Ecclesize
1564 2393 1832 2459 turbasse,
1870 2403 1927 2449 et
1969 2405 2159 2453 contra
2186 2399 2362 2469 ipsum

788 2475 1195 2532 Theodoretum
1251 2479 1582 2550 singularem
1640 2484 1748 2540 Iba:
1800 2486 2057 2553 amicum,
2119 2490 2362 2561 aliosque

786 2568 1028 2624 Orientis
1051 2572 1339 2642 episcopos
1365 2575 1535 2628 multa
1568 2576 1849 2631 effudisse.

850 2660 939 2713 IV.
974 2662 1048 2714 De
1085 2678 1249 2717 causa
1280 2666 1550 2734 ejusmodi
1576 2667 1905 2721 clericorum
1935 2670 2060 2725 vide
2091 2672 2360 2727 actionem

788 2752 857 2807 10
877 2755 1095 2808 concilii
1128 2754 1612 2822 Chalcedonensis,
1654 2763 1809 2829 cujus
1833 2761 1984 2815 Actis
2012 2763 2214 2817 inserta
2237 2772 2365 2817 sunt

787 2845 992 2913 judicia
1018 2848 1146 2909 duo,
1174 2864 1295 2917 quae
1325 2850 1499 2903 delba
1530 2851 1655 2921 Tyri
1680 2861 1734 2905 et
1767 2852 1947 2923 Beryti
1979 2854 2364 2910 accusantibus

792 2935 1006 2991 clericis
1040 2939 1279 2992 exercita
1307 2940 1546 2994 fuerunt.

872 3048 1117 3119 Epistula
1142 3050 1230 3117 88,
1254 3052 1615 3122 deprecatoria
1638 3054 1707 3106 ad
1733 3054 1965 3109 Taurum
1988 3058 2288 3127 patricium.

2464 568 2597 632 422;
2652 567 2937 637 prtefectus
2981 568 3236 636 prmtorio
3286 582 3432 622 anno
3460 567 3592 633 428;
3646 568 3837 621 consul
3894 584 4046 621 almo

2463 661 2599 724 429;
2635 658 2921 727 pnnfectus
2961 661 3216 729 praetorio
3250 674 3446 713 rursus
3486 674 3630 713 anno
3658 646 3782 721 436,
3806 666 3863 713 et
3894 674 4046 712 anno

2462 752 2584 814 459,
2637 758 2693 804 et
2713 764 2855 802 anno
2886 749 3023 815 MO;
3065 750 3389 820 cognitorin
3409 764 3574 804 causa
3592 749 3858 819 Eutychis
3894 764 4045 801 anno

2463 841 2600 906 M8;
2626 840 2795 910 judex
2822 841 2877 894 in
2899 840 3135 896 concilio
3156 840 3593 896 Chalcedonensi
3610 854 3768 893 anno
3795 839 3919 893 454.
3947 840 4048 892 Est

2462 932 2529 985 ad
2550 947 2675 985 eum
2707 932 2898 987 lsidori
2927 932 3217 987 Pelusiotae
3243 932 3474 1001 epistola
3503 946 3609 985 una
3631 931 3774 984 libro
3800 930 3852 993 1,
3875 930 4043 999 epist.

2463 1022 2585 1075 416.
2609 1024 2727 1077 Non
2759 1022 3113 1077 mediocriter
3140 1039 3226 1077 res
3252 1022 3653 1077 ecclesiasticas
3679 1022 3887 1076 calluit.

2464 1133 2702 1204 Epistula
2728 1134 2797 1189 90
2816 1175 2830 1200 ,
2861 1136 3223 1206 deprecaturia
3252 1134 3322 1189 ad
3353 1134 3665 1205 Lupicinum
3706 1135 4044 1202 magistrum.

2525 1249 2565 1302 1.
2600 1249 2676 1302 De
2727 1247 2994 1317 Lupicino
3037 1248 3174 1301 nihil
3222 1245 3515 1302 admodum
3553 1245 3860 1305 observavi,
3899 1258 4047 1311 prae-

2466 1346 2707 1406 terquam
2732 1337 2877 1406 quod
2904 1337 3008 1392 fuit
3032 1336 3291 1407 magister
3315 1337 3550 1391 militum
3569 1376 3583 1401 ,
3615 1336 3879 1405 religione
3912 1334 4045 1387 illu-

2465 1426 2612 1488 stris,
2639 1434 2695 1478 et
2723 1432 2866 1479 notae
2888 1424 3146 1478 omnibus
3173 1424 3417 1478 virtutis.

2531 1515 2593 1567 11.
2643 1514 2747 1579 Qui
2797 1515 3015 1584 scripsit
3045 1530 3219 1584 nuper
3240 1514 3325 1579 ⁷⁸,
3372 1515 3440 1568 ad
3478 1529 3602 1569 eum
3641 1514 3823 1567 datam
3872 1513 4047 1567 fuisse

2463 1604 2822 1667 sanctionem,
2846 1619 2952 1672 qua
2975 1603 3355 1657 Theodoretus
3370 1602 3664 1673 jubebatur
3685 1616 3742 1655 se
3759 1601 4047 1655 continere

2464 1696 2639 1765 Cyro;
2687 1710 2797 1748 non
2828 1695 3055 1764 legerat,
3088 1694 3307 1763 opinor,
3355 1693 3598 1748 Graecam
3624 1692 4046 1761 inscriptionem

2464 1786 2629 1855 hujus
2668 1784 2930 1854 epistolae,
2981 1792 3037 1838 et
3057 1798 3248 1837 vocem
3278 1797 3442 1835 unam
3480 1780 3724 1850 epistola:
3762 1780 3864 1844 8:2;
3914 1794 4047 1832 cum

2463 1879 2610 1931 enim
2639 1878 2695 1930 in
2730 1876 2923 1929 Latina
2960 1876 3213 1928 versione
3242 1875 3529 1940 utriusque
3567 1872 3673 1927 loci
3705 1871 3920 1925 videret
3941 1870 4047 1923 ad-

2463 1967 2699 2021 hibitum
2749 1964 2994 2035 magistri
3044 1979 3245 2017 nomen
3277 2004 3290 2028 ,
3331 1962 3581 2018 eamdem
3633 1977 3755 2016 esse
3804 1958 4049 2014 credidit

2462 2060 2933 2132 signiﬁcationem.
2982 2058 3183 2113 Verum
3226 2057 3282 2111 in
3335 2056 3568 2124 epistola
3611 2053 3700 2118 8‘2,
3737 2062 3824 2108 est
3873 2068 4045 2121 utpa-

2460 2154 2630 2221 τηγῴ,
2648 2169 2769 2221 quae
2791 2165 2889 2204 vos
2915 2149 3234 2220 magistrum
3253 2148 3490 2202 militum
3517 2144 3826 2216 signiﬁcat;
3848 2145 3904 2197 in
3930 2144 4044 2199 hac

2467 2244 2769 2315 μαγὶστρῳ,
2804 2256 2926 2311 quas
2948 2240 3195 2309 magistri
3224 2238 3525 2294 ofﬁciorum
3542 2237 3765 2307 propria
3792 2244 3895 2290 est.

2536 2332 2619 2385 ΙΙΙ.
2641 2330 2699 2384 ld
2716 2345 2845 2384 vero
2863 2327 3185 2392 notandum,
3210 2327 3356 2397 quod
3381 2326 3545 2381 tradit
3561 2326 3961 2388 Theodoretus,
3980 2339 4045 2378 se

2458 2425 2567 2493 jam
2601 2422 2902 2476 senectutis
2942 2429 3145 2475 metam
3190 2420 3498 2489 ingressum
3531 2435 3543 2471 :
3580 2426 3782 2471 metam
3824 2417 4041 2485 utique,

2462 2530 2573 2569 non
2601 2530 2707 2584 qua
2736 2514 2944 2579 ﬁnitur,
2968 2514 3065 2567 sed
3098 2513 3243 2568 unde
3268 2511 3461 2581 incipit
3481 2518 3769 2575 senectus;
3805 2510 3921 2563 hzec
3943 2524 4044 2562 au-

2462 2615 2572 2662 tem
2610 2606 2760 2661 varia
2794 2618 2877 2660 est
2908 2624 2919 2658 :
2952 2621 3077 2659 nam
3112 2620 3234 2674 qua:
3264 2605 3511 2668 minima,
3542 2612 3769 2658 octavus
3802 2610 3886 2656 est
3912 2617 4044 2670 sep-

2462 2699 2726 2763 tenarius,
2771 2698 2826 2751 id
2862 2707 2965 2763 est,
3018 2712 3194 2751 annus
3239 2696 3414 2751 :etatis
3463 2694 3563 2761 56;
3614 2711 3737 2765 quae
3782 2695 4044 2760 maxima,

2464 2806 2641 2844 nonus
2666 2789 3028 2857 septenarius,
3051 2788 3144 2856 qui
3167 2788 3233 2840 65
3261 2787 3435 2841 mtatis
3456 2802 3659 2846 annus;
3688 2801 3809 2854 quae
3837 2785 4043 2847 media,

2463 2896 2639 2935 annus
2665 2879 2886 2933 circiter
2924 2878 3012 2932 60.
3047 2872 3218 2944 Quam
3246 2879 3314 2932 de
3343 2878 3521 2931 tribus
3552 2878 3743 2931 statuit
3782 2877 4046 2930 Theodo-

2466 2971 2656 3026 retus?
2694 2970 2750 3025 Si
2786 2970 3091 3034 minimam,
3133 2979 3286 3023 ortus
3325 2970 3501 3039 ipsius
3526 2968 3819 3036 contigisse
3848 2966 4047 3021 dicen-

2464 3063 2564 3117 dus
2590 3071 2675 3117 est
2712 3078 2856 3116 anno
2878 3062 2974 3116 591
3004 3079 3018 3127 ;
3059 3061 3104 3115 si
3133 3061 3449 3125 maximam,»
3478 3075 3621 3114 anno
3655 3060 3793 3125 584;
3840 3060 3883 3114 si
3920 3075 4046 3113 me-

854 3157 897 3212 l.
938 3158 1063 3213 llaec
1093 3167 1149 3212 et
1172 3160 1291 3215 alia:
1328 3172 1728 3232 consequentes
1755 3180 1861 3217 una
1888 3174 1943 3220 et
1970 3165 2161 3236 viginti
2204 3169 2363 3222 unius
2392 3176 2432 3230 C
2466 3154 2519 3208 di

2392 3176 2432 3230 ο
2466 3154 2632 3217 diam,
2665 3169 2808 3206 anno
2862 3152 2986 3215 586,
3038 3150 3308 3220 siquidem
3360 3150 3477 3204 hzec
3516 3150 3747 3219 epistola
3803 3150 3927 3204 data
3957 3159 4048 3204 est

787 3257 917 3302 sunt
951 3251 1285 3318 argumenti,
1336 3252 1609 3321 uniusque
1656 3256 1957 3323 temporis,
2013 3266 2069 3310 et
2114 3258 2168 3309 in
2197 3274 2359 3311 unam

787 3339 1011 3395 directa:
1037 3342 1310 3395 civitatem
1334 3344 1561 3413 regiam,
1599 3345 1665 3398 ad
1696 3361 1857 3414 quam
1892 3347 2101 3401 scilicet
2130 3348 2361 3420 delegati

786 3444 853 3482 ex
884 3426 1106 3484 Oriente
1133 3432 1374 3501 episcopi
1408 3433 1725 3502 pergebant.

856 3519 921 3573 ll.
969 3520 1115 3574 Missi
1154 3531 1281 3575 sunt
1326 3538 1458 3576 vero
1495 3524 1735 3594 episcopi
1787 3526 1901 3590 illi,
1955 3536 2015 3580 ut
2061 3527 2361 3597 legatorum

788 3611 1034 3665 Dioscuri
1074 3613 1450 3668 molitionibus
1486 3616 1837 3683 obsisterent,
1869 3627 2033 3688 atque
2059 3621 2362 3675 accusatio-

787 3718 912 3757 nem
945 3704 1205 3759 adversus
1228 3705 1535 3761 Orientales
1569 3708 1856 3779 ipsumque
1896 3711 2147 3781 inprimis
2183 3713 2363 3767 Theo-

788 3794 1043 3848 doretum
1065 3796 1133 3850 de
1161 3797 1338 3852 diviso
1373 3799 1428 3852 in
1462 3799 1600 3853 duos
1622 3799 1761 3855 ﬁlios
1783 3801 2002 3858 Christo
2025 3805 2319 3860 dilucrent.

853 3886 945 3940 lll.
967 3887 1107 3942 Sunt
1131 3898 1314 3943 autem
1338 3889 1460 3944 dua:
1490 3901 1547 3945 et
1571 3892 1764 3962 viginti
1797 3895 2041 3963 epistola:
2060 3912 2089 3949 a
2112 3897 2366 3951 Theodo-

788 3986 909 4031 reto
942 3993 1087 4032 anno
1113 3980 1214 4033 447
1245 3991 1480 4035 exeunte
1515 3983 1732 4052 scriptae
1757 3985 1826 4039 ad
1861 3986 2151 4055 optimates
2183 3989 2367 4043 trede-

786 4069 919 4134 cim,
948 4069 1236 4139 episcopos
1264 4078 1396 4137 tres,
1432 4073 1791 4144 presbyteros
1812 4076 1950 4132 duos
1969 4119 1983 4142 ,
2013 4093 2326 4135 meonomos
2351 4082 2367 4100 ‘

788 4161 993 4229 pariter
1017 4161 1176 4226 duos,
1210 4171 1265 4217 et
1284 4162 1619 4219 diaconissas
1648 4166 1895 4221 totidem;

857 4251 946 4307 IV.
987 4251 1215 4321 Scriptaa
1244 4262 1393 4317 sunt,
1418 4255 1664 4324 inquam,
1688 4272 1831 4311 anno
1849 4258 1987 4323 447;
2018 4275 2198 4329 neque
2220 4263 2367 4315 enim

787 4350 1089 4412 potuerunt
1139 4343 1387 4410 tardius,
1447 4361 1573 4400 cum
1632 4346 1865 4416 profecti
1918 4349 2028 4404 sint
2076 4350 2365 4407 Antiochia

787 4433 949 4505 335
982 4435 1144 4505 legati
1168 4437 1425 4491 saeviente
1456 4437 1635 4492 hieme
1655 4478 1670 4501 ,
1696 4447 1753 4493 et
1787 4439 2022 4495 necdum
2050 4450 2232 4497 tamen
2262 4442 2368 4499 Iba;

2463 3262 2606 3301 anno
2652 3246 2778 3299 447.
2830 3243 3058 3297 Mediam
3104 3243 3340 3311 opinor:
3380 3242 3631 3311 congruit
3676 3243 3822 3295 enim
3872 3243 4049 3311 magis

2462 3356 2586 3394 cum
2613 3337 2829 3393 caeteris
2853 3337 2975 3390 vine
2995 3335 3285 3405 adjunctis.

2465 3452 2703 3524 Epistula
2734 3453 2795 3506 9i
2832 3451 3193 3522 deprecatoria
3237 3449 3307 3503 ad
3341 3448 3682 3502 Eutrechium
3715 3448 4045 3518 prwfectum.

2532 3564 2613 3618 Ad
2636 3578 2763 3617 eum
2794 3562 3020 3617 fuerunt
3055 3562 3165 3632 jam
3189 3559 3311 3616 dua:
3340 3560 3607 3631 epistolas,
3640 3562 3706 3614 57
3744 3570 3800 3615 et
3841 3560 3930 3614 80.
3966 3562 4046 3615 Ex

2463 3656 2716 3709 omnibus
2742 3661 2973 3717 constat,
2991 3652 3347 3707 Eutrechium
3372 3651 3703 3708 Theodoreti
3733 3650 3901 3706 fuisse
3927 3652 4048 3706 sin-

2464 3748 2707 3819 gularem
2737 3746 2972 3801 amicum
3014 3760 3079 3799 ac
3110 3753 3423 3814 patronum.

2465 3858 2708 3929 Epistula
2744 3859 2842 3923 9‘2,
2883 3857 3248 3929 deprecaturia
3283 3856 3351 3909 ad
3393 3853 3701 3909 Anatolium
3739 3856 4046 3925 patricium.

2531 3969 2607 4023 De
2632 3965 2885 4022 Anatolio
2914 3965 3124 4020 dictum
3158 3970 3245 4018 est
3273 3964 3340 4017 ad
3366 3964 3655 4033 epistolam
3687 3964 3776 4019 45.
3817 3964 3918 4020 Hic
3948 3982 4051 4020 au-

2467 4067 2577 4114 tem
2608 4058 2852 4113 breviter
2905 4056 3157 4126 quidem,
3188 4054 3282 4109 sed
3308 4054 3509 4109 eximie
3554 4054 3844 4121 laudatur;
3882 4056 4055 4127 336

2465 4151 2665 4221 quippe
2699 4170 2717 4202 ‹
2749 4150 2839 4204 cui
2865 4148 3245 4203 universorum
3272 4146 3540 4201 Dominus
3578 4155 3634 4201 et
3668 4146 3829 4202 ﬁdem
3863 4147 4049 4202 since-

2465 4259 2581 4297 ram
2608 4240 2895 4311 impertiit,
2930 4246 2986 4294 et
3021 4238 3306 4292 incensum
3333 4252 3434 4306 pro
3465 4252 3529 4290 ea
3562 4237 3759 4301 zelum,
3793 4246 3850 4291 et
3879 4253 4051 4292 orna~

2466 4343 2575 4388 tam
2615 4331 2906 4402 prudentia
2938 4338 3200 4391 mentem,
3223 4338 3280 4381 et
3311 4328 3473 4383 bonis
3505 4335 3769 4398 praeterea
3798 4328 4054 4383 consiliis

2466 4416 2934 4473 obsecundantem
2961 4414 3297 4470 facultatem.
3332 4434 3351 4466 ι

786 4526 857 4580 “5
881 4541 1005 4580 cum
1033 4526 1149 4581 suis
1188 4527 1363 4597 Tyriis
1392 4528 1594 4597 38mm
1618 4537 1783 4594 esse"
1809 4546 1931 4600 quin
1962 4532 2202 4601 Primum
2242 4533 2369 4604 Tyri
2402 4536 2445 4591 θ
2510 4550 2748 4623 Epistula
2768 4550 2857 4614 9'5,
2889 4549 3252 4620 deprecatoria
3277 4549 3347 4602 ad
3368 4547 3680 4603 Senatorum
3709 4549 4015 4618 patricium.

789 4634 976 4673 mense
1016 4619 1317 4674 Februario
1343 4624 1472 4675 anni
1507 4623 1611 4677 448
1646 4623 1948 4693 composita
1980 4633 2081 4679 est.

854 4710 919 4764 ν.
962 4711 1079 4765 Jam
1124 4726 1258 4764 vero
1290 4712 1504 4767 Taurus
1529 4754 1543 4778 ,
1580 4723 1642 4769 ut
1685 4725 1770 4769 est
1815 4715 1871 4768 in
1898 4715 2365 4785 prosopographia

787 4797 1008 4853 Codicis
1023 4799 1389 4855 Theodosiani
1411 4817 1441 4854 a
1457 4802 1793 4858 l-iothofredo
1813 4804 2123 4868 informata,
2146 4805 2247 4858 fuit
2270 4819 2364 4859 co-

790 4905 906 4945 mes
938 4906 1121 4944 rerum
1148 4893 1484 4961 privatarum
1521 4910 1665 4948 anno
1699 4895 1824 4960 416,
1855 4895 2047 4949 consul
2070 4910 2215 4950 anno
2239 4895 2362 4962 428,

793 4984 1077 5049 praefectus
1100 4985 1353 5053 praetorio
1372 4995 1426 5038 et
1457 4986 1737 5054 patricius,
1780 5002 1924 5039 anno
1948 4986 2071 5041 454.
2105 4986 2185 5040 Ad
2206 5002 2362 5041 eum-

791 5072 916 5126 dem
955 5082 1128 5129 exstal
1173 5075 1365 5129 lsidori
1395 5077 1683 5131 Pelusiotae
1721 5076 1949 5145 epistola
1979 5076 2076 5129 lib.
2106 5077 2161 5138 3,
2199 5075 2359 5145 epist.

792 5160 921 5219 194.
944 5165 1290 5221 Marcellinus
1313 5169 1632 5222 defunctum
1663 5170 2146 5239 refertProtogene
2180 5178 2236 5222 et
2265 5169 2364 5222 As-

793 5257 933 5310 terio
961 5272 1128 5320 coss.,
1168 5257 1221 5310 id
1241 5267 1344 5323 est,
1370 5275 1514 5313 anno
1544 5260 1666 5313 449.

800 5369 1035 5439 Epistula
1074 5370 1162 5434 89,
1191 5372 1555 5440 deprecaturia
1586 5371 1653 5424 ad
1699 5370 2025 5423 Florentith
2064 5370 2363 5439 patricium.

866 5484 939 5536 De
968 5484 1243 5537 Florentio
1273 5483 1387 5538 haec
1416 5461 1577 5537 habet
1610 5484 2070 5553 prosapngrapliia
2100 5498 2223 5536 mox
2252 5482 2368 5536 lau-

2538 4662 2618 4716 Ad
2648 4676 2774 4716 eum
2799 4660 2925 4714 data
2952 4665 3037 4713 est
3075 4658 3307 4728 epistola
3337 4658 3428 4721 44,
3456 4656 3526 4710 ad
3567 4671 3730 4725 quam
3756 4657 4055 4709 observata

2470 4760 2620 4816 sunt,
2645 4766 2767 4820 qua:
2785 4757 3164 4806 occurrerunt.

2471 4864 2711 4937 Epistula
2740 4864 2829 4929 94,
2868 4864 3233 4934 deprecator-ia
3266 4860 3336 4915 ad
3355 4860 3700 4930 Prutogenem
3721 4858 4051 4927 prafectum.

2537 4978 2661 5033 Fuit
2695 4977 2784 5032 ille
2830 4975 3124 5047 praafectus
3170 4972 3432 5043 praetorio
3485 4985 3629 5025 anno
3673 4971 3810 5033 M7;
3855 4972 4055 5026 consul

2472 5083 2615 5121 anno
2642 5066 2772 5131 M9;
2806 5064 3071 5135 patricius
3126 5077 3271 5117 anno
3299 5061 3435 5126 450;
3487 5074 3631 5113 unus
3662 5074 3727 5112 ex
3768 5058 4057 5128 judieibus

2472 5160 2691 5214 concilii
2713 5156 3171 5213 Chalcedonensis
3201 5169 3345 5208 anno
3373 5153 3495 5207 451.

2506 5271 2747 5344 Epistula
2768 5270 2857 5336 95,
2882 5267 3241 5338 deprecatoria
3270 5266 3337 5319 ad
3358 5265 3667 5319 Antiochum
3687 5262 4016 5333 prwfcctum.

2540 5384 2581 5437 1.
2614 5384 2739 5438 Ηλξο
2758 5383 2826 5436 de
2840 5381 3107 5435 Antiocho
3124 5379 3178 5433 in
3204 5378 3667 5448 prosopographia
3696 5376 3863 5431 semel
3884 5385 4061 5445 atque

2480 5480 2678 5533 iterum
2718 5476 2954 5531 laudata.
2982 5474 3106 5529 Fuit
3138 5473 3241 5528 sub
3267 5471 3574 5527 Theodosio
3600 5470 3822 5525 Juniorc
3855 5472 4058 5539 prtere-

2191 5633 2501 5692 SClll'LZII
2542 5634 2767 5690 ΝΟΤΛοῖ.

874 5755 914 5786 ⁷⁵
952 5755 1069 5810 Vid.
1105 5770 1289 5824 supra,
1325 5771 1374 5824 p.
1415 5756 1535 5809 5:29.
