4228 6446
178 367 274 430 285

176 566 335 620 Basso
362 581 517 621 anno
559 567 684 622 431.
743 565 976 623 Multum
1002 570 1315 624 contulitad
1338 569 1559 625 Codicis
1584 570 1761 625 Theo.

174 658 382 712 dosiani
420 659 751 727 editionem,
796 669 857 716 ut
880 661 1126 716 declarat
1170 662 1289 729 ipse
1324 661 1669 717 Theodosius
1707 662 1761 715 in

176 748 274 801 ﬁne
310 749 552 804 novellae
587 749 640 804 1.

230 841 295 895 ll.
326 841 478 896 Sunt
526 843 623 912 qui
657 850 879 912 putent,
929 842 1158 897 indicari
1201 842 1414 899 now-lla
1466 843 1757 897 Theodosii

172 930 257 996 33,
292 948 423 1002 qua:
466 933 613 987 edita
659 949 803 987 anno
828 934 965 996 4M,
1005 934 1337 989 Antiochum
1388 946 1514 988 ante
1554 951 1756 989 annum

172 1025 271 1079 444
318 1025 438 1080 vita
486 1040 607 1081 esse
637 1025 907 1081 functum.
961 1027 1163 1082 Putant
1209 1041 1342 1081 vero
1392 1037 1616 1095 propter
1644 1027 1759 1081 haec

171 1117 379 1173 verba:
421 1137 439 1170 ι
494 1118 553 1173 Si
600 1135 710 1190 qua
756 1119 1028 1174 invocatio
1068 1129 1193 1190 post
1228 1120 1756 1173 administrationem

174 1210 404 1266 illustris
421 1215 705 1269 memoriae
718 1215 975 1269 Antiochi
999 1215 1140 1268 facta
1164 1225 1265 1279 est;
1292 1233 1309 1265 ι
1341 1223 1397 1268 et
1416 1214 1517 1268 ista
1542 1233 1554 1266 :
1588 1234 1605 1265 ι
1633 1214 1756 1269 Suf-

175 1303 337 1359 ﬁcere
363 1307 626 1361 novimus
648 1306 807 1381 illud,
829 1306 975 1376 quod
1002 1306 1233 1360 illustris
1258 1306 1536 1360 memoria:
1562 1305 1755 1359 Antio-

173 1396 309 1450 chus
324 1404 459 1452 ante
488 1413 547 1452 se
578 1399 835 1455 relevatis
865 1397 1083 1453 indixit.
1124 1417 1143 1450 ι

239 1486 255 1503 ⁶
290 1484 382 1539 111.
424 1486 630 1540 Verum
664 1487 848 1541 obstat
886 1485 1218 1541 Theodoreti
1269 1484 1562 1539 scribentis
1608 1501 1753 1541 anno

170 1577 266 1630 H7
291 1577 625 1631 auctoritas.
664 1576 857 1633 Obstat
899 1588 957 1633 et
996 1576 1343 1632 Marcellinus
1371 1576 1427 1629 in
1457 1575 1711 1631 Chronico
1733 1619 1747 1644 ,

171 1668 258 1721 ubi
279 1669 350 1721 ad
386 1669 740 1723 consulatum
771 1668 1008 1723 Zenonis
1043 1678 1098 1724 et
1124 1668 1484 1732 Postumiani,
1514 1668 1608 1737 qui
1650 1684 1749 1723 an-

169 1777 268 1815 nus
302 1761 433 1824 M8,
462 1760 769 1815 Antiochus
802 1760 1089 1830 praefectus
1112 1759 1366 1829 praetorio
1402 1758 1602 1812 dicitur
1632 1768 1747 1814 lur-

169 1869 252 1907 res
278 1862 337 1907 et
366 1864 563 1923 portas
587 1853 712 1922 igne
734 1860 957 1907 exustas
982 1852 1261 1907 refecisse.

229 1945 318 2000 IV.
380 1945 721 1999 Eunuchum
753 1944 921 1998 tradit
969 1942 1197 2011 Suidas;
1251 1943 1453 2000 favisse
1506 1944 1755 1999 Nestoriu

166 2035 291 2090 inde
317 2036 629 2106 colligitur,
652 2035 803 2105 quod
828 2036 948 2107 ejus
975 2050 1261 2092 sermones
1292 2036 1615 2107 litterasque
1637 2035 1757 2093 Ca:-

171 2131 363 2185 Iestino
395 2145 554 2200 papaa
580 2129 783 2185 detulit
808 2128 873 2182 ".

220 2242 469 2312 Epistula
489 2241 579 2306 96,
618 2241 987 2313 deprecatoria
1022 2240 1093 2295 ad
1124 2239 1355 2295 Nomum
1391 2240 1700 2310 patricium.

230 2356 307 2411 De
346 2355 528 2409 Nemo
570 2354 783 2409 dictum
816 2361 901 2409 est
930 2353 998 2409 ad
1039 2353 1297 2425 epistolas
1332 2353 1399 2409 58
1431 2360 1487 2409 et
1516 2353 1604 2419 81,
1630 2354 1755 2423 qui-

168 2446 266 2502 bus
285 2446 549 2517 queritur
576 2445 983 2511 Theodoretus,
1023 2461 1135 2501 non
1165 2445 1333 2501 fuisse
1377 2446 1705 2516 rescriptum
1739 2464 1751 2499 :

176 2555 191 2586 t
228 2535 316 2589 Bis
333 2536 453 2605 jam
502 2549 629 2589 cum
683 2535 1024 2605 scripserim,
1083 2549 1148 2589 ac
1189 2542 1275 2590 ter
1307 2536 1493 2599 etiam,
1536 2536 1752 2606 opinor,

167 2640 492 2695 responsum
514 2641 625 2679 non
655 2625 861 2694 accepi.
895 2644 911 2677 ι

201 2740 447 2810 Epistula
480 2741 571 2805 97,
598 2740 963 2811 deprecatoria
1008 2742 1078 2795 ad
1111 2743 1422 2811 Spuracium
1458 2748 1718 2799 comitem.

228 2853 595 2908 Consulatum
623 2853 794 2923 gessit
820 2869 966 2909 anno
988 2855 1110 2920 452,
1149 2872 1273 2911 cum
1296 2873 1441 2911 anno
1472 2857 1756 2927 superiore

170 2946 437 3000 adfuisset
471 2946 618 2999 inter
653 2946 871 3016 judices
918 2947 1156 3001 concilio
1182 2948 1635 3004 Chalcedonensi.
1668 2949 1750 3019 lpc

170 3036 279 3090 sius
303 3036 627 3091 hortatione
654 3036 875 3106 scripsit
905 3037 1291 3094 Theodoretus
1319 3040 1521 3094 librum
1548 3042 1752 3097 Adver—

1348 372 1445 430 DE
1486 373 1741 432 LIBRIS
1776 374 2281 442 THEODORETI.

176 488 290 532 ctus
317 479 585 548 pratoriu
628 494 776 533 anno
820 480 921 535 127
946 520 961 544 ,
989 479 1093 534 εδο
1133 490 1188 535 et
1225 481 1323 536 £31
1354 499 1368 546 ;
1410 482 1601 537 consul
1636 498 1761 537 cum
1794 491 1834 543 Λ

3330 387 3437 450 286

2042 489 2281 560 Epistula
2315 492 2444 557 101,
2478 495 2547 547 ad
2568 494 2867 549 Celerinam
2888 495 3256 549 diaconiuam.

1930 602 1971 655 l.
2001 601 2173 671 l‘lujns
2204 604 2430 672 pariter,
2454 602 2654 658 nobilis
2675 606 2864 674 procul
2887 604 3059 658 dubio
3079 606 3315 671 feminae,
3333 622 3433 676 po-

1866 695 2032 750 tentia
2067 698 2328 752 utendum
2362 699 2573 768 putavit
2611 699 3009 754 Theodoretus.
3041 699 3237 753 Mirum
3265 702 3434 764 enim,

1862 798 2126 855 quantum
2159 798 2306 844 totus
2341 790 2431 845 hic
2460 790 2890 845 diaconissarum
2922 791 3058 845 ordo
3090 799 3146 845 et
3174 790 3437 861 dignitate

1860 884 1917 929 et
1948 878 2272 934 auctoritate
2299 880 2551 949 polleret,
2585 891 2647 935 ut
2691 880 2747 934 in
2777 881 2954 951 ipsum
2985 883 3233 953 redigere
3272 883 3436 938 vellet

1861 967 2204 1025 Theodosius
2240 972 2583 1026 Puleheriam
2635 972 2937 1043 Augustam
2988 988 3267 1039 sororem,
3326 989 3439 1042 quo

1860 1059 2171 1114 interdictis
2200 1063 2555 1117 saacularibus
2577 1064 2747 1129 curis,
2786 1072 2901 1118 tota
2923 1072 3148 1117 vacaret
3168 1064 3435 1118 ecclesia-

1858 1154 2010 1208 sticis
2046 1162 2100 1208 et
2122 1154 2342 1208 divinis.

1926 1246 1989 1299 ll.
2046 1246 2398 1302 Observanda
2457 1247 2590 1302 duo.
2640 1248 2690 1301 1.
2738 1248 3048 1303 Celerinam
3103 1245 3434 1299 Theodoreti

1856 1352 2082 1406 operum
2116 1338 2285 1393 fuisse
2309 1338 2611 1392 studiosam
2646 1357 2658 1392 :
2688 1338 2834 1392 unde
2855 1339 3000 1392 enim
3021 1336 3223 1405 alioqui
3251 1335 3441 1390 scivis-

1854 1436 1957 1493 set,
1992 1444 2111 1497 qua:
2145 1429 2285 1483 foret
2314 1429 2487 1498 ipsius
2514 1444 2691 1494 mens,
2724 1428 2830 1482 nisi
2869 1434 2962 1480 aut
2985 1426 3323 1479 Antiocliena
3351 1423 3435 1477 di-

1854 1530 2010 1573 catur
2029 1561 2043 1583 ,
2084 1529 2177 1573 aut
2203 1520 2507 1574 Antiochia:
2555 1520 2650 1573 diu
2675 1517 2935 1573 versata?
2964 1516 3019 1570 2.
3056 1516 3351 1584 Episcopus
3380 1529 3438 1567 se

1852 1612 2069 1666 dedisse
2099 1612 2153 1665 in
2174 1611 2338 1674 viam,
2370 1610 2568 1665 hiemis
2594 1610 2887 1680 asperitate
2920 1615 3253 1676 contempta,
3277 1612 3440 1674 atque

1852 1702 1989 1757 adeo
2030 1703 2132 1756 sub
2164 1702 2327 1755 linem
2354 1702 2480 1755 anni
2507 1702 2632 1755 447.

1966 1814 2206 1885 Epistula
2249 1814 2372 1879 l02,
2409 1813 2831 1883 expostulatoria
2857 1812 2926 1866 ad
2948 1810 3205 1865 Basiliam
3230 1811 3340 1879 epi-

2529 1900 2762 1954 scopum.

1928 1995 2191 2052 Seleuciae
2212 1998 2530 2068 episcopum
2551 2038 2564 2060 ,
2601 1996 2823 2051 Isauriae
2841 1996 3134 2066 primatem
3172 1992 3438 2063 intellige,

1856 2089 1923 2143 ad
1952 2104 2117 2159 quem
2138 2096 2222 2143 est
2245 2089 2477 2159 epistola
2505 2089 2593 2144 85.
2626 2089 2762 2144 Vide
2788 2103 2911 2158 quae
2943 2086 3009 2140 ad
3049 2086 3222 2154 ipsam
3246 2083 3440 2137 obser-

1857 2187 1987 2234 vata.
2055 2187 2183 2233 sunt
2229 2178 2296 2233 de
2331 2178 2553 2233 Basilio.
2590 2178 2716 2233 Fuit
2766 2178 2857 2231 ille
2898 2176 3160 2245 frequens
3203 2172 3260 2226 in
3304 2171 3442 2227 urbe

1856 2270 2022 2340 regia,
2057 2269 2439 2339 serviebatque
2464 2268 2697 2338 tempori
2730 2282 2887 2337 :qua:
2911 2266 3011 2320 fuit
3033 2279 3219 2328 causa,
3247 2278 3349 2318 cur
3371 2262 3441 2317 ab

1856 2378 1923 2417 eo
1948 2376 2004 2415 se
2023 2361 2323 2424 desertum,
2350 2360 2405 2414 in
2444 2361 2548 2415 hac
2568 2360 2923 2415 inclinatione
2940 2373 3148 2421 rerum,
3186 2355 3443 2411 Theodo-

1858 2462 2007 2508 retus
2034 2460 2383 2523 quereretur.

1859 2566 2101 2638 Epistula
2128 2565 2250 2631 103,
2268 2565 2698 2620 commendatitia
2721 2563 2791 2617 ad
2819 2561 3158 2633 Apollonium
3178 2559 3438 2614 comitem.

1922 2679 1963 2732 l.
1993 2677 2120 2731 Fuit
2167 2676 2490 2747 Apollonius
2532 2690 2719 2730 comes
2768 2687 3050 2728 sacrarum
3086 2669 3439 2741 largitionum

1858 2781 2002 2820 anno
2021 2765 2145 2829 456,
2182 2773 2244 2818 ut
2267 2772 2482 2820 constat
2517 2751 2585 2819 ei
2610 2763 2647 2816 l.
2673 2763 2773 2817 ult.
2803 2761 2880 2815 De
2911 2757 3245 2829 murilegulis
3268 2798 3282 2823 ,
3310 2757 3440 2812 data

1855 2860 2355 2930 Constantinopoli.

1920 2952 1983 3007 ll.
2020 2951 2100 3007 Ad
2134 2951 2311 3023 ipsum
2341 2948 2545 3018 scripta
2574 2956 2659 3001 est
2693 2944 2924 3015 epistola
2957 2944 3045 3006 75,
3068 2957 3233 3012 quam
3258 2954 3442 3013 opera!

1858 3043 2093 3114 pretium
2119 3051 2203 3098 est
2226 3054 2638 3113 recognoscere.
2669 3038 2817 3092 Inter
2841 3036 3019 3106 ipsum
3042 3043 3099 3089 et
3126 3031 3443 3088 Theodore-

169 3144 252 3181 tus
282 3130 539 3182 hereses.
571 3126 732 3192 Vide,
759 3144 883 3199 qua:
920 3128 1337 3186 observavimus
1361 3131 1430 3185 ad
1463 3134 1751 3203 epistolam
1779 3158 1822 3216 ο
1859 3144 1975 3188 tum
2016 3131 2329 3187 intercessit
2377 3130 2640 3195 amicitia,
2689 3130 2805 3185 sive
2848 3144 3013 3199 quam
3061 3128 3283 3193 litterae,
3324 3124 3441 3181 sive

170 3220 599 3291 snpposititiam.

331 3333 587 3406 Epistula
612 3333 705 3401 98,
737 3336 1107 3407 deprecaturia
1138 3338 1208 3390 ad
1240 3337 1619 3394 Pancharium.

228 3452 378 3506 Inter
430 3450 675 3504 illustres
705 3449 981 3504 exstitisse
1034 3459 1248 3505 certum
1291 3462 1401 3516 est,
1452 3453 1762 3525 insignique

176 3556 402 3595 munere
435 3539 792 3605 defunctum;
818 3540 913 3595 sed
939 3541 1066 3610 quis
1096 3541 1165 3595 de
1197 3552 1393 3598 caetero
1424 3545 1613 3611 fuerit,
1642 3548 1761 3602 nul-

176 3634 257 3688 lus
280 3634 426 3688 seio.

176 3744 419 3816 Epistula
446 3744 538 3809 99,
567 3744 932 3868 deprecator}?
982 3744 1054 3826 ad
1108 3743 1466 3801 Claudianum
1513 3751 1754 3818 amigra-

838 3832 872 3868 υ
909 3831 1104 3868 arium.

838 3831 1104 3885 pnarrum.

240 3908 313 3963 De
340 3906 651 3963 Claudiano
691 3906 795 3960 tria
826 3915 1098 3960 constant.
1148 3907 1197 3960 1.
1229 3907 1384 3974 Quod
1426 3910 1627 3979 szepius
1661 3928 1758 3965 au-
1809 3942 1817 3948 A

177 4000 376 4055 diverit
419 3998 857 4061 Theodoretum,
885 4013 1009 4052 cum
1053 3998 1221 4053 verba
1248 3999 1456 4056 faceret
1483 4003 1548 4056 ad
1586 4020 1758 4073 popu-

178 4092 284 4145 lum
330 4090 499 4161 337
547 4090 870 4145 Antiochiae.
926 4090 989 4143 2.
1039 4089 1196 4156 Quod
1231 4107 1355 4146 cum
1408 4096 1682 4164 acciperet
1724 4113 1753 4151 a

178 4183 530 4239 Theodoreto
589 4183 842 4245 litteras,
896 4181 1065 4235 fuerit
1116 4182 1260 4237 inter
1310 4185 1751 4241 catechumenos.

179 4274 228 4327 3.
263 4273 426 4339 Quod
468 4270 914 4342 antigrapbarius
963 4272 1053 4325 ille
1083 4283 1405 4329 censeretur
1445 4276 1589 4331 inter
1632 4276 1756 4330 illu-

180 4371 315 4416 stres
354 4378 369 4414 :
411 4360 558 4414 unde
594 4359 1012 4430 magnificentiae
1047 4361 1272 4417 nomine
1316 4379 1349 4417 a
1406 4364 1755 4422 Tbeodoreto

179 4453 563 4523 compellatur.
592 4452 721 4507 Fuit
756 4467 890 4507 vero
933 4453 1303 4523 ἀντιγραφεὺς
1336 4448 1480 4524 apud
1518 4455 1753 4520 Craacos,
1788 4492 1831 4547 Β

180 4561 339 4615 quem
369 4544 514 4599 Galli
559 4551 761 4597 vocant
794 4542 1107 4598 Contrbleur
1135 4544 1352 4615 général
1390 4545 1476 4599 des
1499 4544 1755 4613 ﬁnances.

181 4636 256 4690 Ad
292 4649 427 4689 eum
456 4644 587 4688 sunt
623 4634 761 4698 aliaz,
814 4649 933 4688 mea
966 4633 1190 4704 quidem
1245 4637 1541 4701 sententia,
1568 4636 1763 4692 litteras

184 4727 239 4781 61
268 4734 324 4780 et
358 4725 431 4779 50
450 4726 523 4777 ⁷⁷.

316 4837 567 4906 Epistula
599 4837 718 4901 100,
752 4838 821 4891 ad
842 4836 1207 4893 Alexandrum
1234 4839 1604 4895 diaconissam.

247 4930 289 4984 ιι
346 4930 477 4983 Ha:c
524 4937 610 4982 est
644 4929 973 4994 Alexandra,
1017 4945 1181 4998 quam
1218 4931 1273 4984 in
1318 4931 1474 4985 obitu
1517 4934 1764 5003 conjugis

184 5023 501 5076 consolatus
564 5028 649 5075 est
701 5022 1080 5077 Theodoretus
1149 5023 1314 5091 epist.
1378 5025 1479 5087 14,
1528 5041 1758 5095 qumque

186 5129 332 5168 more
380 5111 853 5167 nobilissimarum
883 5111 1172 5167 viduarum
1206 5113 1262 5167 in
1311 5113 1679 5169 diaconissam
1727 5133 1756 5170 a

184 5204 398 5268 Proclo,
424 5204 889 5272 quemadmodum
930 5222 961 5259 a
985 5204 1375 5276 Chrysostomo
1398 5207 1551 5276 prius
1573 5206 1757 5277 Olym-

184 5290 316 5358 pias,
345 5291 605 5346 ordinata
627 5299 729 5347 est.

246 5382 313 5437 ll.
343 5381 476 5438 Haec
505 5382 838 5439 Theodoreti
869 5396 1072 5455 partes,
1106 5398 1166 5441 ut
1189 5388 1303 5457 ipse
1332 5387 1534 5449 innuit,
1564 5386 1755 5440 defen-

185 5469 365 5535 derat,
400 5472 630 5542 suisque
664 5473 718 5528 id
756 5474 955 5531 litteris
996 5478 1404 5532 renuntiaverat
1439 5477 1608 5530 :huic
1643 5476 1754 5546 epi-

186 5575 379 5631 scopos
412 5563 762 5619 commendat
795 5564 992 5633 opibus
1018 5572 1073 5619 et
1097 5582 1231 5619 cura
1257 5565 1611 5636 adjuvandus.

1864 3238 2028 3293 quam
2066 3236 2392 3292 congressus
2417 3220 2690 3291 pepererit
2708 3229 2764 3274 et
2789 3219 3004 3274 foverit.

1864 3354 2104 3426 Epistula
2134 3353 2255 3418 101,
2290 3352 2654 3474 deprecalturia
2678 3353 2756 3434 .ad
2793 3351 3110 3405 Flavianum
3136 3348 3441 3405 Constanti-

2365 3440 2500 3474 ηουο
2526 3439 2568 3474 ιε
2606 3438 2924 3474 ευιεεουωη.

2365 3438 2568 3493 napum
2606 3438 2924 3492 episcopum.

1922 3538 1962 3592 Ι.
1997 3537 2072 3591 De
2101 3534 2367 3590 Flaviano
2395 3532 2563 3586 semel
2602 3530 2833 3601 epistola
2860 3530 2948 3595 11,
2983 3529 3185 3583 iterum
3210 3527 3443 3598 epistola

1859 3630 1927 3685 86
1959 3629 2167 3684 dictum
2194 3634 2298 3682 est.

1932 3718 1998 3772 ll.
2052 3717 2213 3772 Nunc
2261 3712 2607 3769 observanda
2636 3712 2763 3769 tria.
2814 3711 2967 3766 Hane
3007 3710 3293 3780 epistolam
3342 3722 3435 3779 per

1858 3808 2152 3877 episcopos
2180 3805 2392 3872 legatos
2416 3801 2638 3854 missam
2666 3803 2683 3820 ⁶
2713 3798 2960 3870 ejusdem
2989 3814 3111 3852 esse
3137 3798 3442 3868 argumenti

1857 3898 2019 3967 338
2044 3910 2167 3949 cum
2208 3891 2542 3962 octogesima
2584 3897 2734 3945 sexta
2755 3928 2770 3954 ,
2818 3887 2925 3941 nisi
2960 3887 3107 3956 quod
3144 3886 3340 3956 dogma
3374 3884 3444 3940 de

1859 4004 1967 4041 uno
1994 3985 2128 4039 Filio
2160 3982 2428 4053 prolixius
2456 3979 2772 4049 exponitur.
2804 3978 2858 4031 2.
2896 3975 3034 4031 Cum
3079 3982 3443 4030 recensentur

1857 4077 2123 4141 hmretici,
2155 4075 2249 4144 qui
2278 4072 2346 4127 de
2376 4071 2596 4126 Christo
2645 4066 2805 4125 secus
2832 4083 2995 4137 quam
3023 4074 3263 4136 oportet,
3311 4080 3443 4119 sen-

1855 4184 1998 4230 sere,
2034 4182 2144 4220 non
2170 4161 2432 4233 appellari
2463 4160 2704 4215 Nestorii
2736 4174 2960 4213 nomen.
2998 4158 3050 4210 '5.
3084 4156 3217 4223 Quae
3243 4156 3436 4211 dicun-

1858 4270 1947 4313 tur
2002 4256 2070 4311 dc
2111 4254 2320 4308 ratione
2370 4251 2611 4314 diversa,
2660 4264 2768 4318 qua
2801 4247 3193 4317 disputandum
3248 4247 3441 4301 estde

1857 4346 2230 4404 incarnatione
2268 4343 2533 4399 adversus
2558 4341 2809 4395 diversos
2843 4338 3154 4402 haareticos,
3211 4337 3441 4393 totidem

1858 4441 1971 4496 fere
2002 4439 2183 4493 verbis
2227 4436 2279 4491 in
2323 4434 2568 4504 dialogo,
2599 4430 2694 4503 qui
2722 4430 2926 4486 dicitur
2956 4430 3287 4499 Inconfusus,
3312 4444 3444 4485 con-

1863 4530 2049 4587 tineri.

1866 4640 2108 4714 Epistula
2144 4638 2281 4702 105,
2333 4636 2631 4691 hortaturia
2685 4633 2756 4687 ad
2784 4631 3068 4703 Eulogium
3098 4645 3438 4685 a'cunumum.

1940 4751 2197 4823 Ejusdem
2240 4758 2328 4805 est
2363 4746 2674 4818 argumenti
2715 4760 2841 4801 cum
2886 4741 3327 4813 praecedentibus
3354 4740 3440 4794 vi-

1861 4844 2021 4913 ginti.
2049 4843 2262 4909 Quanta
2288 4841 2456 4896 fuerit
2480 4840 2535 4894 in
2572 4838 2819 4894 Ecclesia
2840 4832 3441 4903 ConstantinOpolitana

1861 4948 2273 4989 (et-onomorum
2328 4931 2617 5001 potentia,
2674 4943 2838 4983 nemo
2894 4926 3150 4981 eruditus
3214 4924 3440 4979 nescit:

1859 5031 2064 5093 quanto
2089 5022 2311 5092 pietatis
2327 5021 2509 5076 studio
2534 5017 2943 5081 incenderetur,
2974 5024 3287 5086 quantaque
3312 5014 3443 5069 inde

1856 5130 1886 5167 a
1909 5113 2095 5168 multis
2122 5112 2289 5168 unius
2311 5120 2523 5167 natura:
2545 5109 2931 5165 defensoribus
2955 5106 3258 5163 certamina
3278 5106 3443 5160 susti-

1859 5214 2015 5260 neret
2057 5204 2342 5273 Eulogius,
2379 5202 2765 5258 Theodoretus
2790 5200 2991 5264 tradit;
3028 5198 3195 5253 tradit
3235 5196 3441 5266 pariter

1856 5294 2111 5349 edoctum
2142 5291 2335 5361 probe,
2367 5290 2483 5345 sive
2509 5290 2777 5344 librorum
2810 5288 3070 5349 lectione,
3098 5284 3245 5355 quod
3268 5284 3441 5354 magis

1855 5400 2004 5446 reor,
2039 5384 2153 5439 sive
2175 5381 2538 5443 sermonibus,
2563 5394 2687 5449 qua:
2707 5378 2849 5433 foret
2891 5392 3048 5431 mens
3079 5374 3436 5439 Theodoreti,

1856 5474 1924 5528 de
1951 5471 2347 5543 quaestionibus
2385 5485 2450 5524 ea
2489 5475 2820 5538 tempestate
2843 5465 3209 5530 ferventibus,
3238 5464 3301 5518 de
3327 5480 3439 5518 una

1856 5566 2122 5619 incarnati
2148 5563 2293 5617 Verbi
2313 5572 2529 5627 natura,
2555 5561 2619 5615 de
2643 5559 2751 5615 Deo
2778 5574 2952 5629 passo,
2971 5566 3078 5612 etc.
3104 5554 3283 5622 Quare
3303 5553 3437 5610 bor-

1520 5719 1833 5774 SClllil.le
1877 5718 2102 5775 NUTJE.

255 5804 297 5839 "
325 5806 532 5879 Ephes.
556 5807 777 5873 concil.,
811 5818 951 5879 part.
995 5827 1030 5865 ι.

1113 5812 1152 5841 ⁷⁷
1185 5810 1305 5865 Vid.
1356 5827 1539 5882 supra,
1575 5826 1627 5881 Ρ.
1661 5810 1763 5866 ’520
1792 5820 1840 5863 et
1886 5811 2007 5864 52-5.
