4228 6446
791 371 892 435 287

1911 376 2287 436 GARNERII
2328 375 2828 439 DISSERTATIO‘
2859 379 2939 439 II.

3941 381 4054 445 288

792 496 939 539 tatur
970 484 1037 537 ad
1078 482 1161 538 sui
1198 483 1574 538 defensionem
1603 492 1658 537 et
1691 483 2077 554 episcoporum
2114 485 2371 539 subleva-
2402 490 2447 543 A
2475 484 2722 540 futurum
2750 495 2889 553 erat,
2950 496 3012 541 ut
3040 503 3170 543 reus
3204 487 3359 544 ﬂeret
3400 489 3614 562 injuste:
3637 490 3869 558 alicujus
3892 492 4053 548 ordi-

791 577 1017 630 tionem.

790 689 1035 760 Epistola
1070 690 1189 754 106,
1228 678 1658 745 ωηιτηεηάὰιὶιὶα
1704 693 1774 745 ad
1817 692 2177 747 Abrahamum
2231 710 2365 748 ceco-

1465 778 1698 823 nomum.

863 873 1123 942 Ejusdem
1155 873 1380 927 omnino
1409 874 1717 944 argumenti
1740 875 2250 943 cum'prazcedente.

794 984 1035 1056 Epistula
1062 985 1183 1049 107,
1212 987 1510 1040 hortatoria
1538 986 1605 1039 ad
1636 986 1951 1039 Theodotum
1985 987 2364 1057 presbyterum.

861 1096 1093 1151 Videtur
1124 1104 1179 1151 et
1212 1098 1316 1151 iste
1341 1101 1567 1166 'quoque
1598 1097 1915 1151 Theodotus
1956 1099 2158 1152 nobilis
2197 1100 2366 1152 exsti-

794 1188 923 1241 tisse
977 1188 1119 1241 inter
1162 1188 1511 1258 presbyteros
1560 1188 1817 1242 Ecclesia:
1863 1188 2366 1259 Constantinopoli-

794 1290 953 1339 tanae,
982 1289 1270 1347 partesque
1293 1278 1623 1332 Theodoreti
1650 1279 1910 1333 adversus
1938 1291 2369 1349 propugnatores

797 1370 959 1423 unius
1004 1380 1213 1424 naturae
1261 1372 1437 1440 palam
1482 1380 1538 1425 et
1579 1387 1700 1425 cum
1743 1371 1987 1439 periculo
2037 1370 2364 1426 defendisse.

793 1462 960 1531 Cujus
994 1462 1250 1517 Ecclesia:
1288 1479 1383 1516 seu
1428 1463 1572 1516 tituli
1623 1463 1910 1534 presbyter
1955 1462 2140 1528 fuerit,
2184 1463 2369 1517 nullus

796 1569 931 1606 SClO.

826 1665 1065 1734 Epistola
1099 1666 1218 1730 108,
1253 1668 1546 1718 Itortutoria
1581 1666 1650 1719 ad
1676 1666 1920 1718 Acacium
1956 1666 2330 1736 presbyterum.

864 1778 1248 1847 Orphanorum
1296 1779 1395 1832 istc
1430 1787 1651 1832 curator
1688 1779 1919 1832 Aeacius
1953 1797 1965 1832 :
1997 1778 2098 1832 fuit
2123 1779 2287 1834 etiam
2314 1781 2368 1832 in
2402 1815 2445 1869 Β

796 1870 1044 1937 partibus
1084 1870 1434 1932 Theodoreti,
1482 1886 1683 1937 easque
1739 1872 1915 1938 palam
1966 1880 2021 1925 et
2058 1880 2372 1926 constanter

797 1961 1177 2030 propugnavit.
1214 1960 1475 2014 Hortatur
1503 1960 1911 2025 Theodoretus,
1938 1970 1997 2016 ut
2022 1971 2366 2031 perseveret;

794 2062 957 2122 atque
982 2053 1140 2119 adeo,
1170 2053 1318 2123 quod
1343 2053 1757 2125 intelligendum
1781 2098 1793 2119 ,
1827 2054 2057 2110 consilia
2082 2071 2205 2110 cum
2247 2054 2367 2125 epio

794 2146 979 2215 scopis
1003 2146 1391 2201 communicet.

794 2258 1037 2323 Epistula
1084 2260 1207 2325 109,
1251 2261 1679 2343 commendatitia
1726 2263 1797 2316 ad
1826 2261 2110 2317 Eusebium
2148 2263 2370 2335 Ancyrae

1428 2348 1747 2403 episcopum.

865 2440 906 2493 l.
943 2439 1026 2494 Ad
1052 2441 1307 2496 eumdem
1349 2441 1453 2496 fuit
1491 2444 1722 2512 epistola
1769 2444 1858 2509 82,
1890 2445 1958 2500 ad
1986 2462 2149 2515 quam
2175 2446 2368 2501 obser-

796 2530 1042 2585 vavimus
1076 2546 1197 2600 qua:
1239 2532 1354 2586 visa
1388 2541 1517 2587 sunt
1547 2532 1615 2586 de
1644 2533 1883 2589 Eusebio
1912 2554 1924 2588 :
1955 2552 2107 2591 nunc
2155 2537 2222 2592 de
2248 2538 2368 2606 epi-

796 2622 955 2684 stola,
987 2638 1108 2691 qure
1143 2639 1267 2677 cum
1296 2624 1732 2693 przecedentibus
1760 2629 1987 2698 reliquis
2011 2629 2134 2683 data
2165 2640 2268 2685 est.

864 2716 928 2769 ll.
960 2715 1013 2767 In
1033 2731 1096 2769 ea
1118 2718 1359 2786 primum
1387 2734 1444 2773 se
1465 2720 1843 2775 'l‘heodoretus
1868 2722 2201 2779 consolatur.
2223 2725 2370 2793 quod

795 2813 1109 2856 sanctorum
1156 2806 1458 2860 calumnias
1500 2824 1786 2876 passorum
1834 2810 2082 2877 vestigiis
2127 2811 2366 2865 insistat.

795 2893 999 2950 Deinde
1029 2896 1190 2952 fidem
1222 2913 1374 2953 suam
1398 2900 1466 2955 de
1493 2917 1603 2955 uno
1631 2901 1769 2956 Filio
1796 2904 2038 2972 exponit.
2069 2904 2262 2957 Postea
2286 2906 2370 2970 lo-

793 2985 984 3054 quitur
1027 2985 1093 3040 de
1142 2988 1380 3057 scripto,
1417 3006 1527 3059 quo
1562 2993 1879 3061 complexus
1927 2994 2105 3047 fuerat
2147 2995 2369 3049 Patrum

796 3077 1104 3131 testimonia
1136 3095 1235 3148 pro
1261 3097 1319 3134 se
1347 3081 1634 3148 facientia;
1669 3086 1915 3154 petitque
1951 3087 2179 3140 rescribi
2206 3088 2273 3140 ad
2310 3104 2369 3142 se

2470 577 2728 642 nationis,
2775 578 2890 632 sive
2940 578 3130 634 [renati
3165 579 3564 649 depositionem
3604 580 3879 649 probaret,
3930 583 4053 637 sive

2470 667 2822 737 improbaret.
2869 668 2925 723 Si
2974 670 3121 723 enim
3153 676 3386 738 prapter
3423 671 3664 726 rationes
3696 666 3765 726 ab
3809 674 4055 743 impera-

2472 764 2588 811 tore
2614 756 2880 811 adductas
2916 758 3268 826 improbaret,
3304 774 3402 812 cur
3440 760 3706 814 Irenaeum
3736 761 4055 815 ordinavit?

2468 862 2567 901 cur
2612 847 2790 915 ipsum
2828 856 3053 918 propter
3089 849 3249 903 fidem
3298 860 3352 902 et
3391 859 3614 903 ceteras
3650 851 3881 905 virtutes
3927 851 4052 904 lau-

2470 936 2599 990 dat?
2637 940 2655 958 '
2700 938 2756 990 Si
2792 938 3074 1008 probaret,
3126 955 3226 993 cur
3268 940 3477 994 Irenaeo
3521 955 3897 995 successorem
3936 958 4062 996 non

2469 1027 2726 1081 ordinat?

2540 1120 2627 1173 IV.
2682 1120 2981 1190 Digamiam
3042 1136 3207 1192 porro
3253 1139 3365 1178 non
3412 1125 3581 1179 fuisse
3631 1124 4053 1192 impedimento,

2470 1210 2776 1276 confirmat,
2817 1212 3055 1281 primum
3082 1215 3333 1284 exemplo
3367 1216 3660 1270 Alexandri
3694 1215 4053 1281 Antiocheni,

2470 1305 2564 1372 qui
2634 1294 2925 1373 Diogenem
2961 1346 2973 1370 ,
3027 1314 3083 1358 et
3137 1308 3335 1378 Praylii
3384 1308 3898 1379 Hierosolymitani,
3953 1310 4056 1378 qui

2471 1395 2821 1460 Domninum,
2873 1396 3118 1466 digamos
3167 1398 3548 1463 ordinassent;
3609 1399 3807 1453 deinde
3857 1415 4057 1453 assert-

2470 1486 2624 1539 sione
2671 1487 2872 1553 Procli,
2919 1487 3416 1557 episcoporumque
3468 1489 3707 1544 Ponticae
3746 1490 4058 1545 diceceseos

2470 1588 2528 1632 et
2565 1579 2883 1642 Palaestina,
2910 1581 3004 1648 qui
3048 1579 3447 1635 ordinationem
3486 1581 3672 1635 Irenaei
3701 1582 4054 1650 probassent.

2541 1669 2603 1723 V.
2632 1669 2825 1724 Mirum
2858 1670 3035 1724 videri
3066 1678 3265 1739 potest,
3300 1672 3447 1739 quod
3483 1672 3885 1733 Theodoretus,
3916 1689 4064 1741 par-

2473 1774 2551 1813 vae
2606 1767 2662 1812 ct
2702 1769 2926 1813 remotae
2978 1762 3167 1830 procul
3226 1761 3465 1815 civitatis
3512 1763 3819 1831 episcopus,
3872 1763 4060 1833 Tyria:

2473 1851 2731 1905 Ecclesia:
2777 1852 3097 1921 episcopum
3145 1852 3443 1907 Phoenicia:
3491 1853 3683 1921 prima:
3727 1854 4056 1923 metropoli-

2475 1952 2659 1996 tanum
2702 1943 3090 1998 ordinaverit:
3147 1960 3269 2013 qua:
3314 1944 3460 1998 enim
3509 1944 3638 1998 facti
3683 1946 3886 1999 causa?
3938 1945 4059 2000 Cur

2471 2034 2882 2104 circumpositis
2908 2042 2995 2088 tot
3018 2035 3424 2104 provinciarum
3458 2034 3820 2099 antistitibus,
3848 2036 4061 2089 utrius.-

2471 2143 2578 2198 que
2616 2127 2880 2182 nimirum
2924 2126 3093 2200 Syriae
3131 2135 3188 2182 et
3248 2127 3546 2182 thniciat
3603 2126 3950 2191 Libanitidis,
3997 2127 4059 2181 id

2473 2233 2642 2273 ausus
2687 2219 2809 2273 est?
2853 2217 2936 2273 An
2978 2220 3108 2274 solis
3140 2218 3461 2273 Phoenicum
3496 2217 3754 2287 precibus
3781 2217 4060 2273 adductus

2472 2308 2609 2364 fuit?
2651 2308 2762 2364 Cur
2806 2323 2939 2378 ergo
2983 2309 3051 2363 de
3092 2308 3439 2378 subrogando
3486 2309 3540 2362 in
3583 2308 3763 2363 locum
3817 2308 4057 2377 depositi

2471 2402 2731 2471 episcopo
2776 2410 2884 2455 tam
2929 2399 3163 2454 sollicite
3206 2399 3547 2471 angebatur?
3597 2397 3678 2453 An
3711 2399 3906 2453 Domni
3953 2416 4058 2468 pa-

2473 2493 2723 2548 triarchae
2746 2492 2988 2560 jussione
3012 2506 3076 2547 ac
3107 2490 3309 2545 vicaria
3338 2490 3646 2560 potestate?
3669 2488 3781 2544 Cur
3810 2490 3865 2543 id
3896 2490 4061 2545 silet?

2469 2582 2581 2636 Cur
2624 2582 2989 2635 ordinationis
3026 2581 3183 2637 facta
3210 2581 3419 2635 crimen
3449 2581 3552 2637 hac
3589 2579 3908 2635 defensione
3941 2596 4058 2635 non

2472 2673 2732 2743 repellit?

2504 2784 2749 2856 Epistola
2779 2786 2901 2849 111,
2927 2785 3254 2855 apologetica
3279 2785 3348 2838 ad
3370 2786 3673 2840 Anatolium
3711 2786 4016 2854 patricium.

2544 2893 2585 2947 Ι.
2633 2891 2768 2947 Cum
2831 2893 3040 2961 accepit
3090 2893 3374 2949 Anatolius
3420 2894 3727 2964 epistolam,
3777 2910 3900 2964 quae
3959 2896 4054 2959 92,

2473 2984 2780 3038 reseribens
2824 2984 3228 3039 Theodoretum
3263 2985 3471 3049 docuit,
3512 2994 3746 3055 quantos
3782 2986 4060 3041 Constan-

2475 3076 2706 3145 tinopoli
2756 3076 2810 3129 in
2865 3075 3042 3145 ipsum
3090 3086 3271 3131 motus
3314 3077 3641 3132 concitasset
3679 3082 4057 3135 Osroenorum

794 3169 862 3221 ab
892 3170 1159 3235 Eusebio,
1187 3173 1317 3242 quid
1362 3174 1488 3227 inde
1524 3176 1777 3230 senserit.
1823 3177 2067 3246 Denique
2099 3194 2371 3233 commcn-
2401 3151 2442 3206 Ο

2401 3151 2442 3206 C
2477 3167 2801 3220 clericorum
2846 3166 3101 3235 querela;
3149 3174 3527 3234 quantumque
3581 3166 3921 3235 impenderet
3955 3183 4058 3236 pe—

794 3257 888 3311 dat
948 3261 1237 3329 episcopos
1281 3264 1495 3333 Ancyra
1556 3265 1916 3331 transituros,
1959 3268 2232 3337 traditque
2275 3284 2370 3323 eos

794 3352 975 3405 hieme
1014 3354 1117 3407 iter
1146 3353 1344 3409 facere.
1390 3355 1525 3409 Cum
1573 3359 1720 3411 enim
1755 3367 2183 3428 tempestuosum
2225 3373 2372 3417 esset

796 3455 965 3503 mare,
1003 3442 1351 3512 intutumque
1401 3445 1892 3517 hiemiS‘tempore,
1938 3451 2042 3504 iter
2082 3452 2191 3505 illis
2226 3463 2370 3510 terra

795 3547 915 3584 esse
931 3532 1142 3595 debuit,
1158 3537 1307 3604 quod
1338 3546 1396 3589 ut
1414 3537 1799 3593 brevissimum
1821 3541 2171 3610 conficerent,
2196 3555 2371 3601 trans-

796 3622 926 3675 ituri
969 3634 1127 3678 erant
1154 3626 1364 3696 Ancyra
1385 3627 1626 3693 Galatiae,
1661 3640 1716 3685 et
1737 3632 1863 3686 inde
1885 3636 2123 3690 secundo
2145 3637 2369 3694 flumine

796 3712 1061 3782 Sangario
1095 3716 1306 3771 devecti
1359 3719 1414 3772 in
1463 3720 1794 3791 Bithyniam,
1838 3723 2185 3782 Chalcedone
2223 3728 2368 3784 Con—

796 3803 1206 3872 stantinopolim
1253 3809 1555 3876 trajecturi.
1594 3812 1955 3877 Asperitatcm
1980 3817 2142 3886 339
2202 3836 2370 3887 porro

797 3891 996 3948 hiemis
1018 3896 1285 3958 meminit,
1311 3898 1569 3967 quoniam
1601 3901 1767 3955 Tauri
1803 3906 2001 3960 montis
2049 3917 2211 3977 atque
2262 3910 2369 3963 An-

800 3987 981 4042 titauri
1012 3988 1186 4044 vicina
1212 3989 1328 4044 loca
1356 3994 1692 4062 peragraturi
1728 4006 1905 4050 erant.

867 4079 952 4132 Ill.
988 4079 1284 4150 Scriptum,
1325 4085 1482 4154 cujus
1538 4087 1871 4143 mentionem
1914 4090 2063 4155 facit,
2116 4096 2368 4165 suspicor

795 4186 918 4225 esse
959 4172 1342 4241 depromptum
1370 4190 1437 4229 ex
1482 4178 1724 4231 secundo
1766 4178 2015 4251 dialogo;
2054 4200 2155 4238 nec
2192 4187 2260 4241 ab
2303 4204 2367 4243 ea

797 4262 1018 4315 differre
1078 4265 1515 4319 testimoniorum
1569 4268 1791 4338 sylloge,
1843 4286 1965 4340 quae.
2020 4277 2367 4342 postmodum

796 4353 978 4407 addita
1023 4364 1106 4408 est
1149 4357 1392 4425 epistolae
1448 4360 1617 4413 sancti
1664 4360 1885 4415 Leonis.

876 4465 1115 4534 Epistola
1145 4468 1245 4521 110
1274 4470 1344 4521 ad
1372 4468 1632 4523 Damnum
1654 4472 1942 4529 Antiochia
1973 4480 2291 4549 episcopum.

867 4557 907 4611 l.
945 4558 1165 4627 Spectat
1204 4562 1393 4629 procul
1430 4562 1598 4616 dubio
1632 4565 1699 4619 ad
1750 4568 1875 4620 anni
1925 4570 2024 4622 447
2072 4572 2275 4625 finem:
2315 4573 2375 4628 ﬁt

796 4650 942 4703 enim
976 4651 1029 4703 in
1062 4667 1125 4704 ea
1172 4655 1377 4706 mentio
1415 4654 1657 4710 defuncti
1685 4657 1884 4723 Procli,
1914 4660 2007 4728 qui
2049 4663 2115 4715 ad
2148 4678 2376 4732 superos

800 4738 1017 4792 transiit
1048 4740 1517 4811 Constantinopoli
1552 4761 1680 4800 ann.
1712 4748 1835 4812 447,
1883 4749 1973 4804 die
2005 4751 2074 4807 24
2102 4752 2371 4809 Octobris.

870 4829 933 4882 ll.
982 4830 1067 4883 Fit
1109 4839 1163 4884 et
1206 4833 1410 4886 mentio
1449 4834 1810 4903 depositionis
1854 4838 2065 4903 Irenazi,
2106 4857 2227 4911 qua:
2250 4852 2379 4899 tunc

798 4929 894 4974 aut
934 4921 1115 4976 futura
1155 4922 1301 4992 vulgi
1335 4939 1553 4980 rumore
1573 4924 1869 4992 ferebatur,
1900 4938 1995 4985 aut
2026 4932 2190 4985 etiam
2221 4949 2377 4987 man-

800 5012 928 5064 dato
960 5012 1308 5081 imperatoris
1341 5015 1562 5069 decreta
1601 5026 1739 5080 erat,
1771 5019 1950 5088 reipsa
1974 5037 2113 5092 vero
2136 5033 2378 5092 postmo-

801 5103 932 5153 dum
956 5102 1134 5156 edicto
1159 5104 1539 5172 praefectorum
1560 5108 1837 5177 publicata
1862 5118 1969 5177 est,
1991 5113 2048 5166 in
2078 5090 2378 5170 Palaestinae

803 5195 1198 5248 monachorum
1233 5197 1493 5252 Ecclesiis
1541 5214 1685 5254 anno
1726 5200 1849 5266 448,
1885 5201 1974 5257 die
2030 5203 2098 5259 18
2151 5204 2376 5275 Aprilis,

802 5301 924 5355 qua:
971 5285 1075 5339 fuit
1121 5287 1235 5339 Νέα
1279 5291 1537 5358 κυριακή.

877 5380 963 5433 Ill.
1006 5378 1270 5444 Queritur
1296 5381 1694 5447 Theodoretus,
1728 5384 1874 5438 tendi
1902 5386 2005 5440 sibi
2040 5387 2287 5452 insidias,
2315 5404 2382 5443 eo

806 5471 953 5539 quod
983 5472 1183 5541 deponi
1216 5472 1480 5527 [remeam
1506 5475 1699 5543 jubeat
1747 5477 2064 5546 imperator,
2101 5495 2204 5534 nec
2225 5496 2381 5533 man-

810 5562 902 5615 det
939 5571 1117 5615 tamen
1160 5563 1387 5617 alterius
1432 5563 1546 5618 fieri
1582 5568 1981 5623 ordinationem
2020 5585 2040 5621 τ.
2070 5570 2197 5623 hinc
2237 5571 2381 5624 enim

2480 3259 2737 3321 riculum,
2778 3258 2883 3311 nisi
2908 3267 3293 3322 amoveretur;
3322 3257 3566 3312 defendit
3592 3273 3648 3313 se
3674 3259 4063 3314 Theodoretus

2480 3350 2786 3404 rationibus
2843 3350 3085 3418 optimis,
3141 3359 3197 3404 et
3241 3350 3600 3404 nihilominus
3644 3365 3703 3404 se
3750 3351 3816 3404 ad
3861 3367 4064 3420 perpe-

2481 3440 2724 3493 tiendum
2785 3438 3090 3507 quidlibet,
3145 3439 3260 3492 sive
3306 3439 3558 3494 exsilium
3609 3440 3742 3494 illud
3798 3442 3889 3505 sit,
3940 3447 4060 3496 sive

2477 3530 2641 3584 etiam
2684 3544 2852 3591 mors,
2898 3539 3147 3597 paratum
3193 3537 3444 3583 testatur.

2546 3621 2609 3673 ll.
2645 3621 2777 3673 Data
2812 3627 2896 3673 est
2929 3620 3181 3688 epistola,
3210 3630 3334 3690 post
3378 3631 3662 3691 receptum
3704 3624 3943 3678 Anatolii
3986 3627 4060 3679 ad

2477 3712 2714 3783 priorem
2738 3726 3056 3780 responsum
3083 3711 3277 3782 :340
3292 3714 3579 3768 Anatolius
3608 3731 3718 3769 non
3744 3718 4057 3785 respondit,

2477 3804 2578 3855 nisi
2608 3809 2890 3870 postquam
2915 3802 3199 3870 epistolam
3218 3804 3457 3871 priorem
3490 3806 3558 3859 ab
3598 3808 3872 3876 episcopis
3912 3807 4063 3861 Con-

2477 3892 2882 3961 stantinopolim
2903 3891 3144 3960 appulsis
3182 3892 3482 3961 accepisset
3506 3911 3519 3947 :
3545 3896 3818 3963 appellere
3839 3896 3917 3950 illi
3945 3912 4060 3952 non

2477 3992 2776 4052 potuerunt
2802 3992 2928 4036 ante
2951 3983 3112 4036 finem
3143 3984 3269 4037 anni
3294 3985 3418 4047 447,
3439 3986 3713 4040 autetiam
3739 3987 3957 4041 initium
3974 4003 4065 4042 se-

2475 4073 2693 4143 quentis
2718 4092 2730 4139 ;
2762 4090 2953 4143 aspera
2974 4075 3122 4127 enim
3140 4075 3320 4129 hieme
3351 4077 3643 4132 Antiochia
3667 4079 4058 4135 discesserant.

2477 4165 2601 4219 llaec
2649 4165 2813 4234 igitur
2852 4165 3124 4233 posterior
3166 4165 3395 4233 epistola
3441 4166 3566 4221 data
3617 4179 3702 4224 est
3741 4177 3865 4237 post
3919 4169 4065 4225 festa

2476 4256 2776 4322 Paschalia,
2804 4256 3025 4310 circiter
3047 4254 3211 4311 finem
3236 4257 3442 4327 Aprilis
3468 4260 3596 4313 anni
3624 4260 3747 4316 448.

2537 4368 2779 4441 Epistola
2818 4370 2940 4434 “2,
2975 4370 3045 4423 ad
3069 4369 3334 4423 Damnum
3366 4372 3655 4427 Antiochus
3676 4375 3999 4443 episcopum.

2538 4485 2579 4539 Ι.
2612 4484 2928 4538 Certissima
2954 4491 3039 4537 est
3076 4485 3341 4552 temporis
3382 4493 3546 4539 nota:
3586 4486 3645 4540 tit
3694 4488 3841 4541 enim
3894 4487 3952 4541 in
3995 4504 4065 4543 ea

2480 4572 2690 4633 mentio
2716 4575 3042 4630 evocatoria:
3065 4574 3227 4645 regite
3263 4576 3330 4628 ad
3378 4576 3675 4630 secundam
3724 4578 4066 4647 Ephesinam

2480 4668 2747 4742 synodum
2770 4685 2783 4731 ;
2811 4677 2867 4720 et
2888 4665 3052 4721 datur
3078 4681 3109 4720 a
3137 4665 3488 4721 Theodoreto
3518 4668 3813 4722 consilium
3846 4670 4069 4724 Domno

2482 4761 2550 4816 de
2582 4760 2749 4815 rebus
2772 4761 2828 4814 in
2848 4759 3056 4829 synodo
3086 4758 3333 4829 agendis,
3362 4758 3765 4829 eligendisque,
3802 4776 3944 4816 auos
3972 4776 4067 4815 se-

2482 4868 2607 4908 cum
2642 4852 2891 4914 duceret,
2919 4836 3289 4920 metro'politis
3314 4848 3382 4905 ⁷⁸.

2547 4941 2613 4995 ll.
2656 4941 2790 4995 Data
2827 4949 2912 4994 est
2946 4939 3135 5010 igitur,
3164 4948 3453 5009 postquam
3488 4941 3833 5009 pervenisset
3866 4940 4068 4997 Antio-

2483 5031 2663 5085 chiam
2694 5028 3026 5091 evocatoria,
3050 5036 3105 5081 et
3141 5036 3434 5096 antequam
3465 5028 3707 5083 Domnus
3746 5027 4067 5098 proﬁcisce-

2485 5129 2639 5175 retur
2670 5119 2968 5188 Ephesum.
3003 5118 3141 5173 Cum
3194 5132 3325 5188 ergo
3357 5118 3667 5172 evocatoria
3702 5120 4066 5188 consignetur

2477 5211 2782 5280 Protogene
2811 5219 2868 5263 et
2901 5209 3113 5262 Asterio
3139 5223 3280 5261 coss.
3310 5208 3344 5260 5
3386 5209 3500 5261 Kal.
3548 5207 3771 5277 Aprilis,
3805 5206 4065 5276 foretque

2481 5299 2537 5352 in
2575 5315 2640 5353 ea
2664 5298 2982 5353 condictum
3015 5297 3270 5351 Patribus
3299 5296 3365 5350 ad
3388 5296 3657 5351 Kalendas
3677 5296 3932 5365 Augusti,
3973 5305 4065 5350 at-

2482 5404 2589 5459 que
2613 5389 2841 5443 distaret
2871 5387 3164 5443 Antiochia
3180 5387 3437 5467 Ephesus
3471 5388 3670 5442 itinere
3701 5386 3919 5441 dierum
3962 5385 4069 5440 tri-

2484 5481 2633 5550 ginta
2685 5489 2742 5534 et
2782 5480 3038 5549 amplius,
3089 5489 3145 5534 et
3192 5479 3427 5533 necdum
3489 5479 3742 5549 elegisset
3786 5478 4061 5543 Domnus,

2488 5588 2626 5641 quos
2651 5586 2837 5625 secum
2875 5571 3124 5637 duceret,
3153 5571 3559 5641 tnetropoiitas;
3600 5585 3822 5625 necesse
3854 5577 3970 5633 est,
4001 5577 4067 5622 ut

2168 5726 2473 5779 SCIIL’LZII
2521 5724 2740 5780 λΟΤΑίῖ.

885 5787 923 5817 ⁷⁸
963 5789 1059 5842 Vill
1127 5808 1307 5861 supra,
1360 5810 1411 5861 p.
1454 5792 1565 5846 182.
