4228 6446
198 394 298 456 239

1367 389 1463 448 DE
1496 388 1744 448 LIBRIS
1793 389 1829 447 Γ
1834 387 2285 447 HEODORETL

3330 391 3434 454 290

204 503 814 560 TheodoretusDomno
833 502 1115 572 scripserit
1137 515 1323 556 mense
1343 500 1483 555 Maio
1503 501 1769 554 anniM9.
1804 507 1847 560 Α
1875 500 1967 569 qui
2009 501 2182 569 ipsum
2208 499 2395 569 genuit
2420 499 2600 560 Pater,
2639 507 2694 552 et
2718 497 2957 568 Spiritus
2993 504 3249 563 sanctus;
3279 498 3431 554 ideo-

264 596 351 649 lll.
392 596 474 649 Ex
519 610 584 649 ea
617 609 751 648 vero
802 592 1099 646 discimus:
1134 592 1183 644 l.
1232 590 1463 645 Causam
1517 589 1771 658 cogendae

203 687 391 758 synodi
454 686 793 753 potissimam
842 683 1009 737 fuisse
1072 681 1429 751 μικροψυχίαν
1478 680 1771 735 Theodosii

204 777 494 831 irascentis
517 776 808 829 Flaviano.
840 774 1103 843 pependit
1126 773 1273 827 enim
1304 772 1493 843 synodi
1520 772 1772 841 cogendm

198 865 515 926 consilium,
551 864 726 916 donec
764 870 969 915 tentata
1006 870 1090 915 est
1132 860 1393 914 antistitis
1439 876 1562 913 cum
1599 861 1772 929 impe-

199 962 379 1007 ratore
430 952 832 1006 reconciliatio.
877 950 931 1003 2.
966 950 1313 1019 Prospexisse
1345 950 1770 1013 Thcodoretum,

196 1059 313 1113 qua
354 1042 501 1096 mala
537 1050 757 1111 pareret
806 1040 1070 1111 synodus,
1103 1040 1218 1094 suis
1261 1041 1618 1110 temporibus,
1651 1041 1772 1094 ani-

198 1149 531 1203 morumque
599 1132 987 1186 allectionibus
1035 1132 1249 1188 collatis
1314 1148 1438 1187 cum
1501 1133 1770 1195 Niemnis,

196 1228 339 1297 quod
367 1228 672 1296 diligenter
697 1225 1126 1287 observandum,
1158 1235 1220 1279 ut
1252 1225 1498 1280 Historia:
1527 1227 1771 1280 ecclesia-

197 1322 336 1373 sticis
378 1333 584 1388 scopas
624 1319 947 1387 attingatur.
974 1320 1025 1372 3.
1058 1318 1230 1383 Quam
1269 1318 1384 1385 ipse
1436 1318 1614 1372 adhuc
1649 1318 1775 1371 reti-

200 1419 352 1464 neret
381 1410 707 1478 Opinionem
732 1409 798 1462 de
836 1409 1110 1477 capitibus
1139 1407 1350 1478 Cyrilli,
1378 1409 1443 1461 ad
1491 1426 1609 1479 qua:
1639 1424 1771 1461 con-

199 1498 469 1552 ﬁrmanda
514 1498 757 1568 synodus
818 1497 919 1566 ipsi
968 1498 1250 1554 videretur
1292 1501 1450 1569 cogi;
1500 1499 1771 1568 siquidem

194 1601 420 1662 putaret
444 1592 590 1645 idem
623 1607 765 1653 esse,
802 1590 1009 1644 absolvi
1033 1590 1338 1661 Eutychen,
1365 1606 1427 1643 ac
1454 1590 1629 1659 capita
1652 1605 1773 1642 san-

195 1684 319 1737 ciri.
380 1684 439 1736 4.
489 1680 632 1746 Quid
682 1688 808 1734 ante
861 1680 1129 1751 synodum
1177 1681 1407 1749 primam
1436 1680 1771 1748 Ephesinam

195 1773 529 1833 Orientales,
556 1770 687 1841 quid
734 1770 787 1823 in
826 1770 941 1839 ipsa
987 1770 1217 1841 synodo,
1244 1771 1376 1840 quid
1406 1780 1611 1840 postea,
1647 1786 1769 1825 cum

1873 606 1979 657 quc.
2007 591 2287 658 patibilem
2314 588 2565 643 naturam
2591 588 2889 658 sumpsisse
2908 630 2922 650 ,
2949 590 3074 659 quia
3103 590 3288 645 divina
3337 606 3435 645 na-

1874 690 1997 733 tura
2030 682 2340 749 passionem
2372 696 2479 734 non
2515 680 2833 750 recipiebat,
2859 690 2920 735 ut
2955 696 3053 750 per
3092 683 3275 737 carnis
3310 699 3437 753 pro-

1874 772 2006 841 pria:
2033 772 2341 840 passionem
2386 771 2877 840 impassibilitatem
2910 772 2977 825 iis
3020 775 3111 842 qui
3158 775 3211 828 in
3260 776 3435 844 ipsum

1874 861 2185 921 crederent.
2215 861 2530 931 largiretur.
2575 880 2591 911 ›

1942 955 1992 1006 4.
2026 954 2097 1007 De
2130 955 2422 1007 Flaviano:
2465 972 2482 1003 ι
2515 952 3011 1009 Alexandrinorum
3037 955 3264 1009 antistes
3294 956 3437 1009 haud

1874 1062 2148 1115 quaquam
2181 1055 2471 1100 contentus
2514 1045 2616 1099 fuit
2659 1045 2842 1114 iniqua
2867 1046 2969 1100 hac
2997 1057 3053 1101 et
3082 1046 3436 1115 injustissima

1874 1138 2214 1205 depositione
2266 1137 2616 1200 sanctissimi,
2674 1138 2894 1206 Deoque
2936 1138 3239 1192 charissimi
3292 1138 3438 1192 Con-

1875 1231 2484 1299 stantinopolitanorum
2543 1230 2827 1299 episcopi,
2888 1228 3092 1282 domini
3155 1229 3435 1294 Flaviani;

1873 1337 2049 1391 neque
2079 1321 2250 1389 ipsius
2296 1319 2530 1373 animam
2593 1320 2830 1388 explevit
2879 1319 3178 1373 consimilis
3234 1330 3440 1390 strages

1875 1416 2108 1469 aliorum
2141 1415 2543 1483 episcoporum.
2581 1431 2598 1462 ι
2627 1412 2704 1464 Ex
2747 1412 2834 1465 his
2867 1411 3136 1481 siquidem
3182 1411 3440 1480 intelligi-

1875 1512 1983 1569 tur,
2008 1521 2112 1560 nec
2145 1506 2197 1559 in
2236 1505 2468 1559 concilio
2504 1504 2745 1558 occisum
2780 1519 2899 1557 esse
2944 1504 3301 1568 Flavianum;
3340 1519 3442 1558 nec

1874 1597 2055 1651 adhuc
2077 1612 2200 1650 cum
2225 1596 2605 1650 Theodoretus
2629 1594 2899 1649 scriberet
2940 1595 3007 1648 de
3047 1596 3219 1665 ipsius
3239 1603 3438 1655 morte,

1873 1703 1993 1758 quae
2017 1687 2102 1741 vel
2136 1688 2189 1741 in
2211 1688 2297 1741 via
2326 1686 2390 1741 ad
2428 1686 2604 1741 exsilii
2651 1686 2854 1748 locum,
2890 1685 2975 1739 vel
3009 1686 3060 1739 in
3113 1685 3233 1739 loco
3265 1685 3441 1740 exsilii

1875 1779 2094 1842 accidit,
2125 1780 2180 1833 in
2205 1778 2429 1834 Oriente
2465 1780 2725 1833 rescitum
2753 1779 2940 1833 fuisse.

197 1865 572 1919 Ecclesiarum
613 1877 716 1931 pax
752 1860 1010 1925 iniretur,
1052 1862 1340 1916 occasione
1374 1862 1612 1930 capitum
1647 1878 1773 1932 cgc-
1810 1857 1848 1911 Β
1946 1868 2101 1924 5.1),;
2144 1870 2392 1924 ecclesiis
2440 1869 2543 1923 sibi
2598 1869 2871 1923 subditis;
2930 1889 2947 1920 ε
2990 1868 3439 1941 Octingenmrum

196 1956 327 2007 rint.
364 1956 419 2008 5.
455 1952 535 2007 Ad
562 1966 705 2021 quos
743 1949 1055 2004 Occidentis
1092 1952 1366 2005 antistites
1414 1967 1475 2004 ea
1511 1952 1578 2004 de
1611 1967 1775 2006 causa

196 2048 468 2117 scriptum
516 2046 588 2099 sit
622 2044 693 2098 ab
742 2042 1118 2098 Orientalibus
1171 2059 1237 2097 ex
1290 2043 1427 2097 urbe
1475 2042 1772 2112 Ephesina.

196 2139 247 2193 ϐ.
287 2138 508 2204 Quanta
556 2135 723 2189 fuerit
767 2143 900 2189 tunc
953 2134 1218 2203 temporis
1266 2132 1627 2188 Orientalium
1660 2132 1774 2186 dis-

196 2228 383 2282 sensio
423 2226 491 2280 de
529 2224 908 2294 dogmatibus,
938 2222 1063 2277 aliis
1108 2238 1208 2293 pro
1252 2220 1454 2293 Cyrillo
1480 2222 1771 2286 stantibus,

199 2321 323 2376 aliis
349 2330 568 2373 contra.

268 2413 357 2466 lV.
413 2408 799 2464 Theodoretus
844 2408 1114 2463 Domnum
1157 2416 1364 2469 monet,
1394 2415 1454 2460 ut
1501 2405 1772 2459 delectum

201 2506 384 2566 faciat,
422 2512 537 2556 tum
577 2501 980 2570 episcoporum,
1012 2508 1126 2553 tum
1155 2498 1481 2553 clericorum
1527 2496 1771 2567 ejusdem

196 2596 509 2658 sententiae,
543 2607 680 2662 quos
726 2606 911 2646 secum
957 2591 1224 2645 ducturus
1276 2590 1379 2643 sit:
1424 2608 1441 2640 ι
1474 2589 1553 2643 Ne
1600 2605 1629 2642 a
1673 2589 1772 2641 do-

196 2684 446 2740 mesticis
491 2682 648 2752 ipsis,
701 2680 898 2749 inquit,
947 2678 1172 2748 proditi,
1207 2679 1291 2733 vel
1334 2678 1512 2733 facere
1567 2678 1774 2747 aliquid

198 2792 484 2847 erigantur,
518 2772 663 2842 quod
710 2771 822 2825 Deo
853 2771 1161 2840 displiceat,
1193 2770 1276 2824 vel
1312 2770 1413 2824 soli
1464 2768 1668 2833 relicti,
1705 2770 1774 2822 ab

196 2866 456 2923 hostibus
486 2863 607 2932 capi
636 2861 793 2916 facile
820 2862 1111 2931 possimus.
1155 2879 1173 2911 ι

244 2979 493 3051 Epistola
530 2977 655 3039 115,
695 2974 1052 3097 appelltgoria
1085 2973 1153 3026 ad
1179 2972 1400 3026 Leonem
1428 2976 1723 3043 episcopum

929 3060 1080 3097 omaz.

929 3060 1080 3097 omaz.

265 3141 307 3195 1.
345 3138 601 3195 Celebris
643 3138 757 3191 haec
820 3135 1051 3204 epistola
1078 3133 1202 3189 data
1250 3143 1335 3189 est
1378 3136 1568 3204 procul
1607 3134 1774 3189 dubio

200 3248 341 3287 anno
373 3231 503 3293 M9,
530 3244 716 3283 mense
748 3228 971 3281 circiter
996 3226 1251 3290 Octobri,
1289 3242 1414 3281 cum
1448 3226 1658 3279 nuntiis
1680 3241 1773 3279 ac-

198 3324 369 3394 ceptis
405 3322 475 3375 de
506 3337 601 3374 sua
627 3319 987 3389 depositione,
1016 3334 1136 3387 quae
1164 3318 1301 3371 facta
1325 3325 1410 3372 est
1440 3318 1640 3387 Ephesi
1677 3317 1766 3370 die

198 3414 493 3469 undecima
528 3412 776 3481 Augusti,
818 3410 1001 3465 sedem
1053 3409 1406 3478 apostolicam
1450 3409 1770 3479 appellaret,

198 3508 558 3572 mitteretque
601 3502 827 3555 Romam
860 3501 1283 3570 cborepiscopos
1327 3501 1483 3566 duos,
1512 3501 1668 3573 34],
1718 3510 1773 3556 et

198 3593 497 3648 cxarchum
535 3591 950 3653 monachorum,
983 3590 1077 3659 qui
1127 3590 1548 3660 appellationem
1581 3607 1772 3660 prose-

196 3693 468 3754 queretur
495 3684 565 3736 τ’.

266 3776 335 3830 Π.
366 3773 803 3842 Appellatoriam
847 3771 999 3826 dixi:
1047 3770 1179 3840 quid
1229 3771 1378 3825 enim
1410 3772 1560 3825 aliud
1602 3773 1772 3843 signi-

198 3864 363 3921 ﬁcant
393 3864 514 3917 ista:
539 3862 744 3916 voces?
773 3880 791 3912 ‹
829 3860 938 3915 Oro
965 3872 1127 3929 atque
1160 3860 1405 3915 obtestor
1429 3863 1773 3918 sanctitatem

200 3965 371 4019 tuam,
405 3964 468 4009 ut
493 3954 629 4007 mihi
667 3960 876 4005 rectum
914 3968 978 4005 ac
1003 3954 1213 4021 justum
1256 3952 1495 4006 tribunal
1527 3962 1772 4008 vestrum

198 4044 477 4098 invocanti
496 4058 655 4110 opem
674 4039 835 4103 ferat,
850 4041 865 4058 ‘
882 4040 1180 4109 jubeatque
1199 4038 1265 4092 ad
1286 4056 1382 4093 vos
1402 4041 1613 4105 venire,
1627 4050 1732 4095 etc.
1749 4061 1766 4092 ι

262 4134 357 4189 111.
395 4129 749 4186 Observanda
778 4144 906 4182 vero
948 4138 1077 4182 sunt
1124 4128 1457 4184 Theodoreti
1490 4130 1657 4185 verba
1702 4132 1771 4185 de

195 4225 369 4279 variis
402 4223 569 4277 rebus
594 4222 735 4275 scitu
766 4220 963 4289 dignis.

266 4318 321 4370 1.
346 4316 429 4370 De
476 4315 607 4368 sede
652 4312 950 4381 apostolica
978 4332 988 4363 :
1034 4332 1051 4360 ι
1086 4312 1249 4365 Vobis
1277 4312 1481 4381 primas
1511 4315 1566 4367 in
1593 4314 1770 4368 omni-

197 4410 301 4464 bus
331 4416 524 4461 tenere
558 4403 837 4466 convenit,
868 4411 971 4457 etc.
1014 4422 1030 4452 ι

1876 1959 2231 2015 ecclesiarum
2278 1961 2608 2030 pastoralem
2665 1974 2852 2015 curam
2910 1962 3138 2017 sortitus
3167 1979 3320 2030 sum;
3361 1972 3443 2018 tot

1875 2055 2019 2109 enim
2044 2053 2217 2125 Cyrus
2240 2055 2404 2109 habet
2429 2054 2714 2124 parmcias.
2763 2076 2778 2105 ι

1946 2143 1997 2196 6.
2026 2145 2101 2199 De
2133 2146 2478 2200 anathemate
2502 2145 2649 2200 dicto
2685 2147 2785 2200 sibi
2813 2147 3154 2203 Alexandria:
3182 2167 3193 2201 :
3228 2168 3245 2199 ‹
3285 2149 3443 2204 Anno

1874 2235 2037 2289 etiam
2076 2236 2382 2306 superiore,
2423 2252 2547 2289 cum
2575 2253 2641 2292 eo
2684 2238 2914 2307 profecti
2956 2250 3140 2294 essent
3179 2240 3290 2295 duo
3340 2241 3441 2294 viri

1874 2324 2203 2395 Apollinaris
2245 2327 2438 2381 morbo
2498 2328 2721 2393 infecti,
2782 2340 2836 2384 et
2887 2333 3190 2387 calumnias
3243 2332 3297 2387 in
3344 2349 3446 2387 nos

1876 2418 2209 2471 texuisscnt:
2247 2432 2583 2488 consurgens
2610 2419 2663 2472 in
2691 2421 2941 2485 ecclesia,
2970 2437 3069 2478 nos
3096 2423 3443 2477 anathemate

1875 2507 2115 2572 confixit,
2146 2509 2309 2579 idque
2364 2526 2487 2564 cum
2532 2510 2597 2564 ad
2645 2526 2768 2565 enm
2825 2513 3193 2582 scripsissem,
3228 2523 3282 2568 et
3319 2530 3442 2584 quae

1876 2600 2137 2653 sentirem
2184 2616 2282 2669 per
2331 2602 2543 2655 litteras
2592 2603 2988 2672 exposuissem.
3036 2625 3052 2656 ι
3103 2606 3235 2661 Inde
3292 2609 3440 2663 enim

1875 2691 2078 2744 scimus
2123 2691 2413 2744 anathema
2462 2691 2667 2745 dictum
2717 2709 2861 2746 anno
2908 2694 3044 2759 “8;
3092 2695 3321 2761 litteras,
3376 2698 3445 2752 de

1874 2781 2075 2850 quibus
2107 2783 2314 2836 mentio
2353 2782 2411 2835 lit
2431 2822 2445 2845 ,
2478 2782 2629 2836 datas
2652 2799 2795 2837 anno
2825 2785 2948 2847 447,
2991 2787 3092 2841 sub
3122 2787 3282 2842 linem
3310 2806 3324 2853 ;
3352 2805 3442 2844 ac-

1877 2884 2158 2927 cusatores
2177 2875 2562 2929 Alexandriam
2590 2875 2865 2944 profectos
2893 2879 3085 2932 eodem
3119 2895 3262 2933 anno
3285 2881 3409 2935 447.

1942 2966 1993 3017 7.
2021 2966 2096 3019 De
2125 2974 2283 3019 :etate
2309 2980 2440 3019 sua:
2486 2985 2502 3015 ι
2542 2966 2647 3019 Sed
2674 2968 2861 3032 nolite,
2890 2970 3142 3033 obsecro,
3169 2973 3446 3041 supplices

1877 3067 2023 3106 meas
2054 3069 2245 3123 pl‘CCCS
2301 3070 2583 3123 respuere,
2629 3071 2729 3110 nec
2787 3058 3040 3112 miseram
3077 3074 3252 3113 meam
3296 3062 3447 3116 cani-

1878 3143 2007 3196 tiem
2053 3152 2174 3213 post
2210 3146 2411 3199 multos
2458 3146 2675 3200 labores
2714 3149 3111 3202 contumeliose
3158 3158 3444 3206 tractatam

1878 3232 2181 3302 despicere.
2218 3252 2237 3285 ι
2272 3233 2425 3289 Tunc
2472 3235 2617 3289 enim
2663 3238 3070 3307 sexagenarius,
3127 3248 3223 3293 aut
3275 3242 3443 3296 etiam

1878 3325 2041 3393 paulo
2074 3326 2268 3395 major,
2290 3330 2492 3396 quippe
2516 3328 2609 3396 qui
2636 3337 2795 3381 natus
2825 3329 2895 3381 sit
2924 3345 3066 3383 anno
3089 3329 3292 3385 Christi
3318 3333 3442 3390 386.

1945 3414 2033 3469 IV.
2069 3413 2208 3468 Sunt
2236 3425 2291 3469 et
2322 3416 2425 3469 alia
2471 3416 2639 3471 multa
2676 3417 2859 3487 digna,
2892 3434 3012 3488 quae
3058 3419 3440 3485 observentur,

1873 3504 2044 3559 veluti
2064 3505 2132 3559 de
2164 3505 2348 3561 Romae
2385 3506 2544 3578 342
2563 3508 2815 3577 sedisque
2848 3510 3231 3579 apostolicaet
3245 3512 3447 3570 Leonis

1875 3596 2153 3659 laudibus;
2185 3596 2253 3651 de
2286 3597 2402 3651 suis
2426 3598 2481 3651 in
2510 3599 2813 3653 excolendo
2846 3616 3007 3671 grege
3032 3602 3348 3670 laboribus;
3375 3604 3444 3660 de

1877 3687 2232 3742 concionibus
2260 3688 2564 3743 Antiochiae
2597 3689 2835 3756 habitis;
2870 3691 2937 3745 de
2970 3692 3125 3747 libris
3157 3710 3187 3748 a
3216 3709 3273 3749 se
3316 3710 3446 3751 con-

1875 3779 2130 3847 scriptis;
2155 3779 2224 3834 de
2262 3780 2599 3835 continentia
2630 3791 2686 3836 et
2732 3782 2855 3836 vita:
2887 3782 3153 3837 institutae
3195 3783 3443 3847 ratione;

1874 3869 1942 3923 de
1975 3869 2132 3923 annis
2154 3870 2537 3940 episcOpatus;
2572 3887 2694 3941 qua:
2716 3872 2899 3927 omnia
2922 3882 3049 3928 sunt
3077 3889 3105 3928 a
3132 3874 3289 3929 nobis
3312 3876 3449 3930 alias

1875 3966 2205 4027 pertractata
2240 3957 2305 4011 ⁸⁸.

2010 4090 2247 4161 Epistola
2285 4092 2405 4157 114,
2442 4094 2867 4147 commendatitia
2905 4096 2976 4148 ad
3011 4096 3333 4150 Andiberim.

1946 4219 1987 4272 1.
2021 4218 2226 4274 Scribit
2271 4218 2671 4283 Theodoretus,
2705 4237 2828 4273 cum
2872 4231 2994 4290 post
3044 4223 3442 4293 depositionem

1875 4310 2143 4380 cogitaret
2172 4310 2239 4363 de
2268 4309 2512 4364 discessu
2535 4327 2566 4366 e
2597 4327 2693 4365 sua
2724 4312 2947 4366 civitate
2975 4313 3041 4366 δι.

1948 4400 2361 4455 ll.Andiberim
2406 4410 2625 4470 oportet
2676 4402 2943 4456 illustrem
2994 4403 3190 4469 fuisse,
3241 4406 3443 4477 quippe

262 4499 318 4552 2.
356 4498 437 4551 De
480 4495 684 4549 Leonis
727 4494 956 4563 epistola
1002 4496 1070 4551 ad
1128 4495 1480 4551 Flavianum:
1532 4514 1550 4546 ι
1596 4495 1767 4549 Simul
1805 4532 1845 4585 ο
1875 4507 2037 4561 quem
2106 4490 2484 4545 Theodoretus
2539 4491 2952 4561 magniﬁcentia:
3003 4494 3224 4549 nomine
3291 4512 3442 4550 com-

195 4585 537 4647 declarabat,
568 4591 625 4637 et
651 4592 911 4637 aeternam
953 4599 1020 4638 ex
1056 4593 1263 4638 aeterno
1294 4584 1453 4638 Patre
1491 4583 1768 4654 Unigeniti

194 4676 569 4737 divinitatem,
596 4680 653 4726 et
685 4672 929 4742 ejusdem
959 4689 1024 4728 ex
1060 4674 1292 4727 Abrahae
1328 4683 1383 4727 et
1424 4674 1642 4727 Davidis
1679 4690 1769 4729 se-

192 4769 344 4822 mine
380 4765 806 4824 humanitatem,
835 4778 898 4817 ac
945 4764 1181 4818 similem
1232 4780 1329 4832 per
1380 4763 1561 4817 omnia
1610 4763 1771 4818 nobis

193 4858 364 4913 fuisse
440 4862 780 4922 assumptam
865 4861 1159 4917 naturam,
1214 4852 1318 4906 hoc
1371 4866 1479 4905 uno
1528 4850 1769 4904 dissimi-

190 4947 321 5009 lem,
381 4945 534 5015 quod
593 4943 803 5013 peccati
850 4957 1046 5012 expers
1076 4942 1359 5006 manserit,
1394 4941 1597 5011 quippe
1622 4940 1767 5010 quod

191 5056 303 5094 non
357 5055 428 5093 ex
472 5045 705 5102 natura,
756 5035 851 5090 sed
904 5050 972 5091 ex
1023 5035 1197 5090 libera
1247 5035 1528 5089 voluntate
1587 5034 1768 5087 nasci-

194 5138 305 5183 tur.
336 5136 451 5183 etc.
500 5145 520 5177 ι

260 5170 315 5273 έ.
352 5217 432 5270 De
476 5215 723 5283 epistola:
777 5214 976 5269 Leonis
1016 5222 1072 5268 et
1115 5214 1380 5267 Eranistm
1439 5212 1771 5267 Theodoreti

193 5308 597 5365 consonantia:
661 5326 677 5358 ι
725 5306 946 5361 Litterae
991 5304 1384 5366 continebant,
1431 5320 1600 5358 unum
1650 5319 1771 5357 esse

195 5400 545 5470 unigenitum
580 5398 675 5452 Dei
712 5397 931 5457 Filium,
959 5406 1015 5452 et
1062 5396 1420 5467 impatibilem
1466 5411 1588 5449 esse
1635 5395 1773 5449 divi-

194 5494 448 5557 nitatem,
475 5508 600 5561 quze
637 5507 740 5546 nec
770 5492 911 5546 verti
932 5499 1118 5561 queat,
1150 5507 1253 5547 nec
1285 5490 1518 5555 mutari;
1549 5490 1690 5544 sicut
1717 5498 1772 5544 et

1872 5308 2052 5361 locum
2102 5326 2114 5359 :

1874 5405 2096 5461 octavae,
2119 5413 2241 5467 quae
2259 5406 2343 5452 est
2370 5396 2435 5451 ad
2456 5398 2900 5453 archidiaconum
2927 5401 3146 5467 Romae;
3174 5400 3446 5470 siquidem

1875 4584 2060 4653 pellat.

1952 4676 2040 4729 111.
2068 4674 2482 4729 Observandum
2511 4690 2574 4729 ea
2606 4683 2927 4745 tempestate
2983 4677 3309 4734 medicinam
3332 4698 3444 4737 non

1879 4763 2049 4817 fuisse
2097 4762 2437 4833 presbyteris
2491 4762 2866 4817 interdictam:
2906 4766 3097 4819 Petrus
3139 4768 3284 4821 enim
3315 4771 3443 4839 pre-

1881 4854 2085 4926 sbyter,
2111 4854 2204 4923 qui
2236 4853 2330 4907 diu
2353 4853 2479 4924 Cyri
2512 4862 2688 4908 artem
2720 4854 2861 4910 hanc
2892 4867 3246 4924 exercuerat,
3272 4861 3445 4915 Andi-

1875 4945 1994 5000 heri
2035 4944 2448 4999 commendatur
2495 4953 2749 5013 tanquam
2800 4947 2950 5000 utilis
2981 4946 3200 5004 futurus
3234 4952 3338 5005 alia
3389 4952 3445 5007 in

1877 5037 2126 5091 civitate:
2157 5052 2283 5088 nam
2334 5052 2442 5103 pra:
2475 5035 2806 5089 Theodoreti
2845 5036 3120 5093 desiderio
3149 5039 3443 5111 Cyrensem

1875 5126 2131 5180 deserere
2154 5125 2208 5178 in
2239 5125 2422 5178 animo
2452 5124 2707 5178 habebat.

1946 5217 2030 5271 ιν.
2064 5216 2186 5270 llzec
2206 5224 2261 5269 et
2282 5231 2624 5283 consequens
2650 5226 2854 5273 temere
2880 5220 3081 5273 inserta
3105 5229 3189 5274 est
3216 5222 3271 5274 in
3297 5220 3446 5276 hunc

2164 5307 2329 5362 debet
2374 5307 2518 5360 enim
2556 5310 2809 5379 postponi
2860 5312 3173 5367 centesima
3218 5312 3446 5368 decimae

1877 5490 2149 5555 115,11ϋ,
2184 5490 2283 5543 117
2322 5498 2380 5544 et
2422 5488 2525 5543 118
2574 5490 2820 5559 ejusdem
2862 5502 2991 5547 sunt
3029 5493 3356 5563 argumenti,
3389 5501 3448 5548 et

1554 5627 1870 5685 SCHULZII
1909 5627 2137 5683 NOTAE.

259 5724 309 5757 "
340 5722 463 5781 Vid.
498 5737 684 5792 supra,
718 5737 773 5791 p.
817 5722 934 5777 185.

196 5804 322 5851 sunt
366 5809 395 5848 a
433 5790 736 5849 Garn‘erio.’
798 5794 838 5825 ⁸¹
869 5791 989 5848 Vid.
1017 5806 1203 5862 supra,
1240 5806 1293 5859 p.
1328 5790 1425 5845 I85
1454 5805 1569 5858 seq.

1041 5722 1086 5756 ³⁰
1108 5721 1231 5776 Vid.
1273 5735 1394 5790 quae
1438 5719 1599 5781 infra,
1638 5736 1757 5790 cap.
1794 5719 1847 5786 9,
1880 5718 1906 5787 §
1934 5719 1985 5785 5,
2016 5718 2084 5773 ad
2120 5720 2298 5773 locum
2349 5715 2640 5787 quemdam
2689 5717 2852 5788 hujus
2876 5717 3120 5786 epistola:
3154 5718 3443 5773 observata
