4228 6446
756 405 856 468 291
1848 406 2227 465 GARNERII
2266 402 2757 463 DISSERTATIO
2801 402 2875 461 II.
3899 390 4012 451 29?.

758 531 949 570 omnes
988 515 1214 567 Bonnam
1256 517 1577 577 mittuntur,
1611 516 1676 570 ad
1721 517 1957 571 Leonem
1979 558 1993 579 ,
2044 519 2331 577 “enatum,
2368 525 2404 577 Α
2436 518 2622 569 cilium
2661 515 2922 569 defuncto
2946 511 3233 565 suffectum
3274 507 3444 577 ﬁngit.
3474 504 3580 561 Sed
3612 518 3825 565 vereor,
3856 511 3918 556 ut
3950 504 4012 557 id

759 605 1026 676 synodum
1053 606 1373 669 Romanam,
1402 614 1458 659 et
1486 606 1930 659 archidiaconum
1959 607 2166 659 Roma}.
2435 605 2731 659 commenti
2765 602 3095 672 persuadere
3126 598 3297 667 possit
3326 596 3487 650 alicui
3526 610 3707 649 rerum
3733 593 4013 663 ejusmodi

904 715 1145 784 Epistolu
1184 716 1312 779 H5,
1354 717 1785 770 commendalitia
1829 716 1899 769 ad
1931 716 2192 785 Apellum.
2435 710 2574 747 "om

2435 710 2544 747 non
2562 694 2857 747 rudissimo
2880 708 2894 744 :
2923 706 3047 744 nam
3072 691 3258 760 plures
3285 695 3413 741 sunt
3440 684 3641 740 Juliani
3681 679 3911 737 Coensis
3938 681 4014 736 ad

2437 787 2671 839 Leonem
2700 785 2963 853 epistolaa,
2991 783 3178 851 plures
3219 779 3418 833 Leonis
3444 778 3511 832 ad
3544 776 3847 840 Coensem;
3888 777 4019 830 nul-

2437 877 2549 929 lum
2595 885 2773 929 tamen
2800 875 2854 927 in
2878 874 2989 927 ulla
3023 872 3083 926 fit
3115 871 3344 925 verbum
3380 870 3447 923 de
3480 868 3766 938 praesentia
3798 868 4017 939 synodo

2437 965 2701 1021 exhibita.
2728 964 2935 1017 Deinde
2972 963 3016 1016 si
3058 963 3304 1016 Julianus
3330 970 3454 1015 ante
3491 959 3802 1012 inchoatam
3843 974 4018 1030 syno-

2439 1058 2570 1111 dum
2607 1057 2898 1111 defunctus
2926 1056 3017 1118 sit,
3053 1054 3407 1123 Julianusque
3435 1051 3662 1107 Coensis
3698 1052 3769 1105 sit
3806 1051 3861 1105 in
3891 1052 4019 1122 ejus

2440 1152 2619 1205 locum
2654 1149 2937 1210 suffectus,
2979 1145 3253 1217 quomodo
3293 1145 3444 1199 nulla
3476 1144 3615 1198 facta
3657 1151 3743 1197 est
3778 1142 3832 1196 in
3860 1142 4022 1198 Actis

2442 1240 2853 1297 substitutionis
2877 1237 3101 1300 mentio,
3138 1251 3261 1291 cum
3292 1249 3483 1290 omnes
3504 1233 3569 1287 ad
3602 1234 4020 1303 imperatorem,

2443 1336 2510 1390 ad
2538 1335 2835 1405 Augustam
2865 1330 3244 1404 synodumque
3280 1338 3336 1383 et
3372 1327 3508 1381 alios
3528 1325 3724 1380 litterae
3753 1325 3881 1380 Julii
3915 1339 4021 1379 ex-

2445 1442 2632 1497 presse
2688 1424 3071 1487 meminerint,
3124 1420 3430 1489 debeatque
3490 1419 3914 1473 instrumentum
3952 1423 4021 1470 ut

2445 1516 2592 1585 quod
2647 1514 2881 1568 maxime
2940 1511 3317 1566 authenticum
3363 1508 3633 1578 proferri,
3693 1508 3739 1562 si
3794 1506 4024 1577 quando

2447 1606 2716 1676 quispiam
2745 1602 2950 1659 vicario
2980 1602 3243 1656 duntaxat
3279 1602 3403 1670 jure
3445 1599 3644 1654 debeat
3669 1599 3876 1670 synodo
3906 1612 4025 1666 prae

2448 1699 2804 1751 maximarum
2835 1695 3049 1750 sedium
3080 1692 3420 1747 antistitibus
3452 1690 3783 1761 prmsidere?
3821 1691 4025 1744 Fateor

2049 1847 2061 1858 ,
2086 1847 2099 1858 ,
2308 1848 2339 1858 ,η
2449 1782 3219 1856 equidem,implicatissimam
3246 1796 3365 1835 esse
3388 1780 3671 1835 historiam
3703 1779 3850 1834 Julii.
3874 1779 4026 1845 Quid

810 1850 933 1950 ,ιη’
970 1848 1321 1903 Obscrmnda
1376 1848 1491 1949 huic
1521 1847 1687 1901 verba
1710 1865 1775 1950 ³,(
1809 1846 1933 1950 [hic
1970 1847 2207 1949 quidem,
2234 1848 2348 1950 egit
2381 1874 2419 1928 Β
2448 1846 2595 1935 enim
2635 1846 2945 1933 eo'factum
2996 1876 3066 1929 sit
3104 1883 3226 1944 post
3260 1872 3609 1927 latrocinium
3657 1870 4025 1939 Ephesinum,

770 1951 946 2040 Rm”?
982 1949 1131 2040 .wa_’
1201 1955 1587 2040 cum_.umcam
1631 1939 1834 1993 caedem
1866 1940 1921 2040 ,εἶ’
1953 1946 2345 2010 conspex'ssa'
2449 1971 2654 2031 nullus,
2704 1969 2850 2039 quod
2905 1967 3094 2030 sciam,
3152 1965 3352 2029 tradit,
3404 1964 3590 2018 nullus
3645 1964 3844 2025 etiam,
3887 1962 4028 2033 quid

770 2028 926 2094 Qum]
952 2045 997 2082 sl
1027 2037 1462 2132 Cielfmsffmm
1485 2069 1498 2092 ’
1522 2046 1644 2132 qu?
1682 2030 2153 2132 νθδιλᾱίδθθδδυξη
2187 2039 2348 2132 Ῠ¹¹¹¹¹η
2452 2028 2653 2129 Ephesi
2684 2028 2875 2129 egerit.
2912 2028 3109 2113 Verum
3146 2028 3416 2109 Renatum
3457 2054 3511 2108 in
3553 2053 3731 2108 insula
3763 2028 4031 2109 Delo-de-

772 2132 1000 2191 patrata:
1031 2130 1193 2183 sunt,
1250 2121 1513 2174 Phineem
1590 2123 1745 2174 illum
1811 2122 2044 2177 fortasse
2107 2124 2351 2177 imitatus
2452 2121 2700 2211 mnuum
2719 2121 2895 2212 “esse,
2932 2163 3057 2201 cum
3091 2146 3367 2215 Ephesum
3395 2151 3629 2214 peteret,
3658 2152 4032 2213 pmquuam

772 2230 941 2315 csscs'
976 2212 1159 2315 ’__lnd°
1202 2213 1350 2315 θῡίξξι
1402 2212 1623 2315 "idem?
1652 2227 1813 2315 p°s_sc_
1837 2214 2040 2283 comgi’
2073 2216 2158 2315 "fil
2202 2215 2351 2284 lega'
2453 2238 2598 2308 quod
2623 2238 2772 2293 Felix
2796 2237 3006 2301 scribit,
3035 2212 3374 2290 demonstrat
3400 2212 3520 2289 mea
3546 2212 3767 2304 quidem
3798 2242 4035 2287 senten-

776 2314 863 2359 tos
906 2305 1052 2359 sedis
1096 2304 1406 2375 apostolicae
1442 2320 1553 2358 non
1596 2306 1907 2360 interfuisse
1954 2306 2183 2377 synodo,
2231 2313 2355 2375 post

2456 2304 2529 2383 tia
2564 2329 2798 2392 invicte,
2831 2327 2977 2397 quod
3014 2327 3068 2379 in
3098 2325 3251 2380 Actis
3287 2322 3580 2394 Ephesinis
3616 2337 3815 2377 nomen
3852 2323 4035 2392 ipsius

776 2396 1083 2465 dvposimm
1111 2396 1428 2449 “mimum
1456 2414 1469 2461 δ
1500 2397 1585 2452 νει
1612 2412 1642 2452 ³
1671 2397 2039 2465 Τδθθίίοτθίθν
2071 2398 2184 2454 Sive
2207 2398 2352 2471 ‘1“0‘]
2456 2438 2564 2478 non
2609 2396 2914 2484 censeatur,
2954 2419 3050 2473 ubi
3084 2433 3195 2473 non
3239 2416 3434 2473 siletur
3467 2414 3534 2470 de
3567 2414 3772 2469 Hilario
3794 2415 4036 2469 diacono

778 2505 805 2541 a
829 2490 1037 2542 nuntiis
1072 2489 1335 2558 deceptus
1357 2497 1522 2552 esset,
1540 2490 1654 2544 sive
1678 2490 1821 2560 quod
1848 2492 2113 2546 memoria
2148 2492 2351 2561 lapsus,
2457 2525 2511 2570 ρι
2535 2513 2767 2569 Dulcitio
2796 2511 3027 2568 ηοιθτίο,

780 2581 1051 2634 Renatum
1096 2581 1479 2651 presbyterum
1522 2580 1783 2635 confundi
1814 2597 1939 2636 cum
1963 2582 2172 2647 Hilaro,
2220 2583 2315 2652 qui
2340 2586 2353 2602 ‘
2531 2603 2881 2659 Obsgnanda
2921 2603 3158 2671 denique
3202 2599 3452 2655 recensio
3490 2597 3780 2662 “brorum,
3820 2596 3888 2652 de
3921 2612 4038 2666 qua

784 2672 908 2741 fuga
934 2671 1307 2764 segproripuit.
2459 2695 2665 2764 egimus
2709 2692 2764 2745 in
2794 2706 2912 2760 am
2944 2691 2995 2743 9.

852 2764 940 2819 IV.
983 2762 1335 2818 Observanda
1361 2763 1566 2833 pariter
1600 2763 1734 2817 ista:
1782 2782 1798 2814 ι
1833 2764 2006 2829 Quam
2037 2765 2106 2818 ob
2139 2779 2357 2818 causam

789 2872 887 2909 oro
914 2856 1257 2909 sanctitatem
1278 2864 1447 2919 tuam,
1468 2855 1818 2910 sanctissimo
1844 2865 1901 2911 et
1934 2856 2248 2912 beatissimo
2271 2873 2360 2910 ar-

793 2949 1143 3017 ehicpiscopo
1172 2946 1523 3016 persuadeat,
1550 2954 1610 2999 ut
1630 2947 1929 3015 apostolica
1949 2956 2218 3017 potestate
2240 2958 2361 3000 uta—

788 3051 898 3105 tur,
926 3047 981 3092 et
1015 3038 1081 3091 ad
1127 3038 1420 3092 concilium
1466 3047 1708 3091 vestrum
1759 3037 2013 3090 advolare
2046 3038 2361 3106 praacipiat:

788 3131 954 3183 habet
975 3129 1121 3182 enim
1150 3127 1496 3182 sanctissima
1534 3128 1622 3179 illa
1642 3128 1800 3181 sedes
1823 3128 2213 3189 Ecclesiarum,
2245 3143 2365 3195 qua:

791 3224 845 3277 in
883 3231 996 3276 toto
1028 3230 1156 3275 sunt
1177 3220 1333 3284 orbe,
1372 3218 1763 3299 principatum,
1795 3219 1983 3271 multis
2024 3217 2360 3279 nominibus,
2394 3211 2434 3263 (Β

789 3325 952 3387 atque
982 3315 1083 3369 hoc
1116 3322 1242 3367 ante
1266 3313 1467 3365 omnia.
1487 3310 1634 3379 quod
1664 3310 1731 3364 ab
1773 3310 2025 3364 haeretica
2059 3309 2179 3363 tabe
2206 3308 2364 3379 343

792 3406 1051 3459 immunis
1076 3403 1295 3466 mansit,
1332 3417 1435 3456 nec
1469 3402 1614 3454 ullus
1641 3399 1913 3454 contraria
1951 3400 2194 3453 sentiens
2219 3398 2272 3450 in
2303 3414 2366 3449 ea

793 3486 957 3559 sedit,
997 3497 1092 3550 sed
1118 3495 1471 3564 apostolicam
1501 3493 1729 3563 gratiam
1773 3492 2037 3561 integram
2076 3506 2368 3543 conserva-

801 3591 890 3641 rit.
925 3586 1055 3652 Quae
1086 3602 1115 3639 a
1139 3584 1295 3638 vobis
1318 3584 1524 3637 fuerint
1549 3582 1812 3652 judicata,
1844 3581 1898 3633 in
1928 3580 2015 3643 iis,
2043 3580 2366 3648 qualiacun-

797 3695 904 3749 que
928 3686 1111 3739 erunt,
1146 3674 1340 3746 judicii
1390 3673 1555 3727 vestri
1602 3670 1844 3740 aequitati
1899 3669 2238 3723 confidentes
2279 3684 2371 3721 ac~

797 3772 1166 3840 quieseemus,
1198 3776 1253 3820 et
1303 3780 1578 3835 rogamus,
1619 3774 1678 3817 ut
1726 3762 1992 3833 judicium
2048 3777 2115 3815 ex
2153 3760 2372 3828 scriptis

832 828 1040 880 Eodem
1082 837 1363 895 tempore,
1397 827 1591 879 eodem
1640 838 1996 897 argumento:
2040 827 2133 879 hic
2169 828 2334 879 etiam

761 920 949 987 Apella
984 918 1396 987 magnificentia:
1416 918 1636 988 nomine
1661 918 1986 985 appellatur.

834 1030 1075 1100 Epistula
1105 1030 1226 1091 illi,
1278 1029 1707 1082 commendatitia
1738 1029 1807 1082 ad
1847 1029 2112 1083 Renalum
2153 1044 2269 1097 prc-

1413 1100 1698 1169 sbyterum.

834 1211 875 1264 1.
910 1211 1045 1264 Data
1077 1225 1201 1264 cum
1234 1210 1435 1264 litteris
1455 1208 1523 1263 ad
1559 1220 1811 1265 sanctum
1837 1210 2099 1266 Leonem.

832 1303 895 1357 ll.
932 1304 1177 1357 Renatus
1202 1303 1487 1372 presbyter
1521 1301 1627 1356 fuit
1647 1319 1789 1357 unus
1810 1303 1877 1357 de
1907 1303 2342 1373 legatisaLeone

764 1395 951 1451 missis
975 1395 1039 1448 ad
1062 1394 1397 1462 Epliesinam
1424 1393 1716 1464 synodum,
1740 1394 2044 1447 secundum
2063 1394 2224 1463 epist.
2246 1394 2339 1447 i0:

772 1508 789 1538 ‹
820 1488 899 1540 Ad
932 1501 1151 1539 omnem
1183 1501 1405 1539 causam
1453 1485 1543 1554 pie
1573 1500 1635 1539 ac
1671 1484 1909 1539 fideliter
1939 1485 2341 1555 exsequendam

764 1580 966 1632 fratres
989 1587 1208 1631 nostros
1232 1577 1435 1630 Julium
1467 1576 1807 1644 episcopum,
1835 1585 1891 1630 et
1922 1575 2186 1631 Renatum
2216 1592 2344 1645 pre-

767 1671 1045 1739 sbyterum
1098 1667 1243 1721 tituli
1303 1667 1478 1720 sancti
1529 1666 1870 1730 Clementis,
1922 1667 2017 1721 sed
2070 1676 2127 1721 et
2174 1666 2344 1721 filium

770 1774 951 1812 meum
983 1757 1229 1811 Hilarum
1257 1757 1569 1811 diaconum.
1610 1776 1627 1807 ι

2464 2804 2704 2875 Epistola
2732 2804 2752 2856 Ι
2773 2805 2852 2867 l7,
2874 2804 3234 2875 deprecatoria
3262 2802 3331 2855 ad
3362 2799 3685 2875 Florentium
3719 2799 4041 2869 episwpum,

2554 2875 2635 2928 vel
2666 2876 2835 2944 potius
2877 2868 2945 2925 ad
2971 2871 3167 2925 clerum
3199 2881 3292 2925 aut
3319 2869 3597 2924 concilium
3621 2868 3940 2922 Romanum.

2534 2965 2576 3018 l.
2607 2965 2805 3018 Notum
2836 2972 3071 3032 tempus,
3097 2978 3205 3032 quo
3225 2962 3350 3016 data
3382 2970 3468 3017 est
3495 2979 3509 3014 :
3536 2962 3678 3015 hanc
3702 2960 3848 3014 enim
3878 2959 4047 3013 detu-

2467 3054 2647 3107 lerunt
2668 3053 2827 3122 legali
2854 3069 2883 3106 a
2912 3052 3257 3106 Theodoreto
3285 3050 3437 3105 missi
3470 3052 3732 3114 Romam;
3770 3050 4045 3119 ignotum,

2469 3145 2556 3197 cui
2586 3144 2790 3212 scripta
2821 3144 2909 3196 sit.
2936 3143 2994 3196 ln
3029 3142 3314 3196 codicibus
3340 3142 3575 3210 vulgatis
3596 3149 3893 3209 nostroque
3927 3156 4051 3192 ma-

2471 3236 2753 3303 nuscripto
2797 3235 3112 3289 inscribitur
3156 3234 3431 3288 Florentio
3462 3232 3753 3302 episcopo;
3784 3232 3876 3286 sed
3921 3234 4048 3301 epi-

2470 3327 2605 3379 stola
2635 3326 2855 3379 titulum
2889 3326 3005 3379 falsi
3036 3325 3232 3395 arguit.

2539 3417 2720 3488 3&5.
2768 3418 2831 3471 ll.
2868 3417 3110 3470 Fuerunt
3153 3434 3215 3470 ea
3265 3424 3583 3487 tempestate
3628 3415 3886 3470 Florentii
3937 3416 4055 3470 duo

2472 3508 2766 3562 admodum
2790 3508 3064 3569 celebres;
3109 3524 3251 3561 unus
3279 3507 3530 3561 Sardium
3557 3507 3865 3575 episcopus,
3908 3507 4054 3559 alter

2474 3599 2737 3667 patricius
2776 3599 3024 3653 doctrina
3046 3597 3293 3667 insignis.
3328 3596 3596 3666 Scriptam
3635 3598 3861 3652 fortasse
3896 3598 4057 3667 quis-

2475 3690 2618 3758 piam
2668 3689 2921 3759 conjiciat
2967 3688 3033 3742 ad
3085 3688 3338 3742 Sardium
3397 3688 3713 3756 episcopum
3763 3706 3773 3740 :
3824 3704 3949 3739 nam
3996 3696 4057 3740 et

2479 3778 2763 3847 inscriptio
2800 3778 3041 3846 epistolre
3078 3776 3397 3845 episcopum
3421 3775 3575 3837 dicit,
3596 3784 3650 3828 et
3676 3774 3841 3828 verba
3872 3773 4057 3826 Theo-

799 3862 1186 3915 constituatur.
1222 3878 1238 3907 ι
1276 3856 1519 3910 Probant
1564 3854 1835 3923 siquidem
1867 3861 2088 3923 aperte,
2124 3868 2235 3906 non
2271 3852 2372 3905 im-

2479 3868 2655 3922 doretl
2691 3882 2817 3921 eum
2843 3908 2857 3929 ,
2886 3867 2973 3919 cui
3017 3865 3296 3928 scribitur,
3334 3880 3542 3933 magna
3589 3863 3804 3917 cuidam
3842 3863 4054 3916 civitati

802 3957 1072 4023 ploratmn
1106 3952 1366 4003 duntaxat
1396 3948 1595 4002 Leonis
1620 3946 2019 4016 patrocinium,
2062 3945 2159 4001 sed
2188 3945 2370 4014 appcl-
2479 3960 2819 4031 pmsedissc,
2855 3973 3180 4026 morumque
3218 3956 3504 4010 sanctitate
3544 3970 3609 4008 ac
3651 3952 3899 4007 doclrina
3944 3954 4061 4006 ειη-

803 4046 969 4097 latum
1007 4057 1033 4093 a
1065 4040 1412 4093 Theodoreto
1433 4038 1578 4093 sedis
1603 4037 1915 4107 apostolicae
1948 4035 2207 4089 tribunal.
2480 4052 2655 4105 fuisse
2699 4048 3038 4118 signiﬁcant;
3083 4047 3163 4100 sic
3206 4047 3352 4099 enim
3394 4060 3451 4099 se
3494 4044 3740 4097 habent;
3790 4062 3807 4093 ε
3850 4042 4061 4096 “unm-

872 4134 933 4187 γ.
969 4130 1383 4185 Observandum
1413 4131 1595 4189 tertio,
1634 4128 2039 4182 Theodoretum
2086 4140 2196 4179 non
2242 4124 2377 4179 satis
2481 4159 2542 4196 ηυ

2481 4158 2609 4196 num
2637 4156 2809 4210 genus
2836 4139 2929 4192 Dei
2957 4153 3019 4192 ac
3049 4135 3348 4191 Salvatoris
3384 4134 3556 4187 nostri
3591 4132 3763 4201 gratia
3802 4131 3951 4185 omni
3987 4146 4060 4184 ex

804 4223 972 4278 fuisse
1013 4221 1266 4275 edoctum
1311 4221 1379 4274 de
1424 4220 1588 4274 rebus
1619 4220 1953 4289 legatorum;
2001 4215 2197 4271 scribit
2228 4215 2375 4268 enim

2480 4242 2635 4304 parte
2678 4247 2788 4285 non
2833 4229 3102 4292 destituit,
3131 4226 3225 4281 sed
3272 4225 3490 4293 reliquit
3518 4224 3678 4276 nobis
3706 4238 3891 4276 semen
3925 4237 4061 4275 san-

805 4312 873 4365 ad
902 4313 1190 4371 licnatum,
1223 4310 1378 4378 quasi
1419 4310 1757 4364 interfuisset
1800 4307 2106 4364 latrocinali
2148 4305 2375 4377 synodo,
2483 4326 2725 4379 ditatem
2770 4321 3005 4383 "lamas,
3037 4335 3105 4373 ne
3141 4320 3334 4372 ﬁamus
3373 4318 3515 4370 sicut
3553 4315 3810 4377 Sodoma,
3845 4324 3900 4367 ει
3943 4312 4062 4367 ρο-

806 4418 861 4459 et
904 4406 1028 4458 inde
1064 4404 1291 4457 Romam
1331 4404 1671 4464 revertisset,
1704 4417 1829 4455 eum
1877 4410 2058 4453 tamen
2100 4414 2130 4452 a
2177 4397 2376 4459 Felice,
2484 4414 2717 4469 πηοτιιιιω
2758 4413 2964 4467 similes
2992 4426 3059 4463 ne
3092 4410 3281 4463 simus,
3326 4408 3438 4461 Hoc
3476 4422 3575 4459 nos
3613 4405 3796 4458 animo
3834 4404 4065 4472 penitus

809 4500 1068 4549 Actorum
1110 4495 1177 4548 de
1220 4494 1443 4547 nomine
1476 4494 1679 4557 Acacii,
1720 4508 1816 4546 seu
1850 4490 2112 4544 Breviarii
2155 4488 2380 4544 haeresis
2416 4550 2452 4565 Π

2416 4550 2452 4565 ..
2486 4507 2721 4561 deficere
2755 4520 2862 4557 non
2901 4503 3053 4565 sinit,
3079 4500 3174 4555 sed
3204 4499 3445 4553 molesta:
3479 4496 3818 4565 tempestatis
3848 4495 4064 4549 exitum

811 4587 1163 4657 Eutycliiana:
1190 4594 1435 4644 auctore,
1470 4584 1685 4637 dicatur
1722 4584 1776 4637 in
1813 4582 1987 4636 insula
2023 4580 2153 4635 Deio
2185 4579 2379 4635 defun-
2416 4550 2455 4602 ί)
2484 4595 2721 4667 ορρρι-ίτί
2748 4610 2850 4648 nos
2878 4593 3048 4663 jubet.
3084 4591 3197 4645 Hoc
3218 4606 3318 4644 nos
3350 4590 3402 4643 in
3434 4550 3633 4643 δοηεηξι
3659 4602 3810 4656 spem
3844 4587 4010 4656 erigi;
4050 4605 4064 4640 ε

813 4688 932 4732 ctus
957 4678 1011 4729 in
1046 4678 1129 4729 via
1160 4677 1226 4729 ad
1254 4676 1590 4744 Ephesinum
1620 4674 1934 4729 concilium.
1967 4672 2058 4727 Sic
2080 4672 2227 4726 enim
2249 4672 2382 4740 legi-
2486 4695 2770 4758 propter“,
2810 4685 2972 4737 etiam
3003 4680 3447 4750 religiosissimos
3483 4677 3834 4748 presbyteros
3880 4676 4069 4746 Hypa-

814 4779 903 4823 tur
946 4786 956 4819 :
1008 4787 1023 4817 ι
1076 4765 1447 4819 Interfnerunt
1497 4766 1663 4818 etiam
1714 4763 1902 4817 vicarii
1955 4762 2022 4816 ab
2084 4762 2381 4831 apostolica

2487 4779 2620 4830 timu
2653 4784 2708 4829 et
2742 4774 3058 4828 Abramium
3088 4770 3509 4839 chorepiscopos
3533 4808 3548 4833 ,
3582 4777 3638 4823 et
3662 4768 3914 4838 Alypium
3948 4785 4070 4821 mo-

818 4860 944 4913 sede
980 4858 1197 4917 directi,
1230 4856 1408 4911 Julius
1440 4857 1770 4910 Puteolanus
1802 4855 2110 4924 episcopus,
2139 4860 2195 4905 et
2231 4851 2382 4905 llila-
2488 4867 2787 4920 ηπιιοι-ιπη
2828 4861 2970 4931 apud
3007 4876 3108 4914 nos
3143 4859 3440 4914 emi-chum
3484 4857 3552 4911 ad
3584 4857 3927 4912 sanctitatem
3966 4873 4069 4912 γε-

820 4950 934 5001 rius
965 4947 1401 5008 archidiaconus,
1435 4946 1560 5014 quia
1595 4945 1882 5015 presbyter
1908 4944 2154 4997 Renatus
2175 4941 2229 4994 in
2251 4942 2383 4995 Delo
2490 4968 2656 5011 suam
2710 4956 2995 5016 misimus,
3046 4960 3107 5005 ιη
3168 4949 3530 5005 ωιωηῖωιεηι
3586 4948 3898 5017 damnatis,
3946 4963 4072 5016 qum

820 5039 997 5092 insula
1028 5046 1201 5091 morte
1234 5046 1559 5105 praeventus,
1591 5054 1608 5086 ι
1639 5045 1745 5089 etc.

2492 5049 2732 5105 Orientis
2772 5046 3047 5102 Ecclesias
3080 5042 3388 5112 occupavit.
3427 5061 3443 5092 ι
3485 5042 3553 5095 Et
3573 5050 3760 5111 postea
3793 5057 3806 5092 :
3840 5057 3858 5089 ‹
3900 5040 4073 5092 Decet

889 5150 1060 5217 Quem
1103 5149 1308 5203 Julium
1341 5149 1491 5201 Felix
1528 5156 1706 5211 vocat,
1737 5136 2011 5201 Jul‘ianum
2045 5146 2177 5201 Acta
2214 5146 2370 5200 latro-
2495 5156 2660 5211 porro
2693 5138 3037 5194 sanctitatem
3080 5144 3340 5195 vestram,
3386 5131 3577 5187 eadem
3620 5130 3906 5183 nobiscum
3944 5143 4077 5181 sen-

821 5241 1014 5296 etnalis
1047 5239 1238 5309 synodi
1273 5239 1560 5292 nominant
1599 5255 1610 5290 :
1650 5237 1724 5290 ibi
1763 5237 1909 5289 enim
1945 5245 2066 5304 post
2101 5234 2384 5304 praesidem
2494 5232 2691 5284 tientes
2716 5243 2813 5296 per
2835 5224 3087 5296 injuriam
3111 5222 3297 5291 pulsos
3327 5235 3435 5273 non
3459 5217 3773 5287 despicere;
3801 5216 3895 5270 sed
3920 5217 4075 5285 justo

823 5334 1141 5387 Dioscorum
1177 5347 1303 5385 mox
1344 5330 1489 5383 sedis
1526 5330 1835 5399 apostolica:
1881 5329 2090 5397 legatus
2139 5328 2387 5382 Julianus
2495 5320 2742 5375 subsidio
2798 5317 3049 5387 iniuriam
3096 5313 3433 5383 reprimere,
3478 5326 3541 5365 ac
3584 5311 3870 5364 veritatem
3926 5323 4076 5375 pra--

820 5424 1110 5493 episcopus
1166 5429 1453 5485 censetur;
1508 5434 1741 5489 cumque
1800 5428 2072 5481 censetur,
2123 5417 2386 5471 Coensem
2497 5413 2666 5466 fracte
2699 5412 3080 5479 impugnantes
3112 5406 3331 5470 docere,
3356 5418 3465 5457 non
3500 5402 3682 5457 omnia
3720 5399 3945 5468 exsequi
3978 5414 4079 5454 eos

821 5492 1078 5584 opinatur
1097 5511 1445 5578 Quemelius,
1482 5525 1645 5579 quem
1683 5509 1826 5564 Julio
1858 5508 1911 5561 in
1952 5509 2145 5561 itinere
2173 5508 2237 5559 ad
2262 5522 2393 5560 con-
2496 5518 2676 5573 posse,
2706 5501 2798 5571 qui
2827 5501 3055 5553 licenter
3080 5496 3352 5566 quidlibet
3385 5492 3604 5565 aggredi
3632 5498 3925 5546 conantur.
3964 5508 3987 5542 ι

2164 5662 2477 5717 εεῐιιτυιῑιι
2531 5659 2759 5714 NOTAE.

897 5811 939 5843 "
968 5809 1188 5864 Ctrdem.
1229 5809 1372 5862 Edit.
1418 5810 1565 5876 prior
1614 5808 1847 5862 habebat
1884 5807 2077 5861 sedem.
2156 5805 2201 5836 ⁸³
2229 5804 2410 5857 Tuam.
2452 5802 2639 5856 Potius
2677 5807 2925 5853 vestram.
2958 5808 3015 5851 ut
3052 5797 3077 5865 ξ
3109 5797 3160 5857 fi,
3209 5794 3462 5865 legimus.
