4228 6446
199 412 299 474 293

196 632 517 685 magna-quc
543 618 921 683 auctoritatis;
968 618 1072 672 fuit
1092 630 1147 674 et
1174 619 1485 675 Florentius
1510 621 1776 689 patricius

193 707 451 759 doctrina
479 716 536 760 et
561 722 775 761 morum
799 707 1110 777 integritate
1136 710 1352 773 nobilis,
1387 710 1455 763 de
1484 725 1593 778 quo
1621 719 1775 763 antea

192 797 402 850 dictum
435 807 542 851 est.

263 889 353 942 IV.
380 889 592 942 Verum
616 890 897 959 quomodo
920 894 1248 947 conveniant
1272 892 1516 961 epistolae
1543 894 1686 948 dicta
1723 895 1774 946 in

190 984 542 1051 episcopum,
587 982 681 1050 qui
730 982 1150 1038 haeresiarcham
1202 984 1483 1053 Eutychen
1522 985 1773 1046 absolvit,

192 1080 563 1140 sanctumque
592 1071 912 1126 Flavianum
953 1072 1234 1127 damnavit
1261 1073 1316 1127 in
1345 1073 1581 1128 concilio
1614 1074 1777 1128 latro-

192 1162 381 1228 cinali,
415 1162 624 1231 quique
652 1161 921 1233 indulgeri
954 1161 1059 1216 sibi
1084 1170 1191 1216 tam
1225 1163 1459 1232 grandc’
1492 1172 1774 1232 peccatum

194 1253 455 1321 poposcit
480 1251 851 1316 Chalcedone,
878 1252 1026 1323 quod
1054 1252 1183 1309 fecit
1214 1254 1552 1319 Florentius;
1592 1254 1777 1310 nullus

196 1341 380 1394 video.

266 1431 328 1484 V.
369 1430 530 1496 Quod
556 1430 601 1483 si
635 1429 761 1498 quis
791 1429 1084 1484 delendum
1116 1438 1271 1499 putet
1291 1429 1533 1500 episcopi
1577 1444 1776 1483 nomen

194 1536 257 1572 ex
294 1521 661 1590 inscriptione
685 1561 700 1585 ,
733 1521 1109 1590 scriptumque
1140 1521 1397 1591 conjiciat
1440 1521 1506 1575 ad
1553 1520 1776 1574 Floren-

195 1613 330 1665 tium
362 1612 660 1681 patricium
684 1625 795 1665 suae
814 1611 991 1666 :etatis
1027 1610 1491 1681 potentissimum,
1523 1607 1779 1664 doctissi-

197 1717 465 1771 mumque
492 1717 556 1756 ac
582 1703 1028 1771 integerrimum;
1067 1702 1291 1756 habebit
1320 1702 1632 1770 conjectura
1655 1701 1777 1769 plus

194 1792 405 1862 aliquid
458 1793 860 1861 probabilitatis
908 1802 965 1847 et
1016 1792 1387 1863 congruentia:
1433 1802 1557 1845 cum
1611 1792 1773 1847 dictis

1368 418 1459 478 DE
1500 419 1753 478 LIBRIS
1789 418 2142 484 THEODOR
2155 427 2242 486 ET
2250 429 2272 485 Ι
2285 473 2295 483 .

265 526 353 580 ill.
394 526 523 580 Fuit
564 541 694 581 vero
730 526 984 581 Sardium
1014 529 1306 598 episcopus
1335 530 1516 601 Lydiae
1544 532 1775 600 primas,
1808 534 1852 589 Α

3342 437 3444 500 294

1958 533 2067 588 VII.
2099 538 2299 593 Indicia
2330 556 2424 594 sex
2452 540 2573 605 ista,
2607 542 2710 595 nisi
2750 542 3140 599 occidentalem
3179 551 3444 615 synodum

1881 624 2278 693 demonstrent,
2321 648 2425 685 non
2450 633 2610 687 video
2654 649 2775 702 quze
2818 635 2924 689 alia
2966 647 3176 704 possunt
3220 641 3443 697 clarius.

1878 716 2030 771 Adde
2058 720 2202 787 quod
2243 736 2310 774 ex
2345 723 2574 791 epistola
2607 724 2711 778 llﬁ
2742 734 2977 788 constet.
3023 739 3238 797 optasse
3267 732 3445 787 Theo-

1876 808 2151 873 doretum,
2179 825 2397 865 causam
2425 829 2577 868 suam
2606 817 2690 885 agi
2729 816 2783 870 in
2810 817 3133 872 occidentali
3165 824 3397 877 concilio
3426 843 3439 878 :

1886 918 1902 948 ι
1954 899 2286 955 Persuadeat
2339 904 2602 958 sanctitas
2647 915 2735 959 tua
2788 908 3136 962 sanctissimo
3177 912 3445 984 archiepi-

1876 1004 2061 1058 scopo,
2094 1002 2154 1045 ut
2178 995 2476 1061 apostolica
2510 998 2838 1052 auctoritate
2871 1009 3083 1064 utatur,
3115 1009 3173 1055 et
3198 1003 3264 1056 ad
3312 1020 3442 1058 con-

1876 1079 2063 1132 cilium
2087 1090 2327 1135 vestrum
2366 1084 2618 1139 advolare
2647 1086 2945 1155 pratcipiat.
2980 1106 2998 1139 ι
3032 1088 3090 1142 ld
3119 1090 3296 1159 ipsum
3323 1106 3444 1160 pre-

1877 1168 2032 1222 cibus
2073 1170 2308 1225 Anatolii
2337 1173 2404 1226 ah
2428 1174 2759 1244 imperatore
2784 1176 3137 1235 obtenturum
3171 1197 3230 1236 se
3253 1197 3442 1252 spera-

1876 1269 2032 1313 verat
2080 1264 2241 1331 epist.
2273 1264 2415 1318 “9:
2455 1284 2471 1315 ι
2532 1266 2958 1336 Magnitudinem
3003 1278 3151 1325 tuam
3200 1272 3444 1328 obtestor

1877 1347 2019 1403 hanc
2044 1365 2073 1403 a
2097 1351 2303 1405 victore
2341 1353 2583 1424 Augusto
2624 1357 2853 1425 gratiam
2890 1364 3060 1427 petat,
3099 1370 3160 1414 ut
3200 1362 3253 1415 in
3286 1361 3442 1417 Occi-

1876 1440 2096 1494 dentem
2128 1442 2362 1506 veniam,
2397 1443 2584 1515 ibique
2605 1460 2634 1499 a
2661 1446 2771 1501 Deo
2798 1448 3135 1503 charissimis
3159 1452 3437 1507 sanctissi-

1877 1533 2089 1601 misque
2125 1532 2651 1606 cpiscopisjudicer.
2695 1556 2712 1588 ι

1945 1624 2081 1679 V'lll.
2115 1623 2239 1680 [hec
2267 1636 2450 1681 autem
2480 1628 2525 1681 si
2554 1629 2627 1682 ita
2666 1643 2723 1682 se
2753 1629 2973 1694 habent,
3004 1642 3064 1685 ut
3088 1630 3292 1687 habent
3316 1649 3443 1703 pro-

1875 1716 1963 1770 cul
1987 1715 2175 1781 dubio,
2197 1717 2375 1772 lucem
2396 1718 2632 1774 afferunt
2658 1719 2908 1775 obscuris
2932 1721 2986 1775 in
3008 1722 3239 1779 historia
3262 1741 3436 1794 qums-

1878 1809 2123 1863 tionibus
2149 1851 2162 1872 ,
2218 1819 2277 1864 ut
2312 1819 2442 1879 puta
2487 1811 2555 1866 de
2600 1812 2965 1881 appellatione
3008 1814 3334 1872 Theodoreti
3372 1819 3441 1878 ad

194 1885 786 1979 Τξπθοάοτθιία-Ϋθτυηξ
814 1884 1014 1979 Obiitan
1046 1885 1191 1955 (ιυοά
1232 1893 1304 1979 εἴ.
1328 1885 1649 1979 εθηειίιέιῖξ-
1674 1900 1774 1979 “9'
1807 1876 1845 1929 Β
1877 1916 2149 1955 summum
2185 1876 2498 1972 pontiﬁcem
2537 1913 2593 1958 et
2637 1876 2757 1975 ejus
2796 1907 3084 1976 synodum,
3108 1908 3175 1962 de
3204 1876 3442 1979 appella?

192 1976 337 2029 mine
372 1974 740 2044 compelletur
766 1974 812 2028 is
850 1973 919 2027 ad
947 1989 1112 2044 quem
1143 1973 1421 2035 scribitur,
1450 1973 1584 2027 etin
1613 1972 1774 2027 Occi-

191 2066 357 2121 dente
387 2067 608 2137 positus
639 2081 749 2119 non
782 2066 1018 2121 obscure
1059 2065 1341 2118 innuatur.
1369 2062 1612 2117 Primum
1642 2077 1773 2117 vero

190 2158 444 2211 sa-culari
496 2157 730 2220 homini,
774 2157 1005 2210 alterum
1045 2154 1279 2223 patricio
1303 2154 1771 2223 Constantinopoli

188 2250 374 2304 sedem
403 2249 655 2310 ha'benti,
686 2263 797 2301 non
826 2248 1099 2301 convenit.
1120 2247 1176 2301 Si
1216 2247 1343 2301 licet
1373 2246 1427 2299 in
1455 2262 1514 2300 re
1546 2255 1653 2299 tam
1679 2247 1772 2300 ob-

188 2356 347 2395 scura
373 2339 709 2396 sententiam
743 2338 947 2403 dicere,
988 2339 1186 2409 opinor
1220 2339 1505 2407 irrepsisse
1524 2352 1767 2392 errorem

189 2435 243 2488 in
277 2434 505 2488 titulum
527 2475 543 2497 ,
573 2440 855 2503 totamque
896 2432 1185 2502 epistolam
1222 2446 1344 2485 esse
1384 2430 1648 2485 directam
1682 2432 1768 2485 vel

188 2526 250 2580 ad
292 2527 511 2580 clerum
547 2522 1038 2593 Romanum,quod
1069 2521 1251 2575 minus
1275 2521 1558 2583 afﬁrmem,
1585 2522 1669 2576 vel
1701 2521 1766 2575 ad

186 2613 480 2683 episcopos
518 2614 778 2668 Romanae
822 2613 936 2667 sive
979 2612 1335 2666 occidentalis
1373 2612 1586 2683 synodi,
1621 2613 1767 2682 quod

188 2705 534 2773 probabilius
558 2705 792 2758 videtur.

256 2816 343 2871 Vl.
370 2818 434 2871 In
476 2818 618 2871 hanc
650 2817 965 2887 opinionem
992 2816 1195 2871 indicia
1224 2832 1319 2870 sex
1358 2832 1443 2870 me
1468 2816 1763 2871 adducunt.

190 2908 240 2960 1.
291 2905 454 2973 Quod
513 2906 896 2961 Theodoretus
943 2905 1011 2960 ad
1073 2907 1262 2975 plures
1312 2906 1549 2971 scribat;
1595 2907 1768 2960 utitur

188 2998 333 3052 enim
363 3012 586 3066 semper
623 3012 853 3051 numero
880 2995 1271 3061 multitudinis,
1305 2997 1497 3050 solitus
1527 2996 1768 3066 singula-

189 3103 274 3142 res
328 3102 731 3157 quoscunque,
782 3087 945 3141 etiam
1001 3102 1275 3140 summum
1333 3087 1668 3156 pontiﬁcem,
1713 3095 1769 3140 et

188 3183 491 3249 Augustam
510 3179 857 3233 Pulcheriam
884 3178 1146 3249 singulari
1174 3178 1395 3232 nomine
1417 3178 1762 3247 compellare.
1794 3211 1835 3267 ο

2196 3262 2211 3286 9

187 3269 341 3335 Quod
402 3279 591 3322 autem
650 3269 920 3338 interpres
968 3268 1171 3338 posuit,
1213 3270 1547 3322 sanctitatem
1596 3279 1763 3323 tuam.

192 3377 294 3415 non
327 3370 601 3416 consonat
625 3360 831 3424 Graeco,
860 3361 1128 3430 ὑμετέραν
1162 3357 1526 3429 ἁγιωσύνῃ-»⁸³
1554 3375 1567 3410 :
1604 3356 1765 3428 3&5

189 3454 657 3524 quemadmodum
677 3467 780 3506 nec
801 3452 944 3521 quod
961 3452 1206 3515 dixit,vir
1220 3453 1562 3514 sanctissime;
1584 3449 1767 3504 Gnece

194 3548 339 3600 enim
395 3546 603 3616 legitur
664 3543 975 3609 ἁγιώτατοι.
1019 3543 1071 3596 2.
1118 3542 1273 3609 Quod
1336 3543 1519 3611 plures
1557 3542 1654 3603 illi,
1700 3541 1765 3593 ad

189 3655 324 3709 quos
355 3639 650 3699 scribitur,
688 3636 867 3689 forent
898 3633 1328 3689 Occidentalium
1374 3634 1637 3703 partium;
1671 3648 1769 3701 op-

187 3730 341 3799 ponit
383 3727 661 3796 siquidem
705 3723 1095 3779 Orientalibus.
1139 3722 1191 3776 5.
1253 3722 1405 3788 Quod
1453 3722 1638 3790 plures
1690 3720 1766 3776 illi

188 3837 408 3891 quoque
431 3817 811 3873 Occidentales
849 3814 1053 3870 fuerint
1084 3813 1355 3883 episc0pi;
1401 3821 1762 3882 prseterquam

186 3911 329 3980 quod
374 3910 529 3964 cnim
566 3908 620 3961 id
669 3907 862 3963 titulus
902 3906 1127 3968 indicat,
1164 3904 1503 3958 demonstrat
1545 3904 1766 3971 insuper

185 4018 286 4055 vox
337 4000 644 4054 sanctitatis
688 4006 892 4060 vestrm,
937 3997 1160 4051 tertium
1211 3994 1475 4049 adhibita.
1513 3995 1565 4047 4.
1609 3993 1763 4060 Quod

184 4093 434 4164 episcopi
467 4092 558 4146 isti
586 4107 695 4146 non
725 4089 1027 4145 defecerint
1069 4104 1097 4142 a
1149 4088 1274 4151 ﬁde,
1302 4086 1540 4141 Orientis
1574 4087 1763 4141 Eccle-

185 4186 279 4240 siis
318 4197 674 4237 communem
708 4180 1071 4235 calamitatem
1107 4177 1298 4246 passis,
1329 4185 1489 4244 atque
1537 4176 1610 4229 ita
1637 4174 1764 4228 inde

185 4293 310 4345 spes
356 4274 531 4328 fuerit
582 4270 936 4326 restituendae
964 4270 1044 4323 rei
1079 4288 1092 4322 :
1128 4288 1145 4320 ι
1181 4269 1276 4322 Dei
1321 4268 1495 4338 gratia
1540 4266 1765 4335 reliquit

186 4368 347 4421 nobis
378 4379 573 4419 semen
612 4362 956 4417 sanctitatem
989 4368 1224 4415 vestram
1248 4400 1261 4422 ,
1287 4375 1357 4413 ne
1392 4358 1584 4412 ﬁamus
1622 4358 1764 4412 sicut

186 4455 448 4517 Sodoma,
490 4473 509 4503 ι
539 4459 645 4505 etc.
676 4451 729 4505 5.
772 4449 927 4515 Quod
956 4456 1116 4502 tantae
1147 4448 1223 4501 illi
1257 4447 1435 4501 forent
1462 4446 1760 4499 auctorita-

1876 1991 2041 2046 tionis
2070 1992 2253 2055 modo,
2282 1993 2348 2047 de
2369 1993 2593 2062 judiciis
2629 2009 2965 2051 summorum
3005 2000 3322 2069 pontiﬁcum
3347 2000 3438 2059 illa

1872 2089 2216 2152 tempestate,
2241 2091 2348 2138 etc.

2068 2199 2310 2270 Epistola
2341 2200 2462 2266 118,
2496 2218 2563 2255 aa
2588 2201 3013 2255 archidiaconum
3035 2200 3234 2257 Roma.

1939 2312 1979 2366 1.
2010 2313 2267 2383 Ejusdem
2310 2315 2572 2385 temporis
2609 2322 2770 2385 atque
2820 2313 3127 2383 argumenti
3157 2330 3282 2369 cum
3313 2317 3434 2373 116.

1868 2402 2130 2469 Queritur
2157 2406 2302 2460 enim
2339 2406 2534 2461 factam
2564 2406 2667 2461 sibi
2712 2406 2971 2477 injuriam
3012 2408 3233 2479 Ephesi,
3260 2420 3438 2481 rogat-

1869 2511 1975 2565 que
2018 2511 2169 2551 suam
2209 2506 2265 2551 et
2309 2498 2678 2553 Ecclesiarum
2723 2514 2940 2553 causam
2984 2500 3125 2569 apud
3160 2517 3435 2556 summum

1869 2586 2179 2655 pontiﬁcem
2212 2587 2543 2656 promoveri.

1938 2678 2004 2733 ll.
2048 2678 2182 2744 Quis
2231 2688 2413 2732 autem
2457 2679 2547 2733 ille
2596 2679 3050 2735 archidiaconus?
3091 2679 3331 2745 Hilarus,
3365 2695 3435 2736 an

1867 2770 2049 2823 alter?
2074 2771 2260 2824 Hilaro
2294 2778 2442 2825 certe
2477 2786 2586 2824 non
2616 2770 2908 2826 admodum
2935 2772 3286 2838 conveniunt,
3316 2788 3438 2843 qua:

1867 2860 2148 2914 dicuntur.
2180 2861 2564 2915 Verumtamen
2602 2859 2721 2914 ﬁeri
2756 2862 2956 2931 potuit,
2990 2864 3137 2931 quod
3164 2862 3221 2915 in
3242 2878 3437 2932 repen-

1868 2949 2001 3004 tinis
2029 2948 2246 3004 casibus
2282 2951 2440 3015 solet,
2473 2959 2534 3004 ut
2564 2950 2962 3016 Theodoretus,
2990 2967 3115 3007 cum
3148 2952 3432 3016 scriberet,

1867 3040 2109 3094 nandum
2146 3040 2277 3094 satis
2297 3040 2524 3095 edoctus
2551 3039 2716 3095 fuerit
2742 3040 2808 3095 de
2842 3041 3005 3096 rebus
3035 3042 3104 3095 ab
3140 3043 3323 3096 llilaro
3346 3059 3432 3113 ge-

1869 3133 1966 3187 stis
2017 3132 2239 3201 Ephesi,
2282 3130 2726 3201 quandoquidem
2779 3132 2990 3187 Renato
3048 3133 3275 3196 tribuit,
3311 3149 3437 3203 qua:

2333 3221 2553 3276 sciverit
2586 3230 2765 3275 tamen
2790 3230 2969 3285 antea,
2993 3232 3193 3292 quanta
3219 3223 3436 3277 Hilarus

1866 3314 2097 3382 polleret
2129 3315 2314 3367 Romae
2343 3313 2821 3377 auctoritate,tum
2856 3323 3083 3382 propter
3117 3313 3435 3385 dignitatem

1867 3404 2029 3475 346
2060 3404 2468 3469 archidiaconi,
2495 3406 2651 3474 cujus
2700 3414 2817 3458 erat
2856 3419 3046 3458 causas
3086 3420 3276 3475 agere;
3318 3413 3435 3459 tum

1867 3504 2091 3565 propter
2113 3496 2482 3565 praestantiam
2507 3496 2634 3561 viri,
2658 3496 2752 3566 qui
2784 3496 2981 3551 merito
3018 3505 3204 3566 postea
3228 3497 3435 3551 electus

1866 3599 1950 3642 est
1977 3588 2029 3641 in
2065 3588 2264 3643 Leonis
2295 3603 2705 3643 successorem:
2739 3602 2907 3656 quare
2938 3603 3066 3643 suas
3107 3588 3209 3658 ipsi
3245 3604 3437 3658 preces

1866 3677 2082 3730 obtulit.

1866 3789 2107 3860 Epistola
2144 3791 2262 3855 119,
2296 3790 2657 3860 deprecatoria
2689 3790 2759 3843 ad
2794 3789 3101 3843 Anatolium
3133 3791 3432 3860 patricium.

1934 3904 1975 3958 l.
2016 3904 2221 3958 Eodem
2268 3913 2534 3973 tempore,
2567 3918 2691 3957 cum
2728 3903 2971 3958 nondum
3003 3920 3255 3974 egressus
3294 3906 3436 3961 foret

1862 3996 2021 4067 Cyro,
2062 3997 2157 4049 sed
2210 3996 2512 4066 ejiciendus
2559 3996 2894 4050 crederetur.
2944 4015 2964 4047 ‹
3014 3997 3139 4051 Haec
3190 4008 3251 4052 ut
3288 4013 3436 4054 nunc

1863 4088 2183 4149 scriberem,
2226 4103 2292 4141 eo
2338 4103 2457 4141 sum
2500 4087 2745 4151 adactus,
2792 4086 2936 4156 quod
2973 4094 3034 4140 ut
3078 4086 3209 4141 hinc
3237 4088 3433 4158 jubear

1862 4178 2035 4235 abire.
2063 4178 2241 4231 moliri
2272 4175 2536 4245 quosdam
2562 4176 2931 4245 cognoverim.
2966 4193 2982 4224 ›

1932 4268 1996 4322 ll.
2033 4267 2291 4332 Queritur
2312 4266 2379 4327 ⁸³,
2408 4280 2466 4318 se
2510 4273 2698 4318 contra
2743 4266 2834 4333 jus
2876 4264 3066 4332 fasque
3098 4264 3430 4333 depositum,

1862 4356 2228 4425 eﬁlagitatquc
2256 4355 2696 4416 lamentabiliter,
2722 4354 2827 4407 sibi
2862 4353 2930 4406 ab
2960 4354 3287 4422 imperatore
3313 4352 3431 4408 ﬁeri

1864 4448 2181 4501 alterutram
2202 4454 2548 4513 potestatem,
2580 4453 2675 4498 aut
2704 4444 2769 4497 ad
2796 4444 3067 4511 judicium
3099 4444 3269 4498 sancti
3293 4443 3437 4499 Leo-

186 4550 274 4610 tis,
315 4567 332 4597 ι
373 4555 437 4599 ut
470 4551 694 4614 possent
716 4540 990 4609 depellere
1014 4538 1257 4593 Orientis
1281 4537 1648 4591 Ecrlesiarum
1672 4552 1761 4589 ca—
1794 4544 1835 4597 ι)
1862 4539 1949 4592 nis
1974 4538 2177 4592 eundi:
2214 4556 2231 4588 ι
2270 4537 2692 4606 Magnitudinem
2741 4546 2886 4588 tuam
2920 4535 3185 4599 obtestor,
3213 4535 3356 4589 hanc
3401 4552 3435 4590 τι

183 4640 514 4697 lamitatem,
550 4640 796 4688 exortam
829 4630 1060 4684 hzeresin
1109 4628 1452 4698 proscribere
1477 4668 1491 4691 ,
1528 4643 1625 4682 eos
1664 4627 1757 4696 qui

184 4726 582 4786 incarnationis
603 4724 907 4780 doctrinam
932 4724 1241 4777 adulterare
1262 4721 1377 4775 ausi
1410 4728 1557 4784 sunt,
1573 4730 1759 4790 aperte

184 4820 545 4887 redarguere,
576 4814 793 4866 illorum
846 4811 938 4881 qui
988 4811 1205 4880 pietatis
1258 4825 1422 4864 causa
1472 4817 1756 4872 vexantur,

184 4906 556 4978 patrocinium
571 4911 629 4958 et
653 4901 1024 4956 defensionem
1058 4900 1357 4970 suscipere,
1385 4915 1482 4968 per
1506 4899 1759 4969 injuriam

184 4997 373 5066 pulsos
406 5008 523 5046 non
571 4990 855 5060 despicere
879 5029 893 5053 ,
921 4989 1017 5043 sed
1056 4990 1203 5058 justo
1229 4987 1476 5043 subsidio
1509 4988 1761 5056 injuriam

185 5087 513 5155 reprimere,
544 5096 610 5137 ac
636 5080 920 5135 veritatem
947 5078 1231 5148 praefracte
1260 5079 1642 5148 impugnantes
1666 5078 1763 5132 do-

185 5194 331 5241 cere,
377 5192 492 5231 non
539 5178 721 5230 omnia
771 5190 867 5230 eos
914 5187 1073 5243 posse
1113 5170 1357 5239 exsequi,
1402 5170 1496 5237 qui
1535 5170 1763 5223 licenter

184 5269 462 5339 quidlibet
491 5266 714 5339 aggredi
742 5274 1029 5322 conantur.
1067 5282 1084 5315 ι
1125 5261 1180 5316 6.
1216 5261 1370 5329 Quod
1401 5260 1468 5314 ad
1495 5276 1589 5315 eos
1611 5261 1760 5314 missi

184 5362 294 5414 sint
347 5355 629 5425 legatiur
676 5352 1134 5425 Religiosissimos
1180 5350 1534 5422 presbyteros
1584 5347 1757 5419 Hypa-

186 5445 321 5497 tium
355 5451 415 5498 et
445 5440 764 5496 Abramium
807 5441 1251 5510 chorepiscopos,
1276 5448 1332 5493 et
1363 5438 1614 5510 Alypium
1649 5453 1764 5491 mo-

185 5536 492 5589 nachorum
521 5534 664 5603 apud
711 5550 811 5587 nos
855 5533 1151 5588 exarchum
1188 5530 1255 5586 ad
1302 5531 1645 5585 sanctitatem
1674 5544 1766 5583 ve-

186 5638 355 5683 stram
383 5627 659 5682 misimus.
694 5645 713 5677 ›

1864 4628 2069 4681 victore
2112 4626 2355 4694 Angusto
2401 4630 2553 4692 petat
2598 4622 2847 4693 gratiam,
2876 4630 2934 4675 ut
2976 4622 3032 4675 in
3080 4622 3433 4678 Occidentem

1864 4720 2100 4780 veniam,
2137 4717 2323 4784 ibique
2362 4730 2391 4769 a
2435 4713 2547 4767 Deo
2594 4712 2931 4766 charissimis
2964 4713 3434 4782 sanctissimisque

1864 4808 2137 4879 episcopis
2179 4804 2433 4877 judicer:
2466 4819 2530 4857 ac
2565 4804 2609 4857 si
2652 4803 2738 4879 vel
2769 4802 3058 4858 minimum
3090 4808 3154 4858 a'
3182 4803 3306 4858 ﬁdei
3343 4820 3433 4859 re-

1865 4901 1987 4970 gula
2036 4896 2326 4952 deflectere
2369 4894 2576 4957 videar,
2616 4894 2671 4947 in
2713 4892 2957 4948 medium
2999 4893 3167 4948 maris
3213 4891 3437 4962 profun-

1867 4989 1995 5043 dum
2039 4986 2293 5056 dejiciar;
2333 5005 2351 5036 ι
2410 4992 2505 5037 aut
2558 4983 2611 5036 in
2651 4985 3045 5039 monasterium
3103 4981 3435 5037 secedendi:

1874 5099 1892 5131 ί
1930 5078 2085 5145 Quod
2106 5078 2151 5131 si
2182 5077 2268 5130 his
2297 5075 2554 5145 precibus
2577 5072 2774 5128 vestris
2821 5092 2931 5129 non
2971 5073 3162 5139 cedet,
3187 5072 3435 5126 habitare

1869 5187 1956 5226 me
2000 5170 2193 5224 saltem
2232 5167 2421 5237 jubeat
2462 5165 2515 5218 in
2544 5168 2878 5220 monasterio
2905 5173 3113 5229 nostro,
3139 5161 3283 5233 quod
3310 5161 3435 5230 qui-

1864 5263 1988 5317 dem
2012 5277 2042 5316 a
2060 5261 2337 5333 Cyrestiea
2366 5257 2695 5314 milliaribus
2716 5260 2871 5315 abest
2900 5267 3119 5313 centum
3142 5264 3197 5310 et
3219 5254 3435 5325 viginti,

1863 5353 1932 5407 ab
1968 5352 2311 5407 Antiochena
2355 5349 2598 5419 quinque
2627 5359 2686 5407 et
2711 5348 3082 5421 septuaginta;
3130 5346 3307 5401 tribus
3333 5362 3434 5400 au--

1864 5452 1972 5498 tem
1996 5442 2327 5496 milliaribus
2351 5440 2516 5495 distat
2538 5441 2602 5497 ab
2637 5443 2771 5498 urbe
2803 5440 3096 5511 Apameae.
3138 5457 3154 5489 ι

1935 5534 2022 5588 Ill.
2048 5531 2483 5596 Observandum,
2524 5534 2671 5602 quod
2714 5534 2789 5589 ait
2829 5531 2897 5585 de
2935 5545 3037 5586 suo
3081 5528 3433 5588 monasterio.

1866 5627 2024 5695 cujus
2048 5626 2212 5679 situm
2245 5622 2510 5678 describit
2540 5643 2554 5679 :
2587 5625 2713 5679 inde
2741 5623 2890 5679 enim
2916 5623 3124 5694 liquet,
3151 5620 3207 5675 in
3244 5634 3436 5675 mona-

1528 5756 1845 5814 SCHULZII
1884 5757 2113 5813 NOTAE.

254 5858 302 5891 ⁸⁵
491 5856 629 5912 solet
658 5855 937 5925 ἁγιότητα.
978 5852 1101 5909 Vid.
1135 5863 1174 5908 t.
1205 5852 1292 5918 IV,
1325 5867 1379 5921 p.
1410 5850 1562 5905 1199.
1637 5851 1683 5882 ⁸⁸
1712 5850 1835 5904 Vid.
1863 5865 1922 5904 su

610 5863 629 5909 t
658 5855 937 5925 ἁγιότητα.
978 5852 1101 5909 Vid.
1135 5863 1174 5908 t.
1205 5852 1292 5918 IV,
1325 5867 1379 5921 p.
1410 5850 1562 5905 1199.
1637 5851 1683 5882 ⁸⁸
1712 5850 1835 5904 Vid.
1863 5865 2045 5919 supra,
2074 5864 2127 5919 p.
2162 5848 2279 5903 185.
