4228 6446
745 410 847 469 295

749 617 874 663 rent
901 616 1155 677 parentes
1182 625 1194 659 :
1217 622 1341 660 cum
1368 615 1550 661 autem
1577 605 1863 666 vixissent.
1904 605 1957 658 in
1989 606 2329 674 Apamenum

749 701 965 755 venisse
990 740 1004 763 ,
1033 699 1127 754 sed
1178 709 1493 753 revocatum
1528 698 1583 750 in
1617 697 2087 767 priorem'loeum,
2113 698 2333 766 quando

751 792 980 845 allectus
999 799 1084 845 est
1125 792 1194 845 ah
1232 788 1543 844 Alexandro
1565 790 1824 858 episcopo
1850 788 1905 841 in
1931 788 2331 842 Antiochenum

751 884 978 937 clerum.

917 995 1160 1065 Epistula
1189 995 1305 1061 I20,
1329 996 1682 1050 consolatoria
1724 993 1793 1047 ad
1830 992 2156 1064 Lupicinum.

823 1111 864 1166 1.
902 1111 1105 1166 Eodem
1137 1122 1383 1182 tempore
1411 1118 1466 1165 et
1498 1111 1688 1165 eadem
1718 1108 2027 1162 occasione.

822 1205 887 1258 Η.
921 1206 1353 1260 Emendavimus
1389 1206 1743 1274 seriptioncm
1771 1246 1783 1267 ,
1826 1220 1945 1272 qum
1974 1203 2135 1271 vulgo
2172 1201 2332 1255 habet

754 1296 1042 1365 Lupicium
1075 1316 1086 1352 :
1119 1314 1185 1352 ex
1230 1297 1505 1368 adjunctis
1549 1297 1695 1349 enim
1742 1305 1989 1363 apertum
2036 1300 2141 1356 est,
2185 1308 2334 1353 eum,

754 1388 821 1441 ad
852 1406 1012 1457 quem
1061 1391 1343 1452 scribitur,
1370 1405 1480 1442 non
1523 1404 1643 1442 esse
1678 1388 1863 1447 alium,
1905 1402 2067 1453 quam
2099 1385 2185 1437 cui
2213 1384 2337 1438 data

753 1488 837 1532 est
884 1482 1115 1550 epistola
1154 1482 1260 1545 90;
1304 1497 1467 1550 quant
1510 1480 1667 1541 vide,
1702 1488 1759 1531 ut
1798 1480 1863 1532 dc.
1900 1479 2169 1547 Lupicino
2202 1476 2335 1529 edo-

754 1573 951 1626 cearis.

828 1666 915 1719 ΙΙΙ.
941 1665 1359 1719 Observandum
1398 1675 1602 1729 autem,
1635 1664 1780 1734 quod
1808 1663 2108 1732 Lupicinus
2134 1660 2336 1714 dicitur

759 1753 1097 1807 alumnarum
1139 1756 1345 1825 pietatis
1377 1755 1638 1823 princeps,
1673 1753 1724 1805 id
1756 1764 1861 1812 est,
1892 1750 2128 1819 partium
2155 1748 2335 1801 Theo-

758 1846 935 1901 doreti
976 1846 1271 1898 studiosus.

968 1957 1204 2028 Epistola
1241 1957 1360 2023 121,
1395 1958 1462 2010 ad
1490 1957 1794 2011 Anatolium
1836 1955 2137 2026 patricium.

826 2073 869 2127 l.
895 2074 1025 2127 Data
1047 2082 1131 2127 est
1154 2074 1317 2141 paulo
1354 2081 1476 2142 post
1510 2073 1798 2142 epistolam
1843 2072 1962 2134 119,
1989 2085 2113 2124 cum
2141 2083 2340 2137 nempe

754 2164 864 2232 jam
905 2163 1206 2231 accepisset
1237 2162 1639 2231 antigraphum,
1674 2170 1768 2215 aut
1799 2162 2060 2214 Actorum
2106 2158 2338 2227 Ephesi-

758 2270 978 2317 norum,
1017 2262 1110 2307 aut
1151 2253 1343 2308 saltem
1382 2253 1717 2314 litterarum,
1744 2253 1857 2307 sive
1891 2267 2027 2321 quas
2056 2250 2337 2309 Flaviano,

760 2343 874 2399 sive
899 2359 1034 2413 quas
1060 2343 1261 2412 Ephesi
1287 2342 1631 2413 congregatis
1657 2342 1931 2411 episcopis
1973 2348 2194 2394 sanctus
2230 2337 2341 2390 Leo

761 2435 1074 2503 scripserat.
1100 2434 1415 2487 Gratulatus
1453 2435 1598 2488 enim
1649 2433 1750 2487 sibi
1796 2432 2060 2487 doctrina:
2107 2446 2340 2485 conscn~

761 2528 971 2580 sionem
1017 2542 1140 2580 cum
1189 2536 1378 2580 sancto
1423 2525 1638 2588 Leone,
1674 2541 1835 2595 quem
1860 2524 2025 2595 facem
2053 2524 2343 2576 maximam

762 2622 917 2672 totius
941 2620 1076 2672 orbis
1104 2628 1371 2672 terrarum
1394 2628 1551 2672 vocat
1575 2659 1589 2681 ,
1626 2618 1912 2672 continere
1949 2632 2069 2671 sese
2096 2631 2206 2668 non
2246 2630 2342 2684 po-

766 2710 887 2773 luit,
910 2711 1042 2778 quin
1074 2710 1200 2762 inde
1228 2709 1372 2779 apud
1399 2709 1635 2764 amicum
1674 2708 2119 2778 potentissimum
2154 2708 2341 2776 apolo-

763 2800 905 2867 giam
942 2800 1045 2853 sibi
1081 2800 1400 2864 conﬁceret,
1430 2816 1660 2869 eamque
1686 2799 1832 2853 omni
1873 2795 2223 2853 accusatione
2254 2812 2345 2849 su-

765 2892 1079 2960 periorem,
1141 2892 1184 2945 si
1250 2892 1415 2947 modo
1468 2892 1784 2947 conferatur
1847 2892 2078 2961 epistola
2145 2894 2342 2945 summi

767 2981 1040 3050 pontiﬁcis
1071 2998 1193 3035 cum
1221 2982 1338 3045 his,
1367 2997 1486 3051 quae
1522 2981 1807 3035 Anatolius
1849 2982 1963 3050 ipse
1997 2979 2344 3034 Thcodoreto
2392 3039 2395 3043 _

767 3073 1060 3126 conciones
1087 3073 1322 3126 habente
1350 3071 1650 3125 audivisset
1676 3070 1741 3125 ⁸⁸.

834 3163 898 3217 ll.
944 3164 1297 3218 Obscrvanda
1338 3163 1641 3235 ὀρθοδοξίας
1682 3162 1999 3233 plenissima
2028 3159 2297 3231 professio
2327 3178 2341 3213 :
2373 3193 2413 3250 Ο

773 3276 789 3306 ‹
826 3255 955 3321 Qute
978 3272 1006 3308 a
1032 3256 1235 3309 sanctis
1260 3255 1542 3324 beatisquc
1580 3254 1860 3324 prophetis
1893 3262 1948 3307 et
1985 3252 2263 3322 apostolis,
2290 3262 2346 3305 et

764 3346 923 3416 347
956 3345 1022 3398 ab
1047 3345 1134 3407 iis,
1166 3344 1256 3413 qui
1286 3344 1549 3413 postillos
1579 3343 1935 3414 Evangelium
1958 3341 2341 3411 prtedicarunt,

764 3451 994 3504 quaeque
1042 3450 1073 3488 a
1107 3434 1312 3489 sanctis
1354 3433 1610 3487 Patribus
1638 3432 1829 3487 Niczete
1859 3431 2201 3502 congregatis
2237 3438 2346 3484 tra-

767 3528 877 3581 dita
913 3534 1059 3589 sunt,
1097 3526 1286 3579 eadem
1320 3525 1373 3577 in
1401 3524 1486 3578 his
1510 3524 1710 3578 litteris
1733 3523 1876 3578 nacti
1911 3538 2120 3586 sumus,
2146 3521 2347 3591 quibus

766 3626 822 3672 et.
857 3632 957 3670 nos
1002 3617 1254 3669 insistere
1289 3614 1632 3684 proﬁtemur,
1668 3624 1725 3668 et
1755 3629 1872 3677 eos,
1903 3613 1995 3682 qui
2036 3612 2104 3666 ab
2133 3612 2219 3666 his
2259 3612 2345 3665 di-

766 3722 925 3761 versa
958 3704 1222 3767 sentiunt,
1255 3704 1553 3773 impietatis
1586 3704 1927 3758 damnamus.
1964 3722 1981 3753 ›

837 3800 927 3853 111.
968 3798 1075 3852 Sed
1116 3796 1519 3850 observandum
1553 3797 1719 3850 etiam
1751 3795 2031 3848 silentium
2066 3794 2133 3848 de
2162 3792 2344 3863 Ephe-

768 3894 887 3947 sina
942 3893 1149 3962 synodo
1193 3889 1568 3951 meumeniea,
1604 3887 1659 3940 in
1706 3902 1812 3955 qua
1858 3885 2147 3939 Nestorius
2182 3897 2346 3954 atque

767 3983 930 4036 etiam
958 3982 1281 4035 Theodorus
1306 3981 1363 4034 in
1394 3994 1495 4033 suo
1527 3977 1773 4049 symbolo
1804 3976 2093 4030 damnatus
2118 3986 2220 4031 est.

874 4108 1111 4179 Epistola
1150 4109 1250 4161 122
1292 4106 1510 4179 (³1125,
1545 4106 1836 4179 familiares
1872 4106 1940 4158 ad
1983 4104 2239 4161 Uranium

1282 4178 1578 4247 episwpum
1607 4176 1830 4228 Emesw.

841 4292 877 4344 1.
911 4290 1114 4344 Scribit
1157 4306 1186 4343 e
1219 4304 1458 4347 secessu,
1490 4288 1544 4340 in
1581 4303 1742 4356 quem
1782 4302 1841 4341 se
1868 4298 2169 4357 receperat,
2206 4287 2346 4358 Cyre

769 4384 960 4452 pulsus
1007 4400 1019 4433 :
1079 4397 1247 4449 quare
1294 4380 1524 4448 epistola
1576 4380 1727 4447 prior
1766 4380 1985 4432 videtur
2034 4379 2158 4433 data
2200 4381 2344 4434 circa

771 4474 933 4527 ﬁnem
962 4472 1088 4523 anni
1116 4472 1237 4533 149,
1271 4468 1542 4537 posterior
1578 4467 1732 4519 initio
1762 4467 2059 4534 sequentis.

842 4563 904 4616 ll.
953 4561 1301 4615 Observanda
1351 4560 1465 4613 hcce
1506 4558 1828 4627 posterioris
1879 4557 2046 4611 verba
2093 4576 2104 4609 :
2161 4577 2179 4607 ι
2230 4557 2344 4612 Hoc

771 4654 992 4723 quidem
1019 4692 1032 4714 ,
1063 4652 1283 4704 domine
1309 4691 1323 4713 ,
1361 4650 1439 4705 sic
1468 4650 1667 4702 habeto
1688 4689 1700 4711 ,
1732 4650 1964 4702 aliorum
1999 4665 2085 4702 me
2125 4650 2235 4702 Deo
2258 4648 2343 4702 di-

771 4743 1193 4799 lectissimorum
1235 4742 1618 4811 episcoporum
1658 4740 1901 4807 eulogias
1930 4739 1996 4792 ad
2039 4755 2123 4792 me
2154 4740 2345 4795 missas

770 4852 880 4890 non
914 4826 1187 4903 accepisse
1217 4851 1229 4885 :
1267 4848 1375 4886 non
1427 4830 1572 4900 quod
1607 4846 1702 4885 eos
1743 4831 1837 4899 qui
1886 4830 2186 4895 miserant,
2216 4845 2347 4884 con-

771 4937 1095 4988 temnerem,
1134 4924 1307 4978 absit!
1342 4923 1437 4976 sed
1474 4923 1618 4991 quod
1646 4923 2017 4975 necessarium
2043 4923 2247 4976 victum
2277 4923 2345 4977 ab

769 5034 838 5073 eo
874 5018 1083 5070 interea
1109 5031 1380 5083 sumerem
1409 5055 1424 5077 ,
1455 5015 1548 5083 qui
1580 5014 1728 5066 hunc
1754 5014 1918 5065 etiam
1961 5014 2141 5067 corvis
2166 5014 2344 5068 abun-

770 5110 967 5162 danter
1011 5108 1340 5177 suppeditat.
1386 5105 1526 5174 Erga
1561 5118 1692 5157 vero
1738 5114 1883 5155 tuam
1928 5104 2187 5172 pietatem
2239 5106 2342 5159 tale

769 5195 904 5251 nihil
949 5195 1231 5265 egizvicit
1272 5194 1416 5247 enim
1466 5208 1654 5245 revera
1713 5191 1997 5244 eharitatis
2050 5193 2234 5255 ardor,
2290 5194 2342 5245 id

770 5288 906 5357 quod
954 5289 1078 5340 milii
1141 5286 1343 5339 tamdiu
1390 5284 1711 5353 propositum
1770 5282 2032 5350 fuerat“.
2073 5301 2090 5332 ›
2136 5283 2213 5335 Ex
2258 5284 2344 5338 his

767 5381 914 5435 enim
949 5389 1180 5443 constat,
1210 5379 1616 5433 Theodoretum
1650 5376 1733 5428 vel
1767 5384 1991 5429 exutum
2019 5390 2138 5428 esse
2164 5374 2340 5438 bonis,

767 5487 890 5524 cum
920 5476 1062 5541 Cyro
1092 5471 1481 5539 expelleretur,
1508 5468 1594 5522 vel
1631 5467 1829 5537 spretis
1852 5466 2069 5534 penitus
2091 5466 2345 5521 omnibus

764 5563 831 5615 ad
862 5569 1253 5616 monasterium
1275 5577 1332 5615 se
1357 5559 1677 5615 contulisse.

1880 404 2256 464 GABNERII
2298 406 2793 465 DISSERTATH‘;
2835 410 2914 469 ll.

747 518 915 571 sterio
955 516 1211 586 Euprcpii
1254 514 1567 568 exercuisse
1605 529 1661 567 sc
1698 514 1980 581 primum,
2014 515 2145 567 dum
2178 515 2329 568 vive-
2364 524 2404 577 Α

3907 404 4022 472 296

2506 518 2593 570 III.
2628 518 2862 572 [Frauius
2892 534 3052 588 porro
3080 519 3288 572 Emesa:
3320 517 3374 572 in
3401 515 3679 573 Pba’nicia
3706 518 4024 574 Liba'nititle

2433 610 2725 679 episcopus
2780 610 2882 663 sub
2934 610 3266 665 Damasceno
3319 612 3703 681 metropolita,
3769 612 4027 665 interfuit

2434 701 2655 769 utrique
2681 701 2891 770 judicio
2917 699 2983 753 de
3006 702 3127 754 lba:
3154 702 3281 772 Tyri
3314 717 3534 771 nempe,
3565 718 3756 755 mense
3782 702 4029 756 Februa-

2435 792 2537 855 rio,
2569 803 2625 847 et
2650 794 2851 865 Beryti,
2889 808 3078 847 mense
3104 794 3415 863 Septembri
3443 810 3586 846 anno
3609 795 3729 848 418.
3771 795 4030 849 Interfuit

2434 894 2491 939 et
2522 886 2756 939 concilio
2785 885 3217 940 Chalcedonensi
3248 900 3392 938 anno
3413 887 3536 949 451,
3562 894 3617 939 et
3650 887 3925 955 synodicae
3951 885 4025 938 ad

2438 976 2677 1029 Leonem
2714 968 3097 1046 imperatorem
3121 976 3448 1045 subscripsit
3474 992 3619 1030 anno
3642 976 3763 1030 458.

2437 1116 2677 1186 Epistola
2712 1115 2844 1180 124,
2880 1115 3165 1184 familiaris
3197 1116 3266 1168 ad
3307 1114 3590 1170 Marauam
3630 1115 4023 1170 scholasticam.

2508 1249 2724 1320 Scripta
2754 1260 2837 1306 est
2869 1266 2899 1304 e
2930 1251 3071 1314 loco,
3101 1251 3153 1305 in
3196 1267 3359 1320 quem
3398 1251 3719 1321 confugerat
3758 1252 4029 1321 expulsus

2437 1342 2597 1413 Cyro,
2623 1350 2678 1396 et
2697 1343 2790 1395 ubi
2826 1343 2980 1396 iratis
3008 1343 3341 1398 adversariis
3374 1342 3678 1404 fruebatur,
3705 1341 3899 1411 procul
3932 1352 4027 1396 tu-

2439 1433 2721 1485 multibus.
2747 1431 2820 1485 De
2848 1430 3063 1485 Marana
3086 1432 3293 1486 dictum
3312 1438 3396 1485 est
3428 1431 3495 1484 ad
3529 1431 3814 1499 epistolam
3843 1430 3932 1484 67.

2441 1554 2697 1643 Epistola
2721 1572 2843 1635 125,
2880 1571 3178 1641 dogmatica
3216 1571 3285 1691 at:
3316 1572 3691 1641 magistratum
3733 1568 4029 1640 Zeugmate

3100 1657 3257 1691 aeren
3288 1657 3360 1691 es.

3099 1657 3360 1711 gerentes.

2510 1778 2549 1830 l.
2594 1776 2822 1845 Scripsit
2871 1775 3255 1830 Theodoretus
3307 1790 3375 1828 ex
3416 1775 3609 1829 eodem
3660 1775 3801 1839 loco,
3852 1774 4027 1843 idque

2370 1859 2412 1913 Β
2440 1867 2569 1922 inde
2594 1875 2827 1928 constat,
2872 1864 3041 1935 quod,
3081 1874 3144 1919 ut
3185 1866 3474 1929 scriberet,
3498 1874 3717 1936 rogatus
3740 1866 3810 1920 sit
3835 1866 3907 1920 ab
3936 1881 4032 1919 ar-

2441 1958 2827 2020 ehimandrita,
2856 1957 2949 2026 qui
2975 1957 3268 2027 Zeugmate
3301 1957 3368 2009 ad
3396 1958 3572 2027 ipsum
3599 1966 3823 2011 venerat
3860 1957 4031 2027 longo

2442 2051 2636 2104 itinere
2670 2067 2682 2101 :
2716 2064 2825 2102 non
2876 2048 3070 2102 fuisset
3120 2055 3305 2101 autem
3350 2048 3456 2102 iter
3482 2048 3640 2103 valde
3679 2048 3925 2119 longum,
3974 2050 4030 2103 si

2443 2152 2573 2196 tunc
2620 2142 2744 2211 Cyri
2797 2140 3165 2203 constitisset;
3209 2138 3314 2193 fuit
3347 2154 3518 2201 vero,
3562 2140 3607 2194 si
3653 2155 3826 2210 prope
3881 2140 4035 2210 Apa—

2442 2248 2615 2287 meam
2645 2250 2657 2285 :
2688 2232 2743 2285 in
2780 2231 3049 2286 alterutro
3084 2239 3269 2285 autem
3318 2231 3633 2285 constitisse
3664 2246 3885 2287 necesse
3916 2243 4028 2287 est.

2512 2325 2578 2378 ll.
2602 2322 2955 2378 Observanda
2979 2336 3148 2391 porro
3176 2330 3369 2376 exacta
3391 2322 3662 2392 dogmatis
3684 2322 3752 2377 de
3773 2323 4035 2377 incarna-

2446 2415 2593 2469 tione
2623 2414 2915 2484 expositio,
2937 2413 3042 2467 nisi
3066 2412 3213 2482 quod
3240 2411 3309 2467 de
3333 2412 3523 2465 ὲνὼσει
3549 2412 3670 2466 καθ’
3701 2413 4029 2480 ὑπόστασιν,

2445 2526 2540 2563 seu
2571 2511 2796 2578 φυσικῇ,
2825 2516 2991 2562 tacet.

2578 2654 2592 2669 '
2624 2645 2864 2714 Epistula
2898 2647 3018 2710 126,
3055 2648 3415 2729 increpatoria
3448 2647 3520 2702 ad
3541 2645 3895 2703 Sabinianum

3079 2734 3402 2788 episcopum.

2516 2857 2556 2908 1.
2586 2855 2708 2909 Hch
2736 2853 2900 2909 etiam
2924 2869 2990 2908 ex
3023 2851 3219 2907 eodem
3244 2852 3366 2906 loco
3393 2852 3520 2908 data
3555 2861 3639 2908 est
3663 2869 3807 2908 anno
3828 2852 3954 2909 450.

2516 2948 2580 3001 ll.
2609 2945 2940 3001 Sabinianus
2979 2960 3103 2998 cum
3130 2944 3452 2999 Perrhensis
3479 2944 3737 2999 Ecclesia:
3761 2943 3945 2997 sedem
3974 2944 4037 2999 in

2448 3038 2721 3108 Ephesina
2752 3035 2995 3091 Dioscori
3029 3035 3238 3105 synodo
3267 3035 3559 3099 amisisset,
3575 3044 3881 3090 tentaverat
3905 3051 4037 3089 eam

2450 3130 2717 3185 redimere
2740 3129 2945 3198 abiecta
2971 3128 3205 3197 quadam
3237 3128 3321 3181 vel
3348 3143 3511 3197 prece
3530 3128 3614 3182 vel
3639 3128 3944 3182 meonomia
3963 3127 4034 3179 ⁸⁸.

2446 3222 2639 3291 Arguit
2670 3230 2967 3275 tentantem
2999 3218 3163 3289 35.8
3190 3218 3574 3274 Theodoretus
3600 3261 3613 3283 ,
3638 3236 3873 3289 cumque
3901 3235 4035 3273 eum

2448 3312 2753 3367 induxisset
2778 3312 3053 3368 dicentem
3087 3332 3099 3366 :
3134 3333 3152 3364 ‹
3186 3311 3327 3379 Quid
3359 3312 3525 3382 igitur
3554 3312 3699 3365 facto
3737 3328 3877 3382 opus
3921 3322 4034 3376 est,

2449 3403 2517 3457 iis
2540 3404 2634 3472 qui
2674 3403 2775 3456 ista
2800 3401 3185 3457 detestantur?
3217 3422 3234 3453 ι
3274 3403 3547 3473 (dogmata
3576 3402 3787 3457 scilicet
3816 3401 3883 3455 de
3924 3416 4038 3456 una

2448 3502 2643 3548 natura
2678 3502 2735 3548 et
2767 3494 2880 3549 Deo
2920 3495 3102 3566 passo)
3121 3475 3146 3559 ;⁵
3178 3494 3471 3564 respondet
3510 3492 3878 3563 praestandum
3911 3508 4039 3548 esse

2456 3604 2473 3636 ι
2510 3586 2742 3640 duorum
2795 3586 3028 3640 alterum
3065 3604 3078 3639 :
3109 3600 3326 3655 nempe,
3358 3594 3420 3639 ut
3458 3592 3554 3639 aut
3594 3584 3779 3654 potius
3808 3599 4037 3637 manum

2447 3685 2758 3740 conserant,
2801 3683 2858 3744 et
2908 3675 3222 3745 dogmatum
3268 3674 3564 3729 falsitatem
3614 3673 3887 3737 refellant,
3937 3683 4043 3727 aut-

2446 3768 2657 3838 fugiant
2684 3778 2942 3835 tanquam
2973 3776 3163 3836 aperte
3188 3766 3480 3835 impiorum
3503 3764 3974 3819 communionem.
4009 3783 4029 3814 ι

2516 3858 2603 3912 111.
2639 3856 2942 3921 Sabiniani,
2966 3863 3256 3926 postquam
3282 3855 3419 3909 dixit
3440 3854 3729 3909 anathema
3752 3853 4034 3917 Nestorio,

2447 3964 2611 4005 causa
2633 3948 2898 4003 adversus
2926 3947 3286 4001 Athanasium
3320 3946 3387 4001 de
3412 3946 3540 4000 sede
3571 3944 3899 4000 Perrhensis
3924 3943 4036 3997 Ec-

2448 4040 2626 4095 clesiae
2665 4055 2763 4109 per
2792 4046 2959 4091 totam
3009 4037 3276 4091 decimam
3314 4044 3566 4107 quartam
3604 4035 3826 4090 concilii
3862 4033 4033 4088 Chal-

2447 4130 2772 4184 cedonensis
2798 4129 3067 4183 actionem
3095 4128 3297 4196 agitata
3327 4136 3429 4181 est.

2450 4269 2688 4339 Epistula
2736 4268 2855 4328 127,
2896 4264 3252 4339 gratulatoria
3296 4264 3620 4339 adlabium
3670 4264 4033 4334 presbyterum

2946 4345 2993 4388 et
3026 4335 3522 4389 archimandritam.

2517 4474 2556 4527 l.
2607 4472 2921 4525 Gratulatur
2950 4471 3108 4524 Jobio
3148 4470 3215 4523 de
3260 4485 3524 4539 generosa
3566 4467 3805 4537 pietatis,
3834 4467 3890 4521 id
3920 4477 4031 4532 est,

2450 4562 2681 4616 duarum
2709 4570 3027 4614 naturarum
3063 4559 3404 4613 defensione.

2520 4653 2583 4706 ll.
2615 4652 2748 4718 Quis
2776 4651 2940 4706 fuerit
2982 4667 3149 4706 senex
3183 4652 3302 4713 ille,
3343 4660 3400 4705 et
3444 4651 3532 4706 cui
3568 4651 3811 4705 mandm
3838 4648 4034 4719 praefe-

2450 4752 2592 4807 ctus,
2632 4745 2902 4797 incertum
2932 4743 3066 4796 mihi
3104 4752 3224 4797 est:
3253 4758 3432 4812 neque
3460 4743 3608 4797 enim
3637 4741 3778 4795 ratio
3810 4750 4037 4809 tempo-

2450 4852 2571 4889 rum
2600 4834 2750 4898 sinit,
2789 4846 2847 4888 ut
2879 4835 3096 4889 dicatur
3134 4850 3254 4890 esse
3291 4835 3486 4890 Jobius
3515 4835 3627 4898 ille,
3657 4848 3819 4904 quem
3844 4833 4037 4887 laudat

2450 4924 2699 4986 Photius,
2745 4922 3020 4992 traditque
3060 4922 3322 4977 adversus
3352 4922 3620 4977 Severum
3666 4922 3734 4976 de
3776 4921 4038 4974 incarna-

2450 5017 2599 5070 tione
2623 5016 2929 5085 scripsisse.

2519 5106 2609 5161 lll.
2655 5107 2787 5160 Data
2831 5113 2917 5160 est
2967 5106 3197 5175 epistola
3247 5115 3373 5160 ante
3413 5103 3766 5160 latrocinium
3797 5102 4038 5171 Ephesir

2449 5210 2603 5259 num,
2630 5210 2740 5263 quo
2777 5203 3021 5264 tempore
3060 5193 3412 5249 detinebatur
3444 5194 3591 5266 Cyri.
3632 5212 3649 5245 ‹
3686 5191 4034 5261 Amplexari,

2445 5285 2658 5355 inquit,
2687 5284 3213 5339 vcnerandissimam
3261 5285 3519 5339 canitiem
3557 5292 3733 5346 tuam,
3762 5281 3860 5337 sed
3901 5281 4035 5350 quia

2446 5378 2549 5431 hoc
2586 5376 2765 5431 facere
2798 5391 3010 5446 nequeo
3036 5418 3050 5441 ,
3079 5393 3145 5432 eo
3184 5377 3329 5447 quod
3374 5380 3635 5449 pietatem
3676 5385 3824 5430 tuam
3880 5373 4033 5427 domi

2446 5479 2700 5523 senectus
2752 5471 2989 5535 retinet;
3042 5485 3128 5524 me
3179 5484 3312 5523 vero
3372 5468 3459 5523 lex
3523 5468 3668 5538 regia
3720 5467 3811 5521 hic
3875 5478 4036 5518 coer-

2448 5569 2555 5623 cet,
2590 5579 2607 5609 ›
2640 5568 2747 5613 etc.

2097 5670 2408 5726 SCHULZII
2452 5671 2680 5726 ΝΟΤᾸΕ.

834 5765 879 5840 [⁵
912 5764 1031 5819 \‘id.
1083 5782 1266 5837 supra,
1304 5784 1422 5838 pag.
1473 5767 1592 5822 188.
1669 5768 1712 5799 ⁸⁷
1739 5767 1837 5821 Ed.
1874 5767 2046 5835 prior,
2080 5766 2132 5818 id
2192 5766 2328 5835 quod
2370 5767 2492 5819 mihi
2531 5767 2850 5840 propositum
2892 5770 3103 5821 tandem
3146 5767 3342 5835 fuerat.
3420 5765 3464 5797 ⁸⁸
3512 5763 3634 5819 Vid.
3683 5776 3869 5831 supra,
3904 5777 4030 5833 pag.

769 5833 885 5889 187.
