4228 6446
194 421 289 483 997

1365 413 1463 473 ΒΕ
1500 408 1754 469 LIBHIS
1789 406 2272 466 THEODORETI
2285 454 2295 464 .

3336 413 3445 478 998

200 536 431 611 Epistola
473 534 608 598 128,
638 535 933 611 hortator-ia
978 532 1047 585 ad
1072 530 1377 611 _C_andidum
1422 524 1778 596 presbyterum
1808 522 1850 577 Α
1880 530 2125 611 atrorum
2157 517 2454 574 sententias
2479 532 2575 573 eas
2621 518 2767 589 ipsas
2804 533 2942 584 esse,
2971 535 3092 591 que
3131 528 3187 575 et
3206 528 3447 583 secundo

685 615 736 659 et
768 603 1266 658 arcltimandritam.

259 724 539 777 Videntur
580 720 752 791 magis
796 717 1027 774 indicari
1071 725 1318 785 tempora
1359 712 1542 783 priora
1566 708 1773 780 synodo

194 814 626 874 Chalcedonensi
648 855 662 877 ,
689 827 853 881 quam
897 806 1309 878 consequentia.
1332 803 1468 870 Quis
1509 800 1599 856 ille
1634 799 1776 854 Can-

195 903 353 957 didus
382 904 591 963 fuerit,
618 903 862 972 ignotum
886 911 1010 955 est:
1037 900 1187 953 hunc
1221 898 1472 950 hortatur
1503 893 1572 946 ad
1614 907 1775 945 oran-

195 995 317 1048 dum
343 1009 453 1063 pro
476 992 700 1063 pietatis
727 990 1132 1053 defensoribus,
1161 988 1215 1043 id
1247 996 1350 1050 est,
1376 987 1511 1041 suis.

194 1104 437 1175 Epistola
484 1100 1022 1175 129,_ea:hortatoria
1061 1100 1130 1175 ad
1168 1099 1421 1175 Magnum
1452 1097 1772 1151 Antoninum

506 1173 867 1243 presbyterum
896 1180 946 1224 et
977 1171 1469 1225 archimandritam.

255 1289 296 1342 1.
327 1286 485 1342 Idem
513 1285 801 1341 ferendum
836 1284 903 1338 de
934 1284 1037 1338 hac
1062 1281 1350 1353 judicium,
1386 1294 1449 1334 ac
1471 1279 1539 1333 de
1568 1292 1773 1348 praece-

193 1383 373 1438 dente.
411 1379 832 1437 Observandum
854 1394 1008 1442 vero,
1045 1384 1250 1447 quanta
1272 1373 1551 1445 diligentia
1582 1386 1773 1425 mona-

192 1476 489 1531 steriorum
538 1473 836 1526 amicitiam
876 1468 1259 1524 Theodoretus
1297 1465 1535 1529 foveret;
1570 1470 1773 1531 quanta

191 1567 436 1620 vicissim
473 1564 545 1617 ab
583 1564 652 1617 iis
679 1562 1028 1616 observantia
1051 1553 1353 1617 coleretur.

258 1657 322 1711 Ii.
365 1656 496 1710 Fuit
537 1654 624 1708 his
654 1653 993 1723 temporibus
1023 1650 1257 1705 celebris
1292 1647 1513 1718 quidam
1540 1646 1772 1700 Antoni-

192 1766 313 1813 nus,
347 1750 513 1818 cujus
540 1747 787 1800 meminit
814 1753 1067 1813 tanquam
1094 1741 1408 1797 exsistentis
1448 1738 1590 1792 inter
1621 1738 1776 1790 vivos

1875 606 2143 663 Eranistm
2166 607 2403 678 dialogo,
2431 618 2487 663 et
2510 609 2710 664 litteris
2729 610 2901 665 sancti
2923 610 3121 666 Leonis
3143 614 3449 683 subjunca

1874 711 2023 757 sunt.

1876 812 2117 882 Epistola
2150 813 2242 867 l5l
2274 855 2288 877 ,
2319 813 2665 867 eucharistica
2694 815 2765 867 ad
2817 813 3111 884 Longinum
3149 820 3447 873 archiman—

2401 885 2601 937 dritam
2642 884 2901 939 Doliches.
3256 912 3259 917 ‹

1948 998 1986 1051 l.
2029 997 2191 1051 Missa
2219 1006 2306 1051 est
2343 1012 2469 1051 cum
2514 997 2817 1064 superiore,
2856 1012 2925 1050 ex
2952 996 3150 1051 eodem
3190 999 3331 1063 loco,
3380 1003 3448 1056 ad

1875 1087 2122 1142 eamdem
2147 1088 2447 1143 civitatein.

1946 1180 2009 1233 ll.
2058 1181 2135 1233 De
2188 1180 2433 1251 Longino
2487 1182 2623 1235 nihil
2652 1182 2943 1240 admodum
2981 1197 3322 1255 compertum
3344 1199 3446 1255 est,

1876 1270 1980 1325 nisi
2002 1271 2145 1341 quod
2160 1271 2226 1325 ad
2243 1272 2650 1328 Theodoretum
2664 1276 3021 1332 invisendum
3038 1280 3297 1335 diaconos
3310 1282 3451 1337 duos

1877 1366 2109 1426 miserit,
2132 1367 2389 1437 quodque
2402 1368 2623 1437 pietatis
2650 1369 2833 1423 studio
2854 1379 2908 1425 et
2926 1372 3213 1426 sanctitate
3234 1388 3447 1427 morum

1875 1457 2130 1512 eluserit.

1880 1565 2119 1636 Epistola
2158 1568 2279 1631 152,
2309 1571 2663 1624 consolatoria
2698 1572 2767 1625 ad
2809 1573 2959 1626 Ibam
2996 1575 3210 1631 Edessw
3255 1578 3451 1647 episco-

2589 1658 2735 1710 pum.

1948 1750 2098 1805 [ΕΣ
2128 1750 2321 1805 eodem
2366 1752 2509 1816 loco,
2542 1752 2608 1807 ad
2670 1754 2841 1818 Ibam,
2897 1756 3015 1825 pari
3070 1773 3255 1813 secum
3309 1760 3448 1817 forte

193 1840 583 1895 Theodoretus
616 1854 737 1908 cap.
767 1838 866 1891 25l
914 1836 1163 1891 Historia:
1192 1833 1448 1904 religiosa:
1477 1849 1492 1885 :
1527 1831 1620 1884 sed
1647 1829 1776 1884 soli-
1810 1860 1849 1913 Β

1810 1860 1849 1913 Β
1879 1842 2190 1910 depositum
2228 1844 2281 1896 in
2314 1844 2551 1897 concilio
2572 1845 2821 1900 Dioscori
2858 1865 2870 1900 :
2907 1858 3139 1920 uterque
3166 1854 3312 1907 enim
3357 1857 3449 1910 ab-

192 1933 364 1986 tarius
408 1932 581 1986 fuisse
625 1930 866 1994 videtur,
899 1945 1009 1983 non
1049 1929 1179 1981 item
1222 1922 1655 1979 archimandrita
1691 1922 1773 1974 vel

192 2025 506 2095 presbyter,
549 2022 655 2078 nisi
682 2022 859 2076 factus
880 2021 949 2075 sit
987 2028 1109 2090 post
1137 2032 1342 2074 annum
1373 2016 1497 2080 445,
1534 2030 1644 2085 quo
1676 2014 1775 2068 Hi-

189 2118 352 2171 storia
380 2115 637 2186 religiosa
660 2114 966 2183 composita
989 2120 1091 2166 est.

192 2229 437 2302 Epistula
478 2228 599 2293 150,
626 2228 924 2299 dogmatica
967 2226 1035 2280 ad
1081 2226 1405 2281 Timotheum
1452 2227 1769 2297 episcopum.

257 2345 299 2399 l.
334 2344 556 2415 Scripta
596 2357 742 2397 anno
764 2341 867 2395 450
890 2356 954 2394 ex
993 2339 1115 2393 loco
1139 2337 1338 2403 exsilii,
1373 2336 1425 2391 id
1457 2344 1562 2401 est,
1594 2352 1623 2391 e
1655 2351 1773 2390 mo-

190 2438 436 2493 nasterio
465 2436 647 2490 tribus
686 2432 1014 2488 milliaribus
1039 2430 1275 2485 distante
1303 2446 1333 2483 a
1368 2429 1590 2483 civitate
1630 2429 1773 2497 Apa-

193 2544 371 2583 mena.

258 2623 324 2677 Il.
367 2620 698 2676 Timotheus
738 2618 829 2673 ille
865 2617 970 2671 fuit
995 2615 1287 2686 episcopus
1327 2612 1621 2668 Doliches:
1655 2625 1775 2679 quae

191 2714 386 2768 civitas
414 2713 472 2766 in
502 2708 865 2779 Euphratesia
889 2705 1190 2778 provincia,
1221 2720 1333 2759 non
1363 2702 1554 2772 procul
1582 2717 1609 2755 a
1634 2700 1773 2755 civi-

193 2820 299 2863 tate
336 2807 521 2879 Cyro,
550 2804 652 2859 sub
684 2802 878 2865 eadem
912 2799 1204 2869 metropoli
1231 2839 1245 2864 ,
1282 2798 1545 2851 nimirum
1577 2794 1772 2849 Hiera-

192 2901 322 2971 poli.
348 2897 611 2954 Interfuit
636 2895 874 2951 concilio
896 2890 1351 2948 Cbalcedonensi.

259 2991 350 3047 lli.
382 2990 627 3045 Petierat
647 3029 661 3053 ,
686 3000 748 3042 ut
776 2985 1004 3040 ardebat
1029 2981 1213 3037 studio
1237 2975 1566 3035 defendendi
1593 2990 1774 3049 partes

192 3083 573 3144 Theodoreti,
614 3096 751 3150 quas
784 3078 1006 3133 nomine
1052 3073 1274 3145 pietatis
1314 3072 1579 3135 vocabat,
1605 3069 1771 3125 scribi

192 3176 335 3240 sibi,
388 3191 641 3246 quamam
689 3172 752 3225 de
791 3170 1019 3224 salutari
1071 3166 1311 3239 passione
1364 3164 1650 3235 prwdicare
1692 3162 1773 3215 vel

191 3273 386 3325 sentire
427 3272 687 3338 oporteat.
724 3264 855 3318 Erat
882 3263 1029 3316 enim
1070 3269 1201 3315 tunc
1230 3257 1493 3327 temporis
1516 3271 1579 3311 ea
1617 3255 1772 3325 quasi

194 3376 409 3417 summa
439 3356 862 3428 disputationis,
886 3353 1227 3421 formulaque
1261 3348 1424 3420 35,9
1454 3347 1577 3401 fidei
1602 3388 1612 3409 ,
1637 3347 1773 3399 Deus

193 3468 398 3522 passas.
442 3447 721 3503 Rescribit
764 3444 1147 3500 Theodoretus
1171 3482 1185 3505 ,
1218 3441 1293 3495 ita
1334 3447 1394 3492 ut
1426 3454 1492 3492 ex
1523 3437 1772 3493 Eranista

192 3557 447 3613 magnam
489 3539 691 3608 dialogi
733 3535 962 3591 secundi
1012 3541 1225 3603 partem
1248 3530 1339 3615 .in
1386 3527 1772 3599 compendium

191 3632 510 3687 contrahat.

261 3723 351 3777 Π.
381 3717 739 3776 Observanda
803 3716 991 3777 verba,
1043 3713 1249 3784 quibus
1290 3726 1431 3781 pene
1498 3708 1774 3763 clauditur

192 3813 429 3884 epistola
463 3829 475 3864 :
513 3830 531 3861 ι
572 3811 676 3864 Ista
702 3824 804 3878 ego
833 3822 981 3861 nunc
1012 3803 1340 3873 compendio
1388 3802 1624 3864 dictavi;
1651 3800 1773 3853 misi

192 3914 401 3970 autem,
418 3913 474 3957 et
492 3916 658 3970 quam
684 3915 863 3969 nuper
886 3898 1214 3967 scripseram
1237 3896 1454 3950 hortatu
1476 3892 1773 3962 religiosis-

192 3996 315 4049 simi
342 3992 792 4061 sanctissimique
817 3989 1057 4044 hominis
1102 3988 1195 4043 Dei
1231 3987 1518 4042 Domini...
1548 3986 1771 4039 brevem

194 4087 628 4149 institutionem,
659 4100 781 4154 quae
827 4092 883 4138 et
922 4084 1038 4153 ipsa
1093 4081 1326 4136 sutiiciat
1373 4080 1439 4134 ad
1471 4077 1773 4133 docendam

190 4178 628 4250 apostolicorum
678 4175 994 4246 dogmatum
1026 4173 1336 4228 veritatem.
1369 4170 1523 4238 Quod
1555 4169 1598 4225 si
1628 4169 1777 4223 calli-

188 4271 467 4340 graphum
497 4276 691 4322 nactus
724 4267 902 4330 fuero,
948 4266 1161 4319 mittam
1207 4262 1480 4318 sanctitati
1538 4271 1643 4314 tute
1687 4258 1776 4312 illa

189 4367 385 4426 etiam,
412 4376 539 4431 qua:
574 4360 776 4431 dialogi
809 4375 959 4413 more
1021 4373 1119 4428 per
1162 4357 1643 4426 interrogationem
1723 4364 1779 4408 et

190 4453 618 4525 responsionem
658 4450 981 4519 conscripsi,
1016 4444 1329 4503 Orationem
1381 4448 1599 4518 longius
1647 4465 1776 4520 pro-

1878 1946 2004 1983 sens
2041 1930 2333 1985 damnatus
2369 1941 2472 1997 est,
2499 1949 2624 1988 cum
2644 1936 3029 1993 Theodoretus
3058 1940 3204 2012 Cyri,
3239 1945 3361 2000 ibas
3394 1948 3448 2002 in

1876 2022 2075 2075 exsilio
2094 2032 2447 2078 versaretur:
2494 2025 2584 2080 ille
2621 2026 2973 2096 imperatoris
3015 2032 3292 2099 mandato,
3344 2036 3447 2093 iste

1878 2114 2140 2185 Eutychis
2164 2125 2222 2171 et
2243 2115 2568 2187 Cbrysaphii
2596 2119 2828 2174 artibus.

1946 2207 2012 2260 ll.
2071 2207 2318 2261 Videnda
2360 2223 2519 2263 nonae
2567 2218 2624 2264 et
2674 2211 2902 2269 decimae
2952 2217 3187 2273 actionis
3225 2222 3446 2277 concilii

1874 2298 2339 2355 Chalcedonensis
2370 2302 2525 2361 Acta.
2553 2303 2756 2370 quibus
2803 2308 3118 2363 continetur
3145 2318 3257 2365 tota
3311 2314 3449 2367 κατὰ

1881 2392 2044 2462 μέρος
2077 2392 2185 2447 Iba:
2214 2408 2397 2447 causa.

1875 2505 2116 2577 Epistola
2149 2506 2270 2570 155,
2328 2508 2616 2595 familiaris
2658 2513 2728 2564 ad
2786 2512 3044 2569 Joannem
3104 2516 3449 2575 Germanicia:

2496 2598 2815 2651 cptswpum.

1944 2689 1984 2743 Ι.
2029 2690 2161 2744 Data
2181 2701 2265 2746 est
2288 2693 2390 2746 sub
2417 2692 2580 2746 ﬁnem
2605 2695 2733 2750 anni
2761 2696 2886 2750 M9.

1946 2782 2377 2843 ll.Invitaverat‘
2395 2772 2807 2842 Theodoretum
2853 2786 3095 2846 Joannes
3159 2792 3448 2848 Germani-

1875 2873 2039 2939 ciam,
2065 2874 2219 2929 velut
2253 2875 2305 2928 in
2336 2875 2516 2929 locum
2553 2875 2771 2948 refugii,
2792 2892 2915 2934 eum
2949 2883 3316 2952 expelleretur
3346 2885 3449 2952 Cv-

1876 2981 1937 3020 ro
1961 2983 1975 3031 ;
2010 2966 2099 3021 ille
2126 2966 2264 3020 actis
2288 2967 2481 3037 gratiis
2506 2947 2809 3024 rescribite
2831 2947 3056 3044 Cyrensi
3081 2976 3236 3041 urbe,
3266 2992 3324 3031 se
3350 2947 3447 3032 ea-

1873 3065 2119 3128 spectare
2139 3068 2469 3129 praeceptum
2494 3059 2838 3128 imperatoris
2875 3062 2942 3117 de
2979 3064 3100 3120 loco
3131 3066 3340 3134 exsilii;
3394 3068 3449 3123 id

1876 3150 2022 3203 enim
2052 3150 2256 3204 litteris
2279 3150 2345 3205 ad
2373 3150 2681 3205 Anatolium
2710 3153 2850 3208 datis
2907 3156 3207 3226 expetierat
3240 3176 3253 3211 :
3296 3178 3314 3210 ι
3370 3161 3448 3216 De

1880 3248 2065 3294 nostra
2126 3240 2306 3295 istbuc
2359 3241 2696 3312 profectione
2729 3244 2972 3300 scribere
3024 3247 3160 3302 nihil
3201 3265 3445 3319 possum.

1877 3331 2198 3403 priusquam
2250 3348 2598 3403 cognoscam,
2656 3335 2789 3404 quid
2829 3335 2896 3389 de
2948 3339 3106 3392 nobis
3128 3342 3449 3411 przeceperit

1875 3423 2154 3493 piissimus
2196 3423 2514 3493 imperator.
2548 3444 2564 3474 ι
2976 3440 2979 3443 ·

1946 3514 2108 3584 350
2140 3514 2228 3568 ill.
2262 3515 2436 3584 Hujus
2468 3515 2710 3583 epistolre
2733 3517 3068 3572 mentionem
3100 3518 3229 3573 facit
3282 3519 3336 3573 in
3364 3521 3445 3574 al-

1881 3614 1996 3659 tera
2032 3607 2193 3675 paulo
2220 3615 2341 3675 post
2368 3606 2490 3661 data
2526 3606 2571 3638 ⁸⁹
2607 3626 2620 3660 :
2686 3627 2703 3657 ‹
2763 3608 2845 3663 Ad
2894 3609 3106 3679 priores
3144 3614 3449 3667 sanctitatis

1879 3704 1986 3751 tute
2024 3692 2234 3750 litteras
2296 3697 2575 3765 rescripsi,
2643 3712 2769 3751 cum
2816 3697 3056 3767 primum
3118 3704 3342 3771 accepi;
3378 3702 3447 3756 de

1878 3788 2131 3857 praesenti
2154 3796 2359 3851 autem,
2397 3806 2413 3838 ›
2441 3797 2547 3841 etc.

1880 3901 2117 3973 Epistola
2156 3901 2288 3965 154,
2347 3903 2745 3986 exprobratoria
2781 3904 2848 3957 ad
2886 3904 2927 3958 Τ
2926 3906 3233 3960 Ιιεοσιὶδιιιηι
3256 3906 3449 3963 Bera'ae

2503 3990 2813 4043 eptscopum.

1949 4086 1991 4141 l.
2018 4086 2475 4155 Expressissimus
2518 4088 2779 4157 temporis
2809 4088 3115 4144 character.
3150 4110 3168 4141 ‹
3201 4092 3449 4146 Proscri-

1878 4189 2031 4250 ptum
2069 4187 2171 4241 est,
2218 4178 2397 4248 inquit
2418 4179 2819 4243 Theodoretus,
2860 4181 3084 4237 haeresis
3118 4199 3271 4239 nova:
3300 4201 3453 4240 men-

1879 4272 2118 4332 dacium,
2149 4270 2547 4324 et'divinorum
2590 4272 3008 4341 Evangeliorum
3043 4274 3247 4328 veritas
3270 4276 3448 4345 palam

1880 4364 2225 4433 praedicatur.
2270 4379 2286 4411 ι
2321 4359 2550 4426 Quando
2583 4377 2779 4430 nempe
2813 4362 3124 4417 Theodosio
3169 4365 3281 4419 vita
3325 4364 3446 4421 fun~

1880 4462 1988 4517 cto,
2027 4451 2316 4530 imperium
2342 4450 2648 4505 Marcianus
2667 4460 2722 4505 et
2749 4452 3037 4507 Pulcheria
3066 4464 3448 4525 susceperunt,

188 4545 428 4607 ducens,
456 4553 515 4598 et
535 4543 757 4596 Patrum
816 4539 1079 4595 doctrinis
1132 4546 1321 4593 nostra
1376 4540 1777 4596 communiens.
1810 4561 1855 4617 ι)
1885 4559 2005 4598 mox
2042 4542 2331 4613 Eutychen
2374 4542 2428 4595 in
2463 4542 2714 4596 exsilium
2741 4543 2885 4613 ejici,
2920 4546 3162 4599 revocari
3194 4545 3451 4605 Theodo-

188 4637 307 4692 Misi
342 4644 535 4689 autem
567 4648 715 4688 nunc
738 4633 904 4686 etiam
939 4646 1141 4699 paucas
1174 4640 1421 4685 veterum
1482 4633 1773 4702 magistro-

188 4743 309 4781 rum
334 4725 664 4788 sententias,
716 4739 838 4793 quae
856 4723 990 4777 satis
1025 4729 1153 4776 sunt
1186 4720 1253 4775 ad
1301 4721 1605 4775 doctrinam
1655 4723 1776 4776 illo—

185 4832 311 4872 rum
345 4817 576 4871 Patrum
599 4812 1099 4869 demonstrandam.
1149 4830 1165 4861 ι

231 4909 324 4981 πη.
361 4908 501 4963 Inde
527 4906 885 4976 intelligimus
915 4924 927 4959 :
959 4906 1007 4960 l.
1065 4906 1473 4961 lnstitutionem
1525 4907 1770 4971 brevem,

187 4999 255 5054 de
285 5014 402 5069 qua
440 4997 536 5053 hic
567 5012 749 5051 sermo
772 5004 877 5060 est,
912 5011 1022 5050 non
1053 4996 1279 5052 differre
1332 5014 1361 5052 a
1397 4998 1625 5069 scripto,
1676 5015 1775 5053 cu-

182 5090 273 5159 jus
300 5086 521 5141 mentio
546 5085 603 5139 flt
638 5086 695 5139 in
722 5086 888 5155 epist,
915 5085 1017 5141 109
1073 5086 1141 5139 ad
1193 5087 1492 5141 Eusebium
1552 5088 1776 5160 Ancyrae

184 5180 539 5249 episcOpum.
562 5177 616 5230 2.
648 5178 1003 5247 Episcopum,
1030 5180 1185 5248 cujus
1213 5194 1414 5233 nomen
1440 5180 1529 5235 hic
1557 5179 1775 5235 deside—

188 5281 372 5334 ratur,
406 5284 532 5324 esse
553 5269 877 5332 Eusebium,
917 5284 1080 5338 quem
1109 5285 1230 5322 mox
1259 5269 1500 5325 laudavi.
1541 5276 1598 5328 ὅ.
1646 5271 1775 5325 Dia-

186 5364 347 5433 logos
378 5361 620 5429 scriptos
641 5375 759 5415 esse
788 5369 913 5415 ante
934 5361 1230 5415 concilium
1257 5362 1274 5376 ‘
1298 5362 1773 5429 Cltalcedoncnse,

188 5455 303 5509 imo
334 5461 397 5508 et
449 5453 613 5522 longe
662 5462 788 5506 ante
834 5453 1175 5522 Ephesinum
1222 5455 1547 5520 secundum,
1610 5465 1773 5526 atque

188 5544 329 5598 adeo
347 5554 480 5597 ante
513 5542 773 5611 scriptam
812 5558 842 5598 a
889 5553 1078 5598 sancto
1128 5544 1311 5599 Leone
1357 5544 1423 5599 ad
1453 5546 1799 5600 Flavianum‘

185 5637 488 5707 epistolam
507 5635 891 5705 dogmaticam.
925 5636 977 5689 4.
1026 5617 1241 5690 Ῥαυολε
1293 5644 1543 5691 veterum
1595 5638 1768 5701 magi-

1884 4645 2084 4698 retum,
2119 4633 2519 4704 Chrysapbium
2564 4633 2803 4688 interimi
2840 4636 3145 4703 jusserunt.
3186 4636 3241 4691 id
3272 4638 3451 4693 conti-

1882 4725 1959 4794 git
2002 4724 2105 4778 sub
2138 4730 2461 4777 autumnum
2497 4723 2625 4775 anni
2673 4723 2813 4787 450;
2856 4738 2967 4792 quo
3012 4739 3155 4778 anno
3194 4724 3451 4779 Theodo-

1884 4815 1998 4869 sius
2036 4813 2175 4868 obiit
2212 4812 2301 4867 die
2342 4812 2412 4866 29
2470 4812 2620 4878 Julii,
2669 4813 2977 4869 Marcianus
3014 4814 3315 4885 imperator
3361 4833 3450 4871 re-

1884 4904 2169 4959 nuntiatus
2191 4911 2276 4958 est
2295 4902 2384 4957 die
2417 4903 2487 4958 25
2515 4903 2768 4974 Augusti.

1950 4997 2015 5051 ll.
2046 4995 2419 5057 Theoctistus,
2448 4995 2517 5049 de
2548 5011 2658 5065 quo
2700 4997 2908 5051 dictum
2950 5005 3035 5051 est
3062 4998 3134 5052 ad
3165 4999 3451 5069 epistolam

1882 5088 1951 5143 52
1970 5096 2027 5142 et
2061 5088 2148 5148 75.
2196 5102 2305 5143 non
2351 5087 2692 5142 sanctissime
2727 5088 3116 5143 observaverat
3136 5090 3285 5158 leges
3312 5092 3451 5144 ami-

1884 5181 2026 5235 citia:
2076 5180 2344 5235 adversus
2375 5178 2784 5234 Tbeodoretum
2839 5180 2982 5251 Cyro
3040 5182 3447 5251 pulsum:cum

1880 5273 2027 5327 enim
2066 5279 2213 5327 esset
2244 5271 2433 5325 Berma
2476 5270 2620 5341 Cyro
2662 5271 2930 5339 proxima,
2975 5271 3235 5325 afﬂictum
3271 5287 3451 5340 neque

1880 5366 2098 5434 opibus,
2137 5365 2249 5418 imo
2286 5378 2389 5417 nec
2422 5362 2643 5424 litteris,
2682 5362 2888 5417 solatus
2919 5362 3117 5417 fuerat.
3157 5382 3175 5414 ι
3215 5362 3270 5417 Si
3318 5378 3448 5418 cru-

1880 5454 2161 5511 delitatem
2215 5455 2372 5509 istam
2432 5454 2607 5507 secuti
2664 5467 2855 5506 onmes
2908 5464 3113 5516 essent,
3179 5454 3452 5522 reliquum

1880 5546 2031 5601 aliud
2075 5561 2183 5599 non
2233 5552 2373 5607 erat,
2432 5558 2595 5612 quam
2649 5551 2710 5595 ut
2756 5541 2842 5596 vel
2890 5542 3217 5612 superstites
3266 5542 3453 5612 inapia

1881 5638 2298 5701 conficerentur,
2335 5636 2420 5689 vel
2462 5634 2659 5687 mortui
2696 5634 2973 5703 sepultura
3013 5648 3363 5701 careremus,
3411 5640 3461 5685 ct

1476 5795 1784 5852 SCHUIZII
1850 5795 2073 5851 ΝΟΤᾸΞ.

260 5864 309 5896 ⁸⁹
339 5860 465 5917 Vid.
491 5859 531 5912 f.
558 5859 647 5923 iV,
680 5862 840 5931 epist.
884 5861 1005 5927 H7,
1034 5862 1103 5917 ab
1148 5864 1325 5919 initio.

526 5955 793 6018 PATROL.
839 5960 954 6020 Gn.
994 5958 1300 6019 LXXXIV.

3024 5956 3089 6019 10
