4228 6446
810 396 916 460 299

1937 392 2309 453 GARNERH
2344 392 2837 452 DISSERTATIO
2875 394 2951 454 II.

3948 393 4060 455 300

814 509 1045 564 canibus
1071 506 1309 576 ferisque
1346 505 1542 575 prazdaa
1578 518 1842 558 essemus.
1878 522 1895 555 ›
1925 505 2055 569 Quae
2083 504 2381 573 cxprobra-
2414 508 2454 562 Α
2487 518 2628 565 mur,
2671 505 2724 558 in
2751 522 2857 575 qua
2901 505 3216 560 laborantes
3262 514 3477 575 tempus
3523 520 3685 561 omne
3712 506 4063 576 consumpsi-

818 603 896 658 tio
934 616 1033 672 per
1077 615 1135 655 se
1197 598 1397 669 gravis,
1458 598 1517 652 fit
1539 598 1704 675 etiam
1758 611 1857 665 per
1918 597 2382 665 comparationem

817 691 1159 763 gravissima.
1210 709 1227 741 ε
1280 689 1385 745 Sed
1420 688 1722 743 adfuerunt
1754 688 1933 752 nobis,
1982 689 2077 758 qui
2126 689 2269 741 hanc
2300 689 2382 742 vi-

802 792 934 837 tam
960 790 1343 852 aspernantur,
1378 786 1432 833 et
1470 787 1804 833 aeternorum
1844 778 2114 832 bonorum
2140 779 2382 833 fructum

814 880 1157 943 exspectant,
1186 870 1444 939 omnique
1474 884 1581 924 nos
1603 864 1992 925 consolationis
2018 883 2216 941 genere
2249 870 2382 925 sub-

792 1008 795 1011 .
817 966 1085 1021 levarunt.
1121 982 1141 1015 ι

885 1058 973 1111 111.
1026 1056 1101 1109 De
1151 1054 1437 1109 monachis
1496 1052 1790 1125 Cyresticis
1837 1063 1894 1109 et
1946 1052 2383 1124 Apameensibus

798 1148 1077 1217 eloquitur,
1130 1161 1368 1216 quorum
1408 1144 1486 1198 illi
1550 1143 1905 1215 interdictum
1954 1142 2078 1214 igne
2137 1152 2196 1198 et
2241 1158 2380 1215 aqua

815 1246 1277 1301 sustentaverant,
1314 1236 1403 1291 isti
1444 1236 1733 1307 expulsum
1754 1244 2102 1306 receperant.

1015 1346 1256 1416 Epistola
1284 1345 1405 1411 155,
1440 1346 1509 1400 ad
1537 1343 1819 1399 Romulum
1856 1347 2171 1416 episcopum.

881 1461 922 1515 1.
956 1460 1161 1515 Eodem
1186 1468 1455 1529 tempore,
1477 1468 1533 1512 et
1563 1458 1757 1513 eodem
1787 1458 1900 1513 fere
1931 1469 2272 1531 argumento.

883 1551 950 1606 ll.
988 1552 1256 1606 Romulus
1291 1548 1673 1604 Chalcidensis
1710 1550 2021 1619 episcopus,
2056 1552 2128 1606 ob
2172 1552 2380 1606 timidi-

814 1653 977 1697 tatem
1034 1642 1301 1695 servierat
1356 1641 1612 1710 tempori,
1670 1650 1726 1695 et
1783 1656 1907 1695 cum
1955 1641 2022 1695 iis
2078 1661 2094 1692 ι
2131 1651 2382 1697 versatus

808 1744 949 1797 erat,
1007 1733 1105 1803 qui
1153 1734 1402 1804 ingentes
1440 1731 1641 1786 ﬂuctus
1693 1732 2065 1787 concitabant.
2113 1752 2131 1784 ι
2177 1732 2381 1789 Causas

813 1824 1025 1878 timoris
1082 1824 1324 1878 sublatas
1382 1830 1570 1907 monet
1633 1820 2037 1888 Theodoretus,
2102 1823 2379 1880 Marciano
2414 1852 2455 1907 Β

2485 610 2626 658 mus,
2667 614 2685 645 ι
2722 607 2829 651 etc.

2554 686 2642 739 111.
2676 686 2810 753 Quis
2846 701 2979 741 vero
3027 687 3118 741 ille
3145 687 3383 742 Joannes
3421 686 3610 753 fuerit,
3655 696 3712 741 et
3735 688 3893 758 cujus
3936 701 4061 741 mo-

2483 776 2707 831 nasterii
2736 792 2957 847 praeses,
2982 793 3051 832 an
3082 777 3378 834 Orientalis
3406 778 3658 849 alicujus,
3690 794 3758 833 an
3787 776 4062 834 Constan-

2487 866 2830 937 tinopolitani
2853 885 2867 933 ;
2893 868 3029 923 mihi
3064 868 3309 923 nondum
3346 876 3691 939 compertum
3716 877 3819 922 est.
3848 867 4057 938 Appel-

2484 958 2631 1013 latur
2654 968 2803 1015 certe
2842 960 2986 1015 inter
3034 960 3492 1015 archimandritas
3519 960 3673 1014 urbis
3698 958 3879 1028 regite,
3915 966 4062 1012 tem-

2484 1065 2615 1120 pore
2658 1052 2877 1105 concilii
2925 1050 3407 1117 Chalcedonensis,
3440 1052 3679 1106 Joannes
3731 1049 3954 1118 quidam
3998 1048 4061 1101 in

2484 1143 2673 1198 libello
2710 1143 2777 1197 ad
2806 1145 3161 1209 Marcianum,
3212 1146 3426 1200 inserto
3459 1145 3611 1201 Actis
3644 1154 3854 1214 quarta:
3884 1143 4065 1196 actio-

2483 1234 2599 1301 nis;
2630 1234 2722 1289 vix
2751 1247 2933 1291 tamen
2966 1236 3295 1291 crediderim
3330 1237 3459 1292 alibi
3490 1234 3773 1307 praefuisse
3804 1242 4059 1288 nostrum

2483 1323 2648 1391 hunc,
2676 1342 2839 1396 quam
2876 1327 2931 1381 in
2976 1326 3198 1384 Oriente
3219 1369 3233 1392 ,
3261 1336 3317 1381 et
3350 1344 3416 1383 ea
3464 1327 3685 1399 quidem
3718 1334 3872 1397 parte
3893 1366 3908 1391 ,
3932 1340 4065 1395 qua:

2480 1429 2590 1469 non
2617 1417 2802 1485 procul
2828 1416 3066 1487 Apamea
3093 1419 3332 1474 abesset.

2554 1507 2641 1561 ιν.
2684 1508 3017 1564 Numeratur
3057 1510 3221 1565 etiam
3270 1525 3301 1564 a
3346 1509 3693 1565 Theodoreto
3737 1509 3880 1563 inter
3932 1522 4060 1561 san-

2483 1609 2600 1653 ctos
2626 1611 2837 1656 ascetas
2866 1617 2978 1657 sua:
3011 1603 3248 1672 regionis
3264 1602 3501 1658 Joannes
3538 1601 3758 1672 quidam
3786 1619 3799 1653 :
3832 1599 3928 1654 sed
3962 1614 4060 1652 ar-

2484 1689 2849 1744 chimandrita
2887 1706 2998 1745 non
3031 1699 3151 1745 erat
3192 1706 3337 1745 anno
3360 1690 3499 1755 M5;
3531 1704 3600 1743 an
3637 1695 3827 1758 postea
3865 1686 3939 1739 sit
3972 1682 4063 1737 fa-

2484 1789 2626 1846 ctus,
2659 1796 2769 1835 non
2799 1789 3036 1836 constat.

809 1914 1103 1983 imperium
1143 1914 1449 1983 auspicato,
1484 1906 1649 1981 atque
1677 1920 1739 1965 ut
1770 1912 2056 1981 pristinam
2081 1914 2380 1968 amicitiam
2414 1891 2455 1907 ν

2485 1893 2729 1966 Epistola
2760 1894 2879 1961 158,
2913 1896 2983 1948 ad
3021 1894 3329 1950 Anatolium
3359 1895 3640 1965 patricium
3674 1891 4059 1964 gratulatoria.

807 2014 1116 2072 conservet,
1165 2006 1352 2061 timori
1396 2006 1658 2076 ignoscit;
1700 2021 1977 2076 quamque
2020 2006 2110 2061 ille
2166 2008 2382 2061 veniam

808 2101 1034 2168 supplex
1066 2098 1264 2153 litteris
1292 2098 1543 2167 petierat,
1577 2098 1815 2153 libenter
1834 2098 2100 2167 indulget.
2154 2128 2155 2131 η

886 2190 1356 2247 lll.Obscrvanda
1380 2190 1497 2245 haec
1526 2191 1693 2245 verba
1722 2207 1736 2244 :
1782 2209 1800 2243 ι
1839 2190 2167 2245 Audivimus
2203 2191 2380 2259 ipsum

807 2281 973 2337 etiam
998 2280 1219 2350 pietatis
1252 2290 1359 2335 tua:
1389 2280 1867 2344 contubernalem,
1895 2295 2021 2335 cum
2060 2281 2380 2335 anathema-

811 2374 998 2427 tismos
1060 2372 1114 2425 in
1173 2372 1383 2442 magnis
1436 2372 1668 2426 urbibus
1717 2371 1896 2428 editos
1948 2380 2259 2443 cognosset,
2313 2372 2383 2427 ab

806 2466 1032 2536 obliquo
1085 2480 1412 2520 cancrorum
1478 2464 1697 2520 incessu
1766 2466 2064 2529 destitisse,
2124 2474 2382 2535 rectaque

808 2561 1115 2630 ingressum
1164 2573 1305 2622 esse,
1352 2571 1477 2611 cum
1527 2556 1595 2611 de
1632 2557 1980 2627 dogmatibus
2020 2557 2074 2611 in
2106 2567 2381 2612 conventu

806 2650 1043 2721 quodam
1070 2650 1387 2704 dissereret.
1421 2668 1440 2700 ι

877 2740 966 2796 IV.
998 2740 1075 2793 Ex
1117 2740 1203 2792 his
1246 2739 1415 2800 enim,
1470 2752 1785 2809 quanquam
1836 2747 1923 2793 est
1969 2734 2383 2794 contubernalis

807 2830 899 2885 ille
935 2830 1173 2900 ignotus,
1215 2827 1490 2897 conjicere
1528 2827 1678 2894 licet,
1716 2828 1903 2884 statim
1946 2838 2110 2899 atque
2157 2830 2385 2885 Marcia-

808 2937 912 2975 nus
965 2922 1144 2975 edicta
1223 2917 1471 2982 rescidit,
1517 2918 1723 2988 quibus
1770 2918 2133 2988 praedatorius
2180 2919 2381 2988 Ephesi

806 3022 1109 3068 conventus
1173 3009 1513 3075 ﬁrmabatur,
1560 3009 1615 3067 in
1642 3010 1959 3065 civitatibus
1998 3010 2170 3064 tribus
2207 3010 2381 3064 maxi-

807 3104 945 3165 mis,
992 3100 1498 3171 Constantinopoli,
1533 3098 1824 3155 Antiochia
1879 3108 1935 3155 et
1967 3100 2378 3173 Hierosolymis,

2550 2002 2592 2058 1.
2621 2004 2914 2073 Postquam
2952 2018 3109 2058 suam
3158 2002 3262 2060 sibi
3306 2001 3712 2059 restitutionem
3753 2008 3809 2056 et
3854 1999 4065 2069 iniqua

2484 2095 2771 2149 sententia:
2840 2094 3225 2149 rescissionem
3278 2109 3403 2148 cum
3450 2092 3703 2149 Anatolio
3753 2089 4063 2162 gratulatus

2482 2191 2586 2247 est,
2618 2185 3249 2256 Patricium‘patronum
3266 2193 3451 2255 rogat,
3488 2194 3547 2238 ut
3580 2184 3808 2237 suadeat
3850 2196 4063 2235 convo-

2481 2278 2595 2330 cari
2649 2277 2938 2348 synodum,
2982 2278 3071 2332 cui
3126 2276 3434 2350 Marcianus
3479 2291 3605 2330 cum
3654 2277 3893 2343 Augusta
3932 2273 4065 2327 Pul-

2482 2369 2670 2424 cheria
2720 2369 2959 2435 intersit,
3004 2369 3070 2423 ad
3128 2370 3555 2439 compescendas
3603 2366 4061 2422 tumultuantium

2482 2461 2696 2516 turbas.

2552 2555 2617 2609 11.
2650 2555 2727 2609 Ex
2772 2554 2859 2609 his
2904 2561 3151 2609 constat:
3204 2556 3255 2609 l.
3295 2554 3597 2625 Epistolam
3636 2552 3897 2622 scriptam
3935 2566 4063 2606 esse

2482 2646 2587 2700 sub
2628 2649 2795 2701 linem
2852 2646 3101 2700 autumni
3148 2645 3277 2701 anni
3338 2646 3461 2701 450.
3514 2645 3573 2700 2.
3627 2645 4061 2699 Revocationem

2481 2740 2815 2797 Theodoreti
2856 2742 3067 2798 caneris
3112 2742 3166 2796 in
3204 2743 3309 2796 hoc
3351 2740 3571 2811 negotio
3610 2739 3769 2795 factis
3811 2738 4062 2808 priorem

2481 2833 2671 2890 fuisse.
2717 2835 2769 2890 5.
2818 2836 2894 2891 De
2920 2835 3194 2891 sententia
3224 2834 3555 2889 Theodoreti
3608 2842 3846 2888 coactam
3887 2830 4063 2886 fuisse

2481 2928 2982 2984 Chalcedonensem
3020 2930 3311 3001 synodum.
3338 2929 3391 2983 4.
3423 2927 3594 2995 Quam
3620 2927 3676 2980 in
3720 2935 3836 2981 tuto
3874 2926 4065 2980 Theo-

2480 3019 2658 3074 doreti
2713 3036 2801 3075 res
2845 3022 3042 3076 futura:
3084 3029 3273 3076 essent
3322 3020 3375 3073 in
3411 3019 3639 3091 synodo,
3671 3035 3764 3074 eas
3803 3018 4063 3073 Anatolio

2482 3112 2836 3181 patriciorum
2876 3113 3073 3182 primo,
3117 3113 3369 3182 aliisque,
3406 3121 3466 3165 ut
3499 3128 3623 3165 mox
3669 3111 3907 3175 dicetur,
3952 3126 4061 3180 po-

806 3193 1014 3248 dictum
1050 3190 1217 3245 fuisse
1241 3192 1529 3246 anathema
1568 3190 1823 3262 Eutychi,
1864 3206 2128 3261 novaeque
2161 3193 2374 3248 haeresi.
2405 3201 2447 3260 ο

2482 3204 2806 3258 tentissimis
2831 3205 2998 3259 totius
3028 3205 3242 3274 imperii
3276 3205 3406 3259 viris
3434 3213 3540 3258 tam
3573 3217 3841 3274 propense
3861 3242 3876 3266 ,
3920 3210 4062 3257 tam-

880 3284 944 3338 V.
994 3284 1281 3347 Romulus,
1315 3282 1383 3336 ad
1423 3298 1585 3352 quem
1621 3290 1705 3336 est
1728 3282 1981 3352 epistola,
2021 3282 2125 3337 fuit
2161 3282 2380 3338 Chalci-

806 3367 993 3425 densis
1018 3370 1330 3439 episcopus,
1365 3378 1426 3423 ut
1455 3370 1661 3423 dictum
1693 3379 1793 3424 est.
1825 3372 1841 3389 θ
1870 3371 2125 3425 Interfuit
2148 3372 2382 3428 concilio

801 3448 1239 3515 Chalcedonensi
1279 3474 1423 3513 anno
1452 3459 1578 3524 lSl,
1612 3474 1715 3512 nec
1742 3459 1835 3512 diu
1874 3458 2032 3530 351
2070 3461 2376 3530 superfuit:

804 3566 952 3605 anno
981 3551 1127 3605 enim
1170 3534 1297 3615 [458,
1342 3551 1539 3605 litteris
1570 3549 1847 3621 synodicis
1897 3550 2063 3621 Syria:
2098 3553 2286 3621 prima:
2312 3552 2379 3606 ad

809 3644 1043 3699 Leonem
1073 3644 1460 3713 imperatorem
1496 3644 1737 3697 Domnus
1758 3642 2137 3699 Chalcidensis
2171 3645 2381 3713 episco-

808 3753 912 3807 pus
937 3735 1284 3805 subscripsit.

809 3847 1066 3920 Epistolar
1088 3847 1207 3920 156,
1247 3846 1315 3899 ad
1336 3844 1531 3920 Cyrum
1584 3844 1991 3920 Magistrianum
2026 3846 2379 3920 consolatoria

1051 3919 1107 3970 in
1141 3917 1323 3985 funere
1347 3914 1526 3969 uxoris
1563 3922 1611 3967 et
1632 3914 1734 3983 ﬁlii
1767 3914 2132 3969 adolescentis.

879 4030 1093 4084 Nullam
1121 4029 1342 4100 praefert
1360 4032 1624 4099 temporis
1639 4040 1841 4085 certam
1873 4040 2088 4097 notam;
2113 4031 2379 4086 credibile

815 4130 997 4174 tamen
1026 4129 1111 4175 est
1142 4122 1289 4174 circa
1339 4122 1528 4176 isthmc
1559 4130 1804 4191 tempora
1849 4121 2106 4192 scriptam
2139 4139 2280 4188 esse,
2332 4125 2377 4179 si

809 4213 971 4267 modo
1002 4212 1193 4284 Cyrus,
1231 4228 1393 4282 quem
1432 4212 1813 4268 Theodoretus
1844 4214 1899 4268 in
1944 4216 2201 4285 praesenti
2247 4231 2378 4270 con-

808 4302 1037 4365 solatur,
1095 4302 1163 4355 ab
1205 4317 1272 4356 eo
1324 4318 1435 4356 non
1485 4301 1693 4366 differt,
1739 4302 1829 4357 cui
1875 4304 2080 4373 gratias
2124 4306 2235 4375 agit
2263 4306 2379 4375 epi-

810 4394 946 4447 stola
1007 4394 1093 4458 15,
1148 4395 1218 4447 ob
1290 4394 1515 4448 missum
1557 4393 1745 4447 vinum
1798 4393 2109 4449 Lesbium:
2159 4396 2378 4451 videtur

809 4485 956 4539 enim
994 4494 1050 4540 et
1080 4485 1285 4555 gratias
1324 4485 1532 4555 egisse,
1566 4500 1689 4539 cum
1738 4486 1887 4555 regio
1933 4487 2190 4543 mandato
2236 4488 2377 4559 Cyro

810 4577 1173 4643 detineretur,
1241 4587 1295 4632 et
1351 4578 1665 4631 consolatus
1727 4576 2008 4645 afﬂictum,
2084 4582 2376 4651 posteriori

806 4676 1075 4738 tempore.

917 4780 1155 4851 Epistola
1194 4782 1315 4848 157,
1347 4783 1415 4835 ad
1445 4783 1709 4837 Joannem
1745 4784 2238 4838 archimandritam.

878 4893 917 4945 l.
949 4893 1211 4946 Hortatur
1244 4893 1310 4946 ad
1334 4894 1537 4962 gratias
1568 4895 1680 4948 Deo
1710 4893 1968 4963 agendas,
2004 4893 2151 4963 quod
2178 4914 2196 4946 ι
2224 4896 2374 4951 adul-

795 4984 985 5036 .terina
1010 4998 1074 5036 ac
1116 4984 1303 5052 spuria
1345 4983 1599 5053 dogmata
1630 4984 1986 5052 dissipasset;
2028 4999 2151 5053 quae
2192 4995 2373 5041 autem

804 5074 861 5129 in
914 5074 1086 5128 sacris
1128 5074 1439 5145 Evangeliis
1488 5076 1650 5130 nobis
1697 5074 1946 5138 tradidit,
2001 5090 2068 5129 ea
2098 5083 2156 5129 ut
2196 5078 2371 5133 libere

791 5165 1191 5235 .praadicentur,
1222 5164 1422 5221 effecit.
1459 5185 1476 5217 ι

873 5256 938 5309 11.
980 5254 1221 5325 Epistola
1259 5256 1427 5325 igitur
1471 5258 1675 5327 scripta
1706 5267 1823 5321 est,
1870 5259 2145 5313 Marciano
2198 5260 2373 5330 impe-

795 5347 949 5401 a'ium
988 5348 1289 5417 auspicato,
1335 5363 1365 5403 e
1396 5350 1750 5414 monasterio,
1783 5350 1839 5403 in
1865 5350 2012 5419 quod
2045 5350 2371 5407 Theodore-

806 5449 896 5495 tus
946 5449 1266 5503 recesserat,
1307 5456 1418 5494 non
1444 5441 1697 5495 restituta
1738 5441 1889 5505 sede,
1940 5443 2087 5511 quod
2131 5443 2374 5500 indicant

796 5533 939 5587 satis
977 5532 1093 5587 hzec
1136 5532 1348 5587 verba:
1405 5551 1422 5583 ‹
1455 5532 1704 5597 Civitatis
1751 5534 2030 5589 desiderio
2074 5550 2182 5589 non
2218 5546 2373 5592 tene-

2482 3308 2589 3361 que
2624 3292 2916 3362 diligenter
2954 3293 3296 3348 curantibus.

2481 3402 2722 3473 Epistola
2750 3402 2865 3466 159,
2908 3403 2977 3455 ad
2996 3403 3254 3457 Avienum
3297 3400 3563 3455 consulem
3588 3409 3636 3456 et
3672 3367 3952 3472 patricium
3986 3400 4059 3454 ”.

2552 3510 2592 3565 1.
2618 3509 2836 3565 Gratias
2865 3510 2974 3580 agit
3003 3510 3236 3574 Avieno,
3276 3510 3422 3579 quod
3462 3510 3793 3565 Marcianum
3822 3510 4062 3579 impera-

2482 3606 2658 3652 torem
2710 3597 2778 3651 de
2821 3594 3021 3667 injuria
3065 3597 3170 3650 sibi
3226 3597 3372 3651 illata
3417 3597 3711 3659 monuerit,
3755 3606 4059 3666 auctorque

2480 3684 2647 3739 fuerit
2672 3683 3043 3747 rescindendi,
3070 3698 3192 3752 quae
3235 3683 3434 3753 Ephesi
3476 3697 3763 3752 perperam
3803 3682 3963 3753 352
4001 3684 4057 3737 in

2481 3784 2581 3824 suo
2602 3770 2823 3840 negotio
2852 3770 2992 3825 facta
3026 3778 3248 3824 essent:
3292 3770 3533 3839 postulat
3572 3770 3817 3839 insuper,
3863 3780 3925 3824 ut
3954 3786 4060 3825 suo

2481 3857 2703 3911 nomine
2765 3857 2969 3927 gratias
3019 3856 3341 3925 imperatori
3406 3856 3773 3927 Augustaeque
3827 3857 4055 3917 referat.

2481 3945 2815 4014 suadentque
2843 3959 3038 4014 cogere
3077 3943 3368 4014 synodum.

2554 4032 2616 4087 11.
2666 4031 2995 4101 lnscriptum
3035 4030 3141 4085 fuit
3188 4030 3243 4084 in
3294 4028 3581 4085 codicibus
3627 4027 3790 4084 editis
3827 4029 4060 4100 Asparis

2474 4102 2721 4173 nomen:
2768 4118 2863 4173 sed
2889 4134 3015 4173 cum
3056 4116 3299 4172 Avienus
3365 4132 3510 4172 anno
3555 4116 3660 4171 450
3705 4118 4060 4172 consulatum

2480 4211 2731 4281 gesserit,
2766 4218 2821 4264 et
2856 4209 3236 4264 Theodoretus
3276 4210 3561 4264 consulem
3594 4208 3867 4264 neminem
3900 4224 4062 4263 com-

2480 4303 2683 4373 pellare
2748 4302 2943 4357 solitus
2990 4302 3082 4366 sit,
3135 4300 3241 4356 nisi
3286 4316 3396 4371 quo
3458 4309 3704 4370 tempore
3759 4300 4061 4355 consulatu

2481 4396 2819 4465 fungeretur,
2876 4392 3215 4448 emendanda
3279 4391 3382 4447 fuit
3440 4391 3625 4455 lectio,
3688 4391 3814 4445 inde
3862 4390 4059 4446 forsan

2481 4493 2759 4555 corrupta,
2787 4485 2935 4554 quod
2961 4484 3093 4539 olim
3113 4483 3250 4550 sola,
3278 4492 3339 4537 ut
3374 4482 3453 4548 fit,
3478 4484 3542 4537 A.
3570 4483 3750 4537 littera
3785 4481 4059 4553 inscripta

2481 4576 2647 4632 fuerit
2673 4575 2937 4646 epistolae.

2549 4670 2637 4724 111.
2665 4668 2854 4724 Lectio
2880 4668 3101 4737 vulgata
3128 4666 3356 4722 retineri
3388 4682 3496 4721 non
3528 4674 3728 4735 potest,
3759 4665 3866 4719 nisi
3893 4666 4053 4720 dica-

2476 4771 2566 4817 tur
2616 4760 2823 4815 Avieno
2878 4759 3091 4813 consuli
3148 4758 3430 4814 ordinario
3468 4758 3793 4828 subrogatus
3846 4756 4052 4826 Aspar,

2475 4854 2561 4907 vel
2599 4852 2670 4906 ob
2728 4850 2925 4905 Avieni
2977 4857 3233 4914 mortem,
3292 4849 3377 4903 vel
3413 4848 3519 4903 alia
3566 4848 3634 4902 de
3684 4862 3869 4911 causa,
3925 4862 4055 4918 quae

2474 4947 2661 5001 lateat.

2641 5058 2880 5129 Epistola
2918 5058 3040 5120 MO,
3076 5056 3144 5109 ad
3184 5055 3543 5109 Vincomalum
3574 5059 3877 5126 patricium.

2548 5172 2588 5227 l.
2633 5171 2809 5227 Causa
2850 5167 3162 5231 scribendi,
3214 5174 3540 5236 tempusque
3582 5166 3761 5221 missa:
3800 5166 4055 5236 epistola

2478 5272 2665 5333 aperte
2701 5260 3035 5316 ostenditur.
3090 5278 3108 5311 ι
3142 5259 3314 5315 Valde
3355 5273 3477 5313 sum
3512 5257 3764 5321 miratus,
3817 5258 3914 5312 ubi
3960 5274 4052 5314 co-

2477 5355 2638 5425 gnovi
2688 5351 3147 5422 magnificentiam
3215 5358 3476 5413 vestram,
3527 5363 3651 5402 cum
3708 5362 3796 5403 res
3826 5348 4052 5417 penitus

2478 5448 2775 5516 ignoraret.
2803 5458 2867 5497 ac
2890 5442 3084 5503 solam,
3112 5457 3233 5511 qua:
3262 5441 3316 5494 in
3347 5457 3449 5495 nos
3480 5441 3621 5494 facta
3650 5447 3753 5504 est,
3784 5440 4050 5509 injuriam

2479 5537 2780 5601 didicisset,
2845 5533 3211 5605 patrocinium
3258 5543 3507 5587 nostrum
3557 5530 3888 5602 suscepisse,
3922 5544 4050 5586 om-

2136 5688 2450 5744 SCHULZII
2480 5687 2701 5743 ΝΟΤᾹΞ.

869 5800 1220 5855 “Animum.
1271 5798 1394 5853 Vid.
1433 5815 1617 5869 supra,
1655 5816 1707 5869 p.
1748 5801 1867 5867 194,
1902 5803 2073 5857 schol.
2104 5803 2154 5855 1.
