4228 6446
199 428 291 493 301

1368 422 1462 480 DE
1496 417 1749 479 LIBRIS
1787 415 2267 479 THEODORETI

3341 420 3444 483 302

198 540 397 608 niaque
459 534 848 598 commovisse,
903 542 963 587 ut
1016 542 1359 602 comparatas
1416 538 1608 587 contra
1672 544 1774 583 nos
1805 531 2089 587 Amorum
2137 535 2633 602 compositionem,
2693 535 2947 589 blandam
3008 545 3062 591 et
3116 537 3446 591 allieientem

198 631 483 685 machinas
517 638 815 683 everteret.
849 646 867 677 ι

262 722 328 776 11.
357 721 570 776 Gratiis
602 721 867 789 impense
911 718 1049 773 actis
1085 718 1466 772 Theodoretus
1488 755 1501 776 .
1554 716 1773 770 easdem

196 812 543 875 Vineomalo,
572 825 710 880 quas
735 810 859 863 aliis
881 808 1099 863 duobus
1126 808 1391 877 patriciis,
1425 806 1535 861 fert
1561 820 1773 874 preces,

196 914 384 957 utsuo
437 905 663 957 nomine
712 901 914 971 gratias
947 900 1207 971 Augustis
1253 907 1396 970 agat,
1452 908 1507 953 et
1553 898 1778 951 suadeat

196 996 393 1050 haberi
431 994 722 1067 synodum.

195 1112 213 1130 '
246 1109 498 1179 Epistola
536 1110 656 1173 Ml,
687 1108 758 1163 ad
793 1106 1107 1161 Marcellum
1136 1102 1611 1159 archimandritam
1646 1116 1779 1153 ara:-

837 1187 1121 1230 metarum.

261 1292 303 1347 1.
333 1292 632 1346 Marcellus
674 1290 765 1344 ille
796 1296 1188 1344 aemmetarum
1226 1294 1379 1356 pater
1407 1284 1511 1338 fuit
1543 1295 1685 1336 unus
1713 1280 1779 1334 de

196 1379 673 1443 arebimandritis,
719 1379 836 1448 qui,
896 1377 1082 1431 oblato
1127 1376 1335 1438 libello,
1392 1374 1779 1442 imperatorem

197 1473 541 1527 Marcianum
568 1479 849 1541 rogarunt,
878 1470 998 1524 dari
1037 1470 1142 1524 sibi
1182 1475 1509 1538 potestatem
1545 1462 1781 1532 compri-

198 1563 385 1615 mendi
440 1561 705 1630 reliquias
739 1561 1023 1630 Eutychis,
1074 1560 1130 1614 in
1173 1556 1525 1611 monasteriis
1572 1562 1626 1607 et
1654 1567 1777 1621 spe-

197 1654 379 1707 luncis
433 1653 736 1714 latitantes,
792 1661 955 1721 atque
1007 1650 1243 1705 hatresin
1294 1649 1564 1710 foventes,
1616 1644 1684 1699 ad
1730 1660 1779 1697 IV

198 1747 398 1801 concil.
429 1745 688 1800 Chalced.

270 1839 335 1891 ll.
364 1839 602 1893 Biennio
626 1848 808 1899 antea,
844 1837 898 1889 in
943 1834 1150 1906 synodo
1175 1830 1780 1899 Constantinopolitana
1816 1866 1855 1921 Β

199 1931 470 1995 Flaviani,
507 1945 654 1984 anno
680 1929 785 1984 448
828 1937 1104 1998 postremo
1138 1927 1259 1980 loco
1304 1923 1630 1992 subscripsit
1665 1937 1782 1975 sen-

199 2025 408 2086 tentiae,
445 2038 554 2093 qua
591 2022 876 2091 depositus
924 2029 1009 2074 est
1032 2019 1327 2086 Eutyches,
1382 2024 1440 2071 ut
1478 2022 1692 2070 constat
1717 2029 1781 2067 ex

200 2116 353 2169 Actis
403 2114 601 2185 synodi
654 2113 1297 2182 Constantinopolitanae,
1349 2125 1469 2179 quae
1506 2106 1659 2161 Actis
1693 2122 1781 2175 sy-

198 2208 328 2261 nodi
357 2205 830 2261 Chalcedonensis
862 2204 1201 2259 inseruntur.

267 2300 361 2355 lll.
400 2300 517 2355 Nec
544 2298 875 2367 subscripsit
913 2306 1125 2350 tantum
1156 2295 1210 2349 in
1248 2292 1478 2365 synodo,
1506 2289 1601 2345 sed
1619 2289 1782 2344 etiam

202 2394 388 2447 verbis
417 2400 605 2461 postea
643 2389 887 2445 Flaviani
913 2387 1241 2443 sententiam
1272 2383 1657 2455 propugnavit,
1691 2396 1787 2434 nc-

201 2485 505 2555 quidquam
536 2490 776 2536 terrente
809 2480 955 2544 aula,
981 2487 1124 2533 utex
1152 2478 1255 2532 hac
1278 2476 1507 2547 epistola
1530 2475 1786 2544 colligere

202 2588 303 2634 est.

270 2669 359 2723 IV.
390 2668 625 2721 Tantam
661 2666 713 2721 ei
751 2663 1113 2719 constantiam
1143 2662 1450 2732 gratulatur
1478 2660 1786 2715 Theodore-

205 2768 310 2823 tus,
340 2760 624 2829 simulque
645 2758 871 2828 exponit
903 2756 988 2811 sui
1012 2770 1264 2811 secessus
1289 2754 1531 2824 quietem
1560 2769 1622 2806 ac
1652 2770 1785 2824 gau—

204 2853 352 2907 dium
392 2853 463 2906 de
510 2849 810 2905 obstructis
853 2848 1044 2903 oribus
1072 2863 1288 2912 eorum,
1319 2847 1414 2916 qui
1445 2846 1549 2901 sibi
1582 2848 1788 2917 Deique

205 2944 560 3015 dogmatibus
591 2942 1045 2997 adversabantur.

271 3038 334 3090 Υ.
362 3035 519 3089 Hanc
555 3034 721 3105 igitur
750 3034 1037 3102 epistolam
1082 3047 1149 3085 ex
1193 3045 1292 3086 suo
1347 3046 1565 3084 secessu
1615 3029 1787 3092 dedit,

202 3128 509 3183 inclinante
564 3134 850 3185 autumno,
918 3134 1213 3192 postquam
1281 3121 1348 3175 de
1411 3121 1677 3175 Marciani
1735 3129 1791 3173 ct

1878 636 2202 691 congressus
2229 624 2594 689 dulcedinem,
2628 636 2684 681 et
2726 626 2831 681 alia
2866 643 3202 698 quceeunque
3250 629 3443 700 depin-

1877 726 2011 783 gunt
2039 714 2338 783 perfectum
2374 717 2654 771 alumnum
2683 718 3060 788 philosophim.
3088 738 3103 769 ι

1949 806 2032 859 IV.
2081 806 2433 862 Observanda
2484 809 2594 863 haec
2630 810 2835 865 verba:
2876 829 2893 860 ι
2944 811 3200 880 Ροι-εεψιε
3253 813 3449 881 impios

1876 899 2063 951 censui
2112 914 2207 953 eos
2234 941 2246 960 ,
2291 900 2384 969 qui
2434 900 2571 953 duas
2603 900 2877 968 Unigcniti
2915 910 3137 955 naturas
3191 902 3246 955 in
3284 918 3448 956 unam

1879 1004 2071 1057 cogere
2121 992 2356 1054 audent,
2414 1001 2469 1045 et
2500 992 2593 1061 qui
2639 992 2930 1046 Dominum
2962 1001 3209 1047 nostrum
3262 992 3447 1047 Jesum

1878 1080 2177 1145 Christum,
2198 1082 2396 1136 Filium
2424 1084 2519 1137 Dei
2555 1083 2662 1137 vivi
2686 1125 2699 1148 ,
2741 1084 3021 1139 hominem
3047 1085 3249 1139 factum
3278 1085 3449 1139 Deum

1882 1170 2142 1235 Verbum,
2198 1174 2253 1226 in
2304 1174 2442 1227 duos
2486 1172 2625 1228 filios
2668 1176 2917 1231 dividere
2950 1188 3237 1242 conantur,
3280 1176 3324 1231 si
3356 1177 3449 1247 qui

1880 1272 2006 1319 sunt
2034 1265 2273 1329 tandem,
2303 1281 2404 1335 ego
2434 1268 2579 1321 enim
2616 1282 2725 1321 non
2758 1279 2919 1337 puto;
2950 1268 3042 1323 sed
3076 1268 3215 1321 hanc
3238 1284 3453 1338 semper

1880 1356 2207 1409 calumniam
2244 1356 2519 1421 Ecclesia,
2558 1361 2649 1428 qui
2693 1359 2807 1412 Arii
2849 1370 2904 1413 et
2942 1360 3218 1425 Eunomii,
3250 1360 3454 1430 quique

1881 1448 2203 1517 Apollinarii
2250 1458 2435 1521 partes
2487 1460 2815 1521 sequuntur,
2858 1452 3207 1522 impudenter
3229 1453 3454 1507 afﬁnxe-

1882 1548 2039 1605 runt;
2079 1549 2133 1595 at
2158 1556 2291 1595 vero
2323 1541 2482 1596 facile
2525 1550 2609 1596 est
2651 1542 3009 1611 diligentibus
3037 1542 3455 1613 pervidere,ce-

1882 1629 2204 1686 leberrimos
2216 1632 2403 1686 Patres
2422 1642 2657 1695 nostros,
2680 1634 2886 1687 lumina
2904 1634 3293 1697 Ecelesiarum,
3314 1634 3454 1691 hanc

1884 1720 2053 1790 ipsam
2101 1738 2131 1775 a
2180 1722 2427 1776 veritatis
2473 1722 2725 1775 hostibus
2778 1723 3218 1777 criminationem
3265 1740 3453 1793 passos

1884 1828 2025 1876 esse,
2050 1829 2212 1882 quam
2242 1829 2340 1867 nos
2389 1814 2493 1868 hoc
2522 1821 2765 1883 tempore
2806 1815 2874 1868 ab
2913 1814 3135 1884 optimis
3158 1830 3312 1870 novae
3341 1816 3453 1869 hm-

1886 1904 2024 1957 resis
2052 1904 2436 1958 inventoribus
2464 1905 2820 1968 sustinemus,
2850 1920 3084 1974 quorum
3119 1906 3454 1977 impietatem

1884 1994 2322 2063 sapientissimus
2363 1996 2628 2049 Dominus
2658 1994 2934 2064 patefecit,
2983 2011 3092 2050 non
3132 1999 3458 2066 permittens

1885 2083 2146 2140 diuturna
2184 2087 2447 2157 patientia
2475 2086 2739 2140 nefariam
2767 2086 3002 2143 haeresin
3033 2088 3398 2145 corroborari.
3432 2110 3450 2140 ι

1886 2176 2013 2230 Inde
2036 2177 2192 2245 plura
2218 2179 2621 2248 intelliguntur.

1958 2267 2017 2320 V.
2054 2267 2316 2334 Primum,
2375 2286 2483 2339 quo
2516 2272 2681 2327 etiam
2721 2283 2833 2328 tum
2870 2273 3053 2328 animo
3076 2272 3461 2328 Theodoretus

1888 2358 2027 2412 foret
2060 2375 2187 2431 erga
2217 2361 2516 2415 Diodorum
2547 2364 2872 2421 Tarsensem
2890 2375 2945 2420 et
2970 2363 3315 2420 Theodorum
3350 2365 3462 2420 Mo-

1888 2460 2265 2520 psuestcnum,
2303 2454 2539 2508 Nestorii
2588 2458 2901 2528 magistros,
2927 2473 3201 2527 quamque
3227 2456 3295 2512 de
3325 2456 3462 2527 ipsis

1889 2544 2203 2614 opinionem
2246 2547 2529 2612 retineret,
2568 2550 2733 2602 etiam
2768 2557 2890 2619 post
2932 2550 3220 2620 utriusque
3255 2547 3462 2605 doctri-

1889 2651 2013 2690 nam
2039 2651 2068 2688 a
2091 2635 2283 2689 Proclo
2317 2637 2497 2691 tacitis
2545 2639 2862 2693 nominibus
2892 2639 2945 2692 in
2988 2648 3134 2694 tomo
3172 2639 3240 2695 ad
3264 2640 3463 2697 Arme-

1890 2741 2009 2789 nos,
2040 2743 2069 2781 a
2094 2727 2297 2797 Cyrillo
2321 2737 2506 2797 aperte
2542 2729 2700 2785 libris
2726 2729 2942 2785 duobus
2975 2730 3284 2787 refutatam.

1959 2818 2108 2885 Quos
2124 2828 2304 2873 autem
2324 2820 2687 2875 celeberrimos
2712 2818 2900 2877 Patres
2926 2833 3128 2876 nostros
3149 2833 3327 2890 vocat,
3343 2825 3465 2881 Dio-

1892 2911 2084 2964 dorum
2123 2920 2179 2966 et
2226 2911 2580 2966 Theodorum
2632 2928 2753 2969 esse
2802 2928 2965 2970 nemo
3008 2919 3319 2986 negaverit,
3367 2920 3462 2990 qui

1891 3004 2175 3072 epistolam
2206 3004 2343 3057 hanc
2376 3006 2673 3060 contulerit
2701 3021 2827 3061 cum
2860 3008 3071 3072 verbis,
3103 3018 3214 3063 tum
3261 3011 3467 3079 episto-

1892 3096 1955 3148 la:
1978 3094 2039 3147 16
2076 3110 2137 3147 ac
2165 3094 2360 3163 dialogi
2389 3096 2442 3159 1,
2473 3094 2576 3149 sub
2602 3095 2795 3161 finem;
2826 3105 2941 3149 tum
2973 3097 3260 3168 utriusque
3288 3100 3468 3156 Histe-

209 3220 516 3275 pulcheria,
580 3217 821 3273 decretis
872 3186 1141 3269 advers-us
1214 3214 1498 3287 Eulyohen
1566 3212 1788 3267 resciis_
1818 3214 1859 3269 ο
1895 3189 2006 3247 rizn,
2032 3186 2388 3240 m‘clcsiastictc
2431 3202 2627 3257 nempe
2661 3197 2717 3241 et
2762 3188 3051 3259 religiosae;
3080 3198 3192 3244 tum
3229 3192 3467 3263 denique

208 3326 305 3370 εει.

634 3424 874 3495 Ερῖδεοια
910 3424 1027 3488 142,
1056 3424 1124 3477 ad
1152 3421 1407 3477 eumdem.

273 3537 315 3591 l.
340 3535 509 3589 Missa
538 3544 621 3587 est
662 3533 826 3602 paulo
850 3540 973 3602 post
999 3532 1419 3602 praeedentem.
1454 3547 1471 3581 ι
1527 3529 1659 3583 Aliis
1681 3532 1791 3598 jam

206 3626 411 3685 litteris
437 3625 705 3694 pietatem
730 3633 877 3677 luam
904 3624 1055 3678 allati
1082 3639 1290 3678 sumus.
1321 3642 1339 3673 ι

273 3719 340 3773 11.
370 3716 589 3771 Laudat
606 3732 734 3770 vero
759 3716 1139 3769 Theodoretus
1157 3715 1601 3770 archimandrita:
1636 3733 1651 3764 ι
1677 3722 1792 3767 tum

206 3806 596 3863 admirandam
624 3807 816 3869 vitam,
844 3815 957 3859 tum
988 3803 1321 3859 laudabilem
1377 3804 1576 3865 zelum,
1629 3818 1792 3872 quem

210 3898 533 3966 apostolica“:
560 3895 686 3949 ﬁdei
711 3910 874 3950 causa
897 3894 1295 3959 declaraverat,
1319 3909 1421 3948 nec
1461 3893 1662 3964 regiam
1695 3908 1794 3963 po-

212 3990 445 4045 tentiam
500 3986 827 4051 formidans,
891 4002 995 4040 nec
1040 3986 1429 4056 episcoporum
1473 3985 1793 4039 consensio-

212 4095 359 4143 nem,
400 4097 422 4129 ι
453 4087 562 4132 etC.

212 4197 374 4268 353
426 4196 665 4266 Epistola
690 4197 810 4261 H5,
836 4196 905 4268 ad
917 4196 1186 4250 Andream
1209 4197 1521 4268 monachum
1539 4193 1797 4249 Constan-

678 4266 965 4336 tinopoleos
1003 4283 1069 4337 pa
1078 4267 1340 4319 m’netica.

284 4380 325 4433 1.
360 4379 499 4433 Data
522 4388 605 4433 est
637 4393 667 4433 e
693 4394 911 4433 secessu
938 4378 1259 4432 monasterii
1282 4377 1657 4447 Apameensis,
1687 4394 1797 4447 quo

216 4481 472 4541 tempore
523 4489 540 4521 ι
592 4485 748 4525 nova:
785 4469 1011 4524 haeresis
1049 4469 1402 4524 defensorum
1450 4469 1796 4539 iniquitatem

1895 3279 2133 3351 Catalogi
2164 3279 2490 3347 scriptorum
2519 3280 2587 3333 ab
2615 3279 2958 3335 llebed-Jesu
2984 3285 3272 3352 compositi
3304 3303 3316 3337 :
3341 3302 3465 3339 nam

1899 3374 1951 3425 in
1988 3372 2167 3441 priore
2197 3372 2316 3425 loco
2351 3370 2651 3426 Diodorum
2695 3379 2751 3424 et
2789 3371 3139 3426 Theodorum
3185 3384 3393 3429 sanctos
3420 3387 3469 3429 et

1898 3466 2071 3517 beatos
2120 3464 2334 3527 Patres,
2368 3467 2748 3537 magistrosque
2780 3482 2899 3521 suos
2933 3466 3186 3538 appellat.
3223 3467 3471 3537 Appellat

1898 3571 2113 3625 quoque
2141 3556 2196 3609 in
2221 3556 2435 3627 dialogo
2476 3558 2526 3621 1,
2556 3557 2864 3627 fortissimos
2898 3562 3131 3614 veritatis
3164 3576 3469 3633 ρνοτηίθυασ

1904 3656 2057 3712 tores,
2094 3649 2330 3719 rivosque
2356 3648 2581 3720 Spiritus
2604 3651 2793 3703 sancti.

1970 3739 2266 3793 Diodorum
2319 3728 2451 3793 vero
2477 3740 2531 3793 in
2553 3739 2935 3795 Ecclesiastictt'
2981 3741 3226 3796 Historia:
3268 3742 3365 3796 lib.
3395 3759 3465 3806 Iv,

1901 3846 2019 3900 cap.
2048 3830 2138 3893 22,
2167 3832 2387 3900 quantis
2418 3832 2674 3885 laudibus
2697 3831 2895 3885 allicit!
2941 3851 2959 3883 ι
2995 3831 3466 3902 Sapientissimus,

1901 3920 2063 3992 354.
2103 3921 2304 3990 inquit,
2347 3921 2785 3991 fortissimusque
2838 3922 3129 3985 Diodorus,
3179 3925 3333 3993 quasi
3374 3923 3474 3977 llu-

1900 4013 2022 4067 vius
2046 4013 2268 4082 quidam
2296 4013 2559 4083 limpidus
2590 4021 2645 4067 et
2685 4013 2875 4083 ingens
2920 4029 3049 4069 suos
3084 4014 3307 4084 quidem
3350 4016 3473 4070 irri-

1902 4106 2095 4175 gabat;
2126 4105 2563 4159 adversariorum
2598 4120 2728 4159 vero
2755 4106 3123 4175 blasphemias
3147 4107 3408 4162 diluehat.
3449 4130 3466 4160 ο

1902 4197 1969 4250 Et
2030 4196 2301 4265 Religiosae
2350 4196 2595 4251 Historiw
2632 4212 2751 4267 cap.
2787 4198 2889 4252 il:
2939 4218 2955 4249 ι
3007 4198 3185 4252 Divini
3217 4199 3475 4270 beatique

1903 4287 2004 4340 viri
2030 4288 2316 4343 Flavianus
2343 4297 2398 4343 et
2426 4288 2697 4343 Diodorus
2720 4289 2921 4358 populo
2954 4289 3339 4359 praesidebant.
3379 4307 3396 4342 ι

1973 4384 1990 4399 ⁸
2025 4381 2099 4434 De
2130 4380 2420 4434 Theodoro
2461 4381 2592 4449 quid
2620 4381 2817 4435 habeat
2848 4381 2943 4435 lib.
2973 4398 3004 4433 v
3060 4381 3258 4436 Erclcs.
3298 4383 3480 4438 Histo-

1908 4476 2018 4535 riw,
2050 4473 2244 4540 saepius
2276 4471 2495 4526 allatum
2525 4478 2627 4526 est.
2682 4468 2685 4471 λ

215 4562 667 4634 sapientissimus
701 4562 968 4617 Dominus
1000 4561 1277 4631 patefecit,
1332 4576 1439 4615 non
1475 4561 1800 4631 permittens
1833 4575 1877 4630 ι)
1972 4565 2319 4621 Hebed-Jesu
2353 4579 2645 4619 recensens
2677 4564 3007 4619 Theodoreti
3046 4579 3234 4635 opera,
3266 4584 3284 4615 ι
3315 4564 3475 4621 Com-

216 4659 486 4714 diuturna
514 4657 778 4738 patientia
811 4656 1076 4711 nefariam
1105 4656 1340 4711 hzeresin
1368 4655 1738 4711 corroborari.
1776 4674 1795 4707 ι

216 4752 439 4818 Quibus
498 4749 685 4803 verbis
736 4748 1053 4803 indicantur
1105 4744 1363 4803 Marciani
1405 4747 1581 4801 initia.
1619 4747 1802 4812 Quare

218 4862 346 4900 cum
402 4845 576 4898 altera
607 4841 1036 4911 praecedentium
1071 4840 1303 4895 duarum
1344 4840 1511 4894 missa
1541 4849 1625 4894 est
1655 4838 1801 4894 Con-

219 4937 641 5007 stantinOpolim
672 4951 769 5004 per
816 4934 1117 4989 monachos
1144 4949 1209 4988 eo
1235 4933 1549 4988 redeuntes.

290 5030 359 5085 11.
390 5029 522 5083 Fuit
543 5026 790 5081 Andreas
825 5025 937 5087 ille,
985 5032 1044 5078 ut
1076 5023 1317 5089 videtur,
1348 5022 1800 5087 archimandrita,

222 5122 316 5191 qui
371 5119 707 5190 depositioni
752 5118 1015 5190 Eutychis
1062 5117 1240 5187 primo
1298 5116 1441 5170 inter
1491 5115 1802 5185 archiman—

222 5214 406 5268 dritas
457 5212 581 5266 loco
619 5227 718 5280 per
748 5210 1100 5265 Timotheum
1141 5209 1526 5279 presbyterum
1566 5207 1804 5261 subseri-

223 5306 335 5376 psit
364 5304 425 5358 in
451 5302 691 5357 concilio
717 5302 957 5357 Flaviani
984 5317 1128 5355 anno
1154 5301 1279 5355 “8.

295 5396 393 5450 111.
422 5392 698 5449 Andream
724 5392 1105 5447 Theodoretus
1132 5392 1327 5445 invitat
1353 5390 1419 5443 ad
1457 5386 1809 5443 scribendum

228 5488 336 5541 sibi
368 5486 526 5540 velut
562 5483 804 5538 consorti
842 5483 991 5548 ﬁdei,
1024 5498 1201 5552 eoque
1243 5492 1303 5536 ut
1351 5479 1615 5550 impellat.
1656 5478 1811 5531 miris

232 5573 418 5643 ipsum
442 5571 702 5626 laudibus
728 5571 960 5626 extollit.
994 5590 1012 5622 σ
1043 5571 1310 5625 Mirantur
1347 5584 1541 5624 omnes
1568 5567 1694 5622 ﬁdei
1727 5583 1811 5621 re-

231 5662 603 5727 ctitudinem,
663 5662 787 5715 vitae
822 5661 1164 5725 claritatem,
1212 5661 1573 5715 constantiam
1618 5658 1808 5721 animi,

1906 4659 2106 4728 posuit,
2139 4656 2336 4727 inquit,
2378 4656 2680 4726 apologiam
2714 4672 2813 4727 pro
2834 4657 3090 4711 Patribus
3114 4658 3316 4712 nostris
3341 4658 3478 4713 duo—

1905 4748 2010 4802 bus
2043 4747 2304 4811 tomis";
2344 4764 2361 4797 ι
2397 4761 2498 4815 pro
2528 4746 2596 4800 iis
2641 4761 2838 4815 nempe
2863 4745 3140 4809 Patribus,
3184 4762 3321 4817 quos
3351 4763 3479 4801 san-

1905 4848 2028 4893 ctus
2076 4837 2312 4908 Cyrillus
2373 4837 2756 4907 impugnavit,
2808 4853 3155 4907 quorumque
3203 4847 3477 4893 tomorum

1904 4929 2205 4997 fragmenta
2241 4929 2441 4983 inserta
2463 4938 2591 4983 sunt
2614 4928 2759 4983 Actis
2789 4930 2993 4998 quintae
3020 4928 3234 4999 synodi,
3277 4929 3401 4983 coll.
3425 4929 3475 4983 5.

1984 5020 2319 5083 Secundum,
2356 5019 2487 5088 quid
2521 5018 2773 5072 similiter
2811 5028 2933 5088 post
2968 5019 3262 5073 concilium
3293 5019 3469 5087 Ephe-

1911 5112 2112 5174 sinum,
2147 5119 2269 5180 post
2300 5110 2486 5163 initam
2506 5109 2872 5163 Ecclesiarum
2910 5125 3118 5178 pacem,
3148 5117 3270 5178 post
3293 5111 3480 5179 expla-

1911 5210 2094 5255 natam
2127 5217 2157 5255 a
2199 5200 2400 5272 Cyrillo
2438 5200 2599 5254 toties
2644 5200 2713 5255 de
2762 5201 3138 5254 incarnatione
3190 5200 3369 5263 fidem,
3412 5200 3480 5254 de

1910 5291 2148 5346 Nestorii
2169 5291 2418 5361 dogmate
2455 5292 2685 5345 sentiret
2718 5308 2728 5342 :
2760 5290 3018 5345 credebat
3054 5305 3249 5358 nempe
3289 5290 3481 5346 catho—

1908 5384 2097 5447 licum,
2122 5381 2564 5453 quandoquidem
2590 5382 2897 5436 communis
2921 5380 3474 5435 erat‘Catholicorum

1912 5476 2116 5544 pariter
2154 5482 2317 5542 atque
2369 5474 2730 5527 sectariorum
2772 5472 2995 5541 opinio;
3046 5470 3191 5540 quod
3243 5469 3483 5524 Nestorii

1911 5558 2414 5631 dogmaadoctrina
2446 5562 2665 5616 Diodori
2692 5572 2747 5617 et
2772 5560 3040 5615 Theodori
3069 5576 3177 5615 non
3202 5559 3446 5613 differret
3474 5596 3487 5619 ,

1914 5656 2236 5710 catlmlitam
2300 5670 2430 5709 vero
2506 5655 2791 5729 utriusque
2859 5652 3163 5706 doctrinam
3229 5648 3496 5706 censeba-

1593 5767 1910 5826 SCIHJLZII
1944 5766 2163 5825 NOTJE.

305 5846 352 5879 ’⁸
379 5844 509 5900 Vid.
548 5860 731 5915 supra,
756 5860 807 5914 p.
844 5844 966 5897 960.
