  <div class='ocr_page' id='page_1' title='image "/cluster/home/n/w/nwhite01/storage/ocr_20150623/84/nnc1.0114605970/161.png"; bbox 0 0 4228 6446; ppageno 0'>
   <div class='ocr_carea' id='block_1_1' title="bbox 748 393 850 452">
    <p class='ocr_par' dir='ltr' id='par_1_1' title="bbox 748 393 850 452">
     <span class='ocr_line' id='line_1_1' title="bbox 748 393 850 452; baseline 0.029 -3"><span class='ocrx_word' id='word_1_1' title='bbox 748 393 850 452; x_wconf 71' lang='lat'><strong>303</strong></span> 
     </span>
    </p>
   </div>
   <div class='ocr_carea' id='block_1_2' title="bbox 1882 390 2909 452">
    <p class='ocr_par' dir='ltr' id='par_1_2' title="bbox 1882 390 2909 452">
     <span class='ocr_line' id='line_1_2' title="bbox 1882 390 2909 452; baseline -0.003 0"><span class='ocrx_word' id='word_1_2' title='bbox 1882 392 2253 452; x_wconf 76' lang='lat' dir='ltr'><strong>GARNERII</strong></span> <span class='ocrx_word' id='word_1_3' title='bbox 2295 390 2791 452; x_wconf 76' lang='lat' dir='ltr'><strong>DISSER’I‘ATIO</strong></span> <span class='ocrx_word' id='word_1_4' title='bbox 2832 392 2909 450; x_wconf 88' lang='lat' dir='ltr'><strong>Il.</strong></span> 
     </span>
    </p>
   </div>
   <div class='ocr_carea' id='block_1_3' title="bbox 3908 384 4017 451">
    <p class='ocr_par' dir='ltr' id='par_1_3' title="bbox 3908 384 4017 451">
     <span class='ocr_line' id='line_1_3' title="bbox 3908 384 4017 451; baseline -0.018 -2"><span class='ocrx_word' id='word_1_5' title='bbox 3908 384 4017 451; x_wconf 65' lang='grc'>304</span> 
     </span>
    </p>
   </div>
   <div class='ocr_carea' id='block_1_4' title="bbox 752 497 4023 571">
    <p class='ocr_par' dir='ltr' id='par_1_4' title="bbox 752 497 4023 571">
     <span class='ocr_line' id='line_1_4' title="bbox 752 497 4023 571; baseline 0.001 -21"><span class='ocrx_word' id='word_1_6' title='bbox 752 498 1167 565; x_wconf 78' lang='lat' dir='ltr'><strong>Theodoretus;</strong></span> <span class='ocrx_word' id='word_1_7' title='bbox 1212 513 1266 555; x_wconf 80' lang='lat' dir='ltr'><strong>et</strong></span> <span class='ocrx_word' id='word_1_8' title='bbox 1308 512 1599 569; x_wconf 84' lang='lat' dir='ltr'><strong>utrumque</strong></span> <span class='ocrx_word' id='word_1_9' title='bbox 1646 502 1712 555; x_wconf 89' lang='lat' dir='ltr'><strong>ab</strong></span> <span class='ocrx_word' id='word_1_10' title='bbox 1758 503 2089 557; x_wconf 85' lang='lat' dir='ltr'><strong>adversariis</strong></span> <span class='ocrx_word' id='word_1_11' title='bbox 2127 504 2332 557; x_wconf 86' lang='lat' dir='ltr'><strong>calum-</strong></span> <span class='ocrx_word' id='word_1_12' title='bbox 2368 516 2404 571; x_wconf 61' lang='grc' dir='ltr'><strong>Α</strong></span> <span class='ocrx_word' id='word_1_13' title='bbox 2434 512 2519 556; x_wconf 88' lang='lat' dir='ltr'><strong>est</strong></span> <span class='ocrx_word' id='word_1_14' title='bbox 2544 503 2727 557; x_wconf 73' lang='lat' dir='ltr'><strong>Romte</strong></span> <span class='ocrx_word' id='word_1_15' title='bbox 2763 502 2946 557; x_wconf 85' lang='lat' dir='ltr'><strong>Idibus</strong></span> <span class='ocrx_word' id='word_1_16' title='bbox 2994 500 3166 563; x_wconf 85' lang='lat' dir='ltr'><strong>Junii,</strong></span> <span class='ocrx_word' id='word_1_17' title='bbox 3198 497 3412 553; x_wconf 80' lang='lat' dir='ltr'><strong>Asterio</strong></span> <span class='ocrx_word' id='word_1_18' title='bbox 3443 507 3500 551; x_wconf 90' lang='lat' dir='ltr'><strong>et</strong></span> <span class='ocrx_word' id='word_1_19' title='bbox 3542 497 3849 569; x_wconf 82' lang='lat' dir='ltr'><strong>Protogene</strong></span> <span class='ocrx_word' id='word_1_20' title='bbox 3876 512 4023 553; x_wconf 85' lang='lat' dir='ltr'><strong>coss-</strong></span> 
     </span>
    </p>
   </div>
   <div class='ocr_carea' id='block_1_5' title="bbox 757 578 2334 660">
    <p class='ocr_par' dir='ltr' id='par_1_5' title="bbox 757 578 2334 660">
     <span class='ocr_line' id='line_1_5' title="bbox 757 578 2334 660; baseline 0.004 -21"><span class='ocrx_word' id='word_1_21' title='bbox 757 587 900 643; x_wconf 86' lang='lat' dir='ltr'><strong>niam</strong></span> <span class='ocrx_word' id='word_1_22' title='bbox 925 588 1036 656; x_wconf 91' lang='lat' dir='ltr'><strong>pati</strong></span> <span class='ocrx_word' id='word_1_23' title='bbox 1061 578 1431 659; x_wconf 75' lang='lat' dir='ltr'><strong>querebatur,</strong></span> <span class='ocrx_word' id='word_1_24' title='bbox 1457 592 1611 660; x_wconf 88' lang='lat' dir='ltr'><strong>quasi</strong></span> <span class='ocrx_word' id='word_1_25' title='bbox 1640 591 1919 647; x_wconf 72' lang='lat' dir='ltr'><strong>Christum</strong></span> <span class='ocrx_word' id='word_1_26' title='bbox 1946 593 2000 644; x_wconf 90' lang='lat' dir='ltr'><strong>in</strong></span> <span class='ocrx_word' id='word_1_27' title='bbox 2025 592 2163 645; x_wconf 88' lang='lat' dir='ltr'><strong>duos</strong></span> <span class='ocrx_word' id='word_1_28' title='bbox 2191 594 2334 646; x_wconf 78' lang='lat' dir='ltr'><strong>illius</strong></span> 
     </span>
    </p>
   </div>
   <div class='ocr_carea' id='block_1_6' title="bbox 750 674 1525 732">
    <p class='ocr_par' dir='ltr' id='par_1_6' title="bbox 750 674 1525 732">
     <span class='ocr_line' id='line_1_6' title="bbox 750 674 1525 732; baseline 0.004 -4"><span class='ocrx_word' id='word_1_29' title='bbox 750 674 1082 732; x_wconf 89' lang='lat' dir='ltr'><strong>dividerent.</strong></span> <span class='ocrx_word' id='word_1_30' title='bbox 1518 678 1525 685; x_wconf 77' lang='grc'><strong>’</strong></span> 
     </span>
    </p>
   </div>
   <div class='ocr_carea' id='block_1_7' title="bbox 829 769 2335 846">
    <p class='ocr_par' dir='ltr' id='par_1_7' title="bbox 829 769 2335 846">
     <span class='ocr_line' id='line_1_7' title="bbox 829 769 2335 846; baseline 0.005 -25"><span class='ocrx_word' id='word_1_31' title='bbox 829 769 1101 836; x_wconf 79' lang='lat' dir='ltr'><strong>Tertium,</strong></span> <span class='ocrx_word' id='word_1_32' title='bbox 1127 789 1288 843; x_wconf 86' lang='lat' dir='ltr'><strong>quant</strong></span> <span class='ocrx_word' id='word_1_33' title='bbox 1315 789 1509 827; x_wconf 88' lang='lat' dir='ltr'><strong>novam</strong></span> <span class='ocrx_word' id='word_1_34' title='bbox 1551 775 1784 829; x_wconf 86' lang='lat' dir='ltr'><strong>haeresin</strong></span> <span class='ocrx_word' id='word_1_35' title='bbox 1825 775 2054 839; x_wconf 76' lang='lat' dir='ltr'><strong>diceret,</strong></span> <span class='ocrx_word' id='word_1_36' title='bbox 2080 775 2335 846; x_wconf 84' lang='lat' dir='ltr'><strong>Cyrillia-</strong></span> 
     </span>
    </p>
   </div>
   <div class='ocr_carea' id='block_1_8' title="bbox 750 865 2333 927">
    <p class='ocr_par' dir='ltr' id='par_1_8' title="bbox 750 865 2333 927">
     <span class='ocr_line' id='line_1_8' title="bbox 750 865 2333 927; baseline 0.001 -6"><span class='ocrx_word' id='word_1_37' title='bbox 750 880 877 921; x_wconf 89' lang='lat' dir='ltr'><strong>nam</strong></span> <span class='ocrx_word' id='word_1_38' title='bbox 903 865 1133 927; x_wconf 83' lang='lat' dir='ltr'><strong>scilicet,</strong></span> <span class='ocrx_word' id='word_1_39' title='bbox 1169 865 1276 918; x_wconf 91' lang='lat' dir='ltr'><strong>imo</strong></span> <span class='ocrx_word' id='word_1_40' title='bbox 1309 865 1633 920; x_wconf 84' lang='lat' dir='ltr'><strong>catholicam</strong></span> <span class='ocrx_word' id='word_1_41' title='bbox 1670 867 1999 921; x_wconf 84' lang='lat' dir='ltr'><strong>sententiam</strong></span> <span class='ocrx_word' id='word_1_42' title='bbox 2032 868 2099 921; x_wconf 86' lang='lat' dir='ltr'><strong>de</strong></span> <span class='ocrx_word' id='word_1_43' title='bbox 2130 868 2333 922; x_wconf 83' lang='lat' dir='ltr'><strong>unione</strong></span> 
     </span>
    </p>
   </div>
   <div class='ocr_carea' id='block_1_9' title="bbox 751 956 2333 1029">
    <p class='ocr_par' dir='ltr' id='par_1_9' title="bbox 751 956 2333 1029">
     <span class='ocr_line' id='line_1_9' title="bbox 751 956 2333 1029; baseline 0 -16"><span class='ocrx_word' id='word_1_44' title='bbox 751 960 985 1013; x_wconf 90' lang='lat' dir='ltr'><strong>duarum</strong></span> <span class='ocrx_word' id='word_1_45' title='bbox 1023 956 1077 1010; x_wconf 88' lang='lat' dir='ltr'><strong>in</strong></span> <span class='ocrx_word' id='word_1_46' title='bbox 1114 956 1334 1011; x_wconf 85' lang='lat' dir='ltr'><strong>Christo</strong></span> <span class='ocrx_word' id='word_1_47' title='bbox 1365 966 1709 1021; x_wconf 84' lang='lat' dir='ltr'><strong>naturarum,</strong></span> <span class='ocrx_word' id='word_1_48' title='bbox 1743 958 1967 1029; x_wconf 86' lang='lat' dir='ltr'><strong>physica</strong></span> <span class='ocrx_word' id='word_1_49' title='bbox 1997 968 2053 1013; x_wconf 90' lang='lat' dir='ltr'><strong>et</strong></span> <span class='ocrx_word' id='word_1_50' title='bbox 2074 960 2333 1013; x_wconf 88' lang='lat' dir='ltr'><strong>substan-</strong></span> 
     </span>
    </p>
   </div>
   <div class='ocr_carea' id='block_1_10' title="bbox 754 1046 2335 1120">
    <p class='ocr_par' dir='ltr' id='par_1_10' title="bbox 754 1046 2335 1120">
     <span class='ocr_line' id='line_1_10' title="bbox 754 1046 2335 1120; baseline 0.003 -20"><span class='ocrx_word' id='word_1_51' title='bbox 754 1051 883 1113; x_wconf 86' lang='lat' dir='ltr'><strong>tiva,</strong></span> <span class='ocrx_word' id='word_1_52' title='bbox 908 1046 1085 1115; x_wconf 91' lang='lat' dir='ltr'><strong>deque</strong></span> <span class='ocrx_word' id='word_1_53' title='bbox 1114 1063 1220 1100; x_wconf 91' lang='lat' dir='ltr'><strong>una</strong></span> <span class='ocrx_word' id='word_1_54' title='bbox 1265 1047 1425 1100; x_wconf 80' lang='lat' dir='ltr'><strong>Verbi</strong></span> <span class='ocrx_word' id='word_1_55' title='bbox 1480 1048 1763 1102; x_wconf 88' lang='lat' dir='ltr'><strong>incarnata</strong></span> <span class='ocrx_word' id='word_1_56' title='bbox 1795 1058 1990 1103; x_wconf 89' lang='lat' dir='ltr'><strong>natura</strong></span> <span class='ocrx_word' id='word_1_57' title='bbox 2016 1067 2028 1103; x_wconf 91' lang='lat'><strong>:</strong></span> <span class='ocrx_word' id='word_1_58' title='bbox 2066 1051 2335 1120; x_wconf 84' lang='lat' dir='ltr'><strong>intellige-</strong></span> 
     </span>
    </p>
   </div>
   <div class='ocr_carea' id='block_1_11' title="bbox 752 1135 2332 1207">
    <p class='ocr_par' dir='ltr' id='par_1_11' title="bbox 752 1135 2332 1207">
     <span class='ocr_line' id='line_1_11' title="bbox 752 1135 2332 1207; baseline 0 -16"><span class='ocrx_word' id='word_1_59' title='bbox 752 1138 845 1192; x_wconf 86' lang='lat' dir='ltr'><strong>bat</strong></span> <span class='ocrx_word' id='word_1_60' title='bbox 899 1136 1044 1188; x_wconf 87' lang='lat' dir='ltr'><strong>enim</strong></span> <span class='ocrx_word' id='word_1_61' title='bbox 1094 1135 1353 1199; x_wconf 77' lang='lat' dir='ltr'><strong>Nestorii,</strong></span> <span class='ocrx_word' id='word_1_62' title='bbox 1405 1135 1762 1205; x_wconf 91' lang='lat' dir='ltr'><strong>Diodorique,</strong></span> <span class='ocrx_word' id='word_1_63' title='bbox 1808 1146 1864 1191; x_wconf 90' lang='lat' dir='ltr'><strong>et</strong></span> <span class='ocrx_word' id='word_1_64' title='bbox 1898 1138 2175 1191; x_wconf 90' lang='lat' dir='ltr'><strong>Theodori</strong></span> <span class='ocrx_word' id='word_1_65' title='bbox 2209 1138 2332 1207; x_wconf 90' lang='lat' dir='ltr'><strong>opi—</strong></span> 
     </span>
    </p>
   </div>
   <div class='ocr_carea' id='block_1_12' title="bbox 754 1227 2333 1297">
    <p class='ocr_par' dir='ltr' id='par_1_12' title="bbox 754 1227 2333 1297">
     <span class='ocr_line' id='line_1_12' title="bbox 754 1227 2333 1297; baseline -0.001 -13"><span class='ocrx_word' id='word_1_66' title='bbox 754 1230 905 1286; x_wconf 89' lang='lat' dir='ltr'><strong>nioni</strong></span> <span class='ocrx_word' id='word_1_67' title='bbox 961 1227 1329 1291; x_wconf 78' lang='lat' dir='ltr'><strong>contrariam,</strong></span> <span class='ocrx_word' id='word_1_68' title='bbox 1378 1237 1543 1297; x_wconf 88' lang='lat' dir='ltr'><strong>atque</strong></span> <span class='ocrx_word' id='word_1_69' title='bbox 1599 1227 1736 1283; x_wconf 88' lang='lat' dir='ltr'><strong>adeo</strong></span> <span class='ocrx_word' id='word_1_70' title='bbox 1791 1229 2009 1283; x_wconf 87' lang='lat' dir='ltr'><strong>veritati</strong></span> <span class='ocrx_word' id='word_1_71' title='bbox 2049 1230 2333 1283; x_wconf 68' lang='lat' dir='ltr'><strong>catholica:</strong></span> 
     </span>
    </p>
   </div>
   <div class='ocr_carea' id='block_1_13' title="bbox 750 1320 1055 1376">
    <p class='ocr_par' dir='ltr' id='par_1_13' title="bbox 750 1320 1055 1376">
     <span class='ocr_line' id='line_1_13' title="bbox 750 1320 1055 1376; baseline -0.007 -1"><span class='ocrx_word' id='word_1_72' title='bbox 750 1320 1055 1376; x_wconf 77' lang='lat' dir='ltr'><strong>adversam.</strong></span> 
     </span>
    </p>
   </div>
   <div class='ocr_carea' id='block_1_14' title="bbox 822 1409 2332 1480">
    <p class='ocr_par' dir='ltr' id='par_1_14' title="bbox 822 1409 2332 1480">
     <span class='ocr_line' id='line_1_14' title="bbox 822 1409 2332 1480; baseline -0.001 -15"><span class='ocrx_word' id='word_1_73' title='bbox 822 1412 1107 1477; x_wconf 85' lang='lat' dir='ltr'><strong>Quartum,</strong></span> <span class='ocrx_word' id='word_1_74' title='bbox 1143 1426 1242 1465; x_wconf 92' lang='lat' dir='ltr'><strong>cur</strong></span> <span class='ocrx_word' id='word_1_75' title='bbox 1267 1409 1510 1463; x_wconf 89' lang='lat' dir='ltr'><strong>llimerio</strong></span> <span class='ocrx_word' id='word_1_76' title='bbox 1536 1409 1803 1476; x_wconf 89' lang='lat' dir='ltr'><strong>scribens,</strong></span> <span class='ocrx_word' id='word_1_77' title='bbox 1830 1425 1939 1479; x_wconf 92' lang='lat' dir='ltr'><strong>quo</strong></span> <span class='ocrx_word' id='word_1_78' title='bbox 1964 1418 2206 1480; x_wconf 88' lang='lat' dir='ltr'><strong>tempore</strong></span> <span class='ocrx_word' id='word_1_79' title='bbox 2231 1426 2332 1480; x_wconf 79' lang='lat' dir='ltr'><strong>pax</strong></span> 
     </span>
    </p>
   </div>
   <div class='ocr_carea' id='block_1_15' title="bbox 754 1502 2335 1573">
    <p class='ocr_par' dir='ltr' id='par_1_15' title="bbox 754 1502 2335 1573">
     <span class='ocr_line' id='line_1_15' title="bbox 754 1502 2335 1573; baseline -0.002 -14"><span class='ocrx_word' id='word_1_80' title='bbox 754 1505 1123 1560; x_wconf 78' lang='lat' dir='ltr'><strong>Ecclesiarum</strong></span> <span class='ocrx_word' id='word_1_81' title='bbox 1154 1502 1336 1565; x_wconf 83' lang='lat' dir='ltr'><strong>ﬁebat,</strong></span> <span class='ocrx_word' id='word_1_82' title='bbox 1359 1512 1762 1573; x_wconf 88' lang='lat' dir='ltr'><strong>negaretposse</strong></span> <span class='ocrx_word' id='word_1_83' title='bbox 1792 1503 2166 1557; x_wconf 88' lang='lat' dir='ltr'><strong>conditionem</strong></span> <span class='ocrx_word' id='word_1_84' title='bbox 2193 1504 2335 1557; x_wconf 89' lang='lat' dir='ltr'><strong>hanc</strong></span> 
     </span>
    </p>
   </div>
   <div class='ocr_carea' id='block_1_16' title="bbox 754 1594 2337 1666">
    <p class='ocr_par' dir='ltr' id='par_1_16' title="bbox 754 1594 2337 1666">
     <span class='ocr_line' id='line_1_16' title="bbox 754 1594 2337 1666; baseline -0.001 -16"><span class='ocrx_word' id='word_1_85' title='bbox 754 1597 945 1666; x_wconf 85' lang='lat' dir='ltr'><strong>accipi,</strong></span> <span class='ocrx_word' id='word_1_86' title='bbox 977 1612 1081 1665; x_wconf 91' lang='lat' dir='ltr'><strong>qua</strong></span> <span class='ocrx_word' id='word_1_87' title='bbox 1115 1594 1207 1663; x_wconf 91' lang='lat' dir='ltr'><strong>qui</strong></span> <span class='ocrx_word' id='word_1_88' title='bbox 1240 1594 1405 1647; x_wconf 80' lang='lat' dir='ltr'><strong>vellet</strong></span> <span class='ocrx_word' id='word_1_89' title='bbox 1432 1610 1489 1648; x_wconf 91' lang='lat' dir='ltr'><strong>se</strong></span> <span class='ocrx_word' id='word_1_90' title='bbox 1542 1595 1875 1649; x_wconf 89' lang='lat' dir='ltr'><strong>catholicum</strong></span> <span class='ocrx_word' id='word_1_91' title='bbox 1909 1602 1965 1649; x_wconf 91' lang='lat' dir='ltr'><strong>et</strong></span> <span class='ocrx_word' id='word_1_92' title='bbox 2008 1595 2158 1664; x_wconf 89' lang='lat' dir='ltr'><strong>pacis</strong></span> <span class='ocrx_word' id='word_1_93' title='bbox 2195 1610 2337 1649; x_wconf 85' lang='lat' dir='ltr'><strong>ama-</strong></span> 
     </span>
    </p>
   </div>
   <div class='ocr_carea' id='block_1_17' title="bbox 757 1686 2336 1756">
    <p class='ocr_par' dir='ltr' id='par_1_17' title="bbox 757 1686 2336 1756">
     <span class='ocr_line' id='line_1_17' title="bbox 757 1686 2336 1756; baseline -0.001 -15"><span class='ocrx_word' id='word_1_94' title='bbox 757 1701 930 1741; x_wconf 84' lang='lat' dir='ltr'><strong>torem</strong></span> <span class='ocrx_word' id='word_1_95' title='bbox 983 1687 1260 1756; x_wconf 86' lang='lat' dir='ltr'><strong>probare,</strong></span> <span class='ocrx_word' id='word_1_96' title='bbox 1323 1686 1549 1739; x_wconf 85' lang='lat' dir='ltr'><strong>deberet</strong></span> <span class='ocrx_word' id='word_1_97' title='bbox 1628 1686 1976 1739; x_wconf 84' lang='lat' dir='ltr'><strong>anathemate</strong></span> <span class='ocrx_word' id='word_1_98' title='bbox 2035 1687 2336 1754; x_wconf 89' lang='lat' dir='ltr'><strong>percellere</strong></span> 
     </span>
    </p>
   </div>
   <div class='ocr_carea' id='block_1_18' title="bbox 753 1776 2337 1846">
    <p class='ocr_par' dir='ltr' id='par_1_18' title="bbox 753 1776 2337 1846">
     <span class='ocr_line' id='line_1_18' title="bbox 753 1776 2337 1846; baseline 0 -14"><span class='ocrx_word' id='word_1_99' title='bbox 753 1777 990 1833; x_wconf 81' lang='lat' dir='ltr'><strong>Nestorii</strong></span> <span class='ocrx_word' id='word_1_100' title='bbox 1022 1777 1215 1846; x_wconf 83' lang='lat' dir='ltr'><strong>dogma</strong></span> <span class='ocrx_word' id='word_1_101' title='bbox 1246 1795 1256 1828; x_wconf 89' lang='lat'><strong>:</strong></span> <span class='ocrx_word' id='word_1_102' title='bbox 1297 1776 1528 1845; x_wconf 82' lang='lat' dir='ltr'><strong>negabat</strong></span> <span class='ocrx_word' id='word_1_103' title='bbox 1572 1776 1719 1829; x_wconf 89' lang='lat' dir='ltr'><strong>enim</strong></span> <span class='ocrx_word' id='word_1_104' title='bbox 1770 1776 1824 1828; x_wconf 92' lang='lat' dir='ltr'><strong>id</strong></span> <span class='ocrx_word' id='word_1_105' title='bbox 1874 1776 1988 1829; x_wconf 86' lang='lat' dir='ltr'><strong>tieri</strong></span> <span class='ocrx_word' id='word_1_106' title='bbox 2022 1792 2181 1846; x_wconf 89' lang='lat' dir='ltr'><strong>posse</strong></span> <span class='ocrx_word' id='word_1_107' title='bbox 2217 1778 2337 1832; x_wconf 88' lang='lat' dir='ltr'><strong>sine</strong></span> 
     </span>
    </p>
   </div>
   <div class='ocr_carea' id='block_1_19' title="bbox 2442 587 4029 661">
    <p class='ocr_par' dir='ltr' id='par_1_19' title="bbox 2442 587 4029 661">
     <span class='ocr_line' id='line_1_19' title="bbox 2442 587 4029 661; baseline -0.003 -16"><span class='ocrx_word' id='word_1_108' title='bbox 2442 609 2543 646; x_wconf 82' lang='lat' dir='ltr'><strong>nec</strong></span> <span class='ocrx_word' id='word_1_109' title='bbox 2564 595 2738 661; x_wconf 90' lang='lat' dir='ltr'><strong>potuit</strong></span> <span class='ocrx_word' id='word_1_110' title='bbox 2761 592 2828 646; x_wconf 87' lang='lat' dir='ltr'><strong>ad</strong></span> <span class='ocrx_word' id='word_1_111' title='bbox 2858 590 3266 645; x_wconf 87' lang='lat' dir='ltr'><strong>Theodoretum</strong></span> <span class='ocrx_word' id='word_1_112' title='bbox 3288 588 3415 659; x_wconf 86' lang='lat' dir='ltr'><strong>Cyri</strong></span> <span class='ocrx_word' id='word_1_113' title='bbox 3434 588 3717 643; x_wconf 87' lang='lat' dir='ltr'><strong>detentum</strong></span> <span class='ocrx_word' id='word_1_114' title='bbox 3734 587 4029 657; x_wconf 85' lang='lat' dir='ltr'><strong>pervenire</strong></span> 
     </span>
    </p>
   </div>
   <div class='ocr_carea' id='block_1_20' title="bbox 2440 677 4029 751">
    <p class='ocr_par' dir='ltr' id='par_1_20' title="bbox 2440 677 4029 751">
     <span class='ocr_line' id='line_1_20' title="bbox 2440 677 4029 751; baseline -0.004 -13"><span class='ocrx_word' id='word_1_115' title='bbox 2440 694 2568 738; x_wconf 80' lang='lat' dir='ltr'><strong>ante</strong></span> <span class='ocrx_word' id='word_1_116' title='bbox 2591 693 2937 746; x_wconf 84' lang='lat' dir='ltr'><strong>autumnum,</strong></span> <span class='ocrx_word' id='word_1_117' title='bbox 2979 689 3034 735; x_wconf 93' lang='lat' dir='ltr'><strong>et</strong></span> <span class='ocrx_word' id='word_1_118' title='bbox 3075 681 3297 751; x_wconf 91' lang='lat' dir='ltr'><strong>quidem</strong></span> <span class='ocrx_word' id='word_1_119' title='bbox 3321 682 3432 750; x_wconf 85' lang='lat' dir='ltr'><strong>jam</strong></span> <span class='ocrx_word' id='word_1_120' title='bbox 3470 687 3813 748; x_wconf 88' lang='lat' dir='ltr'><strong>provectum.</strong></span> <span class='ocrx_word' id='word_1_121' title='bbox 3846 677 4029 732; x_wconf 86' lang='lat' dir='ltr'><strong>Theo-</strong></span> 
     </span>
    </p>
   </div>
   <div class='ocr_carea' id='block_1_21' title="bbox 2441 770 4031 842">
    <p class='ocr_par' dir='ltr' id='par_1_21' title="bbox 2441 770 4031 842">
     <span class='ocr_line' id='line_1_21' title="bbox 2441 770 4031 842; baseline -0.006 -11"><span class='ocrx_word' id='word_1_122' title='bbox 2441 778 2665 831; x_wconf 86' lang='lat' dir='ltr'><strong>doretus</strong></span> <span class='ocrx_word' id='word_1_123' title='bbox 2691 792 2823 832; x_wconf 85' lang='lat' dir='ltr'><strong>vero</strong></span> <span class='ocrx_word' id='word_1_124' title='bbox 2844 775 2913 829; x_wconf 81' lang='lat' dir='ltr'><strong>ad</strong></span> <span class='ocrx_word' id='word_1_125' title='bbox 2948 775 3149 828; x_wconf 86' lang='lat' dir='ltr'><strong>milites</strong></span> <span class='ocrx_word' id='word_1_126' title='bbox 3172 773 3396 842; x_wconf 85' lang='lat' dir='ltr'><strong>scripsit</strong></span> <span class='ocrx_word' id='word_1_127' title='bbox 3428 774 3615 825; x_wconf 85' lang='lat' dir='ltr'><strong>statim</strong></span> <span class='ocrx_word' id='word_1_128' title='bbox 3637 780 3861 840; x_wconf 90' lang='lat' dir='ltr'><strong>accepta</strong></span> <span class='ocrx_word' id='word_1_129' title='bbox 3887 770 4031 823; x_wconf 88' lang='lat' dir='ltr'><strong>Leo-</strong></span> 
     </span>
    </p>
   </div>
   <div class='ocr_carea' id='block_1_22' title="bbox 2441 862 4025 938">
    <p class='ocr_par' dir='ltr' id='par_1_22' title="bbox 2441 862 4025 938">
     <span class='ocr_line' id='line_1_22' title="bbox 2441 862 4025 938; baseline -0.006 -16"><span class='ocrx_word' id='word_1_130' title='bbox 2441 870 2528 923; x_wconf 85' lang='lat' dir='ltr'><strong>nis</strong></span> <span class='ocrx_word' id='word_1_131' title='bbox 2548 869 2801 938; x_wconf 86' lang='lat' dir='ltr'><strong>epistola,</strong></span> <span class='ocrx_word' id='word_1_132' title='bbox 2831 877 2893 921; x_wconf 93' lang='lat' dir='ltr'><strong>ut</strong></span> <span class='ocrx_word' id='word_1_133' title='bbox 2916 867 3298 922; x_wconf 86' lang='lat' dir='ltr'><strong>demonstrant</strong></span> <span class='ocrx_word' id='word_1_134' title='bbox 3329 864 3413 917; x_wconf 76' lang='lat' dir='ltr'><strong>ha:</strong></span> <span class='ocrx_word' id='word_1_135' title='bbox 3435 878 3599 916; x_wconf 90' lang='lat' dir='ltr'><strong>voces</strong></span> <span class='ocrx_word' id='word_1_136' title='bbox 3635 879 3647 914; x_wconf 93' lang='lat'>:</span> <span class='ocrx_word' id='word_1_137' title='bbox 3688 862 4025 914; x_wconf 76' lang='grc' dir='ltr'><strong>’Δκουσάτω-</strong></span> 
     </span>
    </p>
   </div>
   <div class='ocr_carea' id='block_1_23' title="bbox 2443 952 4033 1026">
    <p class='ocr_par' dir='ltr' id='par_1_23' title="bbox 2443 952 4033 1026">
     <span class='ocr_line' id='line_1_23' title="bbox 2443 952 4033 1026; baseline -0.008 -13"><span class='ocrx_word' id='word_1_138' title='bbox 2443 978 2562 1023; x_wconf 81' lang='grc' dir='ltr'><strong>σαν,</strong></span> <span class='ocrx_word' id='word_1_139' title='bbox 2592 962 2686 1013; x_wconf 76' lang='grc' dir='ltr'>καὶ</span> <span class='ocrx_word' id='word_1_140' title='bbox 2710 961 2801 1013; x_wconf 74' lang='grc' dir='ltr'><strong>τοῦ</strong></span> <span class='ocrx_word' id='word_1_141' title='bbox 2827 961 3132 1026; x_wconf 63' lang='grc' dir='ltr'><strong>ἁγιωτάτων</strong></span> <span class='ocrx_word' id='word_1_142' title='bbox 3166 956 3256 1009; x_wconf 70' lang='grc' dir='ltr'><strong>καὶ</strong></span> <span class='ocrx_word' id='word_1_143' title='bbox 3286 956 3580 1009; x_wconf 73' lang='grc' dir='ltr'><strong>ὁσιωτάτου</strong></span> <span class='ocrx_word' id='word_1_144' title='bbox 3605 955 3699 1016; x_wconf 78' lang='grc' dir='ltr'><strong>τῆς</strong></span> <span class='ocrx_word' id='word_1_145' title='bbox 3737 952 4033 1023; x_wconf 66' lang='grc' dir='ltr'><strong>Ῥωμαίων</strong></span> 
     </span>
    </p>
   </div>
   <div class='ocr_carea' id='block_1_24' title="bbox 2442 1046 4029 1122">
    <p class='ocr_par' dir='ltr' id='par_1_24' title="bbox 2442 1046 4029 1122">
     <span class='ocr_line' id='line_1_24' title="bbox 2442 1046 4029 1122; baseline -0.004 -19"><span class='ocrx_word' id='word_1_146' title='bbox 2442 1053 2762 1112; x_wconf 71' lang='grc' dir='ltr'><strong>ἐπισκόπου,</strong></span> <span class='ocrx_word' id='word_1_147' title='bbox 2795 1050 2886 1103; x_wconf 76' lang='grc' dir='ltr'><strong>τοῦ</strong></span> <span class='ocrx_word' id='word_1_148' title='bbox 2912 1051 3102 1122; x_wconf 68' lang='grc' dir='ltr'>κυρίου</span> <span class='ocrx_word' id='word_1_149' title='bbox 3131 1050 3360 1110; x_wconf 77' lang='grc' dir='ltr'><strong>Λέοντος</strong></span> <span class='ocrx_word' id='word_1_150' title='bbox 3395 1047 3489 1099; x_wconf 78' lang='grc' dir='ltr'><strong>νῦν</strong></span> <span class='ocrx_word' id='word_1_151' title='bbox 3518 1046 3878 1113; x_wconf 81' lang='grc' dir='ltr'><strong>γεγραφότος,</strong></span> <span class='ocrx_word' id='word_1_152' title='bbox 3918 1054 4029 1098; x_wconf 86' lang='lat' dir='ltr'><strong>etc.</strong></span> 
     </span>
    </p>
   </div>
   <div class='ocr_carea' id='block_1_25' title="bbox 2440 1138 4029 1211">
    <p class='ocr_par' dir='ltr' id='par_1_25' title="bbox 2440 1138 4029 1211">
     <span class='ocr_line' id='line_1_25' title="bbox 2440 1138 4029 1211; baseline -0.006 -13"><span class='ocrx_word' id='word_1_153' title='bbox 2440 1144 2673 1198; x_wconf 77' lang='lat' dir='ltr'><strong>Audiam</strong></span> <span class='ocrx_word' id='word_1_154' title='bbox 2695 1144 3084 1197; x_wconf 83' lang='lat' dir='ltr'><strong>sanctissimum</strong></span> <span class='ocrx_word' id='word_1_155' title='bbox 3106 1152 3155 1194; x_wconf 86' lang='lat' dir='ltr'><strong>et</strong></span> <span class='ocrx_word' id='word_1_156' title='bbox 3184 1140 3636 1211; x_wconf 77' lang='lat' dir='ltr'><strong>religiosissimum</strong></span> <span class='ocrx_word' id='word_1_157' title='bbox 3665 1138 4029 1192; x_wconf 84' lang='lat' dir='ltr'><strong>Romanorum</strong></span> 
     </span>
    </p>
   </div>
   <div class='ocr_carea' id='block_1_26' title="bbox 2442 1230 4029 1303">
    <p class='ocr_par' dir='ltr' id='par_1_26' title="bbox 2442 1230 4029 1303">
     <span class='ocr_line' id='line_1_26' title="bbox 2442 1230 4029 1303; baseline -0.004 -16"><span class='ocrx_word' id='word_1_158' title='bbox 2442 1236 2757 1303; x_wconf 80' lang='lat' dir='ltr'><strong>episcopum,</strong></span> <span class='ocrx_word' id='word_1_159' title='bbox 2793 1233 3064 1287; x_wconf 86' lang='lat' dir='ltr'><strong>dominum</strong></span> <span class='ocrx_word' id='word_1_160' title='bbox 3096 1232 3343 1294; x_wconf 83' lang='lat' dir='ltr'><strong>Leonem,</strong></span> <span class='ocrx_word' id='word_1_161' title='bbox 3368 1232 3457 1302; x_wconf 88' lang='lat' dir='ltr'><strong>qui</strong></span> <span class='ocrx_word' id='word_1_162' title='bbox 3488 1230 3641 1284; x_wconf 85' lang='lat' dir='ltr'><strong>modo</strong></span> <span class='ocrx_word' id='word_1_163' title='bbox 3661 1230 3893 1299; x_wconf 73' lang='lat' dir='ltr'><strong>scripsit,</strong></span> <span class='ocrx_word' id='word_1_164' title='bbox 3918 1238 4029 1282; x_wconf 92' lang='lat' dir='ltr'><strong>ctc.</strong></span> 
     </span>
    </p>
   </div>
   <div class='ocr_carea' id='block_1_27' title="bbox 2512 1319 4031 1393">
    <p class='ocr_par' dir='ltr' id='par_1_27' title="bbox 2512 1319 4031 1393">
     <span class='ocr_line' id='line_1_27' title="bbox 2512 1319 4031 1393; baseline -0.003 -17"><span class='ocrx_word' id='word_1_165' title='bbox 2512 1324 2577 1377; x_wconf 88' lang='lat' dir='ltr'><strong>ll.</strong></span> <span class='ocrx_word' id='word_1_166' title='bbox 2604 1323 2821 1385; x_wconf 82' lang='lat' dir='ltr'><strong>Milites,</strong></span> <span class='ocrx_word' id='word_1_167' title='bbox 2869 1324 2937 1377; x_wconf 90' lang='lat' dir='ltr'><strong>ad</strong></span> <span class='ocrx_word' id='word_1_168' title='bbox 2979 1338 3117 1392; x_wconf 89' lang='lat' dir='ltr'><strong>quos</strong></span> <span class='ocrx_word' id='word_1_169' title='bbox 3144 1322 3423 1393; x_wconf 79' lang='lat' dir='ltr'><strong>dirigitur,</strong></span> <span class='ocrx_word' id='word_1_170' title='bbox 3456 1322 3716 1375; x_wconf 87' lang='lat' dir='ltr'><strong>videntur</strong></span> <span class='ocrx_word' id='word_1_171' title='bbox 3758 1320 3931 1373; x_wconf 86' lang='lat' dir='ltr'><strong>fuisse</strong></span> <span class='ocrx_word' id='word_1_172' title='bbox 3962 1319 4031 1373; x_wconf 93' lang='lat' dir='ltr'><strong>de</strong></span> 
     </span>
    </p>
   </div>
   <div class='ocr_carea' id='block_1_28' title="bbox 2441 1410 4030 1483">
    <p class='ocr_par' dir='ltr' id='par_1_28' title="bbox 2441 1410 4030 1483">
     <span class='ocr_line' id='line_1_28' title="bbox 2441 1410 4030 1483; baseline 0 -18"><span class='ocrx_word' id='word_1_173' title='bbox 2441 1427 2673 1466; x_wconf 91' lang='lat' dir='ltr'><strong>numero</strong></span> <span class='ocrx_word' id='word_1_174' title='bbox 2697 1412 2858 1467; x_wconf 90' lang='lat' dir='ltr'><strong>tertio</strong></span> <span class='ocrx_word' id='word_1_175' title='bbox 2892 1411 3392 1478; x_wconf 90' lang='lat' dir='ltr'><strong>Stabilisianorum,</strong></span> <span class='ocrx_word' id='word_1_176' title='bbox 3423 1412 3517 1483; x_wconf 87' lang='lat' dir='ltr'><strong>qui</strong></span> <span class='ocrx_word' id='word_1_177' title='bbox 3549 1412 3605 1465; x_wconf 92' lang='lat' dir='ltr'><strong>in</strong></span> <span class='ocrx_word' id='word_1_178' title='bbox 3633 1410 3877 1466; x_wconf 87' lang='lat' dir='ltr'><strong>Orientis</strong></span> <span class='ocrx_word' id='word_1_179' title='bbox 3899 1426 4030 1482; x_wconf 88' lang='lat' dir='ltr'><strong>pro-</strong></span> 
     </span>
    </p>
   </div>
   <div class='ocr_carea' id='block_1_29' title="bbox 2443 1504 3050 1559">
    <p class='ocr_par' dir='ltr' id='par_1_29' title="bbox 2443 1504 3050 1559">
     <span class='ocr_line' id='line_1_29' title="bbox 2443 1504 3050 1559; baseline 0.002 -3"><span class='ocrx_word' id='word_1_180' title='bbox 2443 1504 2641 1559; x_wconf 88' lang='lat' dir='ltr'><strong>vinciis</strong></span> <span class='ocrx_word' id='word_1_181' title='bbox 2672 1505 3050 1559; x_wconf 82' lang='lat' dir='ltr'><strong>morabantur.</strong></span> 
     </span>
    </p>
   </div>
   <div class='ocr_carea' id='block_1_30' title="bbox 2514 1593 4029 1666">
    <p class='ocr_par' dir='ltr' id='par_1_30' title="bbox 2514 1593 4029 1666">
     <span class='ocr_line' id='line_1_30' title="bbox 2514 1593 4029 1666; baseline -0.001 -18"><span class='ocrx_word' id='word_1_182' title='bbox 2514 1595 2602 1648; x_wconf 91' lang='lat' dir='ltr'><strong>lll.</strong></span> <span class='ocrx_word' id='word_1_183' title='bbox 2641 1596 3124 1666; x_wconf 86' lang='lat' dir='ltr'><strong>lnterrogaverant</strong></span> <span class='ocrx_word' id='word_1_184' title='bbox 3150 1595 3229 1649; x_wconf 92' lang='lat' dir='ltr'><strong>illi</strong></span> <span class='ocrx_word' id='word_1_185' title='bbox 3260 1595 3693 1660; x_wconf 85' lang='lat' dir='ltr'><strong>Theodoretum,</strong></span> <span class='ocrx_word' id='word_1_186' title='bbox 3736 1593 3870 1664; x_wconf 91' lang='lat' dir='ltr'><strong>quid</strong></span> <span class='ocrx_word' id='word_1_187' title='bbox 3899 1608 4029 1647; x_wconf 88' lang='lat' dir='ltr'><strong>sen-</strong></span> 
     </span>
    </p>
   </div>
   <div class='ocr_carea' id='block_1_31' title="bbox 2446 1686 4033 1758">
    <p class='ocr_par' dir='ltr' id='par_1_31' title="bbox 2446 1686 4033 1758">
     <span class='ocr_line' id='line_1_31' title="bbox 2446 1686 4033 1758; baseline -0.001 -18"><span class='ocrx_word' id='word_1_188' title='bbox 2446 1688 2692 1743; x_wconf 90' lang='lat' dir='ltr'><strong>tiendum</strong></span> <span class='ocrx_word' id='word_1_189' title='bbox 2717 1688 2785 1742; x_wconf 90' lang='lat' dir='ltr'><strong>de</strong></span> <span class='ocrx_word' id='word_1_190' title='bbox 2811 1704 2898 1751; x_wconf 90' lang='lat' dir='ltr'><strong>eo,</strong></span> <span class='ocrx_word' id='word_1_191' title='bbox 2925 1690 3019 1757; x_wconf 91' lang='lat' dir='ltr'><strong>qui</strong></span> <span class='ocrx_word' id='word_1_192' title='bbox 3045 1689 3478 1758; x_wconf 85' lang='lat' dir='ltr'><strong>reprehenderat</strong></span> <span class='ocrx_word' id='word_1_193' title='bbox 3505 1688 3804 1749; x_wconf 87' lang='lat' dir='ltr'><strong>dicentem,</strong></span> <span class='ocrx_word' id='word_1_194' title='bbox 3842 1686 4033 1756; x_wconf 85' lang='lat' dir='ltr'><strong>aliqua</strong></span> 
     </span>
    </p>
   </div>
   <div class='ocr_carea' id='block_1_32' title="bbox 2446 1778 4036 1850">
    <p class='ocr_par' dir='ltr' id='par_1_32' title="bbox 2446 1778 4036 1850">
     <span class='ocr_line' id='line_1_32' title="bbox 2446 1778 4036 1850; baseline -0.003 -17"><span class='ocrx_word' id='word_1_195' title='bbox 2446 1796 2556 1834; x_wconf 87' lang='lat' dir='ltr'><strong>esse</strong></span> <span class='ocrx_word' id='word_1_196' title='bbox 2582 1779 2687 1832; x_wconf 90' lang='lat' dir='ltr'><strong>Deo</strong></span> <span class='ocrx_word' id='word_1_197' title='bbox 2702 1797 2914 1850; x_wconf 77' lang='lat' dir='ltr'><strong>prorsus</strong></span> <span class='ocrx_word' id='word_1_198' title='bbox 2937 1778 3298 1850; x_wconf 85' lang='lat' dir='ltr'><strong>impossibilia.</strong></span> <span class='ocrx_word' id='word_1_199' title='bbox 3318 1778 3541 1843; x_wconf 86' lang='lat' dir='ltr'><strong>lrretiti,</strong></span> <span class='ocrx_word' id='word_1_200' title='bbox 3566 1779 3784 1848; x_wconf 85' lang='lat' dir='ltr'><strong>opinor,</strong></span> <span class='ocrx_word' id='word_1_201' title='bbox 3812 1778 4036 1832; x_wconf 79' lang='lat' dir='ltr'><strong>fuerant</strong></span> 
     </span>
    </p>
   </div>
   <div class='ocr_carea' id='block_1_33' title="bbox 753 1867 4034 1941">
    <p class='ocr_par' dir='ltr' id='par_1_33' title="bbox 753 1867 4034 1941">
     <span class='ocr_line' id='line_1_33' title="bbox 753 1867 4034 1941; baseline -0.001 -18"><span class='ocrx_word' id='word_1_202' title='bbox 753 1870 975 1941; x_wconf 85' lang='lat' dir='ltr'><strong>pietatis</strong></span> <span class='ocrx_word' id='word_1_203' title='bbox 996 1868 1349 1931; x_wconf 86' lang='lat' dir='ltr'><strong>detrimento,</strong></span> <span class='ocrx_word' id='word_1_204' title='bbox 1370 1867 1465 1921; x_wconf 87' lang='lat' dir='ltr'><strong>sed</strong></span> <span class='ocrx_word' id='word_1_205' title='bbox 1487 1867 1856 1922; x_wconf 87' lang='lat' dir='ltr'><strong>adhibendam</strong></span> <span class='ocrx_word' id='word_1_206' title='bbox 1884 1884 2002 1923; x_wconf 88' lang='lat' dir='ltr'><strong>esse</strong></span> <span class='ocrx_word' id='word_1_207' title='bbox 2031 1869 2174 1923; x_wconf 88' lang='lat' dir='ltr'><strong>inter</strong></span> <span class='ocrx_word' id='word_1_208' title='bbox 2204 1872 2338 1923; x_wconf 91' lang='lat' dir='ltr'><strong>sub-</strong></span> <span class='ocrx_word' id='word_1_209' title='bbox 2372 1870 2414 1927; x_wconf 84' lang='grc' dir='ltr'><strong>Β</strong></span> <span class='ocrx_word' id='word_1_210' title='bbox 2442 1872 2570 1927; x_wconf 84' lang='grc' dir='ltr'><strong>1)οηί</strong></span> <span class='ocrx_word' id='word_1_211' title='bbox 2622 1873 2725 1926; x_wconf 78' lang='lat' dir='ltr'><strong>viri</strong></span> <span class='ocrx_word' id='word_1_212' title='bbox 2752 1872 2820 1926; x_wconf 86' lang='lat' dir='ltr'><strong>ab</strong></span> <span class='ocrx_word' id='word_1_213' title='bbox 2848 1874 3035 1941; x_wconf 89' lang='lat' dir='ltr'><strong>aliquo</strong></span> <span class='ocrx_word' id='word_1_214' title='bbox 3062 1872 3356 1925; x_wconf 89' lang='lat' dir='ltr'><strong>defensore</strong></span> <span class='ocrx_word' id='word_1_215' title='bbox 3386 1870 3483 1923; x_wconf 88' lang='lat' dir='ltr'><strong>Dei</strong></span> <span class='ocrx_word' id='word_1_216' title='bbox 3525 1871 3809 1940; x_wconf 84' lang='lat' dir='ltr'><strong>passibilis,</strong></span> <span class='ocrx_word' id='word_1_217' title='bbox 3840 1884 4000 1922; x_wconf 90' lang='lat' dir='ltr'><strong>suam</strong></span> <span class='ocrx_word' id='word_1_218' title='bbox 4020 1898 4034 1904; x_wconf 92' lang='lat'>-</span> 
     </span>
    </p>
   </div>
   <div class='ocr_carea' id='block_1_34' title="bbox 755 1956 2335 2025">
    <p class='ocr_par' dir='ltr' id='par_1_34' title="bbox 755 1956 2335 2025">
     <span class='ocr_line' id='line_1_34' title="bbox 755 1956 2335 2025; baseline -0.001 -12"><span class='ocrx_word' id='word_1_219' title='bbox 755 1957 1109 2013; x_wconf 83' lang='lat' dir='ltr'><strong>scribendum</strong></span> <span class='ocrx_word' id='word_1_220' title='bbox 1139 1958 1290 2025; x_wconf 89' lang='lat' dir='ltr'><strong>pacis</strong></span> <span class='ocrx_word' id='word_1_221' title='bbox 1327 1956 1714 2019; x_wconf 79' lang='lat' dir='ltr'><strong>instrumento,</strong></span> <span class='ocrx_word' id='word_1_222' title='bbox 1756 1965 1871 2010; x_wconf 90' lang='lat' dir='ltr'><strong>tum</strong></span> <span class='ocrx_word' id='word_1_223' title='bbox 1920 1957 2335 2013; x_wconf 88' lang='lat' dir='ltr'><strong>distinctionem</strong></span> 
     </span>
    </p>
   </div>
   <div class='ocr_carea' id='block_1_35' title="bbox 750 2046 2339 2120">
    <p class='ocr_par' dir='ltr' id='par_1_35' title="bbox 750 2046 2339 2120">
     <span class='ocr_line' id='line_1_35' title="bbox 750 2046 2339 2120; baseline 0 -16"><span class='ocrx_word' id='word_1_224' title='bbox 750 2049 892 2120; x_wconf 81' lang='lat' dir='ltr'><strong>juris</strong></span> <span class='ocrx_word' id='word_1_225' title='bbox 926 2058 981 2102; x_wconf 91' lang='lat' dir='ltr'><strong>et</strong></span> <span class='ocrx_word' id='word_1_226' title='bbox 1010 2046 1160 2111; x_wconf 89' lang='lat' dir='ltr'><strong>facti,</strong></span> <span class='ocrx_word' id='word_1_227' title='bbox 1212 2047 1326 2100; x_wconf 89' lang='lat' dir='ltr'><strong>sive</strong></span> <span class='ocrx_word' id='word_1_228' title='bbox 1362 2046 1634 2116; x_wconf 78' lang='lat' dir='ltr'><strong>dogmatis</strong></span> <span class='ocrx_word' id='word_1_229' title='bbox 1663 2056 1718 2101; x_wconf 89' lang='lat' dir='ltr'><strong>et</strong></span> <span class='ocrx_word' id='word_1_230' title='bbox 1752 2063 2031 2117; x_wconf 66' lang='lat' dir='ltr'><strong>personae;</strong></span> <span class='ocrx_word' id='word_1_231' title='bbox 2068 2057 2183 2103; x_wconf 92' lang='lat' dir='ltr'><strong>tum</strong></span> <span class='ocrx_word' id='word_1_232' title='bbox 2212 2066 2339 2104; x_wconf 90' lang='lat' dir='ltr'><strong>cau-</strong></span> 
     </span>
    </p>
   </div>
   <div class='ocr_carea' id='block_1_36' title="bbox 756 2140 2339 2211">
    <p class='ocr_par' dir='ltr' id='par_1_36' title="bbox 756 2140 2339 2211">
     <span class='ocr_line' id='line_1_36' title="bbox 756 2140 2339 2211; baseline -0.001 -15"><span class='ocrx_word' id='word_1_233' title='bbox 756 2145 984 2206; x_wconf 86' lang='lat' dir='ltr'><strong>tionem,</strong></span> <span class='ocrx_word' id='word_1_234' title='bbox 1016 2156 1123 2209; x_wconf 90' lang='lat' dir='ltr'><strong>qua</strong></span> <span class='ocrx_word' id='word_1_235' title='bbox 1152 2140 1510 2193; x_wconf 87' lang='lat' dir='ltr'><strong>damnaretur</strong></span> <span class='ocrx_word' id='word_1_236' title='bbox 1538 2140 1733 2211; x_wconf 80' lang='lat' dir='ltr'><strong>dogma</strong></span> <span class='ocrx_word' id='word_1_237' title='bbox 1764 2140 1831 2196; x_wconf 91' lang='lat' dir='ltr'><strong>de</strong></span> <span class='ocrx_word' id='word_1_238' title='bbox 1858 2140 2076 2196; x_wconf 91' lang='lat' dir='ltr'><strong>duobus</strong></span> <span class='ocrx_word' id='word_1_239' title='bbox 2101 2142 2246 2207; x_wconf 84' lang='lat' dir='ltr'><strong>ﬁliis,</strong></span> <span class='ocrx_word' id='word_1_240' title='bbox 2292 2143 2339 2197; x_wconf 89' lang='lat' dir='ltr'><strong>si</strong></span> 
     </span>
    </p>
   </div>
   <div class='ocr_carea' id='block_1_37' title="bbox 756 2228 2341 2304">
    <p class='ocr_par' dir='ltr' id='par_1_37' title="bbox 756 2228 2341 2304">
     <span class='ocr_line' id='line_1_37' title="bbox 756 2228 2341 2304; baseline -0.002 -18"><span class='ocrx_word' id='word_1_241' title='bbox 756 2250 865 2304; x_wconf 88' lang='lat' dir='ltr'><strong>quo</strong></span> <span class='ocrx_word' id='word_1_242' title='bbox 891 2234 946 2287; x_wconf 91' lang='lat' dir='ltr'><strong>in</strong></span> <span class='ocrx_word' id='word_1_243' title='bbox 977 2232 1120 2285; x_wconf 91' lang='lat' dir='ltr'><strong>libro</strong></span> <span class='ocrx_word' id='word_1_244' title='bbox 1147 2230 1507 2300; x_wconf 86' lang='lat' dir='ltr'><strong>reperiretur,</strong></span> <span class='ocrx_word' id='word_1_245' title='bbox 1543 2238 1596 2283; x_wconf 89' lang='lat' dir='ltr'><strong>et</strong></span> <span class='ocrx_word' id='word_1_246' title='bbox 1625 2228 1669 2283; x_wconf 91' lang='lat' dir='ltr'><strong>si</strong></span> <span class='ocrx_word' id='word_1_247' title='bbox 1701 2245 1809 2297; x_wconf 92' lang='lat' dir='ltr'><strong>quo</strong></span> <span class='ocrx_word' id='word_1_248' title='bbox 1841 2230 1908 2284; x_wconf 91' lang='lat' dir='ltr'><strong>ab</strong></span> <span class='ocrx_word' id='word_1_249' title='bbox 1943 2230 2164 2285; x_wconf 90' lang='lat' dir='ltr'><strong>homine</strong></span> <span class='ocrx_word' id='word_1_250' title='bbox 2192 2244 2341 2283; x_wconf 88' lang='lat' dir='ltr'><strong>asse-</strong></span> 
     </span>
    </p>
   </div>
   <div class='ocr_carea' id='block_1_38' title="bbox 758 2334 994 2381">
    <p class='ocr_par' dir='ltr' id='par_1_38' title="bbox 758 2334 994 2381">
     <span class='ocr_line' id='line_1_38' title="bbox 758 2334 994 2381; baseline -0.008 -2"><span class='ocrx_word' id='word_1_251' title='bbox 758 2334 994 2381; x_wconf 83' lang='lat' dir='ltr'><strong>reretur.</strong></span> 
     </span>
    </p>
   </div>
   <div class='ocr_carea' id='block_1_39' title="bbox 826 2413 2342 2488">
    <p class='ocr_par' dir='ltr' id='par_1_39' title="bbox 826 2413 2342 2488">
     <span class='ocr_line' id='line_1_39' title="bbox 826 2413 2342 2488; baseline -0.005 -14"><span class='ocrx_word' id='word_1_252' title='bbox 826 2420 1112 2488; x_wconf 87' lang='lat' dir='ltr'><strong>Quintum,</strong></span> <span class='ocrx_word' id='word_1_253' title='bbox 1157 2433 1255 2471; x_wconf 88' lang='lat' dir='ltr'><strong>cur</strong></span> <span class='ocrx_word' id='word_1_254' title='bbox 1291 2417 1343 2470; x_wconf 89' lang='lat' dir='ltr'><strong>in</strong></span> <span class='ocrx_word' id='word_1_255' title='bbox 1379 2414 1586 2487; x_wconf 79' lang='lat' dir='ltr'><strong>synodo</strong></span> <span class='ocrx_word' id='word_1_256' title='bbox 1635 2413 2109 2479; x_wconf 89' lang='lat' dir='ltr'><strong>Cbalcedonensi,</strong></span> <span class='ocrx_word' id='word_1_257' title='bbox 2155 2414 2342 2484; x_wconf 87' lang='lat' dir='ltr'><strong>jussus</strong></span> 
     </span>
    </p>
   </div>
   <div class='ocr_carea' id='block_1_40' title="bbox 757 2508 2343 2578">
    <p class='ocr_par' dir='ltr' id='par_1_40' title="bbox 757 2508 2343 2578">
     <span class='ocr_line' id='line_1_40' title="bbox 757 2508 2343 2578; baseline -0.005 -9"><span class='ocrx_word' id='word_1_258' title='bbox 757 2514 1044 2569; x_wconf 85' lang='lat' dir='ltr'><strong>anathema</strong></span> <span class='ocrx_word' id='word_1_259' title='bbox 1075 2510 1257 2565; x_wconf 89' lang='lat' dir='ltr'><strong>dicere</strong></span> <span class='ocrx_word' id='word_1_260' title='bbox 1282 2509 1535 2563; x_wconf 68' lang='lat' dir='ltr'><strong>Nestorio</strong></span> <span class='ocrx_word' id='word_1_261' title='bbox 1576 2517 1627 2561; x_wconf 89' lang='lat' dir='ltr'><strong>et</strong></span> <span class='ocrx_word' id='word_1_262' title='bbox 1665 2508 1784 2576; x_wconf 86' lang='lat' dir='ltr'><strong>ejus</strong></span> <span class='ocrx_word' id='word_1_263' title='bbox 1829 2508 2197 2578; x_wconf 81' lang='lat' dir='ltr'><strong>dogmatibus,</strong></span> <span class='ocrx_word' id='word_1_264' title='bbox 2228 2517 2343 2562; x_wconf 89' lang='lat' dir='ltr'><strong>tan-</strong></span> 
     </span>
    </p>
   </div>
   <div class='ocr_carea' id='block_1_41' title="bbox 758 2599 2342 2674">
    <p class='ocr_par' dir='ltr' id='par_1_41' title="bbox 758 2599 2342 2674">
     <span class='ocr_line' id='line_1_41' title="bbox 758 2599 2342 2674; baseline -0.006 -13"><span class='ocrx_word' id='word_1_265' title='bbox 758 2607 853 2661; x_wconf 88' lang='lat' dir='ltr'><strong>diu</strong></span> <span class='ocrx_word' id='word_1_266' title='bbox 903 2605 1296 2674; x_wconf 75' lang='lat' dir='ltr'><strong>tergiversatus</strong></span> <span class='ocrx_word' id='word_1_267' title='bbox 1349 2601 1455 2667; x_wconf 89' lang='lat' dir='ltr'><strong>sit;</strong></span> <span class='ocrx_word' id='word_1_268' title='bbox 1494 2599 1826 2670; x_wconf 87' lang='lat' dir='ltr'><strong>petieritque</strong></span> <span class='ocrx_word' id='word_1_269' title='bbox 1876 2600 1980 2654; x_wconf 89' lang='lat' dir='ltr'><strong>sibi</strong></span> <span class='ocrx_word' id='word_1_270' title='bbox 2014 2607 2342 2669; x_wconf 89' lang='lat' dir='ltr'><strong>potestatem</strong></span> 
     </span>
    </p>
   </div>
   <div class='ocr_carea' id='block_1_42' title="bbox 758 2690 2344 2769">
    <p class='ocr_par' dir='ltr' id='par_1_42' title="bbox 758 2690 2344 2769">
     <span class='ocr_line' id='line_1_42' title="bbox 758 2690 2344 2769; baseline -0.004 -18"><span class='ocrx_word' id='word_1_271' title='bbox 758 2696 1099 2769; x_wconf 67' lang='lat' dir='ltr'><strong>exponendas</strong></span> <span class='ocrx_word' id='word_1_272' title='bbox 1143 2695 1268 2749; x_wconf 82' lang='lat' dir='ltr'><strong>fidei</strong></span> <span class='ocrx_word' id='word_1_273' title='bbox 1312 2710 1421 2747; x_wconf 75' lang='lat' dir='ltr'><strong>sua:</strong></span> <span class='ocrx_word' id='word_1_274' title='bbox 1458 2692 1597 2757; x_wconf 85' lang='lat' dir='ltr'><strong>ﬁeri,</strong></span> <span class='ocrx_word' id='word_1_275' title='bbox 1628 2707 1792 2761; x_wconf 91' lang='lat' dir='ltr'><strong>quam</strong></span> <span class='ocrx_word' id='word_1_276' title='bbox 1842 2691 2032 2761; x_wconf 85' lang='lat' dir='ltr'><strong>utique</strong></span> <span class='ocrx_word' id='word_1_277' title='bbox 2064 2707 2093 2745; x_wconf 95' lang='lat' dir='ltr'><strong>a</strong></span> <span class='ocrx_word' id='word_1_278' title='bbox 2123 2690 2344 2746; x_wconf 90' lang='lat' dir='ltr'><strong>Diodori</strong></span> 
     </span>
    </p>
   </div>
   <div class='ocr_carea' id='block_1_43' title="bbox 760 2783 2346 2857">
    <p class='ocr_par' dir='ltr' id='par_1_43' title="bbox 760 2783 2346 2857">
     <span class='ocr_line' id='line_1_43' title="bbox 760 2783 2346 2857; baseline -0.006 -12"><span class='ocrx_word' id='word_1_279' title='bbox 760 2790 1173 2857; x_wconf 84' lang='lat' dir='ltr'><strong>Theodorique,</strong></span> <span class='ocrx_word' id='word_1_280' title='bbox 1230 2794 1285 2840; x_wconf 91' lang='lat' dir='ltr'><strong>et</strong></span> <span class='ocrx_word' id='word_1_281' title='bbox 1321 2784 1551 2856; x_wconf 89' lang='lat' dir='ltr'><strong>proinde</strong></span> <span class='ocrx_word' id='word_1_282' title='bbox 1588 2784 1824 2838; x_wconf 75' lang='lat' dir='ltr'><strong>Nestorii</strong></span> <span class='ocrx_word' id='word_1_283' title='bbox 1856 2783 1962 2838; x_wconf 80' lang='lat' dir='ltr'><strong>fide</strong></span> <span class='ocrx_word' id='word_1_284' title='bbox 1990 2800 2101 2837; x_wconf 92' lang='lat' dir='ltr'><strong>non</strong></span> <span class='ocrx_word' id='word_1_285' title='bbox 2139 2784 2346 2838; x_wconf 85' lang='lat' dir='ltr'><strong>discer-</strong></span> 
     </span>
    </p>
   </div>
   <div class='ocr_carea' id='block_1_44' title="bbox 762 2875 2345 2949">
    <p class='ocr_par' dir='ltr' id='par_1_44' title="bbox 762 2875 2345 2949">
     <span class='ocr_line' id='line_1_44' title="bbox 762 2875 2345 2949; baseline -0.006 -12"><span class='ocrx_word' id='word_1_286' title='bbox 762 2882 963 2947; x_wconf 88' lang='lat' dir='ltr'><strong>nebat;</strong></span> <span class='ocrx_word' id='word_1_287' title='bbox 1001 2896 1101 2934; x_wconf 91' lang='lat' dir='ltr'><strong>ncc</strong></span> <span class='ocrx_word' id='word_1_288' title='bbox 1134 2879 1290 2949; x_wconf 88' lang='lat' dir='ltr'><strong>prius</strong></span> <span class='ocrx_word' id='word_1_289' title='bbox 1327 2876 1560 2932; x_wconf 88' lang='lat' dir='ltr'><strong>solemni</strong></span> <span class='ocrx_word' id='word_1_290' title='bbox 1602 2875 1836 2931; x_wconf 82' lang='lat' dir='ltr'><strong>formula</strong></span> <span class='ocrx_word' id='word_1_291' title='bbox 1880 2876 2117 2930; x_wconf 86' lang='lat' dir='ltr'><strong>Nestorii</strong></span> <span class='ocrx_word' id='word_1_292' title='bbox 2151 2875 2345 2945; x_wconf 80' lang='lat' dir='ltr'><strong>dogma</strong></span> 
     </span>
    </p>
   </div>
   <div class='ocr_carea' id='block_1_45' title="bbox 762 2968 2347 3044">
    <p class='ocr_par' dir='ltr' id='par_1_45' title="bbox 762 2968 2347 3044">
     <span class='ocr_line' id='line_1_45' title="bbox 762 2968 2347 3044; baseline -0.006 -15"><span class='ocrx_word' id='word_1_293' title='bbox 762 2988 1163 3044; x_wconf 85' lang='lat' dir='ltr'><strong>personamque</strong></span> <span class='ocrx_word' id='word_1_294' title='bbox 1204 2968 1526 3041; x_wconf 83' lang='lat' dir='ltr'><strong>ejuraverit,</strong></span> <span class='ocrx_word' id='word_1_295' title='bbox 1553 2983 1718 3037; x_wconf 90' lang='lat' dir='ltr'><strong>quam</strong></span> <span class='ocrx_word' id='word_1_296' title='bbox 1745 2968 2218 3021; x_wconf 87' lang='lat' dir='ltr'><strong>conclamantibus</strong></span> <span class='ocrx_word' id='word_1_297' title='bbox 2249 2969 2347 3021; x_wconf 88' lang='lat' dir='ltr'><strong>Pa-</strong></span> 
     </span>
    </p>
   </div>
   <div class='ocr_carea' id='block_1_46' title="bbox 762 3058 2349 3130">
    <p class='ocr_par' dir='ltr' id='par_1_46' title="bbox 762 3058 2349 3130">
     <span class='ocr_line' id='line_1_46' title="bbox 762 3058 2349 3130; baseline -0.006 -9"><span class='ocrx_word' id='word_1_298' title='bbox 762 3066 960 3128; x_wconf 87' lang='lat' dir='ltr'><strong>tribus,</strong></span> <span class='ocrx_word' id='word_1_299' title='bbox 999 3079 1055 3117; x_wconf 90' lang='lat' dir='ltr'><strong>sc</strong></span> <span class='ocrx_word' id='word_1_300' title='bbox 1086 3063 1236 3115; x_wconf 89' lang='lat' dir='ltr'><strong>velut</strong></span> <span class='ocrx_word' id='word_1_301' title='bbox 1279 3060 1599 3116; x_wconf 73' lang='lat' dir='ltr'><strong>baereticum</strong></span> <span class='ocrx_word' id='word_1_302' title='bbox 1632 3060 1700 3114; x_wconf 92' lang='lat' dir='ltr'><strong>de</strong></span> <span class='ocrx_word' id='word_1_303' title='bbox 1743 3059 1936 3130; x_wconf 85' lang='lat' dir='ltr'><strong>synodi</strong></span> <span class='ocrx_word' id='word_1_304' title='bbox 1970 3059 2092 3113; x_wconf 92' lang='lat' dir='ltr'><strong>loco</strong></span> <span class='ocrx_word' id='word_1_305' title='bbox 2122 3058 2349 3129; x_wconf 90' lang='lat' dir='ltr'><strong>ejicien-</strong></span> 
     </span>
    </p>
   </div>
   <div class='ocr_carea' id='block_1_47' title="bbox 763 3154 1269 3225">
    <p class='ocr_par' dir='ltr' id='par_1_47' title="bbox 763 3154 1269 3225">
     <span class='ocr_line' id='line_1_47' title="bbox 763 3154 1269 3225; baseline -0.006 -16"><span class='ocrx_word' id='word_1_306' title='bbox 763 3159 891 3212; x_wconf 87' lang='lat' dir='ltr'><strong>dum</strong></span> <span class='ocrx_word' id='word_1_307' title='bbox 920 3154 1269 3225; x_wconf 83' lang='lat' dir='ltr'><strong>intelligeret.</strong></span> 
     </span>
    </p>
   </div>
   <div class='ocr_carea' id='block_1_48' title="bbox 2443 1959 4035 2031">
    <p class='ocr_par' dir='ltr' id='par_1_48' title="bbox 2443 1959 4035 2031">
     <span class='ocr_line' id='line_1_48' title="bbox 2443 1959 4035 2031; baseline -0.003 -17"><span class='ocrx_word' id='word_1_308' title='bbox 2443 1978 2549 2031; x_wconf 88' lang='lat' dir='ltr'><strong>que</strong></span> <span class='ocrx_word' id='word_1_309' title='bbox 2574 1963 2902 2016; x_wconf 90' lang='lat' dir='ltr'><strong>sententiam</strong></span> <span class='ocrx_word' id='word_1_310' title='bbox 2929 1978 2997 2016; x_wconf 79' lang='lat' dir='ltr'><strong>ex</strong></span> <span class='ocrx_word' id='word_1_311' title='bbox 3035 1977 3103 2015; x_wconf 89' lang='lat' dir='ltr'><strong>eo</strong></span> <span class='ocrx_word' id='word_1_312' title='bbox 3128 1962 3396 2030; x_wconf 89' lang='lat' dir='ltr'><strong>probante</strong></span> <span class='ocrx_word' id='word_1_313' title='bbox 3449 1960 3595 2029; x_wconf 93' lang='lat' dir='ltr'><strong>quod</strong></span> <span class='ocrx_word' id='word_1_314' title='bbox 3636 1961 3748 2013; x_wconf 91' lang='lat' dir='ltr'><strong>Deo</strong></span> <span class='ocrx_word' id='word_1_315' title='bbox 3789 1960 3928 2013; x_wconf 88' lang='lat' dir='ltr'><strong>nihil</strong></span> <span class='ocrx_word' id='word_1_316' title='bbox 3961 1959 4035 2011; x_wconf 91' lang='lat' dir='ltr'><strong>sit</strong></span> 
     </span>
    </p>
   </div>
   <div class='ocr_carea' id='block_1_49' title="bbox 2442 2047 4031 2120">
    <p class='ocr_par' dir='ltr' id='par_1_49' title="bbox 2442 2047 4031 2120">
     <span class='ocr_line' id='line_1_49' title="bbox 2442 2047 4031 2120; baseline -0.004 -16"><span class='ocrx_word' id='word_1_317' title='bbox 2442 2050 2781 2120; x_wconf 86' lang='lat' dir='ltr'><strong>impossibile</strong></span> <span class='ocrx_word' id='word_1_318' title='bbox 2804 2092 2817 2115; x_wconf 94' lang='lat'><strong>,</strong></span> <span class='ocrx_word' id='word_1_319' title='bbox 2843 2049 3098 2119; x_wconf 85' lang='lat' dir='ltr'><strong>quodque</strong></span> <span class='ocrx_word' id='word_1_320' title='bbox 3138 2050 3283 2103; x_wconf 90' lang='lat' dir='ltr'><strong>Deus</strong></span> <span class='ocrx_word' id='word_1_321' title='bbox 3306 2064 3649 2119; x_wconf 57' lang='lat' dir='ltr'><strong>quacunque</strong></span> <span class='ocrx_word' id='word_1_322' title='bbox 3673 2049 3809 2112; x_wconf 92' lang='lat' dir='ltr'><strong>vult,</strong></span> <span class='ocrx_word' id='word_1_323' title='bbox 3834 2047 4031 2117; x_wconf 90' lang='lat' dir='ltr'><strong>possit.</strong></span> 
     </span>
    </p>
   </div>
   <div class='ocr_carea' id='block_1_50' title="bbox 2442 2142 4034 2214">
    <p class='ocr_par' dir='ltr' id='par_1_50' title="bbox 2442 2142 4034 2214">
     <span class='ocr_line' id='line_1_50' title="bbox 2442 2142 4034 2214; baseline -0.002 -15"><span class='ocrx_word' id='word_1_324' title='bbox 2442 2145 2668 2199; x_wconf 83' lang='lat' dir='ltr'><strong>Dixerat</strong></span> <span class='ocrx_word' id='word_1_325' title='bbox 2706 2158 2871 2214; x_wconf 90' lang='lat' dir='ltr'><strong>porro</strong></span> <span class='ocrx_word' id='word_1_326' title='bbox 2900 2142 3137 2214; x_wconf 85' lang='lat' dir='ltr'><strong>Cyrillus</strong></span> <span class='ocrx_word' id='word_1_327' title='bbox 3178 2143 3320 2197; x_wconf 89' lang='lat' dir='ltr'><strong>inter</strong></span> <span class='ocrx_word' id='word_1_328' title='bbox 3361 2143 3600 2211; x_wconf 87' lang='lat' dir='ltr'><strong>capitula</strong></span> <span class='ocrx_word' id='word_1_329' title='bbox 3646 2142 4034 2208; x_wconf 88' lang='lat' dir='ltr'><strong>defendenda,</strong></span> 
     </span>
    </p>
   </div>
   <div class='ocr_carea' id='block_1_51' title="bbox 2443 2232 4035 2307">
    <p class='ocr_par' dir='ltr' id='par_1_51' title="bbox 2443 2232 4035 2307">
     <span class='ocr_line' id='line_1_51' title="bbox 2443 2232 4035 2307; baseline -0.001 -17"><span class='ocrx_word' id='word_1_330' title='bbox 2443 2238 2583 2291; x_wconf 83' lang='lat' dir='ltr'><strong>Deus</strong></span> <span class='ocrx_word' id='word_1_331' title='bbox 2614 2254 2799 2307; x_wconf 84' lang='lat' dir='ltr'><strong>passus</strong></span> <span class='ocrx_word' id='word_1_332' title='bbox 2821 2244 2895 2289; x_wconf 84' lang='lat' dir='ltr'><strong>est</strong></span> <span class='ocrx_word' id='word_1_333' title='bbox 2917 2235 3130 2301; x_wconf 85' lang='lat' dir='ltr'><strong>volens;</strong></span> <span class='ocrx_word' id='word_1_334' title='bbox 3164 2235 3370 2289; x_wconf 90' lang='lat' dir='ltr'><strong>dictum</strong></span> <span class='ocrx_word' id='word_1_335' title='bbox 3387 2234 3529 2289; x_wconf 90' lang='lat' dir='ltr'><strong>forte</strong></span> <span class='ocrx_word' id='word_1_336' title='bbox 3558 2250 3623 2289; x_wconf 91' lang='lat' dir='ltr'><strong>eo</strong></span> <span class='ocrx_word' id='word_1_337' title='bbox 3649 2232 3738 2289; x_wconf 91' lang='lat' dir='ltr'><strong>ille</strong></span> <span class='ocrx_word' id='word_1_338' title='bbox 3766 2244 4035 2299; x_wconf 78' lang='lat' dir='ltr'><strong>traxerat,</strong></span> 
     </span>
    </p>
   </div>
   <div class='ocr_carea' id='block_1_52' title="bbox 2446 2328 3177 2397">
    <p class='ocr_par' dir='ltr' id='par_1_52' title="bbox 2446 2328 3177 2397">
     <span class='ocr_line' id='line_1_52' title="bbox 2446 2328 3177 2397; baseline -0.004 -15"><span class='ocrx_word' id='word_1_339' title='bbox 2446 2328 2591 2382; x_wconf 91' lang='lat' dir='ltr'><strong>unde</strong></span> <span class='ocrx_word' id='word_1_340' title='bbox 2617 2329 2848 2397; x_wconf 81' lang='lat' dir='ltr'><strong>quaestio</strong></span> <span class='ocrx_word' id='word_1_341' title='bbox 2883 2336 3011 2381; x_wconf 90' lang='lat' dir='ltr'><strong>tunc</strong></span> <span class='ocrx_word' id='word_1_342' title='bbox 3039 2334 3177 2381; x_wconf 88' lang='lat' dir='ltr'><strong>erat.</strong></span> 
     </span>
    </p>
   </div>
   <div class='ocr_carea' id='block_1_53' title="bbox 2516 2420 4039 2492">
    <p class='ocr_par' dir='ltr' id='par_1_53' title="bbox 2516 2420 4039 2492">
     <span class='ocr_line' id='line_1_53' title="bbox 2516 2420 4039 2492; baseline -0.001 -15"><span class='ocrx_word' id='word_1_343' title='bbox 2516 2424 2603 2477; x_wconf 86' lang='lat' dir='ltr'><strong>IV.</strong></span> <span class='ocrx_word' id='word_1_344' title='bbox 2652 2422 2970 2492; x_wconf 82' lang='lat' dir='ltr'><strong>Respondet</strong></span> <span class='ocrx_word' id='word_1_345' title='bbox 3005 2422 3244 2492; x_wconf 90' lang='lat' dir='ltr'><strong>primum</strong></span> <span class='ocrx_word' id='word_1_346' title='bbox 3269 2420 3673 2486; x_wconf 91' lang='lat' dir='ltr'><strong>Theodoretus,</strong></span> <span class='ocrx_word' id='word_1_347' title='bbox 3708 2421 3893 2492; x_wconf 90' lang='lat' dir='ltr'><strong>aliqua</strong></span> <span class='ocrx_word' id='word_1_348' title='bbox 3920 2421 4039 2475; x_wconf 92' lang='lat' dir='ltr'><strong>Deo</strong></span> 
     </span>
    </p>
   </div>
   <div class='ocr_carea' id='block_1_54' title="bbox 2446 2514 4037 2586">
    <p class='ocr_par' dir='ltr' id='par_1_54' title="bbox 2446 2514 4037 2586">
     <span class='ocr_line' id='line_1_54' title="bbox 2446 2514 4037 2586; baseline -0.002 -15"><span class='ocrx_word' id='word_1_349' title='bbox 2446 2532 2565 2575; x_wconf 90' lang='lat' dir='ltr'><strong>esse</strong></span> <span class='ocrx_word' id='word_1_350' title='bbox 2596 2516 2977 2585; x_wconf 89' lang='lat' dir='ltr'><strong>impossibilia,</strong></span> <span class='ocrx_word' id='word_1_351' title='bbox 3005 2514 3173 2568; x_wconf 90' lang='lat' dir='ltr'><strong>veluti</strong></span> <span class='ocrx_word' id='word_1_352' title='bbox 3199 2515 3442 2579; x_wconf 89' lang='lat' dir='ltr'><strong>mentiri,</strong></span> <span class='ocrx_word' id='word_1_353' title='bbox 3474 2515 3671 2586; x_wconf 79' lang='lat' dir='ltr'><strong>injuste</strong></span> <span class='ocrx_word' id='word_1_354' title='bbox 3699 2532 3879 2585; x_wconf 83' lang='lat' dir='ltr'><strong>agere,</strong></span> <span class='ocrx_word' id='word_1_355' title='bbox 3898 2524 4037 2578; x_wconf 90' lang='lat' dir='ltr'><strong>etc.,</strong></span> 
     </span>
    </p>
   </div>
   <div class='ocr_carea' id='block_1_55' title="bbox 2447 2607 4040 2679">
    <p class='ocr_par' dir='ltr' id='par_1_55' title="bbox 2447 2607 4040 2679">
     <span class='ocr_line' id='line_1_55' title="bbox 2447 2607 4040 2679; baseline -0.001 -17"><span class='ocrx_word' id='word_1_356' title='bbox 2447 2609 2693 2679; x_wconf 90' lang='lat' dir='ltr'><strong>nihilque</strong></span> <span class='ocrx_word' id='word_1_357' title='bbox 2729 2609 2898 2662; x_wconf 87' lang='lat' dir='ltr'><strong>Deum</strong></span> <span class='ocrx_word' id='word_1_358' title='bbox 2919 2607 3055 2661; x_wconf 85' lang='lat' dir='ltr'><strong>velle</strong></span> <span class='ocrx_word' id='word_1_359' title='bbox 3094 2607 3296 2672; x_wconf 89' lang='lat' dir='ltr'><strong>facere,</strong></span> <span class='ocrx_word' id='word_1_360' title='bbox 3336 2607 3483 2677; x_wconf 89' lang='lat' dir='ltr'><strong>quod</strong></span> <span class='ocrx_word' id='word_1_361' title='bbox 3531 2615 3740 2662; x_wconf 75' lang='lat' dir='ltr'><strong>natura:</strong></span> <span class='ocrx_word' id='word_1_362' title='bbox 3767 2621 3878 2661; x_wconf 90' lang='lat' dir='ltr'><strong>non</strong></span> <span class='ocrx_word' id='word_1_363' title='bbox 3900 2621 4040 2661; x_wconf 91' lang='lat' dir='ltr'><strong>con-</strong></span> 
     </span>
    </p>
   </div>
   <div class='ocr_carea' id='block_1_56' title="bbox 2445 2698 4039 2771">
    <p class='ocr_par' dir='ltr' id='par_1_56' title="bbox 2445 2698 4039 2771">
     <span class='ocr_line' id='line_1_56' title="bbox 2445 2698 4039 2771; baseline -0.002 -16"><span class='ocrx_word' id='word_1_364' title='bbox 2445 2710 2638 2771; x_wconf 87' lang='lat' dir='ltr'><strong>gruat;</strong></span> <span class='ocrx_word' id='word_1_365' title='bbox 2676 2717 2854 2771; x_wconf 91' lang='lat' dir='ltr'><strong>neque</strong></span> <span class='ocrx_word' id='word_1_366' title='bbox 2884 2710 3066 2755; x_wconf 89' lang='lat' dir='ltr'><strong>tamen</strong></span> <span class='ocrx_word' id='word_1_367' title='bbox 3096 2699 3224 2754; x_wconf 90' lang='lat' dir='ltr'><strong>inde</strong></span> <span class='ocrx_word' id='word_1_368' title='bbox 3270 2702 3427 2770; x_wconf 85' lang='lat' dir='ltr'><strong>argui</strong></span> <span class='ocrx_word' id='word_1_369' title='bbox 3476 2700 3894 2763; x_wconf 82' lang='lat' dir='ltr'><strong>imbecillitatis,</strong></span> <span class='ocrx_word' id='word_1_370' title='bbox 3934 2698 4039 2754; x_wconf 83' lang='lat' dir='ltr'><strong>sed</strong></span> 
     </span>
    </p>
   </div>
   <div class='ocr_carea' id='block_1_57' title="bbox 2446 2789 4040 2860">
    <p class='ocr_par' dir='ltr' id='par_1_57' title="bbox 2446 2789 4040 2860">
     <span class='ocr_line' id='line_1_57' title="bbox 2446 2789 4040 2860; baseline -0.001 -16"><span class='ocrx_word' id='word_1_371' title='bbox 2446 2791 2706 2860; x_wconf 71' lang='lat' dir='ltr'><strong>potentiae</strong></span> <span class='ocrx_word' id='word_1_372' title='bbox 2734 2790 2919 2860; x_wconf 88' lang='lat' dir='ltr'><strong>potius</strong></span> <span class='ocrx_word' id='word_1_373' title='bbox 2953 2789 3223 2854; x_wconf 71' lang='lat' dir='ltr'><strong>maximae,</strong></span> <span class='ocrx_word' id='word_1_374' title='bbox 3251 2804 3361 2859; x_wconf 92' lang='lat' dir='ltr'><strong>qua</strong></span> <span class='ocrx_word' id='word_1_375' title='bbox 3387 2790 3560 2859; x_wconf 88' lang='lat' dir='ltr'><strong>possit</strong></span> <span class='ocrx_word' id='word_1_376' title='bbox 3591 2790 3957 2844; x_wconf 89' lang='lat' dir='ltr'><strong>inconcussus</strong></span> <span class='ocrx_word' id='word_1_377' title='bbox 3977 2789 4040 2845; x_wconf 86' lang='lat' dir='ltr'><strong>in</strong></span> 
     </span>
    </p>
   </div>
   <div class='ocr_carea' id='block_1_58' title="bbox 2449 2884 2938 2953">
    <p class='ocr_par' dir='ltr' id='par_1_58' title="bbox 2449 2884 2938 2953">
     <span class='ocr_line' id='line_1_58' title="bbox 2449 2884 2938 2953; baseline -0.004 -15"><span class='ocrx_word' id='word_1_378' title='bbox 2449 2894 2598 2938; x_wconf 89' lang='lat' dir='ltr'><strong>recto</strong></span> <span class='ocrx_word' id='word_1_379' title='bbox 2624 2884 2938 2953; x_wconf 87' lang='lat' dir='ltr'><strong>persistere.</strong></span> 
     </span>
    </p>
   </div>
   <div class='ocr_carea' id='block_1_59' title="bbox 2522 2973 4043 3043">
    <p class='ocr_par' dir='ltr' id='par_1_59' title="bbox 2522 2973 4043 3043">
     <span class='ocr_line' id='line_1_59' title="bbox 2522 2973 4043 3043; baseline -0.003 -14"><span class='ocrx_word' id='word_1_380' title='bbox 2522 2978 2585 3030; x_wconf 66' lang='grc' dir='ltr'><strong>Υ.</strong></span> <span class='ocrx_word' id='word_1_381' title='bbox 2626 2976 2831 3031; x_wconf 90' lang='lat' dir='ltr'><strong>Deinde</strong></span> <span class='ocrx_word' id='word_1_382' title='bbox 2853 2976 3097 3032; x_wconf 88' lang='lat' dir='ltr'><strong>ostendit</strong></span> <span class='ocrx_word' id='word_1_383' title='bbox 3130 2993 3197 3031; x_wconf 92' lang='lat' dir='ltr'><strong>eo</strong></span> <span class='ocrx_word' id='word_1_384' title='bbox 3231 2977 3345 3031; x_wconf 85' lang='lat' dir='ltr'><strong>fere</strong></span> <span class='ocrx_word' id='word_1_385' title='bbox 3380 2976 3563 3039; x_wconf 91' lang='lat' dir='ltr'><strong>modo,</strong></span> <span class='ocrx_word' id='word_1_386' title='bbox 3593 2990 3657 3028; x_wconf 90' lang='lat' dir='ltr'><strong>ac</strong></span> <span class='ocrx_word' id='word_1_387' title='bbox 3686 2977 3701 2992; x_wconf 85' lang='lat'><strong>‘</strong></span> <span class='ocrx_word' id='word_1_388' title='bbox 3733 2974 3786 3027; x_wconf 93' lang='lat' dir='ltr'><strong>in</strong></span> <span class='ocrx_word' id='word_1_389' title='bbox 3819 2973 4043 3043; x_wconf 84' lang='lat' dir='ltr'><strong>dialogo</strong></span> 
     </span>
    </p>
   </div>
   <div class='ocr_carea' id='block_1_60' title="bbox 2450 3063 4042 3138">
    <p class='ocr_par' dir='ltr' id='par_1_60' title="bbox 2450 3063 4042 3138">
     <span class='ocr_line' id='line_1_60' title="bbox 2450 3063 4042 3138; baseline -0.004 -17"><span class='ocrx_word' id='word_1_390' title='bbox 2450 3069 2613 3122; x_wconf 91' lang='lat' dir='ltr'><strong>tertio</strong></span> <span class='ocrx_word' id='word_1_391' title='bbox 2641 3068 2927 3131; x_wconf 70' lang='lat' dir='ltr'><strong>Eranistze,</strong></span> <span class='ocrx_word' id='word_1_392' title='bbox 2959 3070 3052 3138; x_wconf 89' lang='lat' dir='ltr'><strong>qui</strong></span> <span class='ocrx_word' id='word_1_393' title='bbox 3102 3068 3309 3123; x_wconf 89' lang='lat' dir='ltr'><strong>dicitur</strong></span> <span class='ocrx_word' id='word_1_394' title='bbox 3339 3064 3713 3138; x_wconf 84' lang='lat' dir='ltr'><strong>Impassibilis,</strong></span> <span class='ocrx_word' id='word_1_395' title='bbox 3752 3063 4042 3133; x_wconf 86' lang='lat' dir='ltr'><strong>quomodo</strong></span> 
     </span>
    </p>
   </div>
   <div class='ocr_carea' id='block_1_61' title="bbox 2448 3155 4041 3229">
    <p class='ocr_par' dir='ltr' id='par_1_61' title="bbox 2448 3155 4041 3229">
     <span class='ocr_line' id='line_1_61' title="bbox 2448 3155 4041 3229; baseline -0.004 -16"><span class='ocrx_word' id='word_1_396' title='bbox 2448 3160 2593 3213; x_wconf 87' lang='lat' dir='ltr'><strong>Deus</strong></span> <span class='ocrx_word' id='word_1_397' title='bbox 2609 3158 2847 3213; x_wconf 78' lang='lat' dir='ltr'><strong>Verbum</strong></span> <span class='ocrx_word' id='word_1_398' title='bbox 2869 3159 3085 3213; x_wconf 88' lang='lat' dir='ltr'><strong>dicatur</strong></span> <span class='ocrx_word' id='word_1_399' title='bbox 3101 3175 3311 3229; x_wconf 89' lang='lat' dir='ltr'><strong>passus,</strong></span> <span class='ocrx_word' id='word_1_400' title='bbox 3336 3157 3631 3227; x_wconf 90' lang='lat' dir='ltr'><strong>laudatque</strong></span> <span class='ocrx_word' id='word_1_401' title='bbox 3655 3155 4041 3213; x_wconf 83' lang='lat' dir='ltr'><strong>Athanasium.</strong></span> 
     </span>
    </p>
   </div>
   <div class='ocr_carea' id='block_1_62' title="bbox 834 3232 4043 3320">
    <p class='ocr_par' dir='ltr' id='par_1_62' title="bbox 834 3232 4043 3320">
     <span class='ocr_line' id='line_1_62' title="bbox 834 3232 4043 3320; baseline -0.001 -17"><span class='ocrx_word' id='word_1_402' title='bbox 834 3249 1270 3316; x_wconf 77' lang='lat' dir='ltr'><strong>Sextmu,qnam</strong></span> <span class='ocrx_word' id='word_1_403' title='bbox 1312 3246 1564 3299; x_wconf 69' lang='lat' dir='ltr'><strong>videatur</strong></span> <span class='ocrx_word' id='word_1_404' title='bbox 1619 3244 1735 3315; x_wconf 82' lang='lat' dir='ltr'><strong>ipse</strong></span> <span class='ocrx_word' id='word_1_405' title='bbox 1781 3244 1966 3298; x_wconf 82' lang='lat' dir='ltr'><strong>animo</strong></span> <span class='ocrx_word' id='word_1_406' title='bbox 2021 3242 2222 3298; x_wconf 64' lang='lat' dir='ltr'><strong>TOViSSC</strong></span> <span class='ocrx_word' id='word_1_407' title='bbox 2275 3240 2341 3296; x_wconf 72' lang='lat' dir='ltr'><strong>ad</strong></span> <span class='ocrx_word' id='word_1_408' title='bbox 2377 3232 2419 3289; x_wconf 69' lang='grc' dir='ltr'>ο</span> <span class='ocrx_word' id='word_1_409' title='bbox 2455 3250 2743 3303; x_wconf 87' lang='lat' dir='ltr'><strong>Damasum</strong></span> <span class='ocrx_word' id='word_1_410' title='bbox 2780 3260 2834 3304; x_wconf 90' lang='lat' dir='ltr'><strong>et</strong></span> <span class='ocrx_word' id='word_1_411' title='bbox 2888 3250 3125 3304; x_wconf 89' lang='lat' dir='ltr'><strong>Leonem</strong></span> <span class='ocrx_word' id='word_1_412' title='bbox 3154 3291 3168 3315; x_wconf 95' lang='lat'><strong>,</strong></span> <span class='ocrx_word' id='word_1_413' title='bbox 3227 3266 3389 3320; x_wconf 90' lang='lat' dir='ltr'><strong>quem</strong></span> <span class='ocrx_word' id='word_1_414' title='bbox 3432 3261 3771 3319; x_wconf 88' lang='lat' dir='ltr'><strong>postremum</strong></span> <span class='ocrx_word' id='word_1_415' title='bbox 3819 3248 4043 3317; x_wconf 78' lang='lat' dir='ltr'><strong>dialogo</strong></span> 
     </span>
    </p>
   </div>
   <div class='ocr_carea' id='block_1_63' title="bbox 764 3333 2350 3410">
    <p class='ocr_par' dir='ltr' id='par_1_63' title="bbox 764 3333 2350 3410">
     <span class='ocr_line' id='line_1_63' title="bbox 764 3333 2350 3410; baseline -0.005 -16"><span class='ocrx_word' id='word_1_416' title='bbox 764 3356 936 3410; x_wconf 90' lang='lat' dir='ltr'><strong>usque</strong></span> <span class='ocrx_word' id='word_1_417' title='bbox 996 3338 1265 3409; x_wconf 75' lang='lat' dir='ltr'><strong>synodum</strong></span> <span class='ocrx_word' id='word_1_418' title='bbox 1307 3335 1854 3399; x_wconf 90' lang='lat' dir='ltr'><strong>Chalcedonensem,</strong></span> <span class='ocrx_word' id='word_1_419' title='bbox 1911 3334 2229 3404; x_wconf 83' lang='lat' dir='ltr'><strong>opinionem</strong></span> <span class='ocrx_word' id='word_1_420' title='bbox 2284 3333 2350 3387; x_wconf 91' lang='lat' dir='ltr'><strong>dc</strong></span> 
     </span>
    </p>
   </div>
   <div class='ocr_carea' id='block_1_64' title="bbox 770 3426 2353 3485">
    <p class='ocr_par' dir='ltr' id='par_1_64' title="bbox 770 3426 2353 3485">
     <span class='ocr_line' id='line_1_64' title="bbox 770 3426 2353 3485; baseline -0.004 -2"><span class='ocrx_word' id='word_1_421' title='bbox 770 3436 975 3485; x_wconf 87' lang='lat' dir='ltr'><strong>unione</strong></span> <span class='ocrx_word' id='word_1_422' title='bbox 1008 3439 1330 3482; x_wconf 88' lang='lat' dir='ltr'><strong>naturarum</strong></span> <span class='ocrx_word' id='word_1_423' title='bbox 1360 3426 1653 3481; x_wconf 83' lang='lat' dir='ltr'><strong>inChristo</strong></span> <span class='ocrx_word' id='word_1_424' title='bbox 1678 3444 1691 3479; x_wconf 87' lang='lat'><strong>:</strong></span> <span class='ocrx_word' id='word_1_425' title='bbox 1716 3442 1840 3480; x_wconf 90' lang='lat' dir='ltr'><strong>cum</strong></span> <span class='ocrx_word' id='word_1_426' title='bbox 1866 3426 2014 3480; x_wconf 90' lang='lat' dir='ltr'><strong>enim</strong></span> <span class='ocrx_word' id='word_1_427' title='bbox 2036 3433 2183 3478; x_wconf 91' lang='lat' dir='ltr'><strong>totus</strong></span> <span class='ocrx_word' id='word_1_428' title='bbox 2206 3432 2353 3479; x_wconf 87' lang='lat' dir='ltr'><strong>esset</strong></span> 
     </span>
    </p>
   </div>
   <div class='ocr_carea' id='block_1_65' title="bbox 765 3516 2353 3581">
    <p class='ocr_par' dir='ltr' id='par_1_65' title="bbox 765 3516 2353 3581">
     <span class='ocr_line' id='line_1_65' title="bbox 765 3516 2353 3581; baseline -0.004 -5"><span class='ocrx_word' id='word_1_429' title='bbox 765 3524 820 3578; x_wconf 90' lang='lat' dir='ltr'><strong>in</strong></span> <span class='ocrx_word' id='word_1_430' title='bbox 846 3521 1202 3576; x_wconf 85' lang='lat' dir='ltr'><strong>distractione</strong></span> <span class='ocrx_word' id='word_1_431' title='bbox 1230 3528 1552 3572; x_wconf 88' lang='lat' dir='ltr'><strong>naturarum</strong></span> <span class='ocrx_word' id='word_1_432' title='bbox 1576 3517 1894 3581; x_wconf 90' lang='lat' dir='ltr'><strong>astruenda,</strong></span> <span class='ocrx_word' id='word_1_433' title='bbox 1912 3533 2014 3572; x_wconf 83' lang='lat' dir='ltr'><strong>nec</strong></span> <span class='ocrx_word' id='word_1_434' title='bbox 2034 3518 2167 3571; x_wconf 86' lang='lat' dir='ltr'><strong>satis</strong></span> <span class='ocrx_word' id='word_1_435' title='bbox 2190 3516 2353 3571; x_wconf 88' lang='lat' dir='ltr'><strong>intel-</strong></span> 
     </span>
    </p>
   </div>
   <div class='ocr_carea' id='block_1_66' title="bbox 768 3609 2354 3683">
    <p class='ocr_par' dir='ltr' id='par_1_66' title="bbox 768 3609 2354 3683">
     <span class='ocr_line' id='line_1_66' title="bbox 768 3609 2354 3683; baseline -0.006 -14"><span class='ocrx_word' id='word_1_436' title='bbox 768 3618 962 3683; x_wconf 78' lang='lat' dir='ltr'><strong>ligcret</strong></span> <span class='ocrx_word' id='word_1_437' title='bbox 998 3615 1124 3683; x_wconf 87' lang='lat' dir='ltr'><strong>(qua</strong></span> <span class='ocrx_word' id='word_1_438' title='bbox 1160 3611 1226 3665; x_wconf 90' lang='lat' dir='ltr'><strong>de</strong></span> <span class='ocrx_word' id='word_1_439' title='bbox 1267 3627 1431 3665; x_wconf 89' lang='lat' dir='ltr'><strong>causa</strong></span> <span class='ocrx_word' id='word_1_440' title='bbox 1484 3610 1780 3677; x_wconf 87' lang='lat' dir='ltr'><strong>incertum)</strong></span> <span class='ocrx_word' id='word_1_441' title='bbox 1817 3609 2039 3663; x_wconf 81' lang='lat' dir='ltr'><strong>unionis</strong></span> <span class='ocrx_word' id='word_1_442' title='bbox 2096 3609 2354 3679; x_wconf 73' lang='lat' dir='ltr'><strong>hyposla-</strong></span> 
     </span>
    </p>
   </div>
   <div class='ocr_carea' id='block_1_67' title="bbox 770 3700 2350 3775">
    <p class='ocr_par' dir='ltr' id='par_1_67' title="bbox 770 3700 2350 3775">
     <span class='ocr_line' id='line_1_67' title="bbox 770 3700 2350 3775; baseline -0.004 -15"><span class='ocrx_word' id='word_1_443' title='bbox 770 3710 907 3771; x_wconf 65' lang='lat' dir='ltr'><strong>tiae,</strong></span> <span class='ocrx_word' id='word_1_444' title='bbox 952 3722 1072 3775; x_wconf 67' lang='lat' dir='ltr'><strong>qua:</strong></span> <span class='ocrx_word' id='word_1_445' title='bbox 1122 3704 1343 3775; x_wconf 74' lang='lat' dir='ltr'><strong>physica</strong></span> <span class='ocrx_word' id='word_1_446' title='bbox 1388 3718 1507 3757; x_wconf 85' lang='lat' dir='ltr'><strong>esse</strong></span> <span class='ocrx_word' id='word_1_447' title='bbox 1553 3701 1718 3755; x_wconf 87' lang='lat' dir='ltr'><strong>debet</strong></span> <span class='ocrx_word' id='word_1_448' title='bbox 1775 3710 1937 3769; x_wconf 91' lang='lat' dir='ltr'><strong>atque</strong></span> <span class='ocrx_word' id='word_1_449' title='bbox 1978 3700 2350 3764; x_wconf 86' lang='lat' dir='ltr'><strong>substantiva,</strong></span> 
     </span>
    </p>
   </div>
   <div class='ocr_carea' id='block_1_68' title="bbox 768 3794 2353 3870">
    <p class='ocr_par' dir='ltr' id='par_1_68' title="bbox 768 3794 2353 3870">
     <span class='ocr_line' id='line_1_68' title="bbox 768 3794 2353 3870; baseline -0.003 -18"><span class='ocrx_word' id='word_1_450' title='bbox 768 3799 929 3870; x_wconf 78' lang='lat'><strong>355</strong></span> <span class='ocrx_word' id='word_1_451' title='bbox 965 3798 1209 3861; x_wconf 90' lang='lat' dir='ltr'><strong>modum,</strong></span> <span class='ocrx_word' id='word_1_452' title='bbox 1241 3796 1420 3850; x_wconf 82' lang='lat' dir='ltr'><strong>videri</strong></span> <span class='ocrx_word' id='word_1_453' title='bbox 1450 3803 1630 3864; x_wconf 88' lang='lat' dir='ltr'><strong>potest</strong></span> <span class='ocrx_word' id='word_1_454' title='bbox 1658 3794 2027 3864; x_wconf 88' lang='lat' dir='ltr'><strong>permansisse</strong></span> <span class='ocrx_word' id='word_1_455' title='bbox 2077 3808 2145 3847; x_wconf 88' lang='lat' dir='ltr'><strong>eo</strong></span> <span class='ocrx_word' id='word_1_456' title='bbox 2181 3808 2353 3862; x_wconf 90' lang='lat' dir='ltr'><strong>usque</strong></span> 
     </span>
    </p>
   </div>
   <div class='ocr_carea' id='block_1_69' title="bbox 770 3884 2355 3958">
    <p class='ocr_par' dir='ltr' id='par_1_69' title="bbox 770 3884 2355 3958">
     <span class='ocr_line' id='line_1_69' title="bbox 770 3884 2355 3958; baseline -0.003 -16"><span class='ocrx_word' id='word_1_457' title='bbox 770 3891 825 3943; x_wconf 91' lang='lat' dir='ltr'><strong>in</strong></span> <span class='ocrx_word' id='word_1_458' title='bbox 858 3889 1116 3958; x_wconf 88' lang='lat' dir='ltr'><strong>opinione</strong></span> <span class='ocrx_word' id='word_1_459' title='bbox 1142 3886 1209 3941; x_wconf 91' lang='lat' dir='ltr'><strong>de</strong></span> <span class='ocrx_word' id='word_1_460' title='bbox 1251 3887 1454 3940; x_wconf 74' lang='lat' dir='ltr'><strong>unioae</strong></span> <span class='ocrx_word' id='word_1_461' title='bbox 1483 3890 1699 3955; x_wconf 82' lang='grc' dir='ltr'><strong>σχετικῇ</strong></span> <span class='ocrx_word' id='word_1_462' title='bbox 1736 3892 1792 3938; x_wconf 92' lang='lat' dir='ltr'><strong>et</strong></span> <span class='ocrx_word' id='word_1_463' title='bbox 1826 3899 1961 3953; x_wconf 91' lang='lat' dir='ltr'><strong>pure</strong></span> <span class='ocrx_word' id='word_1_464' title='bbox 1988 3884 2203 3949; x_wconf 86' lang='lat' dir='ltr'><strong>morali,</strong></span> <span class='ocrx_word' id='word_1_465' title='bbox 2233 3899 2355 3953; x_wconf 74' lang='lat' dir='ltr'><strong>qua:</strong></span> 
     </span>
    </p>
   </div>
   <div class='ocr_carea' id='block_1_70' title="bbox 770 3975 2087 4050">
    <p class='ocr_par' dir='ltr' id='par_1_70' title="bbox 770 3975 2087 4050">
     <span class='ocr_line' id='line_1_70' title="bbox 770 3975 2087 4050; baseline -0.005 -15"><span class='ocrx_word' id='word_1_466' title='bbox 770 3990 1035 4050; x_wconf 89' lang='lat' dir='ltr'><strong>perpetua</strong></span> <span class='ocrx_word' id='word_1_467' title='bbox 1065 3988 1247 4032; x_wconf 89' lang='lat' dir='ltr'><strong>tamen</strong></span> <span class='ocrx_word' id='word_1_468' title='bbox 1278 3987 1441 4046; x_wconf 88' lang='lat' dir='ltr'><strong>atque</strong></span> <span class='ocrx_word' id='word_1_469' title='bbox 1466 3976 1869 4031; x_wconf 87' lang='lat' dir='ltr'><strong>indissolubilis</strong></span> <span class='ocrx_word' id='word_1_470' title='bbox 1901 3975 2087 4029; x_wconf 86' lang='lat' dir='ltr'><strong>fuerit.</strong></span> 
     </span>
    </p>
   </div>
   <div class='ocr_carea' id='block_1_71' title="bbox 842 4068 2357 4139">
    <p class='ocr_par' dir='ltr' id='par_1_71' title="bbox 842 4068 2357 4139">
     <span class='ocr_line' id='line_1_71' title="bbox 842 4068 2357 4139; baseline -0.005 -12"><span class='ocrx_word' id='word_1_471' title='bbox 842 4072 1207 4133; x_wconf 87' lang='lat' dir='ltr'><strong>Postremum,</strong></span> <span class='ocrx_word' id='word_1_472' title='bbox 1266 4085 1296 4123; x_wconf 91' lang='lat' dir='ltr'><strong>a</strong></span> <span class='ocrx_word' id='word_1_473' title='bbox 1343 4085 1453 4139; x_wconf 90' lang='lat' dir='ltr'><strong>quo</strong></span> <span class='ocrx_word' id='word_1_474' title='bbox 1500 4068 1812 4138; x_wconf 79' lang='lat' dir='ltr'><strong>exemplum</strong></span> <span class='ocrx_word' id='word_1_475' title='bbox 1848 4069 2214 4137; x_wconf 90' lang='lat' dir='ltr'><strong>sumpserint,</strong></span> <span class='ocrx_word' id='word_1_476' title='bbox 2262 4075 2357 4120; x_wconf 90' lang='lat' dir='ltr'><strong>aut</strong></span> 
     </span>
    </p>
   </div>
   <div class='ocr_carea' id='block_1_72' title="bbox 772 4159 2356 4231">
    <p class='ocr_par' dir='ltr' id='par_1_72' title="bbox 772 4159 2356 4231">
     <span class='ocr_line' id='line_1_72' title="bbox 772 4159 2356 4231; baseline -0.005 -11"><span class='ocrx_word' id='word_1_477' title='bbox 772 4175 920 4220; x_wconf 81' lang='lat' dir='ltr'><strong>certe</strong></span> <span class='ocrx_word' id='word_1_478' title='bbox 944 4179 1164 4218; x_wconf 88' lang='lat' dir='ltr'><strong>sumere</strong></span> <span class='ocrx_word' id='word_1_479' title='bbox 1208 4164 1512 4231; x_wconf 88' lang='lat' dir='ltr'><strong>potuerint,</strong></span> <span class='ocrx_word' id='word_1_480' title='bbox 1562 4162 1897 4215; x_wconf 89' lang='lat' dir='ltr'><strong>recentiores</strong></span> <span class='ocrx_word' id='word_1_481' title='bbox 1932 4160 2033 4223; x_wconf 92' lang='lat' dir='ltr'><strong>illi,</strong></span> <span class='ocrx_word' id='word_1_482' title='bbox 2082 4160 2176 4229; x_wconf 89' lang='lat' dir='ltr'><strong>qui</strong></span> <span class='ocrx_word' id='word_1_483' title='bbox 2205 4159 2356 4213; x_wconf 90' lang='lat' dir='ltr'><strong>dam-</strong></span> 
     </span>
    </p>
   </div>
   <div class='ocr_carea' id='block_1_73' title="bbox 774 4253 2356 4327">
    <p class='ocr_par' dir='ltr' id='par_1_73' title="bbox 774 4253 2356 4327">
     <span class='ocr_line' id='line_1_73' title="bbox 774 4253 2356 4327; baseline -0.003 -16"><span class='ocrx_word' id='word_1_484' title='bbox 774 4260 927 4312; x_wconf 87' lang='lat' dir='ltr'><strong>nanti</strong></span> <span class='ocrx_word' id='word_1_485' title='bbox 971 4258 1377 4327; x_wconf 87' lang='lat' dir='ltr'><strong>pr0positiones</strong></span> <span class='ocrx_word' id='word_1_486' title='bbox 1426 4256 1688 4324; x_wconf 87' lang='lat' dir='ltr'><strong>quasdam</strong></span> <span class='ocrx_word' id='word_1_487' title='bbox 1740 4253 1999 4308; x_wconf 72' lang='lat' dir='ltr'><strong>Ecclesiae</strong></span> <span class='ocrx_word' id='word_1_488' title='bbox 2043 4254 2356 4307; x_wconf 89' lang='lat' dir='ltr'><strong>consentire</strong></span> 
     </span>
    </p>
   </div>
   <div class='ocr_carea' id='block_1_74' title="bbox 770 4346 2358 4410">
    <p class='ocr_par' dir='ltr' id='par_1_74' title="bbox 770 4346 2358 4410">
     <span class='ocr_line' id='line_1_74' title="bbox 770 4346 2358 4410; baseline -0.005 -4"><span class='ocrx_word' id='word_1_489' title='bbox 770 4352 1047 4406; x_wconf 89' lang='lat' dir='ltr'><strong>obstinata</strong></span> <span class='ocrx_word' id='word_1_490' title='bbox 1084 4359 1266 4404; x_wconf 92' lang='lat' dir='ltr'><strong>mente</strong></span> <span class='ocrx_word' id='word_1_491' title='bbox 1307 4357 1645 4410; x_wconf 89' lang='lat' dir='ltr'><strong>renuerunt,</strong></span> <span class='ocrx_word' id='word_1_492' title='bbox 1682 4348 1787 4402; x_wconf 91' lang='lat' dir='ltr'><strong>nisi</strong></span> <span class='ocrx_word' id='word_1_493' title='bbox 1835 4348 1979 4401; x_wconf 92' lang='lat' dir='ltr'><strong>inter</strong></span> <span class='ocrx_word' id='word_1_494' title='bbox 2004 4346 2358 4401; x_wconf 89' lang='lat' dir='ltr'><strong>subscriben-</strong></span> 
     </span>
    </p>
   </div>
   <div class='ocr_carea' id='block_1_75' title="bbox 773 4439 2357 4508">
    <p class='ocr_par' dir='ltr' id='par_1_75' title="bbox 773 4439 2357 4508">
     <span class='ocr_line' id='line_1_75' title="bbox 773 4439 2357 4508; baseline -0.003 -11"><span class='ocrx_word' id='word_1_495' title='bbox 773 4444 903 4497; x_wconf 90' lang='lat' dir='ltr'><strong>dum</strong></span> <span class='ocrx_word' id='word_1_496' title='bbox 931 4442 1057 4496; x_wconf 85' lang='lat' dir='ltr'><strong>ﬁdei</strong></span> <span class='ocrx_word' id='word_1_497' title='bbox 1084 4440 1351 4504; x_wconf 72' lang='lat' dir='ltr'><strong>formulzn,</strong></span> <span class='ocrx_word' id='word_1_498' title='bbox 1385 4440 1576 4494; x_wconf 90' lang='lat' dir='ltr'><strong>liceret</strong></span> <span class='ocrx_word' id='word_1_499' title='bbox 1602 4440 2011 4493; x_wconf 83' lang='lat' dir='ltr'><strong>distinctionem</strong></span> <span class='ocrx_word' id='word_1_500' title='bbox 2037 4454 2241 4508; x_wconf 92' lang='lat' dir='ltr'><strong>ponere</strong></span> <span class='ocrx_word' id='word_1_501' title='bbox 2268 4439 2357 4507; x_wconf 87' lang='lat' dir='ltr'><strong>jus</strong></span> 
     </span>
    </p>
   </div>
   <div class='ocr_carea' id='block_1_76' title="bbox 777 4529 2357 4599">
    <p class='ocr_par' dir='ltr' id='par_1_76' title="bbox 777 4529 2357 4599">
     <span class='ocr_line' id='line_1_76' title="bbox 777 4529 2357 4599; baseline -0.003 -12"><span class='ocrx_word' id='word_1_502' title='bbox 777 4533 920 4587; x_wconf 90' lang='lat' dir='ltr'><strong>inter</strong></span> <span class='ocrx_word' id='word_1_503' title='bbox 946 4541 1000 4585; x_wconf 86' lang='lat' dir='ltr'><strong>et</strong></span> <span class='ocrx_word' id='word_1_504' title='bbox 1028 4531 1250 4594; x_wconf 85' lang='lat' dir='ltr'><strong>factum,</strong></span> <span class='ocrx_word' id='word_1_505' title='bbox 1274 4540 1328 4583; x_wconf 90' lang='lat' dir='ltr'><strong>et</strong></span> <span class='ocrx_word' id='word_1_506' title='bbox 1355 4530 1422 4583; x_wconf 88' lang='lat' dir='ltr'><strong>de</strong></span> <span class='ocrx_word' id='word_1_507' title='bbox 1464 4529 1716 4599; x_wconf 81' lang='lat' dir='ltr'><strong>dogmate</strong></span> <span class='ocrx_word' id='word_1_508' title='bbox 1739 4530 1962 4599; x_wconf 89' lang='lat' dir='ltr'><strong>quidem</strong></span> <span class='ocrx_word' id='word_1_509' title='bbox 1989 4530 2249 4585; x_wconf 80' lang='lat' dir='ltr'><strong>haeretico</strong></span> <span class='ocrx_word' id='word_1_510' title='bbox 2274 4546 2357 4583; x_wconf 91' lang='lat' dir='ltr'><strong>re-</strong></span> 
     </span>
    </p>
   </div>
   <div class='ocr_carea' id='block_1_77' title="bbox 760 4623 2355 4695">
    <p class='ocr_par' dir='ltr' id='par_1_77' title="bbox 760 4623 2355 4695">
     <span class='ocr_line' id='line_1_77' title="bbox 760 4623 2355 4695; baseline 0 -18"><span class='ocrx_word' id='word_1_511' title='bbox 760 4624 1012 4695; x_wconf 69' lang='lat' dir='ltr'><strong>jiciendo</strong></span> <span class='ocrx_word' id='word_1_512' title='bbox 1052 4623 1347 4677; x_wconf 86' lang='lat' dir='ltr'><strong>convenire</strong></span> <span class='ocrx_word' id='word_1_513' title='bbox 1375 4638 1499 4675; x_wconf 91' lang='lat' dir='ltr'><strong>cum</strong></span> <span class='ocrx_word' id='word_1_514' title='bbox 1532 4623 1808 4688; x_wconf 87' lang='lat' dir='ltr'><strong>Ecclesia;</strong></span> <span class='ocrx_word' id='word_1_515' title='bbox 1851 4623 1920 4677; x_wconf 86' lang='lat' dir='ltr'><strong>de</strong></span> <span class='ocrx_word' id='word_1_516' title='bbox 1961 4638 2196 4692; x_wconf 88' lang='lat' dir='ltr'><strong>persona</strong></span> <span class='ocrx_word' id='word_1_517' title='bbox 2223 4638 2355 4677; x_wconf 86' lang='lat' dir='ltr'><strong>vero</strong></span> 
     </span>
    </p>
   </div>
   <div class='ocr_carea' id='block_1_78' title="bbox 777 4714 2357 4786">
    <p class='ocr_par' dir='ltr' id='par_1_78' title="bbox 777 4714 2357 4786">
     <span class='ocr_line' id='line_1_78' title="bbox 777 4714 2357 4786; baseline -0.002 -14"><span class='ocrx_word' id='word_1_518' title='bbox 777 4717 1103 4782; x_wconf 86' lang='lat' dir='ltr'><strong>dissentire,</strong></span> <span class='ocrx_word' id='word_1_519' title='bbox 1139 4717 1297 4786; x_wconf 89' lang='lat' dir='ltr'><strong>quasi</strong></span> <span class='ocrx_word' id='word_1_520' title='bbox 1351 4718 1406 4771; x_wconf 93' lang='lat' dir='ltr'><strong>in</strong></span> <span class='ocrx_word' id='word_1_521' title='bbox 1460 4714 1767 4786; x_wconf 81' lang='lat' dir='ltr'><strong>aﬂingendo</strong></span> <span class='ocrx_word' id='word_1_522' title='bbox 1818 4732 2067 4785; x_wconf 59' lang='lat' dir='ltr'><strong>persona:</strong></span> <span class='ocrx_word' id='word_1_523' title='bbox 2104 4716 2357 4786; x_wconf 82' lang='lat' dir='ltr'><strong>dogmate</strong></span> 
     </span>
    </p>
   </div>
   <div class='ocr_carea' id='block_1_79' title="bbox 781 4808 2358 4879">
    <p class='ocr_par' dir='ltr' id='par_1_79' title="bbox 781 4808 2358 4879">
     <span class='ocr_line' id='line_1_79' title="bbox 781 4808 2358 4879; baseline -0.002 -15"><span class='ocrx_word' id='word_1_524' title='bbox 781 4812 867 4865; x_wconf 63' lang='lat' dir='ltr'><strong>illa</strong></span> <span class='ocrx_word' id='word_1_525' title='bbox 898 4818 1195 4879; x_wconf 89' lang='lat' dir='ltr'><strong>peccasset,</strong></span> <span class='ocrx_word' id='word_1_526' title='bbox 1228 4818 1284 4862; x_wconf 92' lang='lat' dir='ltr'><strong>et</strong></span> <span class='ocrx_word' id='word_1_527' title='bbox 1317 4808 1711 4877; x_wconf 84' lang='lat' dir='ltr'><strong>imaginariam,</strong></span> <span class='ocrx_word' id='word_1_528' title='bbox 1772 4824 1934 4877; x_wconf 91' lang='lat' dir='ltr'><strong>quam</strong></span> <span class='ocrx_word' id='word_1_529' title='bbox 1970 4823 2133 4862; x_wconf 90' lang='lat' dir='ltr'><strong>nemo</strong></span> <span class='ocrx_word' id='word_1_530' title='bbox 2177 4809 2358 4877; x_wconf 88' lang='lat' dir='ltr'><strong>reipsa</strong></span> 
     </span>
    </p>
   </div>
   <div class='ocr_carea' id='block_1_80' title="bbox 778 4896 2354 4967">
    <p class='ocr_par' dir='ltr' id='par_1_80' title="bbox 778 4896 2354 4967">
     <span class='ocr_line' id='line_1_80' title="bbox 778 4896 2354 4967; baseline -0.003 -12"><span class='ocrx_word' id='word_1_531' title='bbox 778 4898 1134 4961; x_wconf 83' lang='lat' dir='ltr'><strong>defendisset,</strong></span> <span class='ocrx_word' id='word_1_532' title='bbox 1165 4897 1401 4952; x_wconf 70' lang='lat' dir='ltr'><strong>haeresiu</strong></span> <span class='ocrx_word' id='word_1_533' title='bbox 1425 4896 1529 4950; x_wconf 85' lang='lat' dir='ltr'><strong>sibi</strong></span> <span class='ocrx_word' id='word_1_534' title='bbox 1561 4897 2009 4965; x_wconf 86' lang='lat' dir='ltr'><strong>proscribendam</strong></span> <span class='ocrx_word' id='word_1_535' title='bbox 2041 4898 2354 4967; x_wconf 86' lang='lat' dir='ltr'><strong>proposuis-</strong></span> 
     </span>
    </p>
   </div>
   <div class='ocr_carea' id='block_1_81' title="bbox 781 5003 882 5047">
    <p class='ocr_par' dir='ltr' id='par_1_81' title="bbox 781 5003 882 5047">
     <span class='ocr_line' id='line_1_81' title="bbox 781 5003 882 5047; baseline 0 -2"><span class='ocrx_word' id='word_1_536' title='bbox 781 5003 882 5047; x_wconf 73' lang='lat' dir='ltr'><strong>set.</strong></span> 
     </span>
    </p>
   </div>
   <div class='ocr_carea' id='block_1_82' title="bbox 1020 5103 2120 5174">
    <p class='ocr_par' dir='ltr' id='par_1_82' title="bbox 1020 5103 2120 5174">
     <span class='ocr_line' id='line_1_82' title="bbox 1020 5103 2120 5174; baseline -0.001 -17"><span class='ocrx_word' id='word_1_537' title='bbox 1020 5104 1261 5174; x_wconf 80' lang='lat' dir='ltr'><strong>Epistola</strong></span> <span class='ocrx_word' id='word_1_538' title='bbox 1308 5105 1433 5167; x_wconf 67' lang='lat' dir='ltr'><strong>1-H,</strong></span> <span class='ocrx_word' id='word_1_539' title='bbox 1470 5106 1769 5174; x_wconf 81' lang='lat' dir='ltr'><strong>dogmatica</strong></span> <span class='ocrx_word' id='word_1_540' title='bbox 1811 5104 1881 5157; x_wconf 86' lang='lat' dir='ltr'><strong>ad</strong></span> <span class='ocrx_word' id='word_1_541' title='bbox 1909 5103 2120 5157; x_wconf 79' lang='lat' dir='ltr'><strong>milites.</strong></span> 
     </span>
    </p>
   </div>
   <div class='ocr_carea' id='block_1_83' title="bbox 852 5218 2363 5290">
    <p class='ocr_par' dir='ltr' id='par_1_83' title="bbox 852 5218 2363 5290">
     <span class='ocr_line' id='line_1_83' title="bbox 852 5218 2363 5290; baseline -0.001 -15"><span class='ocrx_word' id='word_1_542' title='bbox 852 5222 892 5275; x_wconf 92' lang='grc'><strong>1.</strong></span> <span class='ocrx_word' id='word_1_543' title='bbox 927 5222 1059 5274; x_wconf 93' lang='lat' dir='ltr'><strong>Data</strong></span> <span class='ocrx_word' id='word_1_544' title='bbox 1101 5228 1184 5274; x_wconf 90' lang='lat' dir='ltr'><strong>est</strong></span> <span class='ocrx_word' id='word_1_545' title='bbox 1211 5232 1332 5289; x_wconf 90' lang='lat' dir='ltr'><strong>post</strong></span> <span class='ocrx_word' id='word_1_546' title='bbox 1373 5238 1577 5275; x_wconf 91' lang='lat' dir='ltr'><strong>annum</strong></span> <span class='ocrx_word' id='word_1_547' title='bbox 1606 5222 1727 5283; x_wconf 67' lang='grc'><strong>419,</strong></span> <span class='ocrx_word' id='word_1_548' title='bbox 1760 5230 1853 5274; x_wconf 91' lang='lat' dir='ltr'><strong>aut</strong></span> <span class='ocrx_word' id='word_1_549' title='bbox 1878 5229 2029 5275; x_wconf 90' lang='lat' dir='ltr'><strong>certe</strong></span> <span class='ocrx_word' id='word_1_550' title='bbox 2059 5221 2160 5275; x_wconf 91' lang='lat' dir='ltr'><strong>sub</strong></span> <span class='ocrx_word' id='word_1_551' title='bbox 2186 5218 2363 5290; x_wconf 84' lang='lat' dir='ltr'><strong>ipsius</strong></span> 
     </span>
    </p>
   </div>
   <div class='ocr_carea' id='block_1_84' title="bbox 780 5308 2363 5377">
    <p class='ocr_par' dir='ltr' id='par_1_84' title="bbox 780 5308 2363 5377">
     <span class='ocr_line' id='line_1_84' title="bbox 780 5308 2363 5377; baseline 0.002 -17"><span class='ocrx_word' id='word_1_552' title='bbox 780 5312 949 5361; x_wconf 83' lang='lat' dir='ltr'><strong>linem</strong></span> <span class='ocrx_word' id='word_1_553' title='bbox 1005 5326 1017 5361; x_wconf 92' lang='lat'><strong>:</strong></span> <span class='ocrx_word' id='word_1_554' title='bbox 1071 5308 1326 5363; x_wconf 88' lang='lat' dir='ltr'><strong>laudatur</strong></span> <span class='ocrx_word' id='word_1_555' title='bbox 1362 5310 1509 5363; x_wconf 90' lang='lat' dir='ltr'><strong>enim</strong></span> <span class='ocrx_word' id='word_1_556' title='bbox 1550 5309 1652 5363; x_wconf 90' lang='lat' dir='ltr'><strong>sub</strong></span> <span class='ocrx_word' id='word_1_557' title='bbox 1696 5308 1859 5362; x_wconf 84' lang='lat' dir='ltr'><strong>ﬁnem</strong></span> <span class='ocrx_word' id='word_1_558' title='bbox 1904 5309 2135 5377; x_wconf 82' lang='lat' dir='ltr'><strong>epistola</strong></span> <span class='ocrx_word' id='word_1_559' title='bbox 2190 5309 2363 5363; x_wconf 84' lang='lat' dir='ltr'><strong>sancti</strong></span> 
     </span>
    </p>
   </div>
   <div class='ocr_carea' id='block_1_85' title="bbox 782 5399 2362 5469">
    <p class='ocr_par' dir='ltr' id='par_1_85' title="bbox 782 5399 2362 5469">
     <span class='ocr_line' id='line_1_85' title="bbox 782 5399 2362 5469; baseline 0.001 -17"><span class='ocrx_word' id='word_1_560' title='bbox 782 5399 1006 5463; x_wconf 75' lang='lat' dir='ltr'><strong>Leonis,</strong></span> <span class='ocrx_word' id='word_1_561' title='bbox 1029 5400 1219 5469; x_wconf 89' lang='lat' dir='ltr'><strong>utique</strong></span> <span class='ocrx_word' id='word_1_562' title='bbox 1244 5400 1479 5454; x_wconf 88' lang='lat' dir='ltr'><strong>celebris</strong></span> <span class='ocrx_word' id='word_1_563' title='bbox 1521 5400 1609 5454; x_wconf 92' lang='lat' dir='ltr'><strong>illa</strong></span> <span class='ocrx_word' id='word_1_564' title='bbox 1650 5416 1772 5469; x_wconf 70' lang='lat' dir='ltr'><strong>qua:</strong></span> <span class='ocrx_word' id='word_1_565' title='bbox 1796 5399 1862 5453; x_wconf 90' lang='lat' dir='ltr'><strong>ad</strong></span> <span class='ocrx_word' id='word_1_566' title='bbox 1890 5400 2209 5453; x_wconf 77' lang='lat' dir='ltr'><strong>Flavianum</strong></span> <span class='ocrx_word' id='word_1_567' title='bbox 2238 5399 2362 5453; x_wconf 89' lang='lat' dir='ltr'><strong>data</strong></span> 
     </span>
    </p>
   </div>
   <div class='ocr_carea' id='block_1_86' title="bbox 2454 3340 4046 3412">
    <p class='ocr_par' dir='ltr' id='par_1_86' title="bbox 2454 3340 4046 3412">
     <span class='ocr_line' id='line_1_86' title="bbox 2454 3340 4046 3412; baseline -0.002 -18"><span class='ocrx_word' id='word_1_568' title='bbox 2454 3357 2579 3395; x_wconf 76' lang='lat' dir='ltr'><strong>mox</strong></span> <span class='ocrx_word' id='word_1_569' title='bbox 2602 3342 2749 3396; x_wconf 91' lang='lat' dir='ltr'><strong>dicto</strong></span> <span class='ocrx_word' id='word_1_570' title='bbox 2791 3358 2901 3396; x_wconf 90' lang='lat' dir='ltr'><strong>non</strong></span> <span class='ocrx_word' id='word_1_571' title='bbox 2956 3343 3227 3405; x_wconf 85' lang='lat' dir='ltr'><strong>laudavit,</strong></span> <span class='ocrx_word' id='word_1_572' title='bbox 3266 3342 3733 3412; x_wconf 86' lang='lat' dir='ltr'><strong>opportunissime</strong></span> <span class='ocrx_word' id='word_1_573' title='bbox 3782 3340 4046 3393; x_wconf 89' lang='lat' dir='ltr'><strong>laudatu-</strong></span> 
     </span>
    </p>
   </div>
   <div class='ocr_carea' id='block_1_87' title="bbox 2456 3431 4041 3504">
    <p class='ocr_par' dir='ltr' id='par_1_87' title="bbox 2456 3431 4041 3504">
     <span class='ocr_line' id='line_1_87' title="bbox 2456 3431 4041 3504; baseline 0.002 -19"><span class='ocrx_word' id='word_1_574' title='bbox 2456 3449 2570 3496; x_wconf 90' lang='lat' dir='ltr'><strong>rus,</strong></span> <span class='ocrx_word' id='word_1_575' title='bbox 2597 3433 2641 3487; x_wconf 92' lang='lat' dir='ltr'><strong>si</strong></span> <span class='ocrx_word' id='word_1_576' title='bbox 2673 3434 2869 3503; x_wconf 85' lang='lat' dir='ltr'><strong>dialogi</strong></span> <span class='ocrx_word' id='word_1_577' title='bbox 2893 3450 3002 3487; x_wconf 89' lang='lat' dir='ltr'><strong>non</strong></span> <span class='ocrx_word' id='word_1_578' title='bbox 3023 3444 3207 3489; x_wconf 88' lang='lat' dir='ltr'><strong>essent</strong></span> <span class='ocrx_word' id='word_1_579' title='bbox 3228 3435 3387 3504; x_wconf 85' lang='lat' dir='ltr'><strong>longe</strong></span> <span class='ocrx_word' id='word_1_580' title='bbox 3413 3442 3537 3487; x_wconf 88' lang='lat' dir='ltr'><strong>ante</strong></span> <span class='ocrx_word' id='word_1_581' title='bbox 3562 3433 3847 3502; x_wconf 87' lang='lat' dir='ltr'><strong>epistolam</strong></span> <span class='ocrx_word' id='word_1_582' title='bbox 3877 3431 4041 3489; x_wconf 89' lang='lat' dir='ltr'><strong>editi.</strong></span> 
     </span>
    </p>
   </div>
   <div class='ocr_carea' id='block_1_88' title="bbox 2454 3524 4046 3596">
    <p class='ocr_par' dir='ltr' id='par_1_88' title="bbox 2454 3524 4046 3596">
     <span class='ocr_line' id='line_1_88' title="bbox 2454 3524 4046 3596; baseline -0.002 -16"><span class='ocrx_word' id='word_1_583' title='bbox 2454 3526 2599 3595; x_wconf 90' lang='lat' dir='ltr'><strong>quod</strong></span> <span class='ocrx_word' id='word_1_584' title='bbox 2624 3527 2752 3596; x_wconf 89' lang='lat' dir='ltr'><strong>quia</strong></span> <span class='ocrx_word' id='word_1_585' title='bbox 2790 3529 2967 3581; x_wconf 87' lang='lat' dir='ltr'><strong>nescit</strong></span> <span class='ocrx_word' id='word_1_586' title='bbox 3001 3528 3356 3591; x_wconf 82' lang='lat' dir='ltr'><strong>Albertinus,</strong></span> <span class='ocrx_word' id='word_1_587' title='bbox 3395 3541 3519 3580; x_wconf 91' lang='lat' dir='ltr'><strong>cum</strong></span> <span class='ocrx_word' id='word_1_588' title='bbox 3556 3527 3673 3580; x_wconf 91' lang='lat' dir='ltr'><strong>suis</strong></span> <span class='ocrx_word' id='word_1_589' title='bbox 3706 3524 4046 3594; x_wconf 87' lang='lat' dir='ltr'><strong>sequacibus</strong></span> 
     </span>
    </p>
   </div>
   <div class='ocr_carea' id='block_1_89' title="bbox 2454 3618 3305 3687">
    <p class='ocr_par' dir='ltr' id='par_1_89' title="bbox 2454 3618 3305 3687">
     <span class='ocr_line' id='line_1_89' title="bbox 2454 3618 3305 3687; baseline 0 -16"><span class='ocrx_word' id='word_1_590' title='bbox 2454 3618 2591 3671; x_wconf 92' lang='lat' dir='ltr'><strong>abiit</strong></span> <span class='ocrx_word' id='word_1_591' title='bbox 2616 3619 2671 3671; x_wconf 92' lang='lat' dir='ltr'><strong>in</strong></span> <span class='ocrx_word' id='word_1_592' title='bbox 2697 3618 2963 3673; x_wconf 73' lang='lat' dir='ltr'><strong>absurdus</strong></span> <span class='ocrx_word' id='word_1_593' title='bbox 2993 3619 3305 3687; x_wconf 90' lang='lat' dir='ltr'><strong>opiniones.</strong></span> 
     </span>
    </p>
   </div>
   <div class='ocr_carea' id='block_1_90' title="bbox 2524 3705 4048 3778">
    <p class='ocr_par' dir='ltr' id='par_1_90' title="bbox 2524 3705 4048 3778">
     <span class='ocr_line' id='line_1_90' title="bbox 2524 3705 4048 3778; baseline -0.005 -15"><span class='ocrx_word' id='word_1_594' title='bbox 2524 3708 2613 3763; x_wconf 91' lang='lat' dir='ltr'><strong>Vl.</strong></span> <span class='ocrx_word' id='word_1_595' title='bbox 2645 3708 3063 3771; x_wconf 86' lang='lat' dir='ltr'><strong>Testimonium,</strong></span> <span class='ocrx_word' id='word_1_596' title='bbox 3119 3708 3266 3778; x_wconf 88' lang='lat' dir='ltr'><strong>quod</strong></span> <span class='ocrx_word' id='word_1_597' title='bbox 3311 3723 3378 3762; x_wconf 84' lang='lat' dir='ltr'><strong>ex</strong></span> <span class='ocrx_word' id='word_1_598' title='bbox 3422 3706 3624 3759; x_wconf 86' lang='lat' dir='ltr'><strong>Leonis</strong></span> <span class='ocrx_word' id='word_1_599' title='bbox 3672 3705 3879 3774; x_wconf 89' lang='lat' dir='ltr'><strong>scripto</strong></span> <span class='ocrx_word' id='word_1_600' title='bbox 3912 3718 4048 3773; x_wconf 88' lang='lat' dir='ltr'><strong>pro-</strong></span> 
     </span>
    </p>
   </div>
   <div class='ocr_carea' id='block_1_91' title="bbox 2457 3799 4047 3872">
    <p class='ocr_par' dir='ltr' id='par_1_91' title="bbox 2457 3799 4047 3872">
     <span class='ocr_line' id='line_1_91' title="bbox 2457 3799 4047 3872; baseline -0.004 -16"><span class='ocrx_word' id='word_1_601' title='bbox 2457 3803 2652 3866; x_wconf 79' lang='lat' dir='ltr'><strong>fertur,</strong></span> <span class='ocrx_word' id='word_1_602' title='bbox 2688 3819 2797 3857; x_wconf 88' lang='lat' dir='ltr'><strong>non</strong></span> <span class='ocrx_word' id='word_1_603' title='bbox 2818 3804 3018 3872; x_wconf 90' lang='lat' dir='ltr'><strong>legitur</strong></span> <span class='ocrx_word' id='word_1_604' title='bbox 3041 3803 3095 3856; x_wconf 91' lang='lat' dir='ltr'><strong>in</strong></span> <span class='ocrx_word' id='word_1_605' title='bbox 3125 3802 3252 3855; x_wconf 90' lang='lat' dir='ltr'><strong>ullis</strong></span> <span class='ocrx_word' id='word_1_606' title='bbox 3277 3801 3440 3855; x_wconf 90' lang='lat' dir='ltr'><strong>ed-itis</strong></span> <span class='ocrx_word' id='word_1_607' title='bbox 3470 3799 3783 3863; x_wconf 89' lang='lat' dir='ltr'><strong>codicibus;</strong></span> <span class='ocrx_word' id='word_1_608' title='bbox 3813 3799 3923 3851; x_wconf 93' lang='lat' dir='ltr'><strong>imo</strong></span> <span class='ocrx_word' id='word_1_609' title='bbox 3940 3812 4047 3851; x_wconf 88' lang='lat' dir='ltr'><strong>nec</strong></span> 
     </span>
    </p>
   </div>
   <div class='ocr_carea' id='block_1_92' title="bbox 2456 3888 4047 3965">
    <p class='ocr_par' dir='ltr' id='par_1_92' title="bbox 2456 3888 4047 3965">
     <span class='ocr_line' id='line_1_92' title="bbox 2456 3888 4047 3965; baseline -0.005 -16"><span class='ocrx_word' id='word_1_610' title='bbox 2456 3894 2619 3965; x_wconf 82' lang='lat'><strong>356</strong></span> <span class='ocrx_word' id='word_1_611' title='bbox 2666 3895 2721 3948; x_wconf 91' lang='lat' dir='ltr'><strong>in</strong></span> <span class='ocrx_word' id='word_1_612' title='bbox 2778 3910 2910 3949; x_wconf 87' lang='lat' dir='ltr'><strong>mss.</strong></span> <span class='ocrx_word' id='word_1_613' title='bbox 2957 3893 3071 3946; x_wconf 83' lang='lat' dir='ltr'><strong>sive</strong></span> <span class='ocrx_word' id='word_1_614' title='bbox 3103 3892 3308 3947; x_wconf 65' lang='lat' dir='ltr'><strong>Graecis</strong></span> <span class='ocrx_word' id='word_1_615' title='bbox 3340 3891 3454 3945; x_wconf 85' lang='lat' dir='ltr'><strong>sive</strong></span> <span class='ocrx_word' id='word_1_616' title='bbox 3495 3890 3726 3953; x_wconf 86' lang='lat' dir='ltr'><strong>Latinis,</strong></span> <span class='ocrx_word' id='word_1_617' title='bbox 3764 3888 3935 3943; x_wconf 79' lang='lat' dir='ltr'><strong>verbo</strong></span> <span class='ocrx_word' id='word_1_618' title='bbox 3970 3888 4047 3943; x_wconf 76' lang='lat' dir='ltr'><strong>ad</strong></span> 
     </span>
    </p>
   </div>
   <div class='ocr_carea' id='block_1_93' title="bbox 2456 3981 4047 4052">
    <p class='ocr_par' dir='ltr' id='par_1_93' title="bbox 2456 3981 4047 4052">
     <span class='ocr_line' id='line_1_93' title="bbox 2456 3981 4047 4052; baseline -0.004 -13"><span class='ocrx_word' id='word_1_619' title='bbox 2456 3987 2711 4039; x_wconf 91' lang='lat' dir='ltr'><strong>verbum.</strong></span> <span class='ocrx_word' id='word_1_620' title='bbox 2738 3986 2944 4040; x_wconf 82' lang='lat' dir='ltr'><strong>Verum</strong></span> <span class='ocrx_word' id='word_1_621' title='bbox 2975 3985 3077 4039; x_wconf 91' lang='lat' dir='ltr'><strong>hac</strong></span> <span class='ocrx_word' id='word_1_622' title='bbox 3130 3985 3197 4039; x_wconf 90' lang='lat' dir='ltr'><strong>de</strong></span> <span class='ocrx_word' id='word_1_623' title='bbox 3231 3984 3531 4052; x_wconf 70' lang='lat' dir='ltr'><strong>quaestione</strong></span> <span class='ocrx_word' id='word_1_624' title='bbox 3582 3984 3799 4036; x_wconf 88' lang='lat' dir='ltr'><strong>dicetur</strong></span> <span class='ocrx_word' id='word_1_625' title='bbox 3829 3983 3881 4034; x_wconf 93' lang='lat' dir='ltr'><strong>in</strong></span> <span class='ocrx_word' id='word_1_626' title='bbox 3925 3981 4047 4033; x_wconf 83' lang='lat' dir='ltr'><strong>Au-</strong></span> 
     </span>
    </p>
   </div>
   <div class='ocr_carea' id='block_1_94' title="bbox 2459 4072 4050 4145">
    <p class='ocr_par' dir='ltr' id='par_1_94' title="bbox 2459 4072 4050 4145">
     <span class='ocr_line' id='line_1_94' title="bbox 2459 4072 4050 4145; baseline -0.003 -15"><span class='ocrx_word' id='word_1_627' title='bbox 2459 4078 2630 4131; x_wconf 89' lang='lat' dir='ltr'><strong>ctario</strong></span> <span class='ocrx_word' id='word_1_628' title='bbox 2649 4076 3039 4145; x_wconf 88' lang='lat' dir='ltr'><strong>epistolarum;</strong></span> <span class='ocrx_word' id='word_1_629' title='bbox 3070 4075 3122 4127; x_wconf 93' lang='lat' dir='ltr'><strong>in</strong></span> <span class='ocrx_word' id='word_1_630' title='bbox 3156 4074 3289 4128; x_wconf 91' lang='lat' dir='ltr'><strong>illud</strong></span> <span class='ocrx_word' id='word_1_631' title='bbox 3338 4074 3486 4127; x_wconf 91' lang='lat' dir='ltr'><strong>enim</strong></span> <span class='ocrx_word' id='word_1_632' title='bbox 3524 4072 3715 4127; x_wconf 89' lang='lat' dir='ltr'><strong>referri</strong></span> <span class='ocrx_word' id='word_1_633' title='bbox 3750 4072 3913 4125; x_wconf 89' lang='lat' dir='ltr'><strong>debet</strong></span> <span class='ocrx_word' id='word_1_634' title='bbox 3953 4086 4050 4125; x_wconf 88' lang='lat' dir='ltr'><strong>ce-</strong></span> 
     </span>
    </p>
   </div>
   <div class='ocr_carea' id='block_1_95' title="bbox 2458 4164 4049 4237">
    <p class='ocr_par' dir='ltr' id='par_1_95' title="bbox 2458 4164 4049 4237">
     <span class='ocr_line' id='line_1_95' title="bbox 2458 4164 4049 4237; baseline -0.004 -14"><span class='ocrx_word' id='word_1_635' title='bbox 2458 4170 2628 4224; x_wconf 85' lang='lat' dir='ltr'><strong>lebris</strong></span> <span class='ocrx_word' id='word_1_636' title='bbox 2658 4170 2749 4223; x_wconf 91' lang='lat' dir='ltr'><strong>illa</strong></span> <span class='ocrx_word' id='word_1_637' title='bbox 2794 4168 2993 4223; x_wconf 88' lang='lat' dir='ltr'><strong>Leonis</strong></span> <span class='ocrx_word' id='word_1_638' title='bbox 3044 4166 3273 4237; x_wconf 86' lang='lat' dir='ltr'><strong>epistola</strong></span> <span class='ocrx_word' id='word_1_639' title='bbox 3300 4168 3345 4197; x_wconf 81' lang='grc'><strong>⁹¹</strong></span> <span class='ocrx_word' id='word_1_640' title='bbox 3377 4184 3390 4219; x_wconf 89' lang='lat'><strong>:</strong></span> <span class='ocrx_word' id='word_1_641' title='bbox 3432 4174 3547 4219; x_wconf 89' lang='lat' dir='ltr'><strong>tum</strong></span> <span class='ocrx_word' id='word_1_642' title='bbox 3578 4165 3708 4234; x_wconf 90' lang='lat' dir='ltr'><strong>quia</strong></span> <span class='ocrx_word' id='word_1_643' title='bbox 3748 4164 4049 4233; x_wconf 82' lang='lat' dir='ltr'><strong>subjuncta</strong></span> 
     </span>
    </p>
   </div>
   <div class='ocr_carea' id='block_1_96' title="bbox 2460 4254 4051 4327">
    <p class='ocr_par' dir='ltr' id='par_1_96' title="bbox 2460 4254 4051 4327">
     <span class='ocr_line' id='line_1_96' title="bbox 2460 4254 4051 4327; baseline -0.004 -12"><span class='ocrx_word' id='word_1_644' title='bbox 2460 4262 2625 4315; x_wconf 89' lang='lat' dir='ltr'><strong>habet</strong></span> <span class='ocrx_word' id='word_1_645' title='bbox 2652 4259 2963 4314; x_wconf 90' lang='lat' dir='ltr'><strong>testimonia</strong></span> <span class='ocrx_word' id='word_1_646' title='bbox 3009 4259 3257 4322; x_wconf 83' lang='lat' dir='ltr'><strong>Patrum,</strong></span> <span class='ocrx_word' id='word_1_647' title='bbox 3303 4272 3425 4327; x_wconf 65' lang='lat' dir='ltr'><strong>quae</strong></span> <span class='ocrx_word' id='word_1_648' title='bbox 3470 4255 3692 4324; x_wconf 89' lang='lat' dir='ltr'><strong>collegit</strong></span> <span class='ocrx_word' id='word_1_649' title='bbox 3724 4254 4051 4309; x_wconf 89' lang='lat' dir='ltr'><strong>Theodore-</strong></span> 
     </span>
    </p>
   </div>
   <div class='ocr_carea' id='block_1_97' title="bbox 2462 4344 3934 4420">
    <p class='ocr_par' dir='ltr' id='par_1_97' title="bbox 2462 4344 3934 4420">
     <span class='ocr_line' id='line_1_97' title="bbox 2462 4344 3934 4420; baseline -0.007 -13"><span class='ocrx_word' id='word_1_650' title='bbox 2462 4364 2570 4419; x_wconf 90' lang='lat' dir='ltr'><strong>tus,</strong></span> <span class='ocrx_word' id='word_1_651' title='bbox 2613 4360 2728 4405; x_wconf 89' lang='lat' dir='ltr'><strong>tum</strong></span> <span class='ocrx_word' id='word_1_652' title='bbox 2752 4350 2901 4420; x_wconf 90' lang='lat' dir='ltr'><strong>quod</strong></span> <span class='ocrx_word' id='word_1_653' title='bbox 2934 4349 3179 4403; x_wconf 89' lang='lat' dir='ltr'><strong>nondum</strong></span> <span class='ocrx_word' id='word_1_654' title='bbox 3195 4348 3409 4403; x_wconf 89' lang='lat' dir='ltr'><strong>mendis</strong></span> <span class='ocrx_word' id='word_1_655' title='bbox 3432 4364 3571 4417; x_wconf 92' lang='lat' dir='ltr'><strong>pura</strong></span> <span class='ocrx_word' id='word_1_656' title='bbox 3598 4346 3747 4400; x_wconf 89' lang='lat' dir='ltr'><strong>edita</strong></span> <span class='ocrx_word' id='word_1_657' title='bbox 3768 4345 3840 4398; x_wconf 93' lang='lat' dir='ltr'><strong>sit</strong></span> <span class='ocrx_word' id='word_1_658' title='bbox 3866 4344 3934 4397; x_wconf 81' lang='grc'><strong><em>⁸³.</em></strong></span> 
     </span>
    </p>
   </div>
   <div class='ocr_carea' id='block_1_98' title="bbox 2496 4454 4010 4535">
    <p class='ocr_par' dir='ltr' id='par_1_98' title="bbox 2496 4454 4010 4535">
     <span class='ocr_line' id='line_1_98' title="bbox 2496 4454 4010 4535; baseline -0.008 -16"><span class='ocrx_word' id='word_1_659' title='bbox 2496 4463 2741 4535; x_wconf 84' lang='lat' dir='ltr'><strong>Epistola</strong></span> <span class='ocrx_word' id='word_1_660' title='bbox 2795 4463 2917 4526; x_wconf 68' lang='lat'><strong>“5,</strong></span> <span class='ocrx_word' id='word_1_661' title='bbox 2963 4462 3031 4514; x_wconf 85' lang='lat' dir='ltr'><strong>ad</strong></span> <span class='ocrx_word' id='word_1_662' title='bbox 3059 4460 3341 4514; x_wconf 84' lang='lat' dir='ltr'><strong>monachos</strong></span> <span class='ocrx_word' id='word_1_663' title='bbox 3364 4454 4010 4525; x_wconf 84' lang='lat' dir='ltr'><strong>Constantinopolitanos.</strong></span> 
     </span>
    </p>
   </div>
   <div class='ocr_carea' id='block_1_99' title="bbox 2533 4568 4051 4646">
    <p class='ocr_par' dir='ltr' id='par_1_99' title="bbox 2533 4568 4051 4646">
     <span class='ocr_line' id='line_1_99' title="bbox 2533 4568 4051 4646; baseline -0.009 -12"><span class='ocrx_word' id='word_1_664' title='bbox 2533 4580 2572 4635; x_wconf 85' lang='grc' dir='ltr'><strong>Ι.</strong></span> <span class='ocrx_word' id='word_1_665' title='bbox 2607 4579 2727 4634; x_wconf 84' lang='grc' dir='ltr'><strong>Νοη</strong></span> <span class='ocrx_word' id='word_1_666' title='bbox 2765 4588 2873 4633; x_wconf 91' lang='lat' dir='ltr'><strong>tam</strong></span> <span class='ocrx_word' id='word_1_667' title='bbox 2913 4576 3145 4646; x_wconf 90' lang='lat' dir='ltr'><strong>epistola</strong></span> <span class='ocrx_word' id='word_1_668' title='bbox 3187 4582 3293 4639; x_wconf 90' lang='lat' dir='ltr'><strong>est,</strong></span> <span class='ocrx_word' id='word_1_669' title='bbox 3331 4588 3494 4643; x_wconf 90' lang='lat' dir='ltr'><strong>quam</strong></span> <span class='ocrx_word' id='word_1_670' title='bbox 3533 4571 3780 4640; x_wconf 75' lang='lat' dir='ltr'><strong>prolixus</strong></span> <span class='ocrx_word' id='word_1_671' title='bbox 3816 4568 4051 4638; x_wconf 89' lang='lat' dir='ltr'><strong>quidam</strong></span> 
     </span>
    </p>
   </div>
   <div class='ocr_carea' id='block_1_100' title="bbox 2466 4658 4052 4735">
    <p class='ocr_par' dir='ltr' id='par_1_100' title="bbox 2466 4658 4052 4735">
     <span class='ocr_line' id='line_1_100' title="bbox 2466 4658 4052 4735; baseline -0.008 -9"><span class='ocrx_word' id='word_1_672' title='bbox 2466 4672 2533 4727; x_wconf 92' lang='lat' dir='ltr'><strong>de</strong></span> <span class='ocrx_word' id='word_1_673' title='bbox 2566 4670 2944 4725; x_wconf 89' lang='lat' dir='ltr'><strong>incarnatione</strong></span> <span class='ocrx_word' id='word_1_674' title='bbox 2992 4675 3278 4730; x_wconf 88' lang='lat' dir='ltr'><strong>tractatus,</strong></span> <span class='ocrx_word' id='word_1_675' title='bbox 3309 4681 3418 4735; x_wconf 91' lang='lat' dir='ltr'><strong>quo</strong></span> <span class='ocrx_word' id='word_1_676' title='bbox 3452 4662 3835 4718; x_wconf 86' lang='lat' dir='ltr'><strong>Theodoretus</strong></span> <span class='ocrx_word' id='word_1_677' title='bbox 3878 4658 4052 4714; x_wconf 83' lang='lat' dir='ltr'><strong>tidem</strong></span> 
     </span>
    </p>
   </div>
   <div class='ocr_carea' id='block_1_101' title="bbox 2466 4761 2889 4830">
    <p class='ocr_par' dir='ltr' id='par_1_101' title="bbox 2466 4761 2889 4830">
     <span class='ocr_line' id='line_1_101' title="bbox 2466 4761 2889 4830; baseline -0.007 -11"><span class='ocrx_word' id='word_1_678' title='bbox 2466 4779 2618 4819; x_wconf 87' lang='lat' dir='ltr'><strong>suam</strong></span> <span class='ocrx_word' id='word_1_679' title='bbox 2647 4761 2889 4830; x_wconf 78' lang='lat' dir='ltr'><strong>exponit.</strong></span> 
     </span>
    </p>
   </div>
   <div class='ocr_carea' id='block_1_102' title="bbox 2538 4838 4054 4917">
    <p class='ocr_par' dir='ltr' id='par_1_102' title="bbox 2538 4838 4054 4917">
     <span class='ocr_line' id='line_1_102' title="bbox 2538 4838 4054 4917; baseline -0.007 -10"><span class='ocrx_word' id='word_1_680' title='bbox 2538 4854 2601 4907; x_wconf 92' lang='lat' dir='ltr'><strong>ll.</strong></span> <span class='ocrx_word' id='word_1_681' title='bbox 2644 4852 2874 4906; x_wconf 69' lang='lat' dir='ltr'><strong>Prmfert</strong></span> <span class='ocrx_word' id='word_1_682' title='bbox 2917 4848 3182 4917; x_wconf 78' lang='lat' dir='ltr'><strong>temporis</strong></span> <span class='ocrx_word' id='word_1_683' title='bbox 3237 4844 3579 4899; x_wconf 89' lang='lat' dir='ltr'><strong>manifestam</strong></span> <span class='ocrx_word' id='word_1_684' title='bbox 3624 4850 3829 4896; x_wconf 86' lang='lat' dir='ltr'><strong>notam.</strong></span> <span class='ocrx_word' id='word_1_685' title='bbox 3878 4860 3896 4891; x_wconf 68' lang='grc' dir='ltr'>ι</span> <span class='ocrx_word' id='word_1_686' title='bbox 3944 4838 4054 4907; x_wconf 83' lang='lat' dir='ltr'><strong>Qui</strong></span> 
     </span>
    </p>
   </div>
   <div class='ocr_carea' id='block_1_103' title="bbox 2470 4940 4055 5011">
    <p class='ocr_par' dir='ltr' id='par_1_103' title="bbox 2470 4940 4055 5011">
     <span class='ocr_line' id='line_1_103' title="bbox 2470 4940 4055 5011; baseline -0.008 -12"><span class='ocrx_word' id='word_1_687' title='bbox 2470 4946 2825 5005; x_wconf 89' lang='lat' dir='ltr'><strong>calumniam,</strong></span> <span class='ocrx_word' id='word_1_688' title='bbox 2857 4940 3057 5011; x_wconf 86' lang='lat' dir='ltr'><strong>inquit,</strong></span> <span class='ocrx_word' id='word_1_689' title='bbox 3083 4948 3275 4993; x_wconf 90' lang='lat' dir='ltr'><strong>contra</strong></span> <span class='ocrx_word' id='word_1_690' title='bbox 3294 4953 3394 4991; x_wconf 90' lang='lat' dir='ltr'><strong>nos</strong></span> <span class='ocrx_word' id='word_1_691' title='bbox 3414 4943 4055 4997; x_wconf 75' lang='lat' dir='ltr'><strong>texuerant,aerumnas—</strong></span> 
     </span>
    </p>
   </div>
   <div class='ocr_carea' id='block_1_104' title="bbox 2470 5024 4057 5106">
    <p class='ocr_par' dir='ltr' id='par_1_104' title="bbox 2470 5024 4057 5106">
     <span class='ocr_line' id='line_1_104' title="bbox 2470 5024 4057 5106; baseline -0.009 -16"><span class='ocrx_word' id='word_1_692' title='bbox 2470 5052 2576 5106; x_wconf 91' lang='lat' dir='ltr'><strong>que</strong></span> <span class='ocrx_word' id='word_1_693' title='bbox 2626 5044 2843 5089; x_wconf 86' lang='lat' dir='ltr'><strong>nostras</strong></span> <span class='ocrx_word' id='word_1_694' title='bbox 2866 5033 3051 5087; x_wconf 91' lang='lat' dir='ltr'><strong>multis</strong></span> <span class='ocrx_word' id='word_1_695' title='bbox 3082 5031 3331 5101; x_wconf 87' lang='lat' dir='ltr'><strong>pecuniis</strong></span> <span class='ocrx_word' id='word_1_696' title='bbox 3357 5029 3724 5087; x_wconf 89' lang='lat' dir='ltr'><strong>redemerant,</strong></span> <span class='ocrx_word' id='word_1_697' title='bbox 3758 5034 3816 5078; x_wconf 91' lang='lat' dir='ltr'><strong>ut</strong></span> <span class='ocrx_word' id='word_1_698' title='bbox 3845 5024 4057 5078; x_wconf 74' lang='lat' dir='ltr'><strong>Valen-</strong></span> 
     </span>
    </p>
   </div>
   <div class='ocr_carea' id='block_1_105' title="bbox 2469 5116 4056 5185">
    <p class='ocr_par' dir='ltr' id='par_1_105' title="bbox 2469 5116 4056 5185">
     <span class='ocr_line' id='line_1_105' title="bbox 2469 5116 4056 5185; baseline -0.007 -6"><span class='ocrx_word' id='word_1_699' title='bbox 2469 5126 2569 5180; x_wconf 91' lang='lat' dir='ltr'><strong>tini</strong></span> <span class='ocrx_word' id='word_1_700' title='bbox 2626 5135 2681 5181; x_wconf 90' lang='lat' dir='ltr'><strong>et</strong></span> <span class='ocrx_word' id='word_1_701' title='bbox 2736 5123 3062 5179; x_wconf 86' lang='lat' dir='ltr'><strong>Bardesanis</strong></span> <span class='ocrx_word' id='word_1_702' title='bbox 3113 5121 3235 5175; x_wconf 90' lang='lat' dir='ltr'><strong>tabe</strong></span> <span class='ocrx_word' id='word_1_703' title='bbox 3301 5119 3489 5174; x_wconf 90' lang='lat' dir='ltr'><strong>infecti</strong></span> <span class='ocrx_word' id='word_1_704' title='bbox 3549 5116 3837 5172; x_wconf 84' lang='lat' dir='ltr'><strong>manifeste</strong></span> <span class='ocrx_word' id='word_1_705' title='bbox 3878 5116 4056 5185; x_wconf 89' lang='lat' dir='ltr'><strong>agniti</strong></span> 
     </span>
    </p>
   </div>
   <div class='ocr_carea' id='block_1_106' title="bbox 2469 5208 4062 5279">
    <p class='ocr_par' dir='ltr' id='par_1_106' title="bbox 2469 5208 4062 5279">
     <span class='ocr_line' id='line_1_106' title="bbox 2469 5208 4062 5279; baseline -0.006 -8"><span class='ocrx_word' id='word_1_706' title='bbox 2469 5224 2616 5279; x_wconf 87' lang='lat' dir='ltr'><strong>sunt,</strong></span> <span class='ocrx_word' id='word_1_707' title='bbox 2653 5237 2669 5268; x_wconf 71' lang='grc' dir='ltr'><strong><em>ι</em></strong></span> <span class='ocrx_word' id='word_1_708' title='bbox 2707 5225 2811 5270; x_wconf 89' lang='lat' dir='ltr'><strong>etc.</strong></span> <span class='ocrx_word' id='word_1_709' title='bbox 2842 5215 2978 5270; x_wconf 87' lang='lat' dir='ltr'><strong>Cum</strong></span> <span class='ocrx_word' id='word_1_710' title='bbox 2999 5215 3147 5268; x_wconf 90' lang='lat' dir='ltr'><strong>enim</strong></span> <span class='ocrx_word' id='word_1_711' title='bbox 3183 5212 3567 5267; x_wconf 88' lang='lat' dir='ltr'><strong>Thcodoretus</strong></span> <span class='ocrx_word' id='word_1_712' title='bbox 3606 5209 3673 5263; x_wconf 89' lang='lat' dir='ltr'><strong>de</strong></span> <span class='ocrx_word' id='word_1_713' title='bbox 3704 5224 3800 5263; x_wconf 91' lang='lat' dir='ltr'><strong>sua</strong></span> <span class='ocrx_word' id='word_1_714' title='bbox 3826 5208 4062 5261; x_wconf 90' lang='lat' dir='ltr'><strong>damna—</strong></span> 
     </span>
    </p>
   </div>
   <div class='ocr_carea' id='block_1_107' title="bbox 2471 5300 4065 5377">
    <p class='ocr_par' dir='ltr' id='par_1_107' title="bbox 2471 5300 4065 5377">
     <span class='ocr_line' id='line_1_107' title="bbox 2471 5300 4065 5377; baseline -0.006 -14"><span class='ocrx_word' id='word_1_715' title='bbox 2471 5309 2618 5363; x_wconf 91' lang='lat' dir='ltr'><strong>tione</strong></span> <span class='ocrx_word' id='word_1_716' title='bbox 2648 5309 2703 5362; x_wconf 92' lang='lat' dir='ltr'><strong>in</strong></span> <span class='ocrx_word' id='word_1_717' title='bbox 2754 5308 3000 5361; x_wconf 90' lang='lat' dir='ltr'><strong>Dioscori</strong></span> <span class='ocrx_word' id='word_1_718' title='bbox 3051 5304 3279 5377; x_wconf 86' lang='lat' dir='ltr'><strong>synodo,</strong></span> <span class='ocrx_word' id='word_1_719' title='bbox 3317 5312 3373 5358; x_wconf 91' lang='lat' dir='ltr'><strong>et</strong></span> <span class='ocrx_word' id='word_1_720' title='bbox 3404 5303 3471 5358; x_wconf 91' lang='lat' dir='ltr'><strong>de</strong></span> <span class='ocrx_word' id='word_1_721' title='bbox 3496 5302 3762 5373; x_wconf 85' lang='lat' dir='ltr'><strong>ejectione</strong></span> <span class='ocrx_word' id='word_1_722' title='bbox 3788 5300 4065 5370; x_wconf 80' lang='lat' dir='ltr'><strong>Eutychis</strong></span> 
     </span>
    </p>
   </div>
   <div class='ocr_carea' id='block_1_108' title="bbox 2472 5390 4065 5463">
    <p class='ocr_par' dir='ltr' id='par_1_108' title="bbox 2472 5390 4065 5463">
     <span class='ocr_line' id='line_1_108' title="bbox 2472 5390 4065 5463; baseline -0.004 -11"><span class='ocrx_word' id='word_1_723' title='bbox 2472 5399 2528 5452; x_wconf 91' lang='lat' dir='ltr'><strong>in</strong></span> <span class='ocrx_word' id='word_1_724' title='bbox 2553 5400 2808 5454; x_wconf 80' lang='lat' dir='ltr'><strong>exsiliunt</strong></span> <span class='ocrx_word' id='word_1_725' title='bbox 2842 5399 3178 5452; x_wconf 89' lang='lat' dir='ltr'><strong>mentionem</strong></span> <span class='ocrx_word' id='word_1_726' title='bbox 3206 5394 3398 5460; x_wconf 88' lang='lat' dir='ltr'><strong>faciat,</strong></span> <span class='ocrx_word' id='word_1_727' title='bbox 3430 5409 3665 5463; x_wconf 89' lang='lat' dir='ltr'><strong>cumque</strong></span> <span class='ocrx_word' id='word_1_728' title='bbox 3694 5391 3763 5447; x_wconf 89' lang='lat' dir='ltr'><strong>de</strong></span> <span class='ocrx_word' id='word_1_729' title='bbox 3794 5390 4065 5445; x_wconf 83' lang='lat' dir='ltr'><strong>Marciani</strong></span> 
     </span>
    </p>
   </div>
   <div class='ocr_carea' id='block_1_109' title="bbox 2098 5552 2665 5612">
    <p class='ocr_par' dir='ltr' id='par_1_109' title="bbox 2098 5552 2665 5612">
     <span class='ocr_line' id='line_1_109' title="bbox 2098 5552 2665 5612; baseline -0.007 0"><span class='ocrx_word' id='word_1_730' title='bbox 2098 5555 2412 5612; x_wconf 84' lang='lat' dir='ltr'><strong>SCIIULZII</strong></span> <span class='ocrx_word' id='word_1_731' title='bbox 2439 5552 2665 5609; x_wconf 74' lang='grc' dir='ltr'><strong>ΝΟΤᾹΞ.</strong></span> 
     </span>
    </p>
   </div>
   <div class='ocr_carea' id='block_1_110' title="bbox 864 5692 4073 5765">
    <p class='ocr_par' dir='ltr' id='par_1_110' title="bbox 864 5692 4073 5765">
     <span class='ocr_line' id='line_1_110' title="bbox 864 5692 4073 5765; baseline -0.002 -12"><span class='ocrx_word' id='word_1_732' title='bbox 864 5700 905 5729; x_wconf 71' lang='grc' dir='ltr'><strong>’τ</strong></span> <span class='ocrx_word' id='word_1_733' title='bbox 934 5700 1222 5753; x_wconf 81' lang='lat' dir='ltr'><strong>Promissis</strong></span> <span class='ocrx_word' id='word_1_734' title='bbox 1246 5715 1353 5753; x_wconf 89' lang='lat' dir='ltr'><strong>non</strong></span> <span class='ocrx_word' id='word_1_735' title='bbox 1398 5700 1548 5753; x_wconf 89' lang='lat' dir='ltr'><strong>stetit</strong></span> <span class='ocrx_word' id='word_1_736' title='bbox 1583 5700 1901 5753; x_wconf 77' lang='lat' dir='ltr'><strong>Garnertus.</strong></span> <span class='ocrx_word' id='word_1_737' title='bbox 1950 5698 2067 5753; x_wconf 80' lang='lat' dir='ltr'><strong>Non</strong></span> <span class='ocrx_word' id='word_1_738' title='bbox 2112 5706 2287 5753; x_wconf 78' lang='lat' dir='ltr'><strong>exstat</strong></span> <span class='ocrx_word' id='word_1_739' title='bbox 2323 5698 2423 5752; x_wconf 87' lang='lat' dir='ltr'><strong>ista</strong></span> <span class='ocrx_word' id='word_1_740' title='bbox 2462 5696 2663 5751; x_wconf 88' lang='lat' dir='ltr'><strong>Leonis</strong></span> <span class='ocrx_word' id='word_1_741' title='bbox 2697 5696 2762 5750; x_wconf 89' lang='lat' dir='ltr'><strong>ad</strong></span> <span class='ocrx_word' id='word_1_742' title='bbox 2791 5697 3109 5751; x_wconf 80' lang='lat' dir='ltr'><strong>Flavianum</strong></span> <span class='ocrx_word' id='word_1_743' title='bbox 3141 5694 3375 5765; x_wconf 80' lang='lat' dir='ltr'><strong>epistola</strong></span> <span class='ocrx_word' id='word_1_744' title='bbox 3425 5692 3479 5765; x_wconf 87' lang='lat' dir='ltr'><strong>in</strong></span> <span class='ocrx_word' id='word_1_745' title='bbox 3519 5694 3776 5749; x_wconf 83' lang='lat' dir='ltr'><strong>Auctario</strong></span> <span class='ocrx_word' id='word_1_746' title='bbox 3802 5693 4073 5765; x_wconf 79' lang='lat' dir='ltr'><strong>epistola-</strong></span> 
     </span>
    </p>
   </div>
   <div class='ocr_carea' id='block_1_111' title="bbox 794 5764 4071 5836">
    <p class='ocr_par' dir='ltr' id='par_1_111' title="bbox 794 5764 4071 5836">
     <span class='ocr_line' id='line_1_111' title="bbox 794 5764 4071 5836; baseline -0.001 -13"><span class='ocrx_word' id='word_1_747' title='bbox 794 5786 937 5823; x_wconf 81' lang='lat' dir='ltr'><strong>rmn.</strong></span> <span class='ocrx_word' id='word_1_748' title='bbox 1013 5771 1059 5803; x_wconf 78' lang='grc'><strong>’³</strong></span> <span class='ocrx_word' id='word_1_749' title='bbox 1080 5769 1211 5835; x_wconf 62' lang='lat' dir='ltr'><strong>Quae</strong></span> <span class='ocrx_word' id='word_1_750' title='bbox 1243 5771 1295 5823; x_wconf 92' lang='lat' dir='ltr'><strong>in</strong></span> <span class='ocrx_word' id='word_1_751' title='bbox 1327 5769 1432 5823; x_wconf 86' lang='lat' dir='ltr'><strong>[ine</strong></span> <span class='ocrx_word' id='word_1_752' title='bbox 1466 5769 1647 5823; x_wconf 89' lang='lat' dir='ltr'><strong>addita</strong></span> <span class='ocrx_word' id='word_1_753' title='bbox 1678 5778 1837 5823; x_wconf 88' lang='lat' dir='ltr'><strong>erant</strong></span> <span class='ocrx_word' id='word_1_754' title='bbox 1862 5770 1929 5823; x_wconf 91' lang='lat' dir='ltr'><strong>de</strong></span> <span class='ocrx_word' id='word_1_755' title='bbox 1956 5768 2298 5823; x_wconf 85' lang='lat' dir='ltr'><strong>emendando</strong></span> <span class='ocrx_word' id='word_1_756' title='bbox 2322 5782 2511 5821; x_wconf 84' lang='lat' dir='ltr'><strong>errore</strong></span> <span class='ocrx_word' id='word_1_757' title='bbox 2542 5767 2637 5836; x_wconf 91' lang='lat' dir='ltr'><strong>qui</strong></span> <span class='ocrx_word' id='word_1_758' title='bbox 2672 5767 2726 5820; x_wconf 92' lang='lat' dir='ltr'><strong>in</strong></span> <span class='ocrx_word' id='word_1_759' title='bbox 2756 5767 3054 5821; x_wconf 86' lang='lat' dir='ltr'><strong>editionem</strong></span> <span class='ocrx_word' id='word_1_760' title='bbox 3123 5764 3402 5821; x_wconf 85' lang='lat' dir='ltr'><strong>Sirmond.</strong></span> <span class='ocrx_word' id='word_1_761' title='bbox 3447 5764 3763 5835; x_wconf 86' lang='lat' dir='ltr'><strong>irrepserat,</strong></span> <span class='ocrx_word' id='word_1_762' title='bbox 3828 5764 4071 5820; x_wconf 74' lang='lat' dir='ltr'><strong>delenda</strong></span> 
     </span>
    </p>
   </div>
   <div class='ocr_carea' id='block_1_112' title="bbox 782 5837 3279 5910">
    <p class='ocr_par' dir='ltr' id='par_1_112' title="bbox 782 5837 3279 5910">
     <span class='ocr_line' id='line_1_112' title="bbox 782 5837 3279 5910; baseline -0.002 -15"><span class='ocrx_word' id='word_1_763' title='bbox 782 5842 1035 5910; x_wconf 59' lang='lat' dir='ltr'><strong>fuerunt,</strong></span> <span class='ocrx_word' id='word_1_764' title='bbox 1069 5856 1192 5895; x_wconf 79' lang='lat' dir='ltr'><strong>cum</strong></span> <span class='ocrx_word' id='word_1_765' title='bbox 1230 5840 1518 5896; x_wconf 87' lang='lat' dir='ltr'><strong>emendata</strong></span> <span class='ocrx_word' id='word_1_766' title='bbox 1550 5840 1713 5895; x_wconf 86' lang='lat' dir='ltr'><strong>lectio</strong></span> <span class='ocrx_word' id='word_1_767' title='bbox 1740 5840 1871 5893; x_wconf 80' lang='lat' dir='ltr'><strong>servi</strong></span> <span class='ocrx_word' id='word_1_768' title='bbox 1906 5840 2074 5909; x_wconf 79' lang='lat' dir='ltr'><strong>[arma</strong></span> <span class='ocrx_word' id='word_1_769' title='bbox 2108 5847 2285 5893; x_wconf 77' lang='lat' dir='ltr'><strong>exstet</strong></span> <span class='ocrx_word' id='word_1_770' title='bbox 2320 5838 2374 5891; x_wconf 92' lang='lat' dir='ltr'><strong>in</strong></span> <span class='ocrx_word' id='word_1_771' title='bbox 2407 5837 2538 5892; x_wconf 83' lang='lat' dir='ltr'><strong>edit.</strong></span> <span class='ocrx_word' id='word_1_772' title='bbox 2584 5849 2790 5901; x_wconf 85' lang='lat' dir='ltr'><strong>nostra,</strong></span> <span class='ocrx_word' id='word_1_773' title='bbox 2826 5847 2864 5891; x_wconf 93' lang='lat' dir='ltr'><strong>t.</strong></span> <span class='ocrx_word' id='word_1_774' title='bbox 2910 5838 2997 5905; x_wconf 79' lang='lat' dir='ltr'><strong>IV,</strong></span> <span class='ocrx_word' id='word_1_775' title='bbox 3038 5853 3092 5906; x_wconf 91' lang='lat' dir='ltr'><strong>p.</strong></span> <span class='ocrx_word' id='word_1_776' title='bbox 3125 5837 3279 5891; x_wconf 64' lang='lat'><strong>12.35.</strong></span> 
     </span>
    </p>
   </div>
  </div>
