4228 6446
187 399 295 462 305

1361 406 1456 466 DE
1496 407 1749 467 LIBRIS
1787 408 2283 475 THEODORE'I‘I.

3334 413 3438 474 306

187 513 461 567 beneﬁcio
490 530 617 587 erga
651 531 708 569 se
741 516 918 577 sileat,
954 515 1195 571 ostendit
1231 518 1374 572 clare
1402 534 1461 572 se
1512 533 1578 572 eo
1622 528 1761 573 tem-
1792 526 1836 580 Α
1866 518 1933 574 de
1960 518 2062 573 ﬁde
2092 536 2448 589 personarum
2474 528 2848 583 exerceretur,
2896 536 3005 574 non
3053 521 3184 575 item
3230 522 3297 575 de
3331 524 3436 576 cri-

186 622 326 676 pore
358 608 625 673 scribere,
649 609 795 677 quod
830 609 1182 663 subsecutum
1225 617 1302 663 est
1330 619 1560 664 mortem
1590 609 1767 664 Theo-

184 686 330 753 dosii
380 700 763 769 imperatoris,
796 717 917 770 quae
967 702 1199 771 contigit
1242 716 1386 756 anno
1426 702 1547 765 $330,
1574 701 1662 756 die
1698 703 1767 756 29

186 787 340 848 Julii.
378 799 438 842 et
481 790 800 844 inchoatum
835 791 923 845 die
946 791 1015 843 25
1051 790 1281 859 Augusti
1316 791 1606 859 imperium
1630 791 1770 844 hlar—

182 880 351 941 ciani,
388 881 550 949 cujus
578 881 822 949 jussione
848 881 1120 952 Eutychos
1152 882 1361 951 ejectus
1384 891 1489 945 est,
1522 891 1578 936 et
1602 882 1769 937 resei-

185 981 303 1024 tum
357 972 498 1025 illud
530 972 785 1027 Marciani
815 972 1043 1036 factum,
1072 972 1141 1028 de
1183 988 1294 1043 quo
1330 988 1438 1027 non
1464 974 1642 1042 potuit
1667 988 1767 1027 au-

182 1060 291 1114 diri
316 1072 447 1116 ante
471 1062 633 1116 linem
678 1062 1036 1132 Septembris.
1076 1064 1318 1132 Epistola
1350 1064 1515 1133 igitur
1538 1064 1661 1119 data
1685 1071 1771 1117 est

184 1149 268 1206 vel
306 1150 623 1219 Septembri
672 1166 857 1205 mense
904 1151 1121 1215 aﬁ'ecto,
1156 1152 1240 1205 vel
1278 1152 1573 1220 incipiente
1600 1151 1767 1207 Octo-

182 1241 291 1305 bri,
323 1258 440 1310 quo
476 1250 722 1311 tempore
756 1242 998 1296 nondum
1023 1251 1199 1296 erata
1234 1242 1509 1296 Marciano
1553 1242 1620 1297 ad
1676 1258 1765 1297 se-

182 1329 309 1381 dem
338 1344 497 1383 suam
528 1330 811 1385 remissus.

251 1418 341 1472 Ill.
385 1419 498 1473 Hos
532 1436 698 1489 porro
749 1421 1069 1484 monachos,
1097 1422 1299 1490 quibus
1336 1422 1552 1483 scribit,
1599 1430 1767 1476 teme-

186 1510 397 1562 rarium
450 1510 596 1564 haud
642 1511 809 1566 fuerit
835 1512 1047 1581 opinari
1088 1521 1403 1576 accemetas,
1461 1514 1603 1582 apud
1628 1529 1767 1583 quos

185 1597 330 1653 forte
366 1599 688 1668 suSpieione
721 1601 946 1656 haeresis
971 1602 1273 1656 laborabat.

250 1690 337 1746 IV.
371 1691 580 1746 Scribit
604 1707 734 1753 vero
760 1709 857 1763 per
874 1694 1170 1747 monachos
1193 1710 1222 1747 a
1250 1694 1503 1747 Marcello
1533 1708 1766 1748 aemine-

185 1792 365 1834 tarum
408 1783 839 1837 arehimandrita
865 1784 921 1838 in
964 1784 1299 1839 Phoenicium
1334 1785 1455 1837 aliis
1492 1784 1558 1837 de
1599 1785 1763 1839 rebus

186 1873 384 1929 missos
416 1893 427 1925 :
460 1890 585 1928 cum
613 1874 746 1943 ipsis
764 1890 959 1944 nempe
989 1891 1315 1945 congressus
1340 1876 1629 1938 didicerat,
1660 1892 1767 1945 qua
1804 1859 1842 1914 Β

184 1965 329 2034 apud
356 1966 578 2019 sodales
614 1966 667 2019 in
694 1967 953 2035 opinione
982 1975 1162 2030 esset;
1202 1968 1375 2035 ipsam
1400 1982 1530 2020 vero
1557 1982 1623 2021 ex
1649 1967 1767 2020 ani-

185 2057 288 2111 mis
310 2058 557 2113 evellere
583 2058 914 2121 ret‘erebant,
943 2066 1167 2128 propter
1185 2059 1469 2113 hominum
1499 2060 1769 2130 ejusmodi

185 2149 483 2201 maximam
515 2150 568 2202 in
600 2149 736 2203 urbe
764 2149 911 2219 regia
936 2151 1341 2205 auctoritatem.

252 2236 317 2293 ν.
354 2239 490 2306 Quae
507 2241 575 2296 de
601 2241 717 2296 suis
738 2240 898 2296 libris
917 2250 1124 2307 narrat,
1157 2242 1400 2313 exposita
1434 2251 1562 2298 sunt
1592 2243 1768 2312 capite

184 2330 456 2386 secundo.

406 2470 649 2541 Epistola
680 2471 795 2537 146,
829 2472 899 2525 ad
930 2471 1189 2526 Joannem
1216 2488 1551 2529 aconomum.

252 2610 385 2667 Haec
418 2612 585 2666 etiam
633 2612 896 2682 epistola,
940 2613 1046 2668 etsi
1094 2613 1322 2679 mutila,
1374 2615 1554 2684 magni
1586 2623 1765 2671 tamen

122 2704 127 2707 ⁷
184 2712 455 2758 tractatus
474 2703 709 2759 formam
751 2704 936 2760 habet.
972 2704 1265 2760 Historiam
1285 2706 1460 2776 ipsius
1496 2706 1770 2762 texuimus

184 2798 238 2851 in
266 2797 389 2852 Vita
418 2796 751 2851 Theodoreti
777 2798 845 2861 “,
886 2797 1339 2865 ostendimusque
1368 2798 1627 2867 scriptam
1645 2813 1767 2853 esse

183 2896 306 2958 post
349 2888 651 2943 concilium
674 2886 1153 2950 Chalcedonense,
1196 2902 1321 2941 cum
1365 2887 1681 2942 secessisset
1711 2889 1767 2941 in

184 2979 611 3043 monasterium,
634 2987 690 3033 et
714 2979 904 3049 procul
929 2978 1188 3032 omnibus
1217 2978 1472 3047 negotiis,
1515 2978 1765 3033 scriben-

183 3070 268 3125 dis
308 3071 473 3126 libris
502 3079 558 3126 et
597 3070 843 3141 pristina:
871 3070 995 3125 vita:
1023 3069 1293 3140 religiosae
1316 3068 1597 3125 exercitiis
1621 3077 1767 3125 totus

188 3169 427 3215 vacaret.

190 3299 432 3370 Epistola
456 3299 580 3364 H7,
616 3300 685 3352 ad
711 3299 972 3353 Joannem
1007 3298 1353 3355 Germanicia:
1376 3300 1669 3368 episcopum
1698 3297 1765 3350 ".

254 3436 295 3491 l.
328 3436 416 3491 Ad
458 3452 623 3506 quem
646 3435 857 3490 scilicet
886 3434 989 3490 fuit
1018 3435 1247 3505 epistola
1277 3434 1399 3498 155,
1427 3434 1615 3503 paucis
1640 3443 1769 3489 ante

186 3527 388 3582 diebus
423 3528 646 3595 scripta.
682 3526 815 3580 Data
844 3534 928 3580 est
957 3525 1124 3597 igitur
1150 3525 1256 3580 sub
1291 3526 1453 3579 ﬁnem
1488 3526 1616 3579 anni
1643 3525 1767 3592 M9,

187 3627 279 3671 aut
320 3618 512 3671 statim
545 3616 704 3669 initio
739 3616 1040 3685 sequentis.

254 3706 421 3777 357
456 3692 524 3760 ιιζ
566 3707 646 3760 Ex
676 3707 777 3761 ista
812 3706 1073 3761 discimus
1117 3710 1316 3773 multa,
1370 3726 1491 3779 quae
1545 3712 1768 3765 aliunde

187 3799 299 3853 fere
331 3801 519 3869 ignota
547 3807 695 3851 sunt.
739 3800 783 3852 Ι.
836 3799 1105 3853 Domuum
1150 3801 1452 3856 Antiochiae
1481 3802 1768 3870 praesulem

188 3889 361 3943 fuisse
414 3889 770 3958 depositum,
832 3888 970 3958 quod
1017 3889 1252 3957 capitula
1316 3908 1419 3943 non
1473 3892 1767 3961 reciperet,

189 3980 605 4036 Theodoretum
632 3995 782 4043 vero,
812 3980 948 4049 quod
982 3982 1231 4034 hwreseos
1274 3983 1550 4051 princeps;
1581 3980 1768 4037 Graece

187 4084 271 4127 est
293 4074 547 4143 ἔξαρχος,
576 4088 696 4141 qua:
743 4086 848 4125 vox
878 4070 1274 4141 signiﬁcantior
1323 4086 1486 4141 quam
1535 4071 1767 4127 Latina:

189 4164 391 4220 ducem
430 4164 579 4219 enim
610 4173 663 4219 et
689 4163 845 4233 quasi
866 4162 1237 4217 dominantem
1263 4162 1551 4233 signiﬁcat.

256 4256 311 4310 2.
342 4256 672 4311 Dioscorum
718 4256 893 4325 palam
928 4261 1182 4309 testatum
1222 4270 1363 4319 esse,
1414 4255 1561 4324 quod
1593 4255 1771 4324 Ephe-

192 4350 310 4401 sina
335 4364 371 4402 ιι
406 4348 649 4419 synodus
677 4348 1021 4403 convenisset
1051 4346 1337 4413 duntaxat,
1376 4366 1393 4398 ‹
1431 4346 1775 4417 utjudicium

1870 610 2133 664 minibus.
2169 631 2186 662 ι

1936 703 1986 755 5.
2011 702 2089 756 Ad
2118 703 2264 757 hunc
2297 718 2469 771 usque
2493 702 2638 756 diem
2661 700 3012 757 Theodoreto
3046 702 3218 756 invisa
3267 702 3434 758 fuisse

1866 810 2137 865 exosaque
2162 795 2421 865 capitula.
2465 815 2482 847 ι
2516 795 2891 864 Explodantur
2914 810 3063 849 nunc
3098 794 3316 850 tandem
3340 812 3433 851 ca-

1867 888 2057 955 pitula,
2089 904 2208 956 quae
2251 890 2448 957 srepius
2475 896 2633 943 antea
2654 886 3005 952 damnarunt,
3027 886 3230 957 Ephesi
3255 895 3436 941 autem

1868 995 2045 1049 nuper
2068 981 2462 1049 approbarunt.
2501 1000 2518 1031 l

1937 1071 1990 1123 ὅ.
2017 1070 2331 1134 Maximum,
2387 1076 2479 1140 qui
2521 1074 2731 1125 Domno
2767 1072 3098 1143 subrogatus
3129 1083 3213 1128 est
3254 1074 3309 1127 in
3353 1089 3439 1127 se-

1865 1162 1988 1216 dem
2024 1161 2419 1215 Antiochenam
2447 1202 2461 1225 ,
2516 1178 2624 1216 non
2662 1162 2831 1218 fuisse
2876 1163 3189 1219 ordinatum
3239 1164 3292 1217 in
3320 1164 3436 1233 ipsa

1867 1252 2073 1323 synodo
2111 1252 2406 1322 Ephesina,
2441 1252 2537 1307 sed
2582 1262 2705 1322 post
2752 1255 2883 1308 istas
2917 1254 3129 1308 litteras
3182 1252 3434 1322 scriptas.

1872 1363 1889 1395 ι
1930 1344 2057 1398 Post
2093 1344 2492 1399 ordinationem
2536 1360 2665 1399 sane
2724 1345 2971 1413 praesidis
2998 1344 3259 1407 Orientis,
3289 1351 3438 1412 pate-

1868 1435 1959 1488 ﬁet
1987 1450 2215 1504 prorsus
2243 1452 2400 1491 mens
2434 1444 2489 1491 et
2522 1437 2795 1491 sententia
2834 1437 3284 1505 uniuscujusque.
3314 1453 3332 1486 ›
3360 1433 3439 1489 No

1864 1527 1990 1594 quis
2016 1527 2253 1595 ρτωείάίε
2280 1528 2503 1581 nomine
2536 1528 2848 1581 sacularem
2887 1534 3210 1597 potestatem
3240 1524 3440 1578 intelli-

1864 1627 1983 1685 gat;
2012 1633 2136 1670 nam
2163 1618 2220 1672 in
2245 1616 2432 1673 Graeco
2454 1626 2559 1682 est,
2581 1618 2910 1687 χειροτονίαν
2935 1617 3026 1670 τοῦ
3043 1613 3135 1685 τῆς
3157 1613 3440 1683 Ἀνατολῆς

1867 1708 2148 1777 προέδρου.
2189 1707 2583 1762 Ordinationem
2619 1707 2785 1772 illius,
2821 1709 2910 1777 qui
2942 1708 3171 1777 primam
3212 1704 3438 1762 Orientis

1866 1798 2167 1853 cathedram
2197 1800 2435 1852 obtinuit.

1940 1890 1991 1943 5.
2030 1889 2111 1943 Ab
2142 1888 2627 1943 iisTheodoretum
2670 1888 2985 1942 damnatum
3020 1887 3088 1941 ob
3113 1886 3370 1948 haeresin,
3410 1901 3441 1940 ι

1869 1980 2071 2051 quibus
2099 1981 2229 2034 olim
2261 1978 2488 2034 mirifice
2521 1980 2861 2033 laudabatur.
2903 1996 2919 2028 ι
2952 1976 3270 2031 Laudabant
3321 1989 3442 2044 quae

1869 2086 1901 2126 a
1940 2087 2023 2127 me
2067 2070 2369 2126 Antiochiae
2420 2086 2521 2140 pro
2558 2070 2824 2125 concione
2869 2068 3214 2128 dicebantur,
3264 2074 3378 2121 tum
3408 2081 3441 2119 ο

1869 2177 2099 2217 numero
2126 2161 2354 2215 fratrum
2394 2174 2520 2213 cum
2553 2144 2758 2222 essent,
2796 2166 2913 2211 tum
2943 2158 3180 2211 lectores
3208 2155 3357 2217 facti,
3384 2164 3442 2209 οι

1868 2252 2082 2307 diaconi
2114 2251 2373 2315 ordinati,
2396 2260 2454 2305 et
2474 2250 2868 2322 presbyteri,et
2889 2247 3170 2318 episcopi;
3206 2255 3263 2301 et
3286 2245 3440 2300 ﬁnito

1868 2359 2121 2398 sermone
2150 2343 2603 2412 amplexabantur
2651 2340 3226 2408 deosculabanturque
3272 2347 3328 2393 et
3352 2352 3442 2392 ca-

1869 2445 2001 2506 put,
2059 2444 2115 2489 et
2164 2443 2375 2505 pectus,
2404 2443 2459 2489 et
2499 2449 2723 2501 manus;
2757 2433 3006 2489 nonnulli
3059 2432 3223 2487 etiam
3263 2444 3440 2501 genua

1868 2528 2182 2599 tangebant,
2209 2528 2516 2582 doctrinam
2556 2535 2799 2581 nostram
2819 2524 2843 2549 '
2873 2525 3225 2595 apostolicam
3251 2521 3440 2591 appel-

1866 2619 2042 2673 lantes
2065 2636 2077 2671 :
2103 2627 2159 2673 et
2188 2619 2327 2673 hanc
2355 2618 2517 2673 modo
2548 2617 2899 2682 damnarunt,
2928 2617 3068 2670 hanc
3094 2614 3450 2669 anathemate

1868 2708 2246 2775 conlixerunt;
2276 2717 2437 2777 atque
2462 2724 2563 2779 ego
2589 2708 2699 2773 ille,
2727 2723 2889 2778 quem
2913 2708 3097 2762 lumen
3149 2704 3437 2769 vocabant,

1868 2816 1978 2855 non
2006 2800 2247 2855 Orientis
2285 2800 2476 2866 solius,
2511 2799 2606 2855 sed
2628 2800 2780 2856 orbis
2806 2800 3073 2863 universi,
3095 2797 3441 2869 proscriptus

1870 2905 2010 2945 sum.
2041 2912 2059 2942 ι

1938 2980 1989 3034 6.
2026 2980 2382 3036 interdictum
2435 2981 2607 3037 fuisse
2662 2998 2801 3052 aqua
2839 2990 2895 3037 et
2936 2983 3081 3051 igne.
3113 3000 3131 3032 ι
3170 2981 3247 3035 Ne
3285 2979 3441 3050 panis

1868 3074 2113 3143 quidem,
2140 3082 2403 3145 quantum
2456 3076 2511 3129 in
2565 3076 2697 3144 ipsis
2740 3084 2843 3139 est,
2884 3089 3050 3129 usura
3075 3073 3273 3129 fruor:
3314 3087 3440 3127 nam

1794 3206 1834 3262 ς
1868 3174 1925 3218 et
1956 3165 2023 3219 iis
2054 3165 2148 3234 qui
2181 3180 2282 3219 nos
2307 3166 2680 3234 alloquuntur,
2713 3166 2999 3220 anathema
3032 3164 3307 3219 dixerunt.
3344 3184 3362 3216 ο

1940 3256 1990 3307 7.
2020 3253 2123 3320 Qui
2150 3255 2431 3325 Eutychen
2468 3255 2858 3309 damnaverant
2885 3253 3356 3324 ConstantinOpoli
3384 3254 3439 3310 in

1868 3344 2102 3399 concilio
2145 3345 2408 3411 Flaviani,
2460 3347 2607 3401 hunc
2656 3347 2802 3416 ipsos
2857 3346 3056 3415 Ephesi
3118 3346 3435 3401 absolvisse.

1878 3456 1895 3487 ι
1926 3434 2097 3502 Quem
2133 3437 2295 3506 paulo
2318 3447 2444 3491 ante
2482 3437 2869 3507 deposuerant,
2898 3444 2953 3491 et
2979 3436 3250 3491 Valentini
3278 3436 3441 3505 Apol-

1868 3526 2170 3595 linarisque
2204 3527 2488 3581 erroribus
2521 3526 2778 3580 infectum
2822 3524 3263 3594 pronuntiarant,
3291 3523 3440 3577 hunc

1872 3622 2130 3684 tanquam
2167 3615 2293 3670 ﬁdei
2329 3617 2593 3669 victorem
2629 3615 2901 3677 colebant,
2939 3615 3167 3683 ejusque
3208 3612 3439 3683 pedibus

1873 3706 2320 3768 advolvebantur,
2380 3715 2437 3762 et
2483 3708 2696 3762 veniam
2736 3708 3070 3776 poscebant,
3111 3716 3167 3760 et
3222 3706 3438 3761 Patrem

1875 3797 2211 3866 spiritualcm
2242 3798 2648 3865 nuncupabant,
2680 3817 2697 3847 ι
2734 3808 2839 3851 etc.

1951 3891 2075 3944 llazc
2131 3897 2276 3942 tanta
2330 3898 2547 3957 tamque
2613 3889 2911 3942 vehemens
2964 3885 3305 3958 objurgatio,
3356 3883 3444 3938 vel

1874 3997 2043 4036 unum
2111 3980 2196 4033 vel
2247 3979 2477 4034 maxime
2510 3979 2767 4033 Basilium
2822 3977 3084 4033 Seleuciae
3129 3977 3444 4046 episcopum

1874 4074 2035 4143 petit,
2084 4072 2317 4126 amicum
2346 4087 2542 4140 nempe
2574 4079 2816 4125 veterem
2854 4085 2916 4125 ac
2955 4068 3301 4130 familiarem,
3350 4066 3446 4135 qui

1878 4164 2097 4233 utrique
2124 4161 2357 4216 concilio
2398 4160 2639 4215 Flaviani
2677 4168 2734 4214 et
2759 4158 3005 4213 Dioscuri
3026 4156 3223 4220 adfuit,
3260 4154 3451 4210 ﬁdem-

1880 4270 1986 4325 que
2029 4255 2084 4308 in
2113 4253 2305 4317 Deum,
2352 4260 2407 4307 et
2443 4252 2740 4307 amicitiam
2786 4250 2843 4304 in
2878 4248 3285 4304 Theodoretum
3318 4260 3449 4316 pro-

1882 4344 2041 4409 didit,
2075 4341 2481 4399 chamaeleontis
2506 4343 2676 4396 instar
2714 4340 2950 4411 speciem
2980 4349 3351 4396 commutans.

1216 4642 1381 4713 358
1414 4650 1834 4711 ADMONITIO
1874 4651 1971 4710 AD
2007 4646 2425 4708 LECTOREM.

199 4796 268 4851 Ut
292 4796 458 4851 ﬁdem
492 4811 614 4867 pag.
646 4797 750 4851 135
785 4796 968 4851 datam
1000 4796 1313 4862 liberemus,
1350 4800 1589 4867 prolian
1623 4803 1745 4857 illas
1777 4803 2063 4874 adjicimus
2104 4799 2531 4862 observationes,
2570 4813 2707 4867 quas
2739 4796 3036 4852 Garnerius
3066 4793 3218 4863 (edit.
3250 4793 3450 4863 prioris

270 4908 329 4960 p.
366 4890 435 4944 53
476 4887 653 4959 seqq.)
684 4888 918 4959 subjecit
950 4886 1196 4958 epistolis
1226 4890 1281 4943 in
1311 4891 1567 4946 Auctario
1600 4895 1836 4963 primum
1862 4896 2039 4949 editis.
2071 4893 2177 4947 Has
2213 4890 2434 4962 quidem
2464 4890 2721 4959 epistolas
2745 4889 2993 4959 proximo
3011 4895 3131 4957 post
3152 4886 3294 4950 illas,
3316 4897 3452 4955 quas

272 4980 607 5036 Sirmondus
636 4981 746 5052 jam
775 4979 1018 5048 dederat,
1048 4984 1187 5051 loco,
1220 4982 1343 5037 vide
1372 4993 1410 5037 t.
1443 4983 1533 5049 ιν,
1568 4986 1702 5040 edit.
1736 4999 1935 5043 nostra:
1971 5004 2023 5057 p.
2058 4986 2195 5041 1279
2223 4999 2375 5053 seqq.

199 5097 218 5115 '
248 5094 498 5166 Epistola
544 5092 664 5158 148,
694 5092 1160 5168 Commonitorium
1194 5095 1379 5166 Cyrilli
1415 5097 1600 5152 datum
1638 5100 1786 5154 Posi-
1820 5105 1861 5157 υ
1894 5115 1998 5168 quc
2022 5098 2166 5153 diem
2193 5097 2400 5152 editum
2427 5109 2533 5147 non
2561 5094 2667 5149 fuit
2693 5094 2773 5145 “z
2804 5099 2898 5155 ut,
2934 5091 3205 5159 quoniam
3237 5087 3459 5143 initium

669 5163 845 5228 donio,
879 5164 1101 5220 Romam
1135 5163 1312 5219 misso.

277 5278 321 5331 l.
353 5276 628 5342 Quoniam
668 5277 915 5346 epistolae
938 5277 1298 5340 Theodoreti,
1331 5296 1469 5349 quas
1490 5279 1743 5335 addimus
1765 5321 1779 5343 ,

1885 5188 2260 5258 deditjudicio
2290 5187 2386 5240 toti
2416 5185 2683 5239 adversus
2703 5182 3011 5237 Nestorium
3037 5180 3248 5243 habito,
3277 5179 3455 5233 lucem

1888 5280 2080 5335 afferat
2101 5277 2477 5347 sequentibus,
2505 5275 2707 5343 quibus
2731 5272 2933 5342 negotii
2971 5272 3127 5341 quasi
3146 5284 3453 5339 processus,

1891 5378 1986 5422 aut
2015 5376 2162 5421 certe
2187 5367 2361 5420 series
2378 5364 2721 5419 continetur.

207 5367 491 5435 pertinent
529 5380 722 5421 omnes
744 5365 810 5419 ad
830 5381 924 5421 res
943 5366 1205 5433 Nestorii,
1222 5368 1397 5422 visum
1435 5378 1520 5424 est
1548 5370 1783 5438 praemit-

212 5456 441 5513 tendum
470 5455 661 5527 Cyrilli
693 5456 1208 5522 Commonitorium,
1241 5459 1386 5528 quod
1433 5460 1487 5512 in
1514 5459 1658 5513 hunc
1695 5476 1784 5513 us-
1966 5459 2027 5513 ll.
2084 5457 2321 5529 Cyrillus
2379 5455 2570 5509 amicis
2632 5453 2848 5507 duabus
2898 5448 3099 5503 litteris
3147 5447 3455 5501 Nestorium

1598 5621 1769 5675 SL'HL
1786 5619 1909 5673 Lle
1936 5619 2157 5674 ΝΟΤᾸΞ.

290 5760 333 5789 ’³
379 5758 497 5810 \‘itl.
541 5771 728 5825 supra,
764 5771 812 5823 ρ.
868 5754 986 5825 901.
1090 5757 1130 5783 νδ
1161 5756 1277 5807 Yid.
1329 5773 1507 5822 siqua.
1551 5765 1584 5804 ι.
1619 5755 1701 5809 l\'.
1738 5771 1788 5821 ιι.
1834 5754 1983 5808 H73.
2063 5756 2104 5783 9"
2142 5753 2212 5803 l"..\
2272 5747 2541 5799 Sirmonili
2587 5744 2806 5799 schedis
2838 5744 3044 5797 editum
3070 5749 3151 5792 est
3181 5755 3207 5789 ιι
3248 5737 3470 5790 liulutio

211 5839 246 5881 l.
304 5827 555 5883 lCoUrrt.
593 5824 737 5879 nat'a‘
766 5824 1124 5878 conriliormn.
