4228 6446
793 403 893 464 307
1920 400 2294 459 GARNERU
2339 400 2435 457 DIE

2465 400 2833 459 SERTATIO
2872 402 2953 460 Il.
3945 400 4050 466 303

795 517 1045 569 hortatus
1072 512 1253 566 fuerat
1287 521 1347 565 ut
1376 527 1619 566 errorem
1660 511 1999 581 corrigeret,
2031 521 2085 566 et
2129 512 2372 565 coneita—
2399 518 2443 572 Α
2546 513 2680 567 Vlll.
2713 513 3006 569 Caelestius
3028 512 3118 568 ille
3144 513 3382 568 Nestorii
3402 513 3746 580 administer,
3768 532 3880 570 non
3909 518 4051 572 alter

797 618 876 660 tas
913 606 1028 660 suis
1057 604 1418 659 coneionibus
1472 604 1659 657 turbas
1700 602 1956 658 sedaret:
1991 603 2240 673 utrisque
2281 619 2370 656 re-

792 697 1090 766 sponderat
1120 698 1210 751 ille
1243 696 1488 765 quidem,
1520 696 1612 750 sed
1642 696 1834 765 primis
1859 696 2239 765 contemptim,
2281 710 2369 749 se-

794 791 986 844 cundis
1035 789 1451 843 contumaciter.
1498 788 1733 859 Cyrillus
1790 788 1983 842 videns
2044 802 2268 857 operam
2313 804 2370 841 se

795 880 1046 949 perdere,
1078 879 1412 934 monendum
1443 879 1678 933 credidit
1717 894 1995 933 summum
2029 876 2366 947 pontificem,

795 980 852 1023 ut
878 972 1172 1040 apostolica
1212 972 1539 1025 auctoritate
1567 979 1848 1024 coerceret
1879 984 2033 1023 nova:
2063 969 2249 1023 Romae
2274 984 2371 1021 an-

796 1061 1055 1127 tistitem;
1087 1078 1258 1131 quare
1288 1062 1681 1115 misitRomam
1716 1060 1783 1114 ad
1814 1069 2067 1115 sanctum
2112 1060 2366 1117 Caelesti-

792 1170 923 1209 num
964 1155 1342 1222 Posidonium,
1380 1156 1472 1224 qui
1507 1155 1812 1209 remedium
1857 1155 2041 1210 alferri
2075 1156 2217 1209 malo
2243 1170 2367 1225 pro-

792 1264 804 1295 ι
829 1256 1031 1301 uraret.
1061 1248 1192 1302 Erat
1213 1249 1305 1301 ille
1329 1246 1711 1301 Alexandrina:
1739 1248 1999 1301 Ecclesia:
2029 1247 2369 1301 archidiaco-

792 1353 915 1399 nus,
946 1338 1030 1390 vir
1062 1339 1308 1409 apprime
1357 1340 1690 1401 catholicus,
1727 1348 1782 1393 et
1829 1339 1883 1391 in
1918 1339 2087 1393 rebus
2112 1340 2367 1409 gerendis

792 1428 1095 1484 industrius
1117 1446 1180 1485 ac
1222 1442 1498 1485 strenuus.
1532 1432 1629 1484 llic
1658 1438 1845 1498 postea
1875 1431 2162 1501 presbyter
2190 1430 2367 1484 factus

792 1522 991 1576 missus
1034 1532 1117 1578 est
1162 1540 1348 1578 rursus
1379 1524 1606 1578 Romam
1636 1540 1664 1577 a
1698 1524 1960 1577 Dioscoro
1992 1539 2185 1578 recens
2222 1524 2369 1577 ordi-

790 1620 940 1676 nato,
970 1623 1031 1666 ut
1053 1613 1121 1667 de
1144 1614 1491 1668 ordinatione
1526 1625 1773 1669 sanctum
1808 1614 2047 1667 Leonem
2072 1615 2364 1670 certiorem

788 1702 997 1757 faceret
1018 1704 1063 1736 ⁹⁷
1095 1722 1108 1757 :
1144 1706 1343 1760 missus
1371 1716 1474 1769 est,
1502 1707 1747 1774 inquam,
1778 1721 1922 1759 anno
1942 1707 2064 1760 444.

860 1793 950 1847 lll.
988 1794 1225 1849 Abeunti
1268 1796 1501 1865 Cyrillus
1530 1794 2022 1850 Commonitorium
2052 1796 2224 1860 dedit,
2252 1812 2363 1866 quo

2474 602 2577 656 fuit
2614 605 2816 672 procul
2842 603 3031 667 dubio,
3073 619 3236 673 quam
3283 604 3485 673 Pelagii
3540 605 3745 670 socius,
3789 606 3898 659 dux
3955 618 4053 660 aut

2475 696 2724 748 incentor
2756 695 3144 764 episcoporum
3175 695 3560 765 Pelagianismi
3591 710 3756 750 causa
3789 713 3853 751 ex
3892 698 4051 752 ltaiia

2472 787 2722 840 exsulum
2749 802 2761 839 :
2788 786 3032 840 nondum
3068 786 3203 840 urbe
3250 787 3394 855 regia
3433 794 3564 840 tunc
3625 790 3892 856 temporis
3934 790 4052 859 eje-

2471 890 2594 932 ctus
2621 888 2740 932 erat
2770 894 2893 932 cum
2922 878 3161 941 Juliano,
3194 877 3464 941 Persidio,
3509 878 3691 942 Floro,
3735 877 3965 935 Orentio
3994 892 4054 935 et

2475 970 2813 1025 Marcellino.
2860 970 2965 1024 Sed
3015 956 3187 1040 gratia
3235 970 3475 1040 pollebat
3508 972 3653 1040 apud
3706 971 4049 1038 Nestorium,

2469 1062 2674 1132 quippe
2699 1062 2793 1131 qui
2846 1063 3078 1116 sentiret
3128 1062 3271 1116 idem
3322 1078 3446 1116 cum
3479 1064 3615 1133 ipso,
3653 1066 3903 1134 quamvis
3934 1082 4048 1121 non

2469 1153 2718 1208 eamdem
2776 1152 2849 1207 ob
2900 1168 3141 1218 causam,
3171 1153 3239 1207 de
3290 1152 3495 1208 Christi
3543 1164 3757 1209 matre:
3811 1166 4052 1227 uterque

2468 1247 2613 1300 enim
2664 1246 2953 1315 Deiparam
2982 1260 3109 1299 vere
3133 1261 3255 1300 esse
3286 1244 3657 1313 diﬂitebatur;
3703 1248 3798 1301 sed
3848 1249 4054 1302 Nesto-

2469 1337 2604 1401 rius,
2652 1338 2780 1405 quia
2834 1337 3114 1391 Christum
3168 1352 3280 1390 non
3338 1337 3601 1392 credebat
3658 1354 3787 1393 vere
3837 1340 4051 1404 Deum;

2467 1428 2778 1491 leestius,
2814 1428 3097 1498 quoniam,
3144 1428 3246 1483 etsi
3285 1428 3567 1483 Christum
3601 1429 3865 1485 fateretur
3919 1447 4053 1485 vere

2468 1522 2658 1587 Deum,
2700 1537 2765 1576 ex
2811 1523 3022 1576 meritis
3053 1529 3256 1587 tamen,
3298 1537 3425 1575 eum
3457 1522 3806 1588 adolevisset,
3837 1540 3950 1577 non
3982 1540 4054 1578 ex

2467 1624 2612 1677 ortu,
2666 1628 2791 1668 cum
2826 1615 3065 1682 primum
3120 1611 3389 1667 formatus
3419 1620 3524 1677 est,
3564 1613 3911 1668 divinitatem
3962 1630 4057 1668 ae-

2467 1706 2674 1775 cepisse
2703 1704 3091 1759 contendebat.
3123 1704 3599 1775 Constantinopoli
3644 1722 3811 1776 porro
3862 1708 4052 1777 inipu-

2467 1814 2561 1852 rus
2581 1796 2870 1851 eunuchus
2907 1796 2958 1850 id
2985 1796 3203 1866 agebat,
3234 1796 3380 1865 quod
3407 1797 3613 1866 ubique
3651 1798 3881 1864 solitus;
3908 1816 4053 1869 quos

787 1882 1026 1939 Nestorii
1068 1885 1223 1952 ﬁdes,
1256 1886 1500 1941 breviter
1525 1887 1769 1956 quidem,
1804 1888 1899 1941 sed
1942 1888 2087 1943 clare
2135 1889 2361 1958 exponi-
2396 1868 2435 1927 Β
2467 1904 2663 1958 nempe
2724 1887 3010 1957 originalis
3061 1888 3269 1955 peccati
3326 1886 3652 1942 defensores
3698 1890 3903 1954 sciret,
3936 1868 4053 1945 eos

791 1984 883 2030 tur
918 1995 929 2029 :
962 1977 1115 2032 dedit
1156 1989 1213 2033 et
1246 1990 1423 2034 tomos
1455 1981 1700 2049 quinque
1736 1980 2001 2035 adversus
2044 1981 2363 2036 Nestorium

790 2080 820 2121 ι
844 2082 902 2122 se
943 2070 1293 2140 compositos,
1335 2072 1427 2124 ubi
1479 2071 1832 2139 blasphemi-.2
1863 2074 2189 2127 concionum
2218 2072 2364 2127 Con-

789 2159 1142 2230 stantinopoli
1164 2161 1494 2225 habitarum,
1523 2170 1579 2215 et
1614 2162 1841 2214 Romam
1864 2162 1931 2214 ab
1954 2162 2226 2217 Antiocho
2247 2162 2364 2216 viro

788 2248 986 2304 illustri
1019 2251 1343 2315 delatarum,
1372 2252 1687 2306 referuntur
1714 2262 1771 2306 et
1791 2252 2169 2310 confutantur.

855 2340 943 2395 lV.
988 2342 1183 2396 Datum
1238 2353 1321 2398 est
1357 2343 1854 2397 Commonitorium
1899 2358 2087 2398 mense
2145 2344 2359 2414 Aprili,

788 2448 932 2487 annuo
970 2434 1091 2499 450,
1136 2436 1290 2505 cujus
1332 2436 1458 2489 anni
1490 2436 1524 2488 5
1554 2435 1679 2489 ldus
1712 2437 1939 2505 Augusti
1971 2437 2365 2507 consignantur

790 2526 1006 2591 litterae,
1057 2527 1259 2596 quibus
1308 2527 1637 2582 Coelestinus
1679 2528 1905 2598 Cyrillo,
1951 2537 2076 2597 post
2110 2538 2362 2584 coactum

789 2620 974 2674 Roma
1005 2621 1300 2674 concilium
1333 2628 1389 2674 et
1436 2635 1658 2675 causam
1687 2621 1923 2675 Nestorii
1958 2622 2061 2676 rite
2089 2623 2361 2692 cognitam

786 2717 949 2781 atque
978 2711 1300 2782 judicatam,
1330 2712 1647 2782 respondet.

856 2805 919 2861 V.
947 2805 1088 2873 Quin
1126 2806 1394 2875 scriptum
1448 2805 1596 2859 istud
1642 2820 1834 2859 verum
1885 2806 1975 2868 sit,
2038 2814 2095 2861 et
2135 2807 2362 2860 minime

786 2907 1122 2968 suspectum,
1148 2899 1332 2951 nullus
1357 2897 1615 2968 equidem
1640 2898 1832 2952 dubito
1862 2916 1873 2949 :
1904 2899 2165 2952 convenit
2189 2899 2359 2963 enim,

785 2991 963 3059 primo
1008 3004 1132 3044 cum
1167 2988 1395 3043 historia
1441 2997 1748 3057 temporum
1800 2987 2118 3057 negotiique
2162 2988 2357 3043 Nesto-

787 3084 925 3137 riani
968 3084 1242 3153 adjunctis
1266 3101 1277 3135 :
1302 3081 1502 3135 deinde
1537 3095 1659 3133 eum
1697 3080 1883 3150 Cyrilli
1916 3081 2185 3145 moribus,
2212 3082 2359 3135 soliti

785 3174 901 3227 suis
936 3171 1373 3226 eommonitoriis
1406 3170 1636 3235 docere;
1674 3170 1753 3225 sic
1806 3170 2192 3237 apocrisiarios
2220 3171 2361 3226 Con-
2391 3206 2435 3268 Ο

786 3266 1137 3335 stantinopoli
1166 3265 1516 3327 dissidentes,
1550 3264 1631 3317 sic
1661 3264 1949 3334 Eulogium
1982 3266 2183 3319 ibidem
2214 3282 2360 3320 com-

786 3366 1090 3411 merantem
1120 3356 1348 3411 docuit:
1384 3364 1571 3425 postea
1608 3372 1731 3410 cum
1785 3356 2036 3410 doctrina
2076 3357 2240 3427 359
2262 3358 2362 3427 Cy-

788 3448 915 3511 rilli,
959 3448 1172 3510 eadem,
1230 3462 1352 3516 qua:
1397 3446 1487 3501 hic
1515 3456 1796 3510 notantur,
1835 3448 2011 3516 capita
2046 3448 2360 3501 Nestoriani

785 3539 991 3592 erroris
1035 3538 1089 3591 in
1132 3539 1295 3592 tomis
1321 3538 1600 3607 arguentis
1658 3556 1669 3590 :
1701 3538 1939 3607 denique
1970 3554 2093 3591 cum
2131 3538 2362 3607 epistola

786 3630 1024 3684 secunda
1050 3629 1286 3683 Nestorii
1311 3628 1377 3681 ad
1401 3627 1687 3699 Cyrillum,
1719 3630 1814 3681 ubi
1851 3644 2034 3683 sermo
2068 3629 2126 3683 ﬁt
2148 3631 2216 3684 de
2248 3631 2360 3684 cle-

791 3722 921 3776 ricis
944 3719 1335 3774 Manichreismi
1365 3720 1419 3773 in
1449 3731 1724 3773 conventu
1754 3720 2048 3775 damnatis.

856 3812 943 3866 Vl.
974 3811 1137 3865 Exeo
1180 3812 1412 3879 plurima
1468 3810 1850 3881 intelliguntur
1896 3813 2049 3866 utilia
2082 3813 2150 3866 ad
2185 3813 2361 3867 histo-

788 3903 959 3958 riam:
990 3903 1049 3957 ῆι
1078 3904 1224 3957 enim
1254 3904 1459 3957 mentio
1482 3903 1717 3972 Philippi
1750 3905 2080 3975 presbyteri,
2112 3905 2205 3974 qui
2258 3906 2363 3959 Ne-

788 3996 1017 4052 storium
1042 3996 1239 4067 arguit,
1266 3994 1507 4049 leestii
1535 4011 1563 4048 a
1626 3995 1885 4049 Nestorio
1949 3998 2256 4061 subornati,
2293 3998 2358 4051 ad

789 4086 1182 4157 imponendum
1230 4087 1485 4156 Philippo
1527 4088 1760 4152 crimen,
1814 4089 1987 4142 habiti
2045 4105 2075 4143 a
2106 4089 2360 4143 Nestorio

789 4197 1098 4245 consessus,
1134 4190 1190 4235 et
1220 4181 1508 4234 sententize
1534 4181 1588 4234 in
1626 4182 1940 4251 Philippum
1984 4182 2166 4245 dieue,
2192 4193 2360 4237 acto-

790 4286 1025 4334 morum,
1056 4270 1123 4325 de
1157 4269 1359 4339 quibus
1380 4269 1653 4339 sigillatim
1691 4270 1896 4337 aliquid
1914 4285 2093 4339 operae
2122 4271 2359 4340 pretium

788 4372 875 4418 est
904 4364 1217 4417 observare.

858 4455 968 4509 γη.
1032 4454 1320 4522 Philippus
1368 4454 1457 4507 ille
1511 4454 1796 4524 presby1er
1837 4454 2016 4524 magni
2072 4455 2178 4508 fuit
2224 4457 2357 4510 olim

2468 1980 2768 2051 impietatis
2799 1979 3109 2033 Maniehzeae
3142 1980 3453 2034 acc'usabat.

2534 2070 2624 2125 IX.
2646 2069 2952 2125 Consessus
2972 2069 3085 2123 sive
3109 2069 3427 2139 synedrion,
3460 2086 3570 2139 quo
3601 2070 3669 2124 de
3702 2070 3903 2141 agitur,
3957 2070 4051 2125 illa

2469 2162 2582 2231 ipsa
2608 2168 2691 2215 est
2720 2160 2983 2231 synodus,
3026 2174 3191 2229 quam
3231 2159 3519 2214 Nestorius
3563 2171 3807 2216 sanctam
3863 2172 4051 2226 vocat,

2467 2254 2520 2307 in
2545 2252 2805 2307 secundis
2834 2252 3038 2306 litteris
3071 2251 3138 2305 ad
3177 2250 3463 2323 Cyrillum.
3491 2252 3626 2307 Vide
3645 2254 3915 2323 prolixam
3955 2270 4055 2309 su-

2464 2361 2562 2415 per
2587 2361 2651 2399 ca
2675 2361 2734 2399 re
2764 2344 3175 2399 annotationem
3212 2352 3455 2397 nostram
3503 2345 3570 2398 ad
3602 2345 3815 2400 litteras
3852 2345 4057 2401 Nesto-

2468 2435 2618 2501 torii,
2651 2444 2807 2505 parte
2863 2452 2897 2489 n
2961 2434 3199 2504 Operum
3239 2434 3393 2490 Marii
3434 2435 3781 2503 Mercatoris,
3817 2453 3943 2508 pag.
3981 2439 4055 2493 62

2464 2535 2519 2580 et
2558 2542 2710 2597 seqq.

2536 2620 2601 2674 X.
2640 2620 2714 2675 De
2771 2620 3043 2675 sententia
3094 2635 3262 2690 porro
3315 2620 3370 2674 in
3419 2621 3754 2691 Philippum,
3799 2622 4054 2692 aliosque

2462 2710 2666 2782 Cyrillo
2714 2710 2966 2765 addictos
3014 2710 3270 2774 clericos,
3306 2711 3663 2781 intelligenda
3714 2720 3845 2766 sunt
3872 2716 4054 2769 verba

2466 2803 2569 2857 ista
2599 2802 2863 2865 Nestorii,
2895 2803 2949 2856 in
3000 2802 3207 2857 litteris
3252 2818 3389 2872 quas
3412 2803 3523 2856 dixi
3548 2821 3559 2857 :
3587 2805 3827 2857 Γίνωσκε
3867 2805 3924 2857 δὲ
3952 2824 4056 2858 πε-

2464 2895 2808 2965 πλανημένον
2850 2895 3045 2947 σαυτὸν
3078 2894 3181 2947 ὑπὸ
3215 2894 3321 2947 τῶν
3372 2895 3472 2965 τῆς
3535 2896 3635 2966 σῆς
3691 2897 3819 2960 ἴσως
3878 2897 4056 2951 διαοέ-

2466 3004 2600 3050 σεως
2626 2987 2924 3058 κληρικῶν,
2949 2986 3053 3040 ὑπὸ
3084 2986 3192 3039 τῶν
3209 2987 3438 3039 ἐνταῦθα
3462 2988 3569 3042 ἀπὸ
3602 2992 3699 3058 τῆς
3727 2989 3888 3056 ἁγὶας
3917 3008 4053 3042 συν-

2461 3079 2579 3132 όδου
2615 3080 3051 3151 διατηρημένων,
3084 3080 3159 3143 ὡς
3181 3079 3249 3132 τὰ
3275 3081 3592 3151 Μανιχαίων
3616 3082 3983 3152 φρονούντων.

2538 3172 2626 3225 XI.
2675 3172 2733 3226 In
2776 3172 2967 3227 eadem
3006 3172 3215 3243 synodo
3261 3174 3505 3227 sancitus
3560 3183 3646 3228 est
3692 3190 3869 3229 canon
3932 3176 4050 3242 ille,

2467 3279 2576 3332 quo
2606 3263 2893 3317 dicebatur
2924 3264 3214 3318 anathema
3238 3264 3310 3328 ei,
3344 3265 3437 3335 qui
3470 3264 3765 3320 afﬁrmaret
3798 3268 4048 3322 animam

2461 3356 2590 3408 Adw
2625 3356 2679 3406 in
2699 3363 2910 3424 peccato
2945 3370 3053 3407 esse
3093 3365 3382 3419 mortuam,
3428 3372 3543 3408 cum
3568 3356 3811 3411 diabolus
3852 3360 3907 3411 in
3951 3377 4047 3413 cor

2464 3448 2694 3501 hominis
2722 3463 2824 3499 non
2856 3447 3214 3516 ingrediatur.
3273 3446 3435 3517 360
3464 3446 3599 3501 Vide
3629 3447 3831 3502 ibidem
3876 3459 4053 3506 totam

2464 3537 2628 3605 hujus
2689 3528 2915 3590 canonis
2947 3535 3257 3600 historiam,
3312 3538 3427 3591 suis
3458 3554 3489 3592 e
3534 3539 3777 3593 tenebris
3823 3550 4049 3595 erutam

2462 3628 2727 3681 adversus
2747 3626 3066 3696 popularem
3106 3641 3373 3680 errorem.

2530 3719 2645 3772 XII.
2675 3718 2833 3772 Tomi
2861 3717 3100 3787 denique
3130 3718 3343 3787 ἔχοντες
3365 3717 3433 3770 τὰ
3460 3719 3727 3788 κεφάλαια
3749 3720 3857 3773 τῶν
3883 3720 4054 3790 βλασ-

2462 3811 2681 3882 φημιῶν
2738 3810 3056 3881 Νεστορέου.
3121 3820 3249 3865 sunt
3303 3811 3357 3865 id
3418 3813 3617 3881 ipsum,
3686 3816 3833 3884 quod
3891 3817 4040 3870 κατὰ

2464 3902 2571 3956 τῶν
2641 3902 2937 3973 Νεστορεου
3005 3901 3330 3971 δυσφημιῶν
3414 3904 3769 3967 πεντάϐιὸλος
3848 3909 4049 3979 ἀντίρσ

2466 3994 2641 4062 ρησις.
2680 3991 2879 4045 Totum
2910 3991 3057 4045 enim
3105 3991 3210 4045 hoc
3236 4007 3375 4062 Opus
3406 4008 3436 4047 a
3457 3992 3658 4066 Cyrillo
3703 3996 3943 4051 divisum
3966 4008 4055 4053 est

2464 4082 2531 4139 in.
2552 4084 2796 4152 quinque
2840 4082 3032 4147 libros,
3063 4097 3203 4152 quos
3239 4083 3470 4153 ipsemet
3491 4086 3772 4156 inscripsit
3799 4088 4044 4158 Τόμους,

2464 4174 2548 4228 Fit
2601 4174 2847 4245 ejusdem
2902 4174 3086 4242 operis
3125 4174 3333 4229 mentio
3385 4176 3438 4229 in
3493 4180 3921 4234 commonitorio
3977 4181 4049 4235 ad

2466 4265 2793 4337 Eulogium:
2829 4266 3063 4319 alterum
3114 4266 3259 4319 enim
3316 4266 3419 4321 fuit
3462 4282 3714 4338 operum,
3768 4287 3894 4340 qua:
3940 4273 4052 4328 sibi

2464 4356 2796 4426 Praepositus
2822 4357 2908 4410 vir
2941 4356 3521 4428 magniﬁcentissimus
3560 4361 3677 4416 dari
3727 4365 4053 4432 postulave-

2464 4458 2547 4502 rat
2574 4466 2586 4501 :
2634 4448 2691 4500 ἒν
2716 4449 2813 4517 μὲν
2841 4448 2980 4501 κατὰ
3003 4449 3110 4501 τῶν
3125 4450 3421 4522 Νεστορίου
3457 4451 3802 4522 δυσφημιῶν.
3832 4456 3923 4510 Fit
3950 4474 4052 4526 pa-

790 4546 1028 4599 nominis
1070 4544 1125 4597 in
1162 4545 1403 4597 Ecclesia
1444 4543 2071 4612 Constantinopolitana.
2120 4545 2360 4617 Chryso-
2399 4554 2442 4608 1)
2470 4543 2603 4595 riter
2628 4541 2682 4595 in
2716 4542 2949 4611 epistola
2986 4542 3053 4596 ad
3077 4542 3339 4599 Acacium
3386 4546 3725 4612 Melitenum,
3758 4551 3851 4605 ubi
3880 4554 4055 4608 refert

788 4635 949 4689 stomi
972 4635 1193 4687 hortatu
1221 4634 1440 4702 scripsit
1470 4633 1761 4687 Historiam
1797 4633 2181 4701 Christianam,
2231 4653 2357 4691 cum

786 4723 967 4777 adhuc
995 4731 1142 4777 esset
1168 4721 1468 4785 diaconus;
1506 4721 1799 4791 presbyter
1824 4722 2000 4777 factus
2030 4735 2113 4777 est
2142 4726 2210 4779 ab
2258 4728 2354 4780 At-

787 4816 918 4877 tico,
957 4828 1067 4882 quo
1108 4828 1139 4867 e
1195 4804 1336 4867 vivis
1391 4822 1667 4882 exempto,
1720 4814 1787 4867 de
1838 4814 1967 4870 sede
2003 4818 2356 4884 patriarchali

786 4902 1089 4967 contendit,
1126 4903 1221 4957 sed
1250 4902 1472 4968 frustra,
1492 4918 1616 4957 cum
1641 4903 1917 4959 Sisinnio:
1946 4922 2055 4975 quo
2076 4907 2356 4975 defuncto,

786 5012 982 5049 rursus
1009 4996 1161 5048 venit
1212 4996 1268 5048 in
1311 4997 1721 5050 contentionem
1783 5013 1908 5051 cum
1962 5000 2179 5065 Proelo,
2237 5018 2359 5071 quae

786 5102 951 5141 causa
974 5086 1097 5148 fuit,
1123 5101 1213 5152 ne,
1251 5086 1425 5140 scisso
1466 5086 1522 5139 in
1555 5097 1738 5157 partes
1778 5090 1949 5153 clero,
1994 5090 2360 5147 ’Theodosius

787 5186 1042 5232 evocaret
1076 5178 1365 5232 Antiochia
1396 5178 1744 5232 Nestorium:
1777 5181 1955 5247 arguit
1986 5190 2041 5234 et
2070 5183 2186 5250 ipse
2217 5182 2360 5238 inter

787 5268 993 5338 primos
1014 5269 1349 5333 Nestorium,
1371 5278 1428 5324 et
1464 5269 1533 5322 ab
1565 5269 1706 5338 ipso,
1746 5279 1867 5337 post
1896 5269 2218 5337 patefactam
2250 5276 2359 5324 hze-

791 5361 958 5424 resin,
989 5361 1384 5415 discessionem
1427 5360 1587 5426 fecit;
1648 5360 1792 5413 unde
1849 5364 2205 5417 exacerbatus
2249 5363 2358 5417 Ne-

789 5454 993 5508 storius
1030 5455 1357 5508 calumniam
1386 5454 1487 5523 ipsi
1512 5470 1542 5507 a
1576 5453 1834 5508 leestio
1894 5454 2053 5515 strui,
2094 5455 2355 5524 litemque

796 5544 847 5597 in
874 5560 968 5596 sua
1000 5543 1207 5613 synodo
1262 5544 1471 5596 intendi
1504 5545 1841 5613 procuravit,
1884 5544 1995 5597 imo
2030 5553 2085 5599 et
2134 5545 2359 5600 insaniae

792 5633 1096 5688 Maniclncte
1120 5644 1432 5689 accusatum
1460 5636 1691 5704 maligne
1722 5636 2016 5689 damnavit.

2467 4634 2705 4705 Cyrillus
2752 4633 3100 4690 conditiones
3154 4636 3327 4704 pacis,
3377 4637 3447 4690 ab
3498 4637 3871 4695 Orientalibus
3918 4659 4054 4713 pro-

2468 4726 2691 4795 positas.
2725 4724 2953 4776 Ἤθελον
3000 4724 3106 4795 γὰρ
3159 4726 3400 4797 ἀργῆσαι
3465 4729 3565 4798 μὲν
3627 4730 3928 4800 σύμπαντα
3984 4736 4053 4788 τὰ

2469 4816 2600 4887 παρ’
2630 4815 2765 4885 ἐμοῦ
2800 4816 3080 4885 γραφέντα
3112 4814 3167 4869 ἓν
3203 4834 3261 4869 τε
3309 4818 3638 4882 ἐπιστολαῖς,
3689 4822 3781 4873 καὶ
3832 4824 4051 4892 τόμοις,

2468 4909 2561 4963 καὶ
2595 4907 2837 4977 βιϐλίοις.
2867 4908 2943 4961 De
2967 4907 3214 4976 epistolis
3244 4909 3419 4963 tribus
3445 4918 3541 4963 aut
3560 4920 3796 4979 quatuor
3818 4912 4054 4984 dogma-

2470 5000 2595 5054 ticis
2616 4999 2879 5068 loquitur,
2909 4998 2976 5052 de
3004 4997 3169 5052 tomis
3195 4999 3441 5068 quinque
3485 5000 3749 5055 adversus
3792 5003 4058 5073 blasphe-

2466 5092 2624 5153 mias,
2650 5103 2707 5146 et
2735 5090 2803 5144 de
2843 5089 3087 5144 seholiis.
3118 5091 3247 5144 Haec
3285 5090 3434 5145 enim
3475 5092 3661 5145 omnia
3713 5103 3909 5148 contra
3938 5096 4054 5150 Ne-

2467 5183 2697 5237 storium
2727 5182 2938 5235 directo
2976 5182 3123 5235 edita
3161 5190 3309 5235 sunt.

2536 5272 2677 5326 Xlll.
2702 5273 2821 5326 Non
2846 5273 3039 5343 ignoro
3083 5281 3355 5326 tomorum
3386 5288 3583 5329 nomen
3618 5290 3737 5329 esse
3765 5280 4049 5345 generale,

2466 5376 2521 5419 et
2558 5365 2855 5435 aliquando
2871 5366 3001 5434 poni
3030 5380 3130 5435 pro
3151 5364 3435 5419 codicibus
3459 5382 3472 5417 :
3520 5366 3599 5420 sic
3625 5366 3933 5421 adhibitum
3964 5384 4055 5423 est

2466 5458 2534 5511 ab
2570 5458 2786 5512 Andrea
2809 5457 3185 5519 Samosateno,
3222 5457 3276 5510 in
3299 5457 3607 5527 objectione
3636 5459 3701 5512 ad
3733 5460 3965 5513 tertium
3992 5470 4054 5515 et

2465 5559 2721 5617 quartum
2781 5547 3321 5611 anathematismum,
3364 5548 3429 5601 ad
3456 5547 3867 5617 significandam
3921 5550 4053 5618 epi-

2467 5640 2659 5693 stolam
2714 5637 2898 5709 Cyrilli
2937 5639 3002 5693 ad
3026 5638 3351 5693 monachos
3392 5637 3629 5710 Egypti,
3663 5648 3719 5693 et
3754 5638 4049 5696 homiliam

2127 5768 2435 5824 SCIIULZII
2477 5768 2706 5822 ΝΗΤιΕ.

858 5847 897 5873 ιτ
929 5836 1043 5888 \tal.
1081 5837 1243 5891 Lemn.
1278 5840 1434 5907 epist.
1476 5838 1560 5891 48.
