4228 6446
199 376 309 443 309

1408 390 1503 450 DE
1545 391 1797 450 LIBRIS
1835 392 2334 455 'I‘lIEODORETl.

3353 403 3459 469 3i!)

200 496 528 553 Paschalem
564 497 647 551 l8.
680 496 788 553 Sed
821 496 1061 569 Cyrillus
1099 499 1153 553 in
1198 500 1557 568 responsione
1607 502 1777 555 absti-
1814 509 1850 556 Α
1881 502 1972 570 jus
2004 505 2249 567 nomine,
2280 521 2519 574 quorum
2545 507 2795 562 consilio.
2850 510 3084 565 Dubium
3131 513 3278 567 istud
3331 531 3456 572 sex-

201 589 381 647 nuita
420 590 648 644 nomine
688 598 987 656 tomorum,
1033 593 1404 663 epistolasque
1460 594 1619 657 dixit,
1652 610 1789 663 quas

199 680 460 735 Andreas
498 683 515 698 ⁶
563 690 737 735 tomos
766 682 1111 751 appellasset.
1149 684 1355 739 Deinde
1397 693 1630 754 utroque
1668 686 1787 739 loco

198 770 656 842 citatoCyrillus,
684 775 967 828 mentione
1006 773 1151 828 facta
1204 783 1498 840 tomorum,
1560 791 1656 831 eos
1703 778 1785 829 vel

197 863 271 917 ab
299 863 553 933 epistolis
578 864 849 929 distinxit,
875 866 959 920 vel
986 865 1179 921 eodem
1234 867 1457 922 nomine
1485 866 1782 937 inscripsit,

190 970 313 1024 quo
346 956 817 1011 contradictiones
839 956 979 1009 κατὰ
999 956 1105 1011 τῶν
1132 959 1426 1029 Νεστορὶου
1446 959 1783 1029 δυσφημιῶν.

269 1047 421 1102 XIV.
463 1049 542 1103 Ex
560 1049 647 1103 bis
671 1048 1027 1104 innotescunt
1052 1066 1160 1106 non
1186 1067 1381 1121 pauca,
1408 1068 1530 1121 qua:
1562 1051 1789 1106 fuerunt

195 1139 478 1194 hactenus
517 1142 602 1194 vel
633 1141 817 1210 ignota
838 1141 923 1194 vel
956 1141 1210 1197 obscura.
1238 1144 1287 1197 l.
1320 1142 1628 1197 Adhaesisse
1653 1141 1785 1196 Plii-

192 1233 415 1302 lippum
444 1231 652 1303 Cyrillo
679 1248 807 1288 cum
851 1234 1071 1289 clericis
1124 1235 1268 1301 aliis,
1321 1250 1462 1305 quos
1500 1234 1788 1289 Nestorius

190 1322 470 1394 Cyrillum
499 1323 788 1393 alloquens
819 1326 1101 1395 vocatrﬁ;
1155 1326 1253 1395 σῆς
1310 1325 1601 1391 διαθέσεως
1648 1326 1785 1396 κλη-

195 1415 416 1484 ρικούς.
445 1416 500 1469 2.
526 1416 841 1486 Philippum
890 1418 1136 1487 arguisse
1184 1418 1495 1473 Nestorium
1528 1419 1785 1473 haeretica

192 1506 521 1573 docentem,
552 1508 860 1579 ducemque
883 1509 1052 1566 fuisse
1067 1510 1423 1565 discessionis
1448 1511 1596 1565 illius
1624 1511 1786 1565 cleri-

190 1614 393 1652 corum
416 1599 683 1655 Ecclesiae
703 1599 1326 1671 Constantinopolitame
1341 1618 1371 1656 a
1392 1618 1491 1657 suo
1506 1602 1783 1672 episcopo,

190 1702 362 1754 quam
398 1688 659 1742 meminit
689 1687 930 1759 Cyrillus
975 1689 1045 1743 ad
1098 1688 1461 1745 Caelestinum
1512 1691 1782 1755 scribens,

190 1778 649 1848 Ctelestinusque
670 1780 724 1834 in
762 1780 965 1836 litteris
982 1780 1050 1835 ad
1068 1782 1300 1837 clericos
1318 1782 1783 1854 Constantinopo-

1895 602 2029 656 tum,
2065 610 2132 648 an
2161 611 2189 648 a
2221 597 2570 653 ’l‘heodoreto
2610 602 2913 669 composita
2947 602 3017 656 sit
3076 603 3304 660 Joannis
3353 623 3456 662 no-

1892 684 2058 747 mine,
2111 684 2255 755 quod
2307 688 2503 758 opinor
2532 690 2597 755 ";
2650 706 2720 744 an
2768 706 2797 745 a
2853 690 3062 746 Joanne
3124 694 3455 752 Theodoreti

1889 775 2136 837 consilio,
2167 775 2314 845 quod
2348 777 2511 847 vulgo
2529 778 2750 834 dicitur.

1960 864 2024 918 ll.
2056 864 2271 936 Scripta
2300 875 2384 922 est
2412 868 2602 936 procul
2632 870 2821 934 dubio,
2878 879 3167 941 postquam
3226 876 3453 931 Posido-

1889 955 2015 1010 nius
2064 956 2319 1012 Ecclesia:
2381 958 2761 1014 Alexandrinze
2809 962 3112 1028 diaconus,
3144 965 3346 1031 ,Roma
3398 967 3454 1021 in

1887 1046 2177 1119 Egyptum
2210 1050 2401 1114 redux,
2429 1051 2644 1106 litteras
2672 1059 2785 1107 tres
2825 1068 2855 1106 a
2887 1064 3080 1110 sancto
3130 1056 3477 1121 leestino,.

1888 1138 1921 1193 3
1944 1140 2071 1194 Idus
2106 1141 2337 1209 Augusti
2366 1140 2520 1197 datas
2548 1143 2823 1197 reddidit:
2863 1143 3068 1216 Cyrillo
3111 1147 3457 1203 Alexandria:

1889 1243 2055 1295 unas;
2107 1230 2336 1295 alteras,
2386 1232 2663 1301 profectus
2695 1234 2752 1289 in
2790 1234 3129 1291 Palaestinam
3169 1246 3226 1294 et
3263 1238 3460 1295 Orien-

1888 1329 2018 1386 tem,
2055 1322 2307 1378 Juvenali
2358 1323 2876 1396 Hierosolymitano,
2924 1338 2979 1384 et
3025 1328 3221 1386 Joanni
3260 1332 3455 1387 Antio-

1887 1413 2084 1467 cheno.
2110 1414 2247 1469 Cum
2276 1430 2408 1485 ergo
2433 1416 2551 1471 haec
2590 1416 2817 1487 epistola
2865 1428 2990 1489 post
3035 1430 3289 1489 acceptas
3320 1422 3458 1477 alias

1888 1510 2000 1556 tres
2023 1502 2146 1558 data
2175 1504 2265 1568 sit,
2291 1513 2509 1573 oportet
2539 1515 2599 1561 ut
2650 1506 2920 1576 pertineat
2960 1508 3027 1563 ad
3088 1507 3250 1564 ﬁnem
3288 1510 3455 1566 Octo-

1888 1592 2004 1647 bris
2036 1602 2132 1648 aut
2178 1595 2397 1649 initium
2429 1596 2755 1653 Novembris
2801 1600 2928 1652 anni
2958 1600 3082 1654 450.
3114 1602 3249 1655 Nam
3301 1602 3457 1657 Posi-

1885 1685 2082 1741 donius
2109 1687 2167 1741 in
2194 1685 2475 1742 Orientem
2506 1689 2783 1759 profectus
2834 1700 2938 1755 est,
2971 1701 3261 1762 antequam
3290 1694 3458 1766 (Egy-

1887 1778 1965 1846 pti
1998 1778 2240 1849 synodus
2268 1781 2637 1844 convenisset,
2671 1788 2732 1835 ut
2761 1781 3056 1837 conﬁcitur
3084 1799 3152 1837 ex
3208 1787 3458 1855 epistolis

190 1870 422 1924 litanos.
451 1870 507 1924 5.
535 1871 802 1925 Eumdem
850 1873 1166 1943 Philippum
1192 1882 1477 1927 auctorem
1533 1888 1654 1927 esse
1682 1848 1782 1926 ob-
1820 1848 1859 1903 Β
1887 1848 2074 1938 Cyrilli
2104 1869 2172 1922 ad
2216 1870 2482 1925 Joannem
2522 1880 2579 1924 et
2628 1872 2969 1928 Juvenalem.
3027 1848 3299 1931 Convenit
3328 1894 3459 1933 vero

192 1962 524 2017 testationis
554 1962 723 2028 illius,
759 1980 881 2033 quae
904 1965 1106 2034 legitur
1131 1966 1187 2019 in
1235 1966 1410 2034 prima
1436 1974 1593 2034 parte
1625 1966 1786 2018 Aoto-

195 2072 320 2112 rum
350 2057 583 2117 concilii
618 2058 906 2129 Ephesini,
931 2073 1149 2128 quaque
1185 2058 1425 2113 Nestorii
1462 2072 1585 2112 cum
1616 2058 1785 2112 Paulo

195 2149 570 2205 Samosateno
599 2152 891 2206 consensio
915 2151 1229 2222 exponitur.
1259 2152 1312 2205 4.
1345 2149 1612 2204 Eumdem
1655 2150 1783 2203 Phi-

197 2242 420 2312 lippum
440 2242 592 2311 apud
621 2258 680 2298 se
703 2258 936 2314 synaxes
960 2244 1290 2299 celebrasse.
1325 2244 1377 2297 5.
1405 2242 1675 2295 Eumdem
1703 2241 1785 2294 in-

198 2330 423 2387 fensnm
471 2331 645 2387 fuisse
690 2332 1017 2402 Pelagianis,
1081 2341 1137 2388 et
1191 2340 1477 2402 peccatum
1520 2332 1786 2403 originale

194 2417 543 2475 defendisse.
572 2421 625 2476 6.
661 2422 984 2491 Pelagianos
1021 2423 1330 2493 episcopos,
1351 2438 1478 2477 cum
1503 2422 1783 2485 Coelestio,

196 2511 369 2569 fuisse
407 2514 595 2569 adhuc
618 2514 1119 2585 Constantinopoli,
1148 2532 1259 2586 quo
1296 2524 1545 2586 tempore
1589 2516 1784 2571 Nesto-

196 2605 312 2660 rius
340 2605 548 2661 habuit
572 2607 864 2677 synodum,
898 2606 967 2663 de
992 2623 1099 2678 qua
1126 2623 1310 2663 sermo
1343 2617 1429 2663 est
1454 2608 1509 2662 in
1537 2624 1785 2662 commo-

198 2697 430 2761 nitorio,
452 2706 515 2753 et
540 2698 773 2769 epistola
792 2701 826 2755 2
845 2699 1080 2755 Nestorii
1115 2700 1182 2754 ad
1214 2699 1498 2771 Cyrillum.
1526 2701 1578 2753 7.
1617 2700 1787 2771 Syno—

194 2789 330 2845 dum
360 2790 614 2845 habitam
684 2802 931 2863 tempore
974 2793 1248 2856 autumni,
1276 2808 1422 2847 anno
1478 2792 1615 2858 49.9;
1660 2809 1786 2846 nam

197 2878 303 2933 hoc
336 2894 492 2934 anno
518 2880 621 2935 sub
648 2880 814 2936 ﬁnem
844 2880 1343 2938 Commonitorium
1395 2897 1555 2936 suum
1586 2882 1789 2936 obtulit

197 2968 529 3041 imperatori
568 2972 641 3026 LI.
676 2972 964 3039 Mercator,
996 2988 1107 3043 quo
1128 2975 1390 3043 perlecta,
1415 2973 1675 3041 expulsus
1704 2980 1788 3027 est

193 3078 324 3120 cum
384 3065 667 3134 episcopis
716 3064 1024 3136 Pelagianis
1064 3064 1538 3133 Constantinopoli
1593 3062 1777 3118 Caele-

1890 1959 2131 2030 synodus
2185 1960 2344 2014 initio
2395 1961 2740 2027 Novembris,
2784 1972 2845 2017 ut
2890 1965 3326 2024 demonstratum
3372 1981 3457 2025 est

1889 2050 2110 2106 dissert.
2139 2052 2175 2106 2
2195 2050 2262 2105 ad
2294 2068 2329 2105 ιι
2362 2061 2571 2121 partem
2595 2051 2833 2123 Operum
2864 2055 3016 2112 Marii
3048 2058 3385 2115 Mercatoris.

1958 2143 2047 2197 IIl.
2080 2143 2156 2197 De
2214 2159 2381 2198 causa
2425 2145 2705 2200 scribendi
2748 2145 2958 2203 dictum
3004 2150 3138 2207 satis
3190 2152 3247 2207 in
3297 2168 3461 2224 argu-

1889 2240 2095 2288 mento.
2143 2232 2376 2289 Sanctus
2432 2234 2783 2304 leestinus,
2836 2243 3076 2311 acceptis
3102 2258 3202 2312 per
3230 2245 3459 2301 Posido-

1890 2330 2042 2383 nium
2066 2328 2257 2399 Cyrilli
2282 2328 2506 2393 litteris,
2536 2345 2809 2402 causaque
2858 2334 3097 2389 Nestorii
3160 2335 3346 2392 Romae
3404 2338 3493 2394 in.

1890 2422 2097 2492 synodo
2152 2422 2421 2492 judicata,
2485 2422 2705 2492 scriptis
2744 2426 3021 2481 Joannem
3052 2439 3109 2483 et
3140 2429 3460 2485 Juvenalem
3505 2450 3508 2455 ’

1889 2512 2174 2577 docuerat,
2206 2515 2338 2584 quid
2370 2515 2425 2569 in
2455 2516 2772 2572 NestOrium
2806 2520 3109 2584 statuisset,
3148 2522 3251 2576 nisi
3304 2540 3467 2579 revo-

1890 2612 2042 2661 caret
2069 2620 2353 2673 errorem;
2382 2608 2585 2677 quidve
2610 2610 2917 2665 mandasset
2945 2610 3167 2683 Cyrillo,
3201 2629 3327 2668 suas
3358 2614 3466 2671 hoc

1890 2698 2110 2766 negotio
2158 2698 2305 2754 vices
2355 2699 2597 2754 obituro.
2659 2702 2914 2770 Acceptis
2972 2702 3211 2758 Joannes
3258 2709 3459 2761 summi

1890 2786 2184 2855 pontiﬁcis,
2215 2787 2510 2858 Cyrillique
2536 2788 2757 2853 litteris,
2793 2798 3172 2861 tempestatem
3217 2796 3272 2848 in
3299 2804 3464 2866 caput

1890 2878 2125 2932 Nestorii
2162 2878 2570 2936 incumbentem
2601 2880 2896 2950 depellere,
2916 2891 2972 2937 et
3000 2884 3178 2940 amico
3208 2886 3461 2952 suadere,

1880 2981 1950 3048 .ut
1980 2980 2277 3041 occuparet
2307 2974 2504 3027 summi
2560 2973 2836 3043 pontificis
2892 2978 3242 3042 sententiam,
3289 2979 3466 3049 Virgi-

1890 3078 2129 3132 nemque
2186 3064 2473 3133 Deiparam
2528 3066 2901 3134 proﬁteretur,
2960 3068 3107 3137 quod
3152 3085 3321 3122 unum
3378 3071 3462 3125 vel

196 3157 364 3213 stius.
424 3155 476 3210 8.
535 3154 1052 3221 Contradictiones,
1125 3156 1239 3211 sive
1294 3165 1471 3211 tomos
1523 3150 1789 3210 adversus
1817 3193 1858 3250 c
1892 3155 2260 3225 potissimum,
2316 3155 2476 3226 362
2508 3156 2631 3229 ﬁdei
2678 3157 3014 3227 orthodoxa
3070 3160 3345 3228 specimen
3378 3176 3465 3215 ro-

198 3250 579 3320 blasphemias
601 3249 862 3314 Nestorii,
887 3250 1045 3319 361
1081 3249 1291 3304 delatos
1329 3248 1498 3304 fuisse
1539 3249 1786 3314 Romam,

197 3354 252 3400 et
282 3360 356 3399 ex
389 3343 461 3397 iis
493 3342 802 3397 exercitum
843 3341 1113 3412 judicium
1142 3341 1210 3395 de
1246 3342 1522 3396 Nestorio.
1575 3342 1628 3396 9.
1674 3340 1789 3396 Hoc

196 3450 339 3507 opus
386 3434 559 3489 fuisse
583 3449 615 3488 a
644 3433 849 3505 Cyrillo
873 3434 1238 3502 compositum
1280 3432 1437 3488 initio
1484 3433 1613 3487 anni
1651 3432 1786 3497 430;

198 3526 489 3597 siquidem
526 3525 796 3580 traditum
850 3534 935 3580 est
986 3525 1284 3581 Posidonio
1349 3526 1578 3581 Romam
1632 3526 1789 3582 eunti

199 3619 368 3673 initio
418 3617 627 3687 Aprilis
681 3618 929 3687 ejusdem
988 3618 1136 3671 anni.
1174 3618 1258 3671 l0.
1320 3618 1517 3672 Iisdem
1574 3620 1791 3675 artibus

196 3708 688 3778 Constantinopoli
718 3722 877 3763 usum
934 3708 1277 3772 Coelestium,
1336 3709 1540 3778 quibus
1580 3710 1787 3775 Rerum,

198 3798 350 3853 unde
385 3813 446 3852 se
499 3797 642 3851 clam
689 3796 973 3861 subduxit,
1031 3813 1157 3853 cum
1211 3813 1320 3852 non
1371 3798 1619 3863 haberet,
1678 3814 1789 3869 quo

198 3906 359 3944 suam
395 3904 621 3943 causam
656 3897 926 3944 tueretur.
958 3890 1042 3943 ll.
1076 3889 1323 3960 Magnam
1356 3888 1524 3944 fuisse
1548 3890 1789 3945 Nestorii

197 3997 328 4036 cum
369 3981 670 4036 Theodoro
717 3980 1105 4051 Mopsuesteno
1159 3980 1611 4036 consensionem:
1663 3997 1787 4051 qua:

195 4072 352 4127 enim
394 4070 465 4125 de
494 4070 752 4125 Nestorio
782 4069 949 4125 refert
975 4070 1233 4141 Cyrillus,
1277 4058 1490 4124 eadem.
1529 4071 1789 4141 leguntur

198 4162 256 4217 in
288 4162 623 4232 fragmentis
646 4161 945 4224 Theodori,
977 4176 1101 4231 quae
1150 4161 1416 4217 Leontius
1444 4158 1695 4218 adducit
1722 4178 1790 4218 ex

198 4256 350 4310 libro
376 4270 469 4309 xrv
499 4253 577 4307 De
625 4254 1014 4308 incarnatione.
1052 4252 1138 4307 l2.
1197 4253 1317 4307 Non
1366 4268 1529 4323 posse
1585 4256 1792 4310 certius

198 4347 543 4419 planiusque
574 4344 768 4400 resciri
799 4344 913 4399 ullo
941 4360 1007 4399 ex
1029 4344 1171 4408 loco,
1223 4360 1345 4414 qua:
1373 4343 1539 4400 fuerit
1562 4345 1788 4401 haeresis

198 4438 475 4499 Nestorii,
494 4444 550 4491 et
579 4436 637 4490 in
666 4451 777 4507 quo
805 4436 1013 4508 κυρίως
1041 4435 1239 4506 posita.
1267 4436 1402 4502 Quis
1433 4437 1583 4493 enim
1612 4435 1788 4509 Cyril-

1894 3248 2145 3317 gabatur,
2188 3247 2415 3302 Joannis
2472 3249 2696 3303 nomine
2740 3248 3122 3305 Theodoretus
3174 3252 3464 3322 epistolam

1890 3338 2221 3407 composuit.

1962 3429 2048 3483 IV.
2068 3428 2149 3483 Ad
2183 3429 2497 3484 Nestorium
2526 3430 2732 3499 scripta
2751 3439 2855 3492 est,
2882 3430 2999 3499 qui,
3040 3446 3165 3484 cum
3190 3408 3308 3487 suis
3334 3447 3469 3487 con-

1888 3520 2141 3575 cionibus
2170 3521 2360 3574 turbas
2390 3521 2648 3575 movisset
2674 3521 2727 3575 in
2761 3522 3020 3584 Ecclesia,
3055 3538 3165 3592 pne
3209 3525 3467 3593 superbia

1892 3621 2073 3667 tamen
2120 3612 2301 3667 noluit
2323 3613 2494 3668 verbo
2522 3628 2654 3675 uno,
2689 3628 2800 3683 quo
2854 3614 3147 3684 Deiparam
3175 3615 3463 3685 fateretur,

1889 3720 1984 3759 eas
2016 3704 2247 3769 sedare;
2276 3704 2387 3759 imo
2417 3704 2728 3774 principum
2753 3705 2939 3774 gratiae
2987 3707 3235 3777 aulasque
3289 3708 3463 3763 favori

1888 3802 1945 3847 et
1974 3793 2089 3848 suis
2147 3792 2360 3847 artibu's
2388 3793 2694 3855 conﬁdens.
2743 3792 3218 3865 Constantinopoli
3278 3799 3469 3854 s'evie-

1891 3884 2004 3948 bat,
2036 3890 2374 3953 exterasque
2401 3885 2679 3939 Ecclesias
2703 3886 3019 3956 spernebat.

1962 3996 2025 4052 V.
2060 3995 2291 4050 Nomine
2340 3995 2568 4051 Joannis
2612 3996 2941 4050 Antioclteni
2990 3996 3332 4063 inscribitur,
3362 4001 3453 4055 cui

1891 4102 2017 4142 cum
2052 4086 2303 4140 Nestorio
2355 4102 2548 4142 omnes
2599 4096 2759 4142 erant
2812 4087 3067 4142 amicitiae
3100 4089 3467 4145 necessitudi.

1890 4194 2008 4243 nes,
2041 4178 2365 4232 diuturnum
2399 4178 2845 4243 contubernium,
2872 4178 3142 4249 religiosae
3166 4179 3289 4235 vita:
3313 4194 3468 4234 com-

1891 4270 2098 4335 munio,
2130 4269 2365 4325 societas
2394 4270 2722 4335 studiorum,
2744 4270 2887 4325 idem
2918 4271 3194 4339 magister,
3221 4272 3466 4341 ejusdem

1891 4360 2145 4417 Ecclesiae
2191 4358 2579 4425 ministerium,
2638 4361 2828 4415 eadem
2872 4360 3068 4431 adepta
3098 4362 3320 4417 demum
3346 4375 3468 4433 post

1892 4450 2252 4506 ministerium
2292 4450 2548 4521 dignitas.
2606 4451 2800 4506 Joanni
2850 4452 3230 4508 Theodoretus
3270 4454 3466 4508 iisdem

198 4532 256 4586 lo
301 4532 361 4585 in
395 4528 735 4600 pervidenda
768 4528 1008 4583 Nestorii
1055 4529 1331 4584 sententia
1373 4530 1786 4599 perspicacior?
1822 4545 1861 4599 ι)
1890 4541 2123 4595 vinculis
2175 4540 2463 4595 devinctus
2494 4540 2616 4594 fuit.

195 4623 304 4690 Qui
328 4637 464 4691 ergo
494 4620 707 4690 lapsum
737 4619 909 4675 verbo
965 4620 1282 4676 Nestorium
1339 4622 1573 4686 malunt,
1621 4638 1783 4692 qnam

199 4720 411 4785 reipsa,
446 4713 732 4769 Socratem
760 4712 963 4785 Cyrillo
992 4712 1314 4783 praeferunt,
1359 4714 1687 4783 scriptorem
1717 4714 1787 4769 de

196 4810 349 4871 aula,
421 4805 636 4860 homini
666 4819 779 4861 sua
835 4804 1017 4859 aetatis
1072 4804 1416 4860 doctissimo.
1456 4806 1541 4860 l5.
1574 4805 1654 4861 Ex
1683 4806 1788 4861 hoc

195 4897 649 4957 Commonitorio
680 4897 863 4952 lucem
887 4896 1073 4953 afferri
1121 4898 1366 4967 quinque
1395 4897 1557 4953 libris
1593 4897 1785 4969 Cyrilli

198 4993 478 5048 adversus
530 4988 903 5059 blasphemias
949 4990 1212 5055 Nestorii,
1244 4998 1300 5045 et
1351 4990 1597 5047 vicissim
1626 4990 1789 5045 Com-

197 5082 570 5140 monitorium
617 5098 685 5135 ex
730 5081 819 5135 his
868 5080 1130 5135 illustrari
1166 5102 1178 5135 :
1213 5091 1300 5137 est
1340 5082 1488 5137 enim
1543 5080 1789 5151 ipsorum

197 5174 601 5244 compendiosa
625 5170 875 5242 quaedam
902 5172 1177 5227 collectio.

275 5287 525 5359 Epistola
549 5288 670 5349 M9,
695 5306 726 5341 a
756 5286 962 5341 Joanne
985 5288 1301 5343 Antiocheno
1323 5290 1391 5342 ad
1416 5289 1719 5343 Nestorium

888 5362 1108 5429 scripta.

272 5469 315 5526 I.
344 5470 465 5525 Non
488 5470 726 5524 obscura
748 5477 897 5535 sunt,
924 5485 1027 5525 nec
1070 5471 1278 5526 incerta
1337 5472 1453 5525 hzcc
1498 5470 1779 5540 quinque:

198 5563 430 5635 quando
453 5563 659 5632 scripta
680 5562 755 5617 sit
780 5563 1035 5633 epistola,
1079 5579 1187 5633 qua
1222 5564 1289 5618 de
1308 5578 1494 5627 causa,
1550 5565 1661 5625 cui,
1684 5580 1779 5617 cu-

1954 4654 2043 4708 Ἦ.
2089 4651 2350 4715 Dubium,
2408 4650 2533 4720 quis
2590 4651 2896 4721 scripserit,
2923 4652 3162 4707 Joannes
3195 4654 3334 4722 ipse,
3395 4669 3465 4707 an

1886 4744 2111 4802 Joannis
2178 4743 2402 4797 nomine
2488 4742 2906 4797 Theodoretus?
2961 4743 3159 4798 Joanni
3217 4744 3469 4798 tribuunt

1889 4832 2209 4906 prmjudicia
2239 4831 2371 4896 duo,
2402 4831 2689 4902 inscriptio
2720 4848 2938 4901 nempe,
2986 4832 3133 4902 quod
3184 4833 3466 4903 publicum

1887 4926 2043 4997 quasi
2090 4925 2500 4987 documentum,
2535 4931 2592 4978 et
2619 4924 2960 4979 consuetudo
2985 4924 3058 4978 ita
3087 4924 3325 4989 dicendi,
3346 4940 3469 4994 qua:

1888 5018 2108 5072 videtur
2159 5032 2278 5071 esse
2345 5015 2594 5085 quaedam
2646 5015 2961 5084 prmscripla
3014 5015 3307 5084 possessio.
3362 5016 3466 5069 Pro

1892 5106 2242 5161 Theodoreto
2273 5102 2401 5158 facit
2442 5102 2640 5171 primo,
2671 5101 2819 5171 quod
2870 5110 3165 5169 utrumque
3212 5100 3470 5170 przejudi-

1892 5198 2030 5252 cium
2052 5198 2213 5252 fallax
2250 5197 2340 5261 sit,
2374 5196 2462 5249 vel
2503 5210 2570 5249 ex
2600 5210 2667 5249 eo
2717 5194 2973 5257 maxime,
3036 5193 3182 5263 quod
3234 5190 3465 5245 inﬁnita:

1887 5289 2134 5358 epistola:
2154 5303 2263 5341 non
2290 5285 2586 5340 scribentis
2635 5284 2841 5354 ipsius,
2882 5282 2977 5337 sed
3026 5281 3338 5336 mandantis
3368 5298 3466 5335 no-

1893 5396 2017 5433 men
2048 5379 2365 5449 przeferunt,
2392 5386 2447 5432 et
2470 5376 2695 5447 singula:
2719 5390 2785 5430 eo
2820 5375 3042 5428 nomine
3070 5375 3332 5438 citantur,
3355 5388 3466 5441 quo

1891 5480 2285 5542 praenotantur.
2324 5469 2605 5540 Ejusmodi
2633 5477 2716 5521 est
2747 5468 2950 5537 Pelagii
2977 5464 3218 5520 secunda
3233 5464 3463 5534 epistola

1890 5564 1956 5618 ad
1990 5563 2227 5633 Illyricos
2250 5578 2280 5615 a
2306 5572 2497 5618 sancto
2513 5560 2779 5631 Gregorio
2798 5561 3022 5630 scripta.
3045 5559 3273 5625 Deinde,
3291 5558 3462 5629 quod,

1521 5716 1835 5773 SCHUIJ."
1874 5715 2098 5770 ΝΟΤᾸΞ.

277 5834 323 5867 ⁸⁸
347 5834 497 5899 Quod
537 5834 745 5905 opinor.
781 5834 887 5891 Sed
916 5835 1036 5890 vide
1078 5852 1260 5905 supra,
1292 5853 1343 5905 p.
1384 5838 1494 5903 l3“),
1535 5836 1704 5891 schol.
1745 5834 1789 5888 l.
