4228 6446
757 406 849 466 311

1902 404 2276 463 GARNEHU
2308 404 2801 463 DISSEBTATIO
2841 404 2920 462 ΙΙ.

3913 397 4020 462 312

760 536 805 569 δι
827 516 1141 570 conferatur
1173 515 1401 586 epistula
1434 517 1548 571 haec
1568 532 1692 571 cum
1725 518 1813 581 iis,
1846 518 1960 571 sive
2000 534 2135 586 quas
2160 518 2328 573 Joan-
2370 533 2402 579 λ
2438 532 2616 586 poena,
2648 516 2749 570 nisi
2786 524 2909 585 post
2935 516 3207 568 decimum
3237 528 3264 567 a
3289 510 3705 567 denuntiatione
3737 510 3881 564 diem
3924 524 4021 578 pa-

760 623 875 669 nes,
908 609 1021 661 sive
1051 622 1188 676 quas
1217 606 1602 663 Theodoretus
1643 609 1887 678 scripsit,
1938 609 2163 664 differre
2195 610 2334 680 style

758 706 1017 767 appareat
1041 699 1107 751 ab
1140 699 1249 753 illis
1265 701 1562 754 convenire
1599 715 1723 753 cum
1758 700 1899 754 istis.
1942 701 2161 763 Postea,
2186 702 2332 768 quod

759 790 975 856 quoties
1000 798 1159 843 erant
1210 806 1532 845 communes
1559 792 1756 846 littera:
1788 792 2069 846 mittendae
2100 792 2167 845 ab
2214 791 2329 860 epi-

758 884 959 950 scopis,
992 898 1227 953 quorum
1258 899 1398 937 unus
1427 893 1573 938 esset
1606 884 2012 946 Theodoretus,
2056 885 2333 938 scribendi

760 987 963 1026 munus
1013 974 1393 1042 imponeretur
1450 973 1575 1042 ipsi,
1633 981 1887 1042 tanquam
1938 973 2335 1027 admirabiliter

760 1064 987 1133 hujusce
1012 1065 1089 1118 rei
1123 1066 1321 1133 perito.
1359 1065 1491 1119 Erat
1520 1081 1651 1119 vero
1677 1081 1825 1119 unus
1851 1066 1919 1119 de
1966 1076 2177 1134 septem
2209 1067 2331 1135 epi-

760 1156 959 1223 scopis,
982 1156 1075 1224 qui
1125 1156 1270 1225 apud
1302 1157 1568 1211 Joannem
1617 1156 2000 1219 versabantur,
2034 1173 2159 1210 cum
2197 1158 2334 1211 scri-

761 1245 984 1297 beretur
1041 1244 1107 1297 ad
1156 1245 1493 1300 Nestorium.
1542 1246 1696 1299 Adde
1748 1247 1892 1315 quod
1939 1247 1992 1299 in
2048 1247 2170 1300 aliis
2199 1247 2335 1301 locis

762 1336 1361 1390 Theodoretusiisdem
1396 1338 1571 1391 utitur
1620 1338 1946 1401 rationibus,
1997 1338 2105 1390 imo
2136 1346 2191 1391 et
2239 1339 2334 1391 iis-

760 1428 883 1479 dem
913 1426 1028 1480 fere
1062 1427 1266 1492 verbis,
1285 1427 1355 1481 ad
1387 1428 1530 1481 idem
1560 1427 1903 1482 tractandum
1926 1437 2332 1496 argumentum,

761 1520 828 1573 de
863 1521 1083 1589 Virgine
1121 1520 1351 1588 Dcipara
1386 1538 1398 1573 :
1429 1519 1661 1573 videnda
1695 1520 1925 1588 epistola
1962 1521 2044 1573 l6.
2093 1520 2335 1589 Denique

761 1611 908 1679 quod
935 1611 1183 1665 videatur
1212 1611 1596 1665 Theodoretus
1624 1611 1739 1680 ipse
1774 1612 1914 1665 hanc
1949 1611 2053 1665 sibi
2089 1626 2337 1681 arrogas-

764 1717 840 1762 se,
875 1717 999 1755 cum
1031 1702 1385 1756 scriberetad
1418 1703 1691 1755 Domnum
1717 1702 2145 1764 Autiochenum,
2174 1702 2337 1769 paulo

763 1803 887 1846 ante
916 1793 1304 1861 prmdatoriam
1334 1793 1627 1861 synodum,
1656 1802 2122 1861 enumeraretque
2171 1807 2336 1863 syno-

762 1885 882 1938 dica
909 1883 1172 1938 adversus
1208 1884 1471 1955 Cyrillum
1498 1886 1723 1954 scripta.

832 1976 941 2028 \‘il.
976 1976 1391 2030 Observandum
1431 1978 1578 2031 inea
1624 1979 1882 2047 primum,
1940 1976 2086 2047 quod
2132 1976 2335 2030 dicitur

764 2068 827 2117 ἀπ’
853 2067 1058 2119 iretueo
1083 2066 1313 2120 comite:
1353 2067 1478 2119 inde
1508 2067 1654 2118 enim
1708 2068 1882 2135 ipsius
1913 2084 2035 2121 cum
2082 2067 2336 2121 Nestorio

762 2171 815 2210 tt
846 2157 1220 2211 Orientalibus
1258 2159 1597 2227 conspiratio
1640 2159 1985 2228 intelligitur.

836 2251 1061 2314 Deinde,
1106 2252 1252 2320 quod
1311 2251 1548 2305 refertur
1593 2251 1883 2305 Theodoro
1932 2252 2333 2320 Mopsuesteno,

762 2340 991 2403 dictum,
1028 2340 1172 2393 unde
1212 2340 1741 2395 fuerantaudientes
1764 2340 1985 2404 offensi,
2027 2349 2335 2396 retractan-

763 2442 847 2483 tc:
880 2446 984 2498 qua
1022 2430 1089 2484 de
1128 2447 1185 2485 re
1214 2432 1361 2494 vide,
1390 2441 1588 2500 przeter
1642 2432 1985 2497 Liberatum,
2017 2442 2335 2501 excerptum

758 2538 825 2575 ex
857 2523 1061 2577 libellis
1090 2540 1118 2577 a
1148 2525 1485 2595 presbyteris
1516 2537 1570 2579 et
1596 2525 1844 2579 diacouis
1873 2526 2095 2595 majoris
2142 2527 2335 2579 Arme-

761 2616 866 2668 niae
892 2624 947 2668 et
970 2615 1216 2669 Persidis
1237 2616 1433 2670 Proclo
1464 2619 1756 2686 porrectis,
1804 2618 1996 2688 synod.
2036 2634 2088 2682 v,
2130 2618 2255 2672 coll.
2283 2618 2333 2672 5.

759 2701 840 2755 Eo
863 2702 1006 2755 enim
1031 2703 1138 2757 loci
1162 2703 1393 2759 affertur
1426 2705 1708 2759 eoncionis
1740 2705 1829 2759 illa
1874 2722 2018 2776 pars,
2072 2722 2192 2776 quae
2235 2706 2339 2761 fuit

761 2794 1081 2850 offensionis
1121 2812 1302 2852 causa.

832 2888 1046 2952 Postea,
1079 2900 1283 2959 quanta
1339 2893 1647 2948 reverentia
1707 2904 1985 2964 receptum
2024 2895 2112 2958 sit,
2152 2893 2237 2949 vel
2268 2892 2339 2948 ab

761 2983 895 3051 ipsis
928 2983 1170 3039 Orientis
1202 2986 1555 3053 patriarchis,
1588 2988 1786 3041 summi
1846 2987 2121 3057 pontificis
2148 2987 2340 3041 decre-

761 3086 896 3129 tum.
927 3078 1044 3130 Non
1066 3077 1431 3147 objiciebatur
1458 3079 1565 3133 illis
1611 3080 1952 3150 temporibus
1996 3080 2341 3135 auctoritatis

761 3168 1141 3236 praesumptio,
1196 3168 1291 3223 sed
1348 3169 1649 3238 parebatur
1678 3170 1828 3226 velut
1874 3170 2129 3241 legitimae
2179 3178 2339 3239 pote-

762 3259 910 3322 stati,
933 3259 1091 3329 363
1121 3276 1245 3313 cum
1279 3276 1529 3315 summus
1554 3261 1819 3331 pontifex,
1851 3279 1881 3316 e
1929 3279 2027 3317 suo
2063 3262 2337 3317 Occidcn-

764 3350 835 3402 tis
861 3350 1117 3411 concilio,
1154 3352 1315 3419 regiae
1366 3352 1518 3405 urbis
1558 3352 1923 3420 patriarcham
1968 3353 2253 3423 dejiceret,
2284 3362 2341 3408 et

762 3442 919 3495 alteri
948 3443 1272 3511 patriarchae
1300 3442 1637 3513 exsequendi
1665 3445 1991 3497 sententiam
2024 3445 2337 3499 mandatum

761 3532 934 3585 daret.

829 3625 1058 3689 Quarto,
1094 3626 1239 3693 quod
1269 3626 1472 3680 dicitur
1515 3626 1568 3680 id
1610 3643 1777 3681 unum
1811 3628 1953 3697 exigi
1997 3643 2024 3681 a
2064 3628 2337 3691 Nestorio,

762 3725 822 3768 ut
851 3716 1062 3771 beatam
1097 3718 1373 3787 Virginem
1410 3718 1644 3773 fateatur
1676 3720 1960 3789 Deiparam
1994 3739 2005 3772 :
2039 3720 2165 3774 inde
2192 3722 2339 3775 enim

760 3809 1134 3877 cognoscitur,
1165 3819 1297 3863 tunc
1331 3813 1593 3879 temporis
1621 3828 1741 3866 eam
1770 3813 1998 3866 formam
2026 3812 2191 3867 fuisse
2216 3828 2343 3882 pro-

762 3898 949 3952 ﬁtendi
984 3901 1309 3954 catholicam
1348 3902 1416 3957 de
1462 3902 1834 3957 incarnatione
1875 3903 2056 3957 fidem.
2100 3904 2247 3957 ldcm
2285 3914 2340 3959 et

758 3988 995 4059 Cyrillus
1028 3992 1083 4044 in
1114 3992 1367 4062 Apologia
1412 4003 1468 4048 et
1525 3995 1905 4050 Theodoretus
1943 3997 2104 4065 epist.
2143 3996 2209 4051 16
2257 4008 2336 4051 te-

760 4092 996 4137 stantur.

828 4172 1053 4238 Quinto,
1085 4175 1231 4244 quod
1261 4176 1464 4231 dicitur
1496 4178 1661 4232 etiam
1691 4180 1981 4233 Nestorius
2013 4195 2076 4235 ea
2110 4181 2336 4245 sentire,

759 4281 880 4333 qua:
910 4267 1099 4321 Patres
1121 4268 1188 4321 de
1212 4269 1474 4339 mysterio
1500 4271 1893 4325 incarnationis
1921 4290 1932 4324 :
1963 4288 2083 4340 qua:
2112 4272 2214 4327 fuit
2244 4283 2339 4328 aut

758 4356 1161 4426 dispensatoria
1205 4360 1452 4427 quaedam
1495 4362 1797 4416 amicorum
1845 4368 1859 4381 '
1904 4364 2179 4427 adulatio,
2230 4380 2339 4434 qua

759 4446 1013 4501 blandius
1055 4447 1297 4501 animum
1345 4448 1586 4502 hominis
1626 4448 1996 4515 innectereut;
2032 4459 2127 4504 aut
2166 4450 2340 4503 admi-

2438 618 2601 661 reret.
2633 609 2882 661 Formam
2910 607 3035 661 fidei
3060 606 3351 660 duodecim
3375 603 3845 658 anathematismis
3866 616 4021 655 com-

2438 697 2734 765 prehendit
2755 696 3013 767 Cyrillus,
3043 695 3404 763 Nestorioque
3427 708 3525 761 per
3546 700 3783 760 quatuor
3803 691 4022 759 episco-

2436 802 2535 854 pos
2575 802 2642 840 ex
2678 786 2991 857 Egyptiaca
3026 785 3233 855 synodo
3271 784 3440 837 misit.
3475 782 3785 835 Mandatum
3817 779 4020 833 Nesto-

2438 878 2869 947 riusprocurata
2905 877 3203 932 indictione
3246 875 3463 930 concilii
3501 873 3772 943 generalis
3806 872 4017 925 elusit:

2439 968 2549 1022 imo
2580 968 2764 1038 Cyrilli
2796 968 3270 1024 anathematismis
3297 963 3525 1020 totidem
3559 964 3805 1018 diversos
3844 976 4025 1031 oppo-

2438 1060 2575 1124 suit,
2616 1060 2935 1130 rogavitque
2975 1060 3200 1129 insuper
3240 1057 3479 1113 amicum
3519 1056 3782 1111 Joannem
3824 1054 4021 1107 Antio—

2437 1153 2695 1217 ebenum,
2729 1161 2790 1206 ut
2830 1152 2898 1206 ab
2937 1151 3154 1206 Andrea
3190 1150 3547 1206 Samosateno
3578 1157 3633 1203 et
3672 1146 4023 1201 Theodoreto

2436 1240 2684 1312 Cyrensi,
2712 1242 3101 1297 eruditissimis
3138 1241 3303 1295 totius
3330 1239 3573 1295 Orientis
3604 1236 3899 1306 episcopis,
3927 1250 4023 1287 ar-

2436 1336 2683 1404 guendos
2725 1345 2988 1389 curaret:
3027 1343 3258 1403 uterque
3301 1334 3513 1403 paruit,
3556 1347 3669 1386 suae
3721 1328 4026 1398 reprehen—

2438 1425 2577 1480 sioni
2613 1426 2996 1480 Theodoretus
3028 1425 3170 1479 hanc
3200 1426 3489 1494 epistolam
3524 1421 3843 1493 praaposuit.

2508 1518 2548 1572 1.
2577 1518 2849 1588 Scriptam
2868 1533 2990 1573 esse
3014 1527 3231 1587 oportet
3256 1516 3543 1586 epistolam
3569 1515 3711 1568 hanc
3733 1526 3879 1566 anno
3896 1510 4025 1571 451,

2438 1609 2657 1665 circiter
2674 1626 2916 1665 mensem
2934 1610 3317 1670 Februarium,
3331 1618 3387 1662 et
3402 1618 3526 1661 ante
3546 1605 3760 1659 initium
3773 1602 4025 1668 Quadra-

2438 1704 2675 1774 gesimaa,
2699 1703 2845 1772 quod
2871 1703 3066 1757 incidit
3087 1701 3141 1756 in
3165 1701 3310 1756 diem
3334 1709 3587 1771 quartum
3609 1697 3781 1750 Martii
3808 1712 3821 1746 :
3846 1709 4028 1762 neque

2438 1796 2585 1849 enim
2610 1797 2790 1864 potuit
2820 1803 2913 1851 aut
2937 1796 3118 1859 citius,
3142 1804 3235 1848 aut
3256 1794 3433 1848 serius
3458 1790 3644 1845 scribi.
3671 1789 3789 1843 Non
3816 1787 3986 1841 citius
4012 1802 4025 1837 :

2370 1880 2411 1935 Β
2442 1904 2564 1942 nam
2599 1890 2791 1945 litterae
2819 1888 3007 1961 Cyrilli
3041 1887 3107 1941 ad
3130 1884 3441 1941 Nestorium
3484 1899 3551 1937 ex
3588 1881 3819 1951 Egypto
3861 1878 4027 1938 datae,

2438 1981 2641 2049 quibus
2679 1982 3150 2051 subjungebantur
3190 1974 3654 2035 anathematismi,
3690 1972 4028 2040 consignata:

2439 2082 2565 2126 sunt
2592 2073 2681 2127 die
2711 2074 2871 2129 tertia
2902 2071 3254 2143 Novembris;
3298 2070 3512 2124 traditae
3543 2082 3675 2121 vero
3706 2063 4030 2120 Constanti-

2439 2165 2624 2233 nopoli
2668 2166 2735 2218 ab
2778 2164 3052 2235 episc0pis
3096 2164 3388 2225 Nestorio,
3432 2161 3461 2213 7
3506 2159 3635 2213 ldus
3674 2154 4027 2216 Decembris;

2438 2274 2608 2327 quare
2668 2259 2848 2313 missa:
2900 2255 3375 2324 ConstantinOpoli
3440 2250 3787 2307 Antiochiam
3842 2248 4031 2315 aliquo

2439 2362 2561 2420 post
2609 2361 2887 2421 tempore,
2938 2348 2993 2403 id
3044 2356 3128 2403 est
3178 2346 3401 2400 circiter
3448 2344 3609 2395 tinem
3659 2338 4028 2393 Decembris:

2439 2445 2620 2499 missa:
2660 2458 2880 2513 quoque
2925 2440 3215 2495 Antiochia
3261 2438 3461 2509 Cyrum
3509 2434 3573 2489 ad
3618 2430 4029 2485 'i'heodorctum

2442 2544 2563 2605 post
2589 2534 2883 2589 nonnullos
2909 2532 3048 2587 dies.
3080 2531 3464 2585 Theodoretus
3488 2523 3739 2579 nonnihil
3764 2521 4031 2590 temporis

2440 2628 2623 2698 posuit
2648 2628 2701 2681 in
2727 2623 3250 2695 reprehensionibus
3269 2616 3685 2689 componendis,
3709 2612 4031 2682 compositis

2441 2719 2658 2773 tandem
2698 2717 2980 2787 rescripsit
3014 2716 3232 2770 Joanni.
3267 2714 3383 2768 Non
3420 2711 3617 2771 serius,
3643 2708 3905 2778 quoniam
3940 2722 4030 2760 re-

2440 2810 2905 2882 prehensionibus
2944 2808 3087 2879 Cyro
3134 2805 3511 2868 Antiochiam,
3558 2800 3848 2856 Antiochia
3886 2799 4029 2854 Con-

2441 2902 2877 2971 stantinopolim,
2904 2899 3229 2955 Alexandria
3255 2892 3808 2963 Constantinopolim,
3846 2900 3907 2942 ut
3934 2906 4030 2959 par

2441 3004 2526 3050 est
2556 2994 2804 3056 credere,
2838 2992 3033 3047 delatis
3072 2990 3235 3061 365.
3272 2988 3509 3061 Cyrillus
3542 2984 3840 3055 respondit,
3876 2991 4029 3037 ante-

2440 3102 2604 3156 quam
2647 3086 2882 3156 peractis
2921 3083 3273 3139 Pasehalibus
3314 3080 3469 3134 festis
3504 3080 3781 3148 Ephesum
3824 3075 4031 3145 cogita-

2444 3185 2560 3241 ret,
2613 3185 2776 3245 atque
2824 3174 2962 3229 adeo
3008 3172 3450 3242 Quadragesima:
3496 3179 3741 3237 tempore
3786 3185 3799 3219 :
3844 3166 4029 3221 statim

2442 3269 2587 3322 enim
2617 3267 2770 3322 festis
2800 3266 3041 3337 peractis
3070 3280 3128 3319 se
3156 3262 3309 3318 dedit
3340 3264 3393 3317 in
3424 3262 3589 3315 viam.

2514 3360 2578 3413 ll.
2619 3358 2738 3425 Quo
2792 3357 2992 3412 affectu
3040 3355 3375 3410 Theodoreti
3426 3353 3692 3407 adversus
3739 3350 4031 3422 Cyrillum,

2442 3451 2753 3519 quibusque
2787 3448 2974 3503 verbis
3007 3446 3237 3516 epistola
3278 3444 3579 3515 composita
3616 3443 3707 3506 sit,
3747 3458 3815 3495 ex
3846 3459 3915 3497 eo
3950 3443 4028 3496 di-

2442 3542 2620 3596 lucide
2648 3539 2991 3609 intelligitur,
3021 3538 3167 3606 quod
3199 3538 3472 3605 impotens
3498 3535 3716 3588 animus
3747 3535 3802 3587 in
3832 3550 4031 3589 secun-

2441 3637 2571 3686 dum
2614 3631 2782 3686 totius
2823 3628 3082 3685 Ecclesia:
3126 3629 3426 3683 antistitem
3468 3629 3715 3683 convicia
3749 3639 4029 3699 congerat,

2441 3723 2660 3793 indigna
2702 3737 2928 3793 prorsus
2962 3736 3104 3791 quae,
3145 3735 3257 3775 non
3291 3720 3470 3774 dicam
3504 3720 3575 3775 ab
3608 3722 3890 3790 episcopo,
3936 3723 4031 3775 sed

2440 3815 2604 3868 etiam
2660 3813 2728 3867 ab
2785 3813 3007 3867 homine
3055 3811 3372 3865 Christiano
3420 3811 3845 3879 profundantur.
3896 3810 4033 3877 Quis

2440 3904 2587 3957 enim
2650 3904 2789 3958 ferat
2837 3902 3241 3957 sanctissimum
3297 3901 3501 3956 Christi
3550 3902 3896 3956 defensorem
3946 3919 4032 3957 re-

2440 3992 2763 4061 praesentari
2805 3992 2956 4045 velut
2999 4008 3015 4042 ι
3056 3998 3353 4059 pastorem,
3392 3989 3486 4059 qui
3528 4006 3657 4043 oves
3699 3990 3803 4045 sibi
3844 3991 4031 4045 credi-

2440 4094 2523 4139 tas
2554 4084 2686 4138 feris
2723 4084 2922 4137 sanius
2951 4082 3223 4149 diseerpat
3251 4098 3263 4133 :
3302 4098 3320 4131 ι
3358 4080 3511 4134 velut
3541 4080 3843 4143 doctorem,
3884 4100 3902 4131 ι
3935 4083 4030 4151 qui

2440 4177 2702 4230 latentem
2732 4189 2979 4229 errorem
3013 4173 3068 4227 in
3098 4188 3214 4237 eos,
3244 4172 3337 4242 qui
3368 4172 3418 4226 ei
3450 4182 3663 4241 parent,
3694 4174 4029 4237 introducat,

2439 4276 2494 4321 et
2514 4267 2618 4322 sub
2642 4265 2895 4320 amicitia:
2928 4264 3111 4333 specie
3138 4265 3153 4283 ⁶
3184 4262 3412 4317 insidias
3438 4270 3647 4327 struat;
3685 4281 3703 4313 ι
3734 4263 3886 4317 velut
3909 4264 4031 4332 epi—

2440 4374 2687 4428 scopum,
2722 4378 2739 4409 ‹
2769 4359 2863 4427 qui
2903 4356 3005 4411 sub
3037 4354 3258 4425 pietatis
3296 4353 3518 4408 nomine
3553 4363 3718 4423 atque
3753 4353 3947 4423 figura,
3978 4365 4035 4410 et

2442 4454 2495 4506 in
2525 4450 2762 4520 pastoris
2788 4448 3051 4519 dignitate
3076 4445 3407 4508 consistens,
3433 4444 3486 4498 in
3518 4444 3803 4499 haereticas
3825 4456 3876 4499 et
3909 4446 4032 4499 bla-

762 4537 948 4592 rabilis
1000 4539 1236 4602 caecitas,
1284 4550 1408 4609 post
1449 4541 1618 4595 lectas
1668 4542 1904 4595 Nestorii
1953 4543 2196 4607 litteras;
2244 4553 2338 4598 aut
2370 4559 2415 4618 ι)
2443 4542 2696 4611 sphemas
2741 4556 2903 4594 voces
2946 4545 3231 4606 erumpat;
3282 4555 3299 4587 ι
3336 4537 3448 4589 imo
3490 4536 3584 4605 qui
3628 4554 3647 4585 ε
3683 4535 3894 4588 dudum
3937 4552 4034 4590 cx-

757 4631 1137 4684 conscnsionis
1162 4647 1287 4684 cum
1316 4633 1568 4687 Nestorio
1592 4633 1911 4703 imprudens
1938 4635 2229 4689 confessio.

826 4722 1095 4791 Denique,
1120 4723 1214 4791 qui
1260 4722 1481 4792 irrepsit
1508 4739 1663 4778 error
1698 4725 1752 4778 in
1786 4725 2119 4792 posteriores
2151 4725 2334 4780 conci-

758 4811 958 4865 liorum
1005 4811 1298 4875 editiones,
1335 4811 1429 4866 ubi
1473 4829 1575 4883 pro
1612 4812 1903 4868 Theodoro
1941 4814 2142 4883 legitur
2184 4800 2335 4867 Pauli
2372 4808 2379 4813 ’

756 4918 1009 4956 nomen:
1053 4903 1156 4957 etsi
1214 4919 1321 4957 non
1395 4904 1695 4968 invenitur,
1751 4921 1927 4975 neque
1982 4904 2036 4959 in
2096 4905 2337 4960 editione

755 4996 941 5051 Graeca
970 4997 1320 5060 Commelini,
1349 5014 1528 5067 neque
1563 4999 1616 5052 in
1655 4999 1846 5053 Latina
1876 4998 2056 5055 Contii
2096 5018 2107 5052 :
2136 5000 2335 5054 mirum

757 5106 908 5154 vero,
938 5091 991 5144 id
1028 5091 1096 5144 ab
1128 5090 1363 5146 eruditis
1400 5092 1710 5147 editoribus
1750 5109 1858 5147 non
1890 5093 2058 5147 fuisse
2088 5094 2335 5148 animad-

756 5198 974 5236 versum
986 5223 997 5235 .

759 5334 999 5404 Epistola
1047 5336 1165 5397 150,
1210 5336 1540 5390 Theodoreti.
1584 5353 1744 5406 quam
1794 5338 1933 5388 dedit
1973 5338 2041 5389 ad
2078 5335 2331 5389 Joannem

1342 5407 1721 5459 Antiochenam
1732 5447 1744 5458 .

824 5552 1154 5606 Coelestinus
1199 5568 1445 5606 summus
1495 5553 1737 5622 pontifex
1785 5555 2083 5623 scripserat
2133 5554 2336 5625 Cyrillo

754 5651 807 5697 et
831 5644 1087 5697 Nestorio
1122 5645 1356 5703 litteras.
1390 5646 1594 5714 quibus
1638 5646 1941 5709 mandaret,
1979 5646 2181 5719 Cyrillo
2214 5649 2335 5717 qui-

754 5735 901 5791 dem.
940 5744 993 5787 ut
1032 5735 1152 5788 fidei
1193 5735 1417 5790 formam
1466 5736 1759 5800 scriberet;
1796 5737 2048 5791 Ncsmrio
2085 5752 2237 5800 vero,
2276 5743 2334 5789 ut

756 5827 1124 5894 primoripmu
1163 5827 1555 5889 subscriberet,
1589 5828 1939 5883 interminata
1970 5828 2333 5897 depositionis

2442 4633 2694 4687 stinctam
2739 4630 3059 4699 Apollinarii
3098 4630 3315 4682 inanem
3354 4628 3515 4682 simul
3553 4626 3886 4697 impiamque
3933 4628 4034 4682 do-

2440 4725 2672 4779 ctrinam
2707 4732 2955 4784 renovet,
2987 4741 3005 4773 »
3044 4730 3149 4776 etc.

2510 4817 2598 4870 lll.
2629 4816 2891 4884 Excipere
2916 4813 3056 4868 forte
3079 4812 3350 4884 quispiam
3378 4812 3489 4868 duo
3509 4822 3695 4883 posset
3719 4831 3731 4867 :
3759 4813 4029 4883 primum,

2440 4923 2562 4964 cum
2608 4908 2988 4963 Theodoretus
3033 4907 3101 4962 ad
3146 4905 3412 4962 Joannem
3456 4908 3745 4969 scriberet,
3781 4908 4028 4961 amicum

2438 5002 2780 5055 familiariter
2814 5001 2880 5055 ad
2914 5000 3150 5055 amicum
3186 5000 3400 5054 litteras
3433 4999 3673 5061 dedisse,
3705 5013 3815 5067 quo
3846 4998 3902 5051 in
3936 5016 4030 5067 ge-

2439 5109 2569 5148 nere
2608 5092 2923 5162 seriptionis
2969 5093 3144 5160 major
3183 5100 3268 5145 est
3304 5092 3596 5159 minusque
3632 5106 3723 5144 rea
3763 5090 4027 5155 licentia;

2440 5186 2691 5249 alterum,
2728 5184 2780 5239 id
2809 5183 2954 5253 quod
2980 5184 3157 5238 amico
3185 5183 3328 5238 fideli
3354 5183 3703 5245 credebatur,
3735 5182 4029 5251 publican-

2437 5276 2567 5330 dum
2600 5289 2703 5330 non
2734 5274 2922 5338 fuisse,
2949 5290 3127 5344 neque
3159 5274 3212 5329 id
3243 5274 3445 5329 factum
3480 5274 3547 5329 de
3578 5273 3807 5329 consilio
3835 5272 4023 5326 Theo-

2437 5367 2633 5432 doreti,
2671 5366 2766 5422 sed
2811 5367 3181 5437 imprudentia
3225 5367 3472 5423 Joannis.
3519 5366 3723 5421 Verum
3763 5364 4025 5433 exceptio

2436 5460 2611 5515 futilis
2658 5470 2781 5515 est:
2822 5477 2948 5515 nam
2995 5462 3483 5531 reprehensionem
3527 5458 4023 5515 anathematismo—

2435 5569 2557 5606 rum
2588 5552 2857 5621 publicari
2887 5552 3270 5608 Theodoretus
3300 5553 3495 5615 voluit,
3538 5560 3597 5606 ut
3635 5558 3824 5620 aperte
3848 5548 4024 5619 signi-

2436 5643 2581 5707 ﬁcat,
2614 5659 2739 5697 cum
2768 5644 2988 5698 lectoris
3017 5644 3285 5708 meminit,
3316 5644 3666 5713 epistolae.th
3694 5641 3855 5695 finem
3890 5657 4020 5695 cum

2436 5736 2864 5805 reprehensione
2902 5738 2981 5791 sic
3016 5738 3227 5799 nexuit,
3258 5746 3318 5791 ut
3347 5735 3575 5806 epistola
3611 5735 3681 5789 sit
3714 5732 4019 5800 reprehen-

2435 5828 2605 5883 sionis
2645 5829 2949 5883 necessaria
2988 5828 3253 5898 prmfatio,
3291 5828 3435 5897 quod
3478 5827 3713 5885 intuenti
3761 5833 4018 5895 apertum
