4228 6446
200 390 309 452 313

1406 401 1500 461 DE
1540 403 1610 461 L1
1621 403 1793 462 BRIS
1830 403 2334 465 THEODORETI-

3354 399 3457 465 311

201 510 317 563 est.
361 503 507 559 unde
558 504 826 575 Evoptius
873 515 1161 580 utramque
1212 526 1318 566 una
1354 512 1558 584 Cyrillo
1607 526 1785 570 trans-
1819 519 1856 574 Α
1890 516 1943 569 id
1987 527 2090 579 est,
2126 534 2269 573 anno
2308 519 2432 583 451,
2469 517 2693 573 circiter
2727 515 3226 586 Quadragesimam.
3260 513 3461 569 lllatio-

200 592 375 645 misit.

267 682 357 737 IV.
395 685 477 739 Ad
507 693 755 747 convicia
789 692 1120 747 Theodoreti
1156 693 1393 765 Cyrillus
1422 698 1559 751 nihil
1594 710 1787 767 praeter

197 774 486 832 modestia:
503 782 811 837 severiores
838 784 983 852 leges
1007 786 1309 853 respondit,
1333 788 1449 853 sed,
1468 790 1604 844 actis
1624 806 1787 843 evan-

195 866 375 933 gelico
411 870 599 924 animo
634 875 825 943 gratiis
867 875 997 939 Deo,
1030 876 1402 947 auxiliumque
1439 880 1784 948 deprecatus,

194 964 248 1009 et
298 957 533 1015 laudato
579 963 928 1019 Theodoreto
966 966 1034 1020 ab
1074 967 1385 1036 eloquentia
1420 980 1474 1024 et
1508 986 1785 1025 sacrarum

193 1048 535 1106 Litterarum
578 1072 686 1109 non
726 1056 987 1111 mediocri
1030 1058 1360 1128 cognitione,
1397 1061 1449 1114 id
1494 1078 1662 1115 unum
1695 1078 1788 1115 ex-

193 1143 363 1209 cepit,
400 1145 554 1212 quod
590 1148 953 1216 reprehensor
994 1151 1295 1216 videretur,
1327 1161 1421 1206 aut
1459 1156 1783 1208 sententiam

193 1232 789 1290 anathematismorum
837 1254 947 1292 non
992 1255 1112 1293 esse
1156 1250 1461 1305 assecutus,
1501 1251 1596 1296 aut
1642 1244 1788 1298 illius

193 1319 381 1385 potius
430 1337 489 1375 se
535 1323 874 1391 ignorantem
920 1326 1161 1393 ﬁnxisse,
1204 1339 1263 1383 ut
1311 1332 1542 1385 aliorum
1593 1334 1789 1388 studiis

192 1408 540 1481 indulgeret.
561 1413 883 1484 Quanquam
910 1419 1114 1473 urbane
1137 1422 1277 1476 ridet
1302 1422 1403 1475 sub
1432 1424 1613 1487 linem,
1639 1426 1784 1493 quod

190 1498 257 1553 de
291 1517 465 1570 pomo
493 1505 783 1563 discordia:
812 1509 1192 1565 Theodoretus
1217 1528 1247 1565 e
1276 1512 1477 1567 fabulis
1506 1516 1784 1580 attulerat,

190 1592 474 1662 siquidem
511 1614 620 1652 non
664 1600 853 1656 deceat
902 1603 1209 1674 theologica
1250 1613 1571 1661 tractantem
1617 1608 1669 1661 in
1709 1608 1788 1662 fa-

187 1683 337 1740 bulis
372 1692 611 1743 versari.

257 1776 323 1831 V.
370 1778 501 1833 Hrec
536 1798 703 1850 porro
736 1785 967 1854 epistola
998 1803 1106 1841 non
1149 1787 1422 1844 incuriose
1462 1790 1565 1861 legi
1598 1791 1783 1853 debet,

1888 621 2013 659 nem
2054 606 2193 661 hanc
2232 608 2425 676 probat
2462 623 2625 663 causa
2662 606 2938 662 scribendi
2969 622 3093 660 mox
3120 606 3375 667 adducta,
3405 611 3461 658 et

1886 698 2057 751 series
2084 706 2465 767 excerptorum
2496 699 2550 751 in
2575 699 2764 768 quinta
2792 696 2999 768 synodo
3026 697 3419 767 producturum
3442 712 3455 748 :

1888 804 1988 842 suo
2010 791 2153 841 enim
2177 789 2367 843 ordine
2401 790 2660 857 temporis
2685 790 3055 844 adducuntur.

1961 880 2022 933 γ.
2063 881 2206 933 Nihil
2251 881 2699 935 contumeliosius
2747 882 2800 933 in
2851 879 3033 950 Cyrilli
3080 890 3366 946 personam
3403 880 3459 928 et

1888 972 2197 1026 doctrinam
2229 973 2337 1026 dici
2372 981 2553 1042 potest
2585 975 2637 1036 ¹;
2672 988 2792 1025 nam
2823 972 3059 1042 Cyrillus
3093 969 3294 1037 impius
3326 967 3463 1020 diei-

1889 1074 1977 1118 tur
2006 1079 2067 1118 ae
2098 1064 2369 1134 malignus
2402 1065 2685 1134 (Egyptius
2730 1083 2740 1116 :
2788 1064 3036 1118 doctrina
3075 1077 3205 1116 vero
3237 1068 3461 1114 notatur

1887 1155 2043 1223 quasi
2083 1173 2100 1205 ‹
2138 1170 2204 1208 ex
2236 1168 2415 1207 amara
2458 1153 2775 1221 Apollinarii
2820 1153 2999 1207 radice
3037 1161 3178 1214 orta,
3215 1150 3461 1219 ejusdem

1887 1259 2011 1297 cum
2041 1245 2168 1297 Ario
2199 1252 2253 1297 et
2286 1243 2555 1296 Eunomio
2582 1243 2950 1311 blasphemiae,
2983 1258 3092 1295 non
3135 1241 3398 1295 differens
3429 1254 3462 1293 a

1888 1334 2182 1396 Valentini,
2215 1335 2444 1388 hlanetis
2487 1343 2650 1402 atque
2679 1333 2966 1387 Marcionis
3008 1333 3237 1395 insania,
3282 1331 3460 1384 Mace-

1887 1424 2036 1477 donii
2066 1424 2299 1485 soboles,
2332 1443 2349 1474 ›
2386 1435 2490 1478 etc.
2518 1421 2968 1477 Anathematisuii
2993 1420 3204 1475 scilicet
3228 1428 3462 1488 quatuor

1888 1515 2121 1567 maxime
2190 1513 2600 1583 impugnantur,
2648 1514 2703 1566 in
2766 1511 2969 1581 quibus
3018 1512 3169 1564 visus
3220 1518 3305 1564 est
3358 1510 3462 1563 sibi

1889 1605 2268 1659 Theodoretus
2309 1605 2495 1659 videre
2544 1603 2725 1657 varios
2772 1602 3151 1657 hiereticorum
3191 1616 3411 1655 errores
3448 1619 3460 1653 :

1887 1698 1941 1751 in
1991 1698 2167 1767 primo
2205 1712 2421 1767 nempe,
2455 1694 2816 1766 Apollinarii;
2864 1695 2917 1746 in
2959 1694 3218 1757 secundo,
3253 1693 3367 1746 Arii
3408 1701 3465 1747 et

1888 1788 2172 1852 Eunomii;
2200 1788 2253 1840 in
2276 1796 2490 1856 quarto,
2509 1784 2801 1846 Valentini,
2821 1783 3051 1837 Manetis
3072 1791 3128 1835 et
3146 1782 3462 1846 Marcionis;

186 1870 646 1940 quandoquidem
686 1876 953 1941 continet,
997 1878 1141 1932 unde
1185 1881 1356 1948 possit
1397 1882 1784 1935 nonnullorum
1820 1884 1861 1941 Β
1890 1878 1942 1931 in
1968 1892 2135 1937 nono,
2163 1875 2463 1930 Macedonii
2495 1875 2561 1928 de
2596 1873 2804 1941 Spiritu
2846 1879 3033 1924 saneto
3068 1870 3321 1923 haeresin.

185 1959 369 2014 audax
412 1978 516 2032 pro
550 1964 898 2019 Theodoreto
943 1967 1192 2022 defensio
1240 1969 1437 2024 refelli.
1480 1970 1615 2024 Nam
1660 1987 1781 2026 cum

186 2052 550 2109 adducuntur
592 2073 658 2111 ex
708 2058 992 2112 veteribus
1044 2062 1419 2138 monumentis
1462 2074 1786 2137 argumenta

188 2162 283 2216 per
331 2163 394 2202 se
451 2149 825 2203 ineluctabilia
877 2150 1140 2206 adversus
1187 2153 1624 2221 Theodoretum,
1677 2172 1785 2209 non

185 2239 535 2293 erubescunt
586 2242 663 2295 illi
711 2242 1106 2311 suppositionis
1162 2248 1481 2315 exceptione
1531 2249 1632 2313 uti,
1674 2250 1787 2305 haec

185 2341 406 2395 contra,
440 2335 747 2401 quantasvis
796 2336 1139 2405 antiquitatis
1184 2338 1293 2391 sint
1332 2356 1452 2409 quae
1493 2343 1786 2410 proferun-

189 2431 277 2476 tur
307 2433 707 2491 monumenta;
738 2442 839 2479 nec.
871 2427 1327 2495 suppositionem,
1351 2448 1472 2501 quas
1509 2433 1790 2487 confiden-

187 2515 257 2568 tia
282 2524 394 2579 est,
426 2516 648 2570 aliunde
679 2516 937 2585 probant,
968 2534 1131 2587 quam
1162 2521 1313 2589 quia,
1338 2523 1381 2575 si
1409 2522 1789 2593 reciperentur

188 2609 338 2662 velut
388 2610 663 2678 genuina,
704 2609 984 2662 fatendum
1029 2619 1206 2674 esset,
1252 2611 1662 2668 Theodoretum
1707 2617 1788 2670 in-

188 2696 354 2768 digna
388 2698 654 2767 episcopo
679 2698 764 2751 sui
792 2696 1032 2751 nominis
1056 2701 1305 2755 convicia
1332 2704 1646 2773 projecisse.
1681 2706 1787 2760 Sed

187 2802 309 2856 qua:
346 2788 575 2842 tandem
618 2788 890 2842 atrociora
936 2787 1053 2844 istis
1096 2794 1367 2862 projicere
1410 2811 1649 2866 unquam
1692 2814 1790 2867 po-

190 2881 335 2934 tuit?

392 3041 409 3055 ’
435 3037 679 3113 Epislqla
705 3042 839 3113 7151,
873 3059 1033 3113 quam
1077 3042 1423 3096 Theodoretus
1451 3050 1634 3096 contra
1664 3060 1787 3101 san-

410 3117 553 3161 ctum
587 3109 850 3181 Cyrillum
884 3109 953 3167 ad
984 3114 1309 3166 monasteria
1344 3113 1571 3183 scripsit.

258 3242 301 3296 1.
330 3241 468 3307 Quze
507 3242 597 3296 hic
624 3244 912 3315 inscriptio
944 3256 1048 3309 est,
1087 3245 1279 3301 eadem
1315 3244 1516 3313 legitur
1548 3244 1605 3298 in
1634 3246 1785 3301 Actis
1812 3224 1858 3288 θ

190 3344 224 3385 v
246 3332 472 3403 synodi,
502 3334 794 3389 collatione
823 3338 885 3402 5;
928 3353 1038 3407 quo
1072 3338 1125 3390 in
1166 3337 1287 3391 loco
1328 3342 1583 3405 excerpta
1609 3337 1789 3406 profe-

194 3435 396 3479 runtur
421 3441 489 3479 ex
518 3426 676 3480 libris
709 3428 816 3482 illis
842 3428 1197 3491 Theodoreti,
1236 3442 1373 3497 quos
1413 3422 1561 3482 velut
1595 3429 1789 3483 adver-

189 3530 278 3570 sos
308 3516 468 3583 ﬁdei,
502 3527 558 3572 et
599 3520 652 3572 in
684 3518 947 3591 Cyrillum
991 3521 1305 3591 injui-iosos,
1337 3531 1522 3579 sancta
1552 3523 1789 3593 synodus

190 3606 499 3663 damnavit.

261 3701 327 3754 ll.
374 3701 513 3766 Quae
558 3702 626 3755 ad
667 3704 1000 3757 monasteria
1045 3705 1338 3770 scribatur,
1368 3706 1470 3759 etsi
1516 3705 1791 3775 expressis

188 3790 380 3847 verbis
409 3809 522 3846 non
553 3795 819 3863 aperitur,
847 3810 1025 3864 neque
1057 3796 1109 3849 in
1127 3796 1281 3851 Actis
1311 3814 1343 3850 v
1374 3797 1588 3867 synodi,
1612 3812 1790 3866 neque

190 3884 339 3954 apud
373 3883 665 3953 Hugonem
698 3886 1083 3949 Etherianum,
1110 3887 1201 3956 qui
1231 3888 1592 3958 fragmentum
1619 3889 1791 3941 addu-

192 3976 294 4038 cit;
334 3975 505 4028 docet
548 3983 728 4030 tamen
769 3985 956 4046 aperte
1002 3978 1177 4032 codex
1218 3978 1440 4033 Grrecus
1480 3981 1789 4034 manuscri-

190 4074 319 4135 ptus
353 4082 463 4119 Lvu
502 4066 861 4123 Bibliotheca:
906 4069 1212 4138 imperialis
1246 4070 1703 4133 Vindobonensis,
1736 4070 1790 4123 in

193 4171 304 4224 quo
336 4155 663 4211 continetur
698 4158 928 4227 epistola
962 4158 1030 4212 ad
1066 4159 1363 4213 monachos
1394 4160 1788 4230 Euphratesize,

191 4244 522 4309 Osrhoenze,
556 4245 745 4317 Syriae,
782 4247 1081 4311 Phoenicis,
1114 4257 1169 4301 et
1202 4247 1427 4313 Cilicize,
1457 4249 1561 4303 hoc
1590 4249 1785 4303 titulo:

192 4336 575 4409 Θεῡδωρίτου,
633 4340 771 4409 πρὸς
823 4340 947 4401 τοὺς
1000 4340 1059 4391 ἐν
1127 4342 1192 4409 τῇ
1249 4339 1644 4410 Eappa-motat,
1700 4341 1792 4393 καὶ

207 4430 509 4499 Ὀσροηνῇ,
546 4433 638 4483 καὶ
678 4431 873 4502 Συρίᾳ.
906 4433 1000 4484 καὶ
1036 4432 1278 4503 Φοινίκῃ,
1313 4434 1407 4485 καὶ
1440 4432 1665 4503 Κιλικίᾳ
1696 4450 1789 4501 μο-

1960 1969 2047 2023 Vl.
2082 1969 2201 2023 Erit
2229 1968 2385 2031 forte,
2414 1968 2521 2020 imo
2546 1980 2734 2019 revera
2760 1964 2883 2025 fuit,
2909 1970 2968 2014 ut
2989 1962 3171 2023 audio,
3201 1961 3291 2029 qui
3320 1969 3466 2013 tanta

1890 2056 1943 2108 in
1975 2054 2236 2127 Cyrillum
2265 2055 2529 2117 convicia,
2560 2054 2945 2122 indoctamque
2980 2050 3465 2106 anathematismo-

1890 2162 2009 2200 rum
2058 2148 2544 2216 reprehensionem
2598 2145 2857 2208 miratus,
2916 2145 3250 2216 suppositam
3298 2141 3467 2195 fuisse

1889 2238 2238 2292 Theodoreto
2282 2237 2568 2307 epistolam
2616 2236 2805 2290 credat
2839 2253 2853 2290 ε
2886 2236 2982 2291 sed
3030 2238 3083 2288 in
3133 2234 3467 2289 contrarium

1886 2327 2096 2380 faciunt
2122 2328 2366 2396 quinque
2392 2335 2709 2395 argumenta
2743 2328 2783 2378 ³.
2822 2325 2873 2378 1.
2906 2324 3222 2379 Auctoritas
3252 2322 3469 2377 concilii

1888 2419 2213 2473 aecumenici
2247 2434 2313 2472 ex
2349 2419 2511 2488 366
2539 2418 2625 2472 his
2650 2417 3030 2472 instrumentis
3061 2416 3468 2470 Theodoretum

1888 2509 2219 2564 damnantis.
2260 2508 2313 2562 2.
2358 2508 2677 2563 Constantia
2726 2510 3012 2564 sententiae
3051 2509 3118 2562 de
3156 2506 3473 2561 anathema-

1892 2604 2179 2657 tismorum
2205 2618 2388 2665 sensu,
2414 2602 2727 2671 ubicunque
2749 2602 2815 2655 de
2842 2602 2972 2671 ipsis
2993 2601 3192 2671 agitur.
3216 2600 3266 2651 5.
3296 2598 3472 2651 Theo-

1887 2691 2065 2745 doreti
2100 2707 2275 2747 czecus
2321 2700 2376 2745 et
2417 2692 2469 2745 in
2498 2692 2811 2746 Nestorium
2846 2707 3020 2753 amor,
3047 2699 3103 2743 et
3126 2690 3182 2743 in
3207 2688 3472 2760 Cyrillum

1887 2800 2027 2854 pene
2053 2784 2227 2837 furor.
2255 2784 2307 2837 4.
2335 2783 2732 2837 Testimonium
2775 2783 3019 2853 Hugonis
3045 2780 3348 2843 Etheriani,
3376 2778 3471 2849 qui

1888 2894 1954 2931 ex
1975 2894 2039 2932 ea
2062 2877 2427 2947 fragmentum
2460 2877 2627 2931 refert
2654 2877 2722 2931 de
2748 2877 2956 2947 Spiritu
2981 2884 3189 2931 sancto.
3219 2876 3270 2930 5.
3300 2874 3472 2928 Tanta

1888 2971 2179 3024 consensio
2219 2970 2465 3039 epistolre
2509 2984 2631 3022 cum
2683 2969 3108 3037 reprehensione
3152 2965 3473 3021 anathema-

1892 3061 2201 3125 tismorum,
2239 3069 2299 3114 ut
2326 3059 2473 3113 aliud
2508 3074 2617 3112 non
2649 3058 2901 3112 videatur
2932 3073 3073 3121 esse,
3106 3070 3267 3126 quam
3304 3054 3475 3123 ipsius

1892 3170 1961 3224 qu
1971 3153 2145 3209 tedam
2184 3154 2511 3208 contractio.

1891 3286 2133 3358 Epistola
2171 3286 2292 3352 152,
2338 3286 2541 3341 Relatio
2579 3286 2929 3342 Orientalium
2971 3286 3039 3339 ad
3074 3287 3469 3356 imperatorem.

1960 3423 2038 3478 Ne
2063 3433 2260 3478 sancta:
2301 3424 2510 3495 quidem
2538 3423 2887 3487 Pentecostes,
2927 3430 3035 3476 etc.
3066 3421 3141 3475 De
3180 3419 3475 3476 Orientali—

1891 3516 1995 3570 bus
2038 3533 2145 3569 non
2181 3528 2264 3571 est
2298 3532 2501 3578 sermo,
2542 3516 2635 3570 sed
2680 3515 2746 3568 de
2782 3514 3019 3568 Nestorii
3053 3512 3365 3567 comitibus.
3393 3512 3472 3565 llli

1891 3607 2037 3661 enim
2069 3606 2161 3660 diu
2199 3615 2321 3676 post
2349 3608 2710 3661 Pentecosten
2744 3612 3037 3667 venerunt,
3076 3604 3153 3656 illi
3187 3610 3330 3656 ante.
3364 3602 3473 3657 Cur

1891 3715 2022 3753 vero
2064 3700 2404 3767 Nestorianis
2446 3700 2659 3753 nullum
2704 3698 2945 3767 patuerit
2993 3699 3275 3766 templum,
3314 3694 3477 3767 [Egy-

1893 3791 1983 3845 tiis
2008 3807 2140 3845 vero
2166 3791 2488 3860 creterisquc
2522 3790 2780 3860 patuerit,
2812 3805 2973 3843 causa
3001 3789 3235 3843 obscura
3261 3797 3362 3842 est.
3393 3788 3476 3843 An

1891 3881 2038 3951 quod
2083 3881 2393 3935 Nestoriani
2431 3882 2815 3935 communione
2862 3880 3012 3933 velut
3051 3878 3294 3933 haeretici
3324 3893 3477 3932 arce-

1894 3973 2118 4027 rentur?
2151 3972 2218 4025 At
2251 3972 2485 4027 necdum
2520 3972 2761 4027 damnati
2801 3980 2978 4026 erant.
3018 3971 3098 4025 An
3139 3970 3267 4039 quia
3304 3985 3478 4039 popu-

1891 4065 1979 4119 lus
2007 4065 2207 4118 mirum
2240 4064 2292 4117 in
2329 4064 2550 4118 modum
2590 4064 2845 4118 addictus
2877 4062 3049 4117 cultui
3082 4062 3254 4116 beatte
3294 4061 3477 4131 Virgi-

1891 4155 2014 4218 nis,
2066 4154 2258 4207 oderat
2307 4154 2559 4209 homines
2611 4154 2843 4219 Θεοτόκῳ
2890 4152 3171 4207 infensos?
3217 4154 3287 4207 At
3336 4154 3478 4207 nihil

1893 4245 2163 4316 ejusmodi
2211 4246 2389 4314 questi
2435 4253 2564 4299 sunt
2602 4245 2934 4299 Nestoriani.
2978 4244 3187 4315 Opinor
3232 4246 3478 4300 Memno-

1896 4354 2054 4401 nem,
2100 4346 2325 4407 propter
2371 4336 2627 4391 tuendam
2681 4352 2792 4391 sua:
2838 4336 2983 4391 sedis
3033 4338 3478 4407 praerogativam,

1898 4435 1914 4451 '
1950 4445 2071 4483 cum
2105 4429 2359 4483 Nestorio
2393 4429 2690 4482 convenire
2720 4429 2964 4482 noluisse
2996 4447 3007 4480 ε
3041 4437 3304 4482 tentasset
3333 4429 3481 4482 enim

193 4521 486 4585 νὰζοντας.
526 4522 867 4593 Principium
904 4538 1038 4577 vero
1079 4532 1201 4577 est:
1247 4523 1421 4593 Ὁρῶν
1464 4524 1562 4594 τὴν
1610 4525 1666 4577 ἐν
1715 4523 1790 4595 τῷ

1896 4521 2208 4584 Nestorius,
2256 4520 2432 4575 fretus
2468 4522 2592 4590 jure
2641 4522 2733 4574 illo
2779 4522 3017 4590 litigioso
3049 4535 3162 4574 sua:
3196 4519 3373 4583 sedis,
3424 4519 3480 4573 in

194 4613 433 4680 παρόντι
472 4614 649 4684 καιρῷ
680 4615 781 4685 τῆς
833 4613 1156 4683 Ἐκκλησίας
1198 4615 1530 4668 κατάστασιν
1574 4614 1639 4679 ⁸³,
1682 4623 1789 4669 etc.

271 4703 364 4759 111.
408 4705 703 4759 Scribebat
747 4721 879 4761 vero
912 4705 1292 4760 Theodoretus
1324 4705 1609 4774 epistolam
1645 4707 1792 4774 ejus-

195 4800 350 4856 modi
378 4798 716 4868 encyclicam
751 4797 818 4851 ad
846 4798 1141 4852 orientales
1182 4798 1500 4861 monachos,
1538 4805 1598 4851 ut
1632 4813 1726 4853 eos
1763 4816 1792 4853 a

199 4890 461 4961 partibus
493 4886 680 4957 Cyrilli
726 4896 1022 4949 averteret,
1064 4886 1525 4955 quemadmodum
1560 4887 1795 4959 Cyrillus

198 4980 514 5053 Aigyptios,
544 4978 800 5048 ipsosque
826 4978 990 5033 etiam
1015 4977 1652 5049 Constantinopolitanos
1680 4995 1797 5034 mo-

200 5074 417 5128 nachos
442 5088 474 5125 a
499 5070 749 5125 Nestorio
777 5069 1097 5124 abduxerat.

273 5165 364 5220 IV.
401 5163 583 5233 Atque
621 5163 751 5217 hinc
790 5171 1026 5232 tempus,
1061 5178 1170 5232 quo
1208 5162 1373 5218 missa
1405 5172 1509 5230 est,
1545 5180 1653 5219 non
1687 5165 1791 5219 im-

203 5258 577 5330 probabiliter
619 5255 873 5319 infertur,
904 5271 1013 5325 quo
1053 5270 1250 5324 nempe
1289 5266 1559 5311 venerunt
1601 5256 1655 5310 in
1702 5272 1794 5310 ur-

204 5350 333 5406 bem
362 5350 570 5419 regiam
597 5347 666 5401 ad
687 5347 1002 5402 Nestorium
1032 5347 1491 5417 reprehensiones
1518 5348 1753 5415 capitum
1776 5364 1789 5401 :

1898 4617 2023 4671 Asia
2075 4614 2404 4683 praasidere,
2447 4614 2597 4668 velut
2642 4614 2697 4668 in
2736 4613 2979 4668 Ecclesia
3025 4628 3137 4667 suae
3178 4613 3477 4667 diceeesis:

1900 4707 2045 4776 quod
2082 4706 2127 4760 si
2180 4706 2396 4759 tulisset
2440 4705 2735 4769 Memnon,
2783 4704 3121 4759 deseruisset
3189 4705 3477 4773 antiquunm

1899 4814 2008 4853 suae
2054 4796 2448 4866 autocephalize
2474 4797 2584 4866 jus,
2628 4796 2758 4849 olim
2805 4812 2835 4849 a
2871 4794 3262 4865 Chrysostomo
3303 4801 3481 4848 tenta-

1901 4897 2048 4955 tum;
2077 4889 2225 4959 quod
2254 4888 2514 4952 retinere,
2538 4904 2661 4943 cum
2695 4889 2830 4942 alias
2862 4887 2989 4941 totis
3019 4886 3235 4941 viribus
3263 4886 3354 4939 vix
3383 4900 3481 4954 po-

1902 4982 2116 5045 tuisset,
2147 4997 2295 5036 nunc
2315 4998 2379 5037 ea
2406 4998 2588 5036 rerum
2614 4980 2929 5035 conditione
2955 4979 3113 5034 facile
3136 4979 3371 5033 valebat.

1969 5072 2361 5136 Candidianus,
2392 5082 2499 5128 ete.
2532 5073 2966 5128 Domesticorum
2999 5072 3087 5126 ille
3129 5086 3313 5125 comes
3351 5086 3478 5125 cum

1898 5165 2150 5219 Nestorio
2197 5164 2301 5219 fuit
2344 5165 2583 5219 amicitia
2634 5166 2979 5236 conjunctus,
3021 5162 3254 5233 ideoque
3300 5177 3480 5217 causa:

1900 5257 2182 5312 catholicae
2211 5273 2319 5312 non
2349 5257 2479 5312 satis
2513 5273 2725 5327 aequus.
2764 5257 2901 5311 Nam
2924 5264 2981 5311 et
3013 5271 3137 5311 cum
3168 5255 3234 5309 de
3258 5252 3481 5324 negotio

1900 5349 2260 5421 defositionis
2304 5350 2541 5406 Nestorii
2593 5349 2807 5405 diceret
2861 5364 3046 5404 coram
3085 5346 3479 5411 Orientalibus,

1524 5498 1840 5558 SCHULle
1880 5499 2108 5556 ΝΟΤᾸΞ.

280 5625 324 5656 ’⁵
354 5622 495 5678 Vide
532 5620 799 5685 integram
850 5619 1134 5688 epistolam
1177 5617 1363 5674 Graece
1402 5618 1468 5673 ad
1502 5618 1877 5687 apographum
1939 5618 2171 5671 Viudob.
2207 5635 2482 5685 excusant,
2547 5629 2585 5673 t.
2644 5620 2732 5683 IV,
2796 5635 2849 5687 p.
2884 5617 3012 5670 1291
3052 5631 3165 5684 seq.
3237 5612 3476 5688 Delenda

208 5694 435 5748 fuerunt
470 5706 594 5760 qua:
636 5683 936 5745 Garnerius
975 5690 1043 5744 de
1107 5705 1297 5760 manca
1332 5699 1453 5753 ista,
1489 5683 1650 5757 quam
1681 5683 1929 5751 dederat,
1963 5688 2153 5760 Latina
2173 5683 2537 5760 _versionc,'et
2568 5691 2635 5744 de
2681 5683 2857 5760 textus
2885 5687 3056 5760 (ἓνεοί
3091 5684 3341 5760 exemplo
3373 5683 3475 5736 sibi

209 5755 853 5834 denegata-scripserat._
916 5760 1057 5834 {llis
1090 5759 1302 5834 gemina
1343 5760 1454 5813 vid.
1483 5755 1665 5829 supra,
1696 5774 1749 5827 p.
1784 5759 2029 5834 l_55.seAq.
2101 5759 2120 5788 ’
2155 5758 2413 5834 Quinque.
2454 5760 2598 5813 Edit.
2634 5760 2785 5834 prior
2824 5758 3059 5813 habebat
3085 5771 3195 5823 sex,
3225 5755 3318 5810 sed
3350 5769 3483 5808 non-

211 5831 315 5889 nisi
348 5828 597 5906 quinque
628 5828 857 5902 proferri
902 5828 1148 5885 vidcmtis
1183 5830 1443 5895 rationes,
1477 5828 1677 5898 easque
1717 5830 1855 5897 satis
1894 5828 2155 5883 infirmas.
2202 5828 2317 5884 Vid.
2354 5847 2540 5901 supra,
2573 5828 2782 5901 p.108.
