4228 6446
750 420 855 490 315

1856 426 2233 488 GARNERII
2271 423 2766 485 DISSERTATIO
2809 425 2887 483 II.

3914 411 4022 478 3l6

755 539 927 592 multa
963 535 1225 591 mentitus
1246 543 1352 601 est,
1385 543 1440 590 et
1464 535 1680 589 obstitit
1707 536 1911 590 etausis
1945 536 2069 599 viis,
2094 551 2163 589 nc
2210 549 2335 604 syu-
2366 535 2410 592 Α
2440 534 2516 587 ris
2539 549 2663 587 cum
2693 531 3057 601 praecedente,
3089 539 3252 600 atque
3283 528 3420 583 adeo
3450 524 3807 589 Theodoreti,
3832 524 4023 579 nullus

763 631 855 685 odi
887 628 1168 684 catholica
1197 628 1395 683 littera:
1423 626 1492 681 ad
1522 628 1914 698 imperatorem
1968 629 2248 693 venirent;
2283 636 2337 681 et

757 716 823 771 ad
872 716 1052 785 ipsum
1096 716 1485 786 imperatorem
1523 712 1727 771 ~retulit
1777 718 2116 772 mendaciter
2158 736 2171 771 :
2217 732 2339 786 qua:

758 820 921 859 causa
954 806 1077 871 fuit,
1115 822 1214 860 cur
1249 815 1372 875 post
1405 806 1696 862 veritatem
1730 810 1970 879 agnitam
1998 810 2065 864 ab
2094 808 2216 863 aula
2241 824 2338 863 ex—

758 900 1079 968 pelleretur.

838 987 1028 1041 Vestris
1054 988 1272 1042 decretis
1305 988 1644 1053 conculcatis,
1677 999 1785 1044 etc.
1815 989 1950 1044 Mira
1977 988 2339 1044 Orientalium

758 1076 1019 1129 audacia!
1058 1077 1117 1130 ln
1164 1093 1272 1146 quo
1321 1080 1469 1132 enim
1511 1079 1701 1134 Patres
1747 1081 2101 1134 mcumenica‘.
2148 1080 2341 1151 synodi

759 1168 1034 1221 violarunt
1076 1169 1298 1222 decreta
1344 1170 1694 1239 principum?
1729 1170 2057 1226 Condictum
2103 1179 2224 1227 erat
2272 1172 2340 1227 ad

759 1260 905 1313 diem
963 1261 1335 1315 Pentecostes.
1386 1260 1779 1317 Convenerunt
1831 1264 2161 1333 patriarcha:
2206 1272 2337 1330 tres,

759 1350 1027 1420 Cyrillus,
1073 1351 1360 1406 Nestorius
1399 1361 1456 1407 et
1502 1353 1810 1417 Juvenalis,
1861 1356 2046 1424 plures
2090 1354 2341 1412 ducentis

758 1444 1003 1512 episc0pi
1032 1443 1299 1509 aderant;
1329 1455 1701 1515 exspectatum
1720 1457 1804 1501 est
1833 1446 1972 1501 ultra
2003 1448 2338 1515 condictum,

760 1535 958 1589 diebus
1005 1537 1134 1589 totis
1187 1538 1538 1606 quindecim,
1582 1554 1790 1593 moram
1847 1541 1900 1593 in
1951 1540 2037 1594 via
2090 1541 2342 1597 trahebat

760 1626 999 1694 maligno
1016 1628 1246 1681 consilio
1269 1627 1678 1690 Antiochenus;
1707 1630 1951 1683 incertus
1970 1639 2090 1683 erat
2116 1641 2342 1700 propter

762 1717 930 1770 maris
959 1716 1386 1779 inconstantiam
1414 1718 1849 1773 Occidentalium
1877 1720 2173 1774 adventus.
2213 1722 2341 1776 Post

757 1807 987 1862 Joannis
1038 1824 1382 1877 responsum,
1432 1810 1708 1863 monentis
1759 1810 1966 1872 Patres,
2012 1818 2073 1862 ut
2115 1820 2340 1881 agerent

759 1899 904 1968 quod
930 1900 1200 1969 agendum
1228 1910 1507 1970 putarent,
1540 1902 1743 1957 factum
1767 1912 1851 1956 est
1873 1903 2066 1973 synodi
2099 1904 2339 1971 initium,

759 1991 1153 2061 tergiversante
1189 1992 1413 2060 quidem
1448 1992 1731 2058 Nestorio;
1773 1992 1887 2057 sed,
1913 2005 2133 2045 reorum
2172 2010 2341 2061 more,

756 2082 1024 2152 judicium
1060 2082 1417 2135 detrectabat.

832 2172 1273 2237 Prwstolabatur,
1334 2182 1440 2229 etc.
1499 2174 1850 2231 Praestolatus
1905 2190 1989 2233 est
2029 2182 2204 2251 reipsa
2238 2180 2343 2253 Cy-

761 2263 919 2316 rillus
950 2278 1075 2316 cum
1118 2263 1408 2317 catholicis
1451 2280 1549 2333 per
1583 2264 1701 2319 dies
1734 2268 2049 2334 quindecim
2086 2289 2100 2325 :
2132 2272 2226 2327 sed
2260 2274 2345 2326 in-

762 2354 1042 2422 telligebat
1072 2353 1255 2416 simul,
1283 2369 1393 2422 quo
1418 2363 1689 2422 spectaret
1718 2356 1971 2412 affectata
2003 2360 2071 2413 ab
2094 2361 2347 2417 Orienta-

761 2444 908 2499 libus
953 2446 1053 2499 vire
1092 2461 1266 2509 mora,
1299 2461 1497 2514 nempe
1540 2447 1607 2500 ad
1651 2449 1834 2502 omnia
1866 2453 2261 2519 perturbanda,
2293 2464 2349 2509 et

762 2553 861 2607 per
913 2537 993 2590 fas
1046 2553 1109 2592 ac
1163 2537 1316 2592 nefas
1368 2538 1730 2594 invadendam
1788 2543 1982 2613 synodi
2042 2545 2346 2615 praasiden-

765 2632 917 2686 tiam.

835 2724 997 2794 367
1027 2723 1272 2794 Reliquos
1306 2726 1853 2791 excommunicationi,
1877 2737 1981 2783 etc.
2017 2729 2087 2785 Ut
2113 2730 2351 2786 Joannes

766 2817 976 2887 synodo
1030 2816 1379 2885 praesideret,
1430 2833 1727 2887 rerumque
1771 2821 1980 2889 potitus
2033 2832 2231 2877 cuncta
2284 2840 2351 2878 ex

766 2909 999 2983 arbitrio
1040 2907 1404 2962 Orientalium
1451 2918 1773 2980 perageret,
1824 2912 1991 2965 traxit
2037 2929 2245 2968 moram
2295 2916 2353 2969 in

768 3001 874 3063 via,
917 3000 1091 3054 donec
1120 3000 1407 3055 Nestorius
1438 3000 1843 3070 deponeretur;
1878 3003 2130 3073 deposito
2168 2986 2352 3060 statim

767 3092 1061 3155 advolavit,
1105 3100 1165 3146 ut
1198 3092 1493 3146 adventum
1535 3093 1836 3162 legatorum
1868 3095 2016 3149 sedis
2045 3097 2355 3165 apostolica:

770 3192 1140 3253 praeverteret.
1190 3184 1467 3252 Ephesum
1514 3185 1797 3253 appulsus.
1844 3186 2085 3240 nondum
2132 3188 2353 3256 pulvere

767 3276 1010 3340 deterso,
1052 3284 1385 3329 nocturnum
1431 3290 1495 3329 ac
1538 3291 1784 3345 praeceps
1816 3276 2085 3346 judicium
2133 3278 2189 3331 in
2235 3278 2353 3347 ipso

768 3365 1012 3434 hospitio
1043 3365 1310 3425 exercuit,
1346 3380 1414 3417 ne
1454 3380 1580 3432 quis
1622 3366 1843 3418 nomine
1885 3366 1969 3419 vel
2013 3367 2354 3434 patriarcha-

772 3464 881 3518 tus,
907 3455 991 3508 vel
1022 3454 1438 3523 autocephalite,
1465 3455 1555 3524 jus
1592 3454 1921 3522 praesidendi
1964 3455 2191 3509 haberet
2220 3473 2233 3508 :
2262 3471 2357 3510 ex-

770 3545 1254 3600 communicationi
1296 3546 1484 3599 Patres
1526 3546 1766 3613 reliquos
1808 3544 2060 3614 subjecit,
2093 3560 2160 3599 ne
2197 3544 2357 3599 resti-

775 3647 927 3691 tuere
961 3637 1240 3705 depositos
1271 3646 1516 3705 possent.

851 3726 1170 3795 Apollinarii
1198 3734 1245 3779 et
1268 3726 1537 3789 Eunomii,
1564 3734 1670 3779 etc.
1699 3724 1936 3779 Consule
1972 3723 2356 3792 reprehensio-

773 3834 898 3872 nem
944 3819 1560 3881 anathematismorum,
1610 3826 1665 3871 et
1714 3816 2001 3886 epistolas,
2046 3815 2101 3868 in
2153 3815 2354 3883 quibus

776 3910 1156 3965 Thcodoretus
1194 3910 1262 3964 de
1306 3910 1499 3963 iisdem
1547 3908 2019 3962 anathematismis
2062 3907 2352 3977 loquitur:

773 4010 830 4057 et
873 4002 1032 4056 facile
1074 4002 1479 4056 animadvertes
1533 4001 1674 4055 hanc
1707 4001 2089 4055 hmreticorum
2129 4001 2358 4071 conjun-

773 4094 1015 4148 cliouem
1065 4093 1343 4164 propriam
1387 4108 1508 4146 esse
1547 4092 1901 4155 Theodoreti,
1933 4093 2161 4162 ejusque
2205 4091 2359 4145 velut

774 4186 1278 4257 χαρακτηριστικὴν
1318 4184 1541 4255 φράσιν.

847 4277 1001 4343 Quod
1031 4294 1153 4331 vero
1182 4278 1410 4340 tardius,
1439 4287 1544 4330 etc.
1574 4276 1904 4338 Orientales,
1930 4291 2000 4331 ne
2037 4275 2359 4330 viderentur

774 4374 960 4426 omnia
1006 4370 1134 4424 dolo
1179 4370 1322 4423 malo
1367 4377 1424 4423 et
1461 4370 1596 4426 vitio
1642 4368 1860 4430 fecisse,
1898 4367 2207 4422 tarditatem
2257 4367 2359 4421 viae

776 4475 1039 4515 excusare
1081 4461 1262 4514 conati
1313 4468 1472 4524 sunt;
1525 4459 1619 4514 sed
1668 4460 1873 4529 apertis
1920 4459 2221 4513 mendaciis
2265 4466 2360 4513 aut

2440 636 2525 680 cst
2560 625 2845 679 dubitandi
2880 625 3054 687 locus,
3093 624 3138 677 si
3174 621 3542 677 adhibeantur
3584 619 3862 689 κριτήρια,
3896 632 4023 686 quae

2441 717 2639 783 solent,
2669 726 2725 772 et
2762 717 2855 771 flat
2882 716 3103 771 collatio
3132 730 3257 771 cum
3292 714 3558 769 concione
3585 711 3770 765 habita
3794 708 4025 765 Chalce-

2441 809 2585 864 done.
2618 827 2648 864 a
2677 809 3045 874 Theodoreto,
3083 809 3099 829 ⁶
3126 807 3180 862 in
3213 822 3322 878 qua
3364 805 3508 860 idem
3542 804 3697 859 locus
3732 802 3885 857 Isaia:
3914 810 4025 856 tra—

2442 910 2708 959 ctaretur.

2512 993 2764 1049 Nostrum
2791 994 3071 1047 adventum
3100 989 3421 1063 pra‘stolari,
3448 998 3555 1042 etc.
3582 986 3639 1041 ld
3664 986 3930 1055 scriptum
3953 983 4023 1038 ad

2442 1085 2750 1141 Orientales
2788 1102 2816 1139 a
2855 1084 3058 1157 Cyrillo
3113 1083 3337 1138 nomine
3384 1081 3722 1149 reliquorum
3770 1079 4023 1138 Patrum.

2443 1183 2504 1231 ut
2534 1176 2601 1230 ad
2628 1174 3007 1230 maturandam
3041 1174 3183 1229 viam
3217 1173 3579 1227 incitarentur
3610 1186 3623 1224 :
3650 1183 3775 1221 nam
3802 1168 4027 1236 elapsus

2438 1266 2549 1337 jam
2592 1266 2798 1321 dudum
2838 1274 2959 1321 erat
2997 1266 3285 1320 condictus
3315 1263 3454 1318 dies.
3501 1261 3638 1315 Silet
3668 1274 3799 1313 vero
3838 1257 4027 1311 Theo-

2443 1356 2668 1412 doretus
2704 1356 2931 1422 callide,
2988 1357 3041 1410 in
3088 1357 3191 1410 hac
3240 1363 3296 1410 et
3344 1352 3686 1425 praecedente
3735 1350 4026 1412 relatione,

2442 1448 2590 1519 quod
2636 1432 2876 1504 Joannes
2925 1463 3026 1519 per
3066 1446 3445 1516 metropolitas
3493 1443 3661 1504 duos,
3703 1456 3840 1510 quos
3879 1455 4027 1508 prte-

2443 1541 2691 1605 miserat,
2730 1539 2932 1612 Cyrillo
2965 1540 3280 1609 scripserat,
3308 1546 3367 1592 ut
3397 1537 3639 1600 interim,
3666 1536 3797 1591 dum
3823 1533 4029 1589 Orien-

2444 1634 2580 1688 tales
2633 1632 2917 1696 venirent,
2966 1631 3020 1686 id
3077 1632 3233 1687 ﬁeret
3282 1629 3427 1700 quod
3481 1628 3795 1683 faciendum
3866 1626 4029 1679 vide—-

2444 1734 2618 1778 retur.

2517 1816 2697 1869 Tridui
2740 1816 2948 1878 itinere,
2989 1821 3097 1867 etc.
3132 1813 3291 1867 Bidui
3338 1812 3599 1866 duntaxat
3631 1809 3835 1862 mentio
3879 1806 3939 1860 fit
3974 1807 4032 1861 in

2446 1908 2732 1979 superiore
2774 1906 3060 1970 relatione,
3093 1905 3188 1959 sed
3227 1921 3326 1975 per
3365 1903 3589 1975 μείωσιν
3620 1901 3922 1970 vulgarem.

2517 2000 2775 2072 Aspidum
2804 2016 2899 2053 ova
2931 1999 3222 2069 fregerunt,
3264 2006 3369 2051 etc.
3412 1995 3593 2049 Locus
3626 1994 3714 2048 hic
3745 2007 3869 2046 cum
3913 2006 4038 2045 ser-

2444 2106 2608 2146 mone
2675 2089 2937 2162 prredicto
2971 2089 3204 2145 collatus
3270 2086 3682 2143 Theodoretum
3738 2082 4034 2138 manifeste

2446 2181 2650 2251 prodit.

2450 2291 2692 2363 Epistola
2732 2293 2854 2359 154,
2894 2292 3102 2347 Relatio
3138 2291 3493 2363 Orientalium
3526 2291 3594 2345 ad
3621 2296 3864 2344 senatum
3896 2285 4040 2343 Con-

2942 2361 3499 2434 stantinopolitanum.

2531 2476 2732 2544 Ἀγῐων
2780 2474 2875 2530 καὶ
2923 2475 3249 2529 καλλινίκων
3301 2474 3614 2546 μαρτύρων,
3658 2482 3764 2527 etc.
3813 2470 4042 2525 Phrasis

2450 2566 2801 2621 Theodoreto
2824 2568 3129 2633 familiaris,
3160 2583 3222 2621 ac
3249 2556 3439 2621 forsan
3467 2566 3639 2621 solius
3666 2563 3910 2634 pr0pria.

2522 2657 2688 2728 368
2759 2658 3185 2714 Εὑσεὸεστάτων
3255 2659 3349 2711 καὶ
3420 2656 3782 2727 φιλοχρίστων
3858 2653 4043 2724 βασι-

2451 2748 2607 2813 λέων,
2648 2760 2754 2806 etc.
2806 2751 2873 2806 Et
2920 2752 3037 2807 haec
3085 2767 3306 2824 quoque
3356 2750 3574 2821 phrasis
3626 2748 4044 2804 Theodoretum

2451 2839 2656 2909 prodit.

2455 2951 2695 3023 Epistula
2725 2953 2849 3020 155,
2868 2954 3093 3009 Joannis
3118 2948 3425 3008 Antiocheni
3453 2953 3522 3007 ad
3545 2952 3745 3006 clerum
3774 2950 4047 3007 Constan-

3021 3024 3453 3095 tinopolitanum.

2535 3140 2759 3194 Aranete
2791 3137 2953 3193 telam
2982 3154 3112 3204 esse,
3140 3145 3247 3192 etc.
3277 3135 3403 3191 Hmc
3433 3136 3603 3191 dictio
3631 3135 3673 3189 Τ
3678 3133 4048 3190 heodoretum

2380 3223 2425 3281 (ἶ
2457 3244 2738 3291 auctorem
2767 3232 2995 3286 indicat.

2529 3324 2821 3388 Iudicibus,
2847 3331 2955 3377 etc.
2985 3320 3109 3376 Haec
3148 3321 3316 3391 igitur
3339 3319 3571 3389 epistola
3597 3318 3791 3373 ordine
3822 3326 4049 3386 pertur-

2456 3416 2585 3470 bato
2614 3415 2669 3469 in
2693 3412 2945 3468 conciliis
2967 3409 3321 3481 generalibus
3348 3408 3650 3463 collocatur
3677 3417 3804 3463 ante
3833 3409 4049 3478 episto-

2454 3510 2565 3565 lam
2602 3508 2666 3562 ad
2704 3514 2975 3561 senatum.

2465 3616 2700 3689 lz'pistola
2741 3616 2863 3677 156,
2883 3616 3115 3689 Joannis
3145 3613 3455 3689 Antias/teni
3475 3612 3821 3689 aliorumque
3851 3614 4054 3684 episco-

2600 3704 2786 3758 porum
2822 3685 2890 3740 ad
2923 3683 3176 3755 populum
3208 3681 3859 3753 Constantinopolitanum

2541 3796 2941 3866 Quinquaginta
2990 3796 3255 3864 episwpos
3296 3792 3594 3864 Egyptios,
3633 3802 3738 3848 etc.
3780 3793 3884 3860 Qui
3930 3794 4051 3851 fue-

2459 3890 2590 3953 rint,
2611 3897 2667 3944 et
2689 3889 2846 3958 cujus
2877 3887 3138 3951 civitatis,
3166 3886 3280 3942 sive
3307 3900 3445 3955 quos
3468 3884 3705 3956 Cyrillus
3727 3901 3794 3941 ex
3812 3885 4053 3957 Egypto

2457 3982 2743 4045 eduxerat,
2791 3981 2907 4035 sive
2954 3994 3094 4049 quos
3132 3994 3202 4034 ex
3234 3977 3361 4032 Asia
3405 3977 3659 4032 Memnon
3697 3988 4050 4045 evocaverat,

2456 4074 2617 4127 facile
2657 4073 2999 4143 dignoscitur
3037 4086 3105 4125 ex
3147 4070 3470 4124 recensione
3508 4070 3919 4139 episcoporum,
3956 4072 4051 4140 qui

2459 4165 2650 4235 prima:
2686 4164 2889 4218 actioni
2917 4162 3003 4217 vel
3040 4160 3432 4224 interfuerunt,
3460 4161 3546 4214 vel
3575 4160 4050 4229 subscripserunt.

2461 4256 2564 4312 Ubi
2590 4254 2987 4317 animadverte,
3010 4253 3156 4307 inter
3179 4251 3559 4322 metropolitas
3582 4252 3860 4306 neminem
3888 4251 4057 4325 ,Ἐθε-

2462 4349 2641 4419 ptium
2681 4348 2917 4403 censeri.
2951 4344 3110 4412 Quod
3154 4352 3483 4415 argumento
3526 4352 3631 4410 est,
3664 4345 3876 4399 nullum
3921 4355 4058 4402 tunc

2462 4441 2729 4510 temporis
2768 4440 2821 4493 in
2855 4437 3087 4509 Egypto
3127 4436 3613 4507 metropolitanum
3651 4435 3819 4490 fuisse
3849 4446 4058 4505 prater

777 4559 929 4605 certe
960 4549 1212 4604 futilibus
1241 4550 1550 4605 rationibus
1574 4550 1660 4605 usi
1689 4560 1839 4605 sunt.
1865 4549 2000 4605 Vide
2025 4551 2152 4604 vitae
2182 4549 2361 4603 Theo—
2392 4556 2435 4611 D
2464 4531 2891 4586 Alexandrinum
2925 4530 2967 4584 ³ο

779 4641 957 4694 doreti
999 4648 1164 4709 caput
1204 4641 1256 4694 5.
1288 4640 1535 4695 Fuerunt
1576 4650 1781 4704 tamen,
1819 4640 1914 4710 qui
1954 4655 2092 4710 quos
2125 4639 2364 4711 Cyrillus

781 4732 1041 4794 convicit,
1068 4729 1323 4785 defensos
1344 4730 1567 4785 vellent.
1595 4730 1798 4786 Verum
1828 4732 1881 4784 in
1910 4732 2016 4786 hoc
2038 4740 2363 4801 argumento

782 4822 1075 4876 infeliciter
1110 4823 1182 4875 ita
1204 4824 1413 4876 versati
1437 4834 1587 4887 sunt,
1619 4832 1681 4876 ut
1714 4833 1915 4892 praeter
1941 4822 2083 4877 facta
2112 4822 2361 4892 quaedam

781 4914 1085 4983 supposita,
1114 4921 1167 4968 et
1196 4915 1385 4969 vitiata
1413 4915 1747 4981 testimonia,
1772 4915 1911 4968 nihil
1944 4914 2253 4969 attulerint.

887 5045 1125 5117 Epistola
1156 5047 1277 5111 155,
1303 5047 1507 5102 Relatio
1536 5045 1886 5102 Orientalium
1920 5047 1987 5100 ad
2025 5048 2251 5116 reginas.

857 5188 939 5241 Ad
971 5188 1200 5257 reginas,
1236 5186 1583 5241 Pulcheriam
1627 5192 1683 5239 et
1722 5183 2054 5246 Eudoxiam;
2098 5180 2194 5237 sed
2236 5179 2362 5235 Pul-

782 5278 1026 5332 elscriam
1059 5277 1313 5341 maxime,
1348 5290 1531 5329 rerum
1566 5283 1866 5343 potentem.

858 5370 1077 5423 Relatio.
1114 5369 1251 5423 Cum
1286 5368 1354 5421 ab
1393 5366 1748 5421 inferioribus
1774 5364 1839 5418 ad
1871 5363 2146 5433 principes
2168 5360 2366 5437 scribi-

786 5470 875 5516 tur
907 5462 973 5516 de
1000 5463 1165 5531 gestis
1192 5460 1545 5531 quibusdam,
1575 5458 1767 5513 relatio
1796 5464 1880 5510 est
1905 5474 1917 5507 :
1946 5471 2069 5509 cum
2104 5458 2171 5509 ad
2203 5454 2361 5515 alios,

786 5555 1035 5625 epistola.
1066 5554 1170 5607 lsta
1208 5568 1374 5623 porro
1410 5550 1601 5605 relatio
1636 5550 1769 5619 quin
1798 5547 2041 5618 ejusdem
2069 5546 2141 5601 sit
2169 5553 2361 5598 aucto-

2098 5684 2225 5739 SCH
2237 5681 2415 5737 ULle

2500 4646 2743 4719 Epistola
2784 4646 2906 4711 162,
2946 4662 3106 4716 quam
3150 4642 3499 4719 Zheodoretus
3528 4643 3752 4719 _scripsit
3787 4642 4021 4699 Andrei:

3152 4711 3501 4768 Samosateno
3526 4713 3567 4767 ’⁵.

2538 4807 2617 4862 Ad
2638 4807 2929 4869 Andream,
2958 4814 3066 4859 etc.
3096 4804 3148 4858 ls
3171 4811 3273 4867 est,
3301 4803 3397 4873 qui
3423 4801 3787 4858 Orientalium
3827 4803 4057 4857 nomine

2464 4897 2802 4967 objectiones
2832 4896 3097 4950 adversus
3118 4892 3408 4949 duodecim
3441 4893 3678 4962 capitula
3704 4892 3895 4963 Cyrilli
3923 4908 4059 4947 con-

2466 4990 2727 5059 scripsit:
2762 4988 2911 5057 quod
2953 4986 3085 5041 fecit
3123 5002 3233 5040 non
3278 4985 3602 5039 immodeste
3645 4985 3921 5053 primum;
3959 4986 4056 5039 sed

2467 5091 2679 5152 postea,
2724 5089 2785 5133 ut
2824 5078 3233 5133 Theodoretum
3281 5074 3602 5129 defenderet
3638 5083 3825 5127 contra
3860 5073 4057 5145 Cyrilli

2467 5190 2562 5229 sua
2593 5173 2772 5242 capita
2804 5169 3152 5225 defendentis
3189 5166 3616 5229 accusationem,
3643 5163 3905 5218 iracunde
3937 5165 4059 5218 e‘di-

2466 5263 2800 5327 ditllibrum,
2835 5261 2991 5329 cujus
3028 5258 3389 5327 fragmentum
3420 5256 3587 5310 refert
3612 5254 3937 5310 Anastasius
3965 5254 4057 5308 Si-

2467 5356 2618 5410 naita
2658 5354 2713 5408 in
2764 5352 2994 5421 Hodego,
3030 5366 3150 5419 cap.
3181 5348 3270 5403 22.
3304 5347 3444 5403 Vide
3490 5362 3611 5416 qua:
3671 5346 3736 5400 ad
3781 5346 3889 5399 hoc
3940 5345 4057 5399 fra-

2468 5457 2747 5518 gmentum
2780 5445 3163 5499 annotavimus
3186 5443 3237 5495 in
3272 5452 3337 5494 ιι·
3365 5450 3518 5509 parte
3543 5436 3778 5509 Operum
3815 5437 3885 5491 Μ.
3914 5437 4059 5492 Mcr-

2470 5541 2673 5597 catoris
2702 5545 2823 5608 post
2857 5534 3195 5606 objectiones
3223 5530 3585 5585 Orientalium
3617 5529 3658 5582 '.

2478 5677 2709 5735 ΝΟΤᾹΞ.

862 5813 884 5846 ⁸
915 5814 989 5868 Ad
1020 5814 1305 5883 epistolam
1340 5812 1460 5883 157,
1485 5820 1539 5864 et
1572 5820 1811 5883 quatuor
1840 5807 2118 5877 proximas
2145 5804 2282 5883 nihil
2312 5801 2525 5858 monuit
2559 5797 2877 5855 Garnerius.
2955 5793 2974 5825 ⁸
3004 5792 3313 5849 Plcniorem
3340 5788 3463 5845 vide
3488 5789 3628 5844 hanc
3652 5783 3941 5857 epistolam
3973 5782 4060 5839 in-

790 5885 890 5952 fra,
927 5886 980 5939 in
1012 5876 1139 5938 diss.
1174 5886 1223 5947 li,
1265 5882 1423 5953 epist.
1467 5882 1546 5935 13.
1592 5876 1605 5879 ’
1629 5884 1647 5909 ³
1678 5879 1797 5933 Vid.
1834 5876 2020 5947 supra,
2058 5894 2108 5945 ιι.
2144 5876 2261 5930 155.
