4228 6446
247 358 353 424 317

1429 361 1524 420 DE
1566 363 1819 423 LIBRIS
1859 365 2365 428 THEODORETI.

3402 363 3508 431 318

364 472 440 525 Ab
497 470 703 541 Epheso
757 471 1008 525 scribens.
1066 470 1375 541 Antequam
1428 471 1828 528 Chalcedonem
1860 481 1901 535 Α
1934 484 2151 544 tequam
2176 476 2617 545 proﬁcisceretur
2655 476 3025 532 l‘heodoretus
3046 476 3265 549 Epheso
3288 477 3509 536 circiter

248 561 723 631 proﬁcisceretur,
760 579 871 633 quo
922 562 991 617 ab
1039 561 1370 632 imperatore
1422 564 1580 633 legati
1624 574 1831 635 scptem

249 658 543 725 utriusque
588 657 775 725 partis,
813 655 1096 710 catholici:
1133 662 1187 709 et
1229 654 1609 717 schismaticae,
1640 671 1833 709 evoca-

247 746 477 802 bantur.

315 856 579 924 Beatiﬁco
603 857 953 926 infirmitatis,
988 866 1094 913 etc.
1120 856 1235 923 Qua
1263 857 1541 923 Andreas,
1593 860 1678 913 vel
1726 860 1829 913 im-

242 951 472 1021 peditus
514 966 625 1004 non
671 950 867 1020 potuit,
914 951 997 1005 vel
1036 966 1167 1005 usus
1202 949 1399 1015 noluit,
1435 950 1502 1005 ad
1535 952 1830 1006 concilium

241 1043 465 1097 venire.

312 1133 531 1187 Insanit
587 1136 778 1187 iterum
831 1131 1128 1208 ngyptus,
1184 1141 1234 1186 et
1284 1132 1447 1185 bellat
1502 1149 1621 1186 cum
1667 1132 1828 1189 Mosa.

238 1226 538 1282 Nestorius
560 1241 816 1281 sermone
848 1226 935 1289 12,
968 1241 1123 1279 num.
1152 1225 1205 1289 5,
1240 1225 1502 1280 adversus
1522 1225 1783 1297 Cyrillum
1814 1246 1827 1283 :

245 1337 264 1369 ι
306 1319 509 1372 Docuit
550 1334 639 1373 me
681 1326 737 1373 et
784 1318 962 1373 Moses
1008 1333 1117 1371 non
1167 1317 1515 1381 conturbari,
1558 1317 1828 1387 siquidem

236 1411 689 1477 experimentum
736 1411 1017 1479 acceperis
1057 1409 1339 1479 prophetae
1378 1410 1625 1480 praedicti
1664 1410 1827 1483 Egy-

235 1503 421 1570 ptiaca
452 1501 786 1571 desperatio.
816 1520 836 1553 ι

304 1592 400 1647 Illi
451 1595 544 1664 qui
586 1595 807 1664 depositi
852 1603 992 1648 sunt.
1038 1592 1274 1665 Cyrillus
1313 1594 1734 1659 Alexandrinus,
1774 1605 1829 1651 et

231 1685 498 1739 Memnon
532 1686 865 1755 Ephesinus,
899 1687 1167 1756 episcopi.

300 1775 680 1831 Sacerdotalia
758 1778 1049 1832 ministeria
1123 1788 1402 1849 peragunt.
1479 1779 1823 1835 Schismatici

232 1870 481 1938 idipsum
524 1868 809 1923 lastidiose
849 1878 1159 1938 queruntur
1197 1868 1343 1939 apud
1387 1870 1771 1938 imperatorem
1807 1886 1818 1920 :

232 1958 434 2012 iisdem
486 1966 720 2012 utuntur
757 1974 898 2028 pene
930 1958 1134 2023 verbis,
1169 1965 1335 2028 atque
1378 1958 1469 2013 hic
1512 1957 1824 2014 Theodore-

230 2059 339 2114 tus,
378 2051 529 2121 apud
573 2051 891 2121 praefectum
936 2059 993 2106 et
1035 2051 1357 2120 magistrum
1393 2068 1407 2104 :
1445 2070 1463 2100 ι
1497 2050 1823 2105 Sanctorum

230 2144 461 2197 Patrum
502 2158 745 2197 canones
782 2142 1088 2197 conculcati
1127 2141 1292 2212 369
1330 2150 1477 2205 sunt,
1512 2156 1822 2195 excommu-

228 2234 398 2287 nicati
440 2242 497 2289 et
543 2234 887 2288 exauctorati
930 2232 1101 2288 sacris
1141 2233 1358 2302 operari
1397 2248 1504 2286 non
1540 2242 1819 2297 verentur,

230 2325 401 2393 impia
436 2340 535 2378 sua
566 2324 818 2394 dogmata
852 2323 1071 2393 copiose
1115 2324 1210 2377 Dei
1254 2323 1455 2392 populo
1489 2321 1822 2391 profunden-

230 2425 332 2479 tes,
374 2425 439 2470 et
479 2431 583 2471 nos
630 2414 852 2468 interim
912 2414 1109 2469 inclusi
1159 2414 1361 2467 misere
1408 2412 1500 2466 hic
1544 2428 1751 2466 sumus.
1795 2430 1812 2463 ι

226 2506 361 2560 Mira
414 2521 528 2560 non
569 2514 654 2561 est
691 2515 841 2561 tanta
883 2505 1243 2561 consonantia
1276 2523 1289 2558 :
1325 2505 1392 2560 ab
1427 2504 1622 2560 eodem
1671 2505 1818 2559 enim

226 2598 588 2653 Theodoreto
620 2608 675 2653 et
710 2598 794 2653 hac
825 2607 881 2653 et
907 2598 1024 2653 ista:
1053 2598 1246 2655 littera:
1282 2598 1499 2667 scriptae
1532 2605 1686 2661 sunt;
1723 2597 1817 2651 sed

227 2689 308 2744 ha:
343 2705 451 2743 suo
481 2690 729 2755 nomine,
760 2691 875 2745 ista:
906 2691 1192 2745 orientalis
1217 2690 1429 2762 synodi.

294 2780 561 2851 Αεαῃρείἱ,
602 2788 713 2835 etc.
750 2781 809 2834 ln
858 2781 1122 2835 relatione
1154 2780 1224 2835 ad
1277 2781 1665 2849 imperatorem
1720 2796 1819 2849 per

224 2870 557 2935 Palladium,
593 2873 863 2942 imperita,
906 2872 1136 2936 dicitur,
1176 2872 1529 2925 Asiaticorum
1563 2880 1613 2924 et
1653 2870 1817 2942 Αἰθυ-

227 2966 460 3029 ptiorum
512 2963 689 3016 turba.
759 2962 879 3018 Mox
925 2963 994 3016 ad
1046 2963 1379 3017 invidiosum
1441 2970 1814 3032 contemptum

224 3063 631 3107 enumerantur
668 3072 681 3108 :
728 3073 747 3105 ι
801 3054 1205 3125 Quinquaginta
1253 3064 1382 3110 sunt
1426 3053 1683 3126 (Egyptii,
1711 3054 1813 3108 sub

1936 568 2255 621 vicesimum
2284 568 2429 623 diem
2465 570 2694 640 Augusti
2728 570 2767 621 '.

1936 680 2179 754 Epistola
2216 684 2337 749 169,
2384 701 2416 738 a
2471 684 2787 755 Theodoreto
2812 685 3009 755 scripta
3046 686 3113 739 ad
3146 686 3506 745 Alexandrum

2472 754 2956 826 Hierapolitanum.

2005 864 2045 917 1.
2078 864 2383 919 Alexander
2429 865 2520 919 ille
2564 866 3031 934 Hierapolitauus,
3079 866 3147 920 ad
3179 884 3340 937 quem
3371 872 3505 924 scri-

1933 954 2105 1018 bitur,
2162 955 2537 1024 Euphratesiaa
2581 957 2896 1027 provinciae,
2943 959 2996 1012 in
3043 975 3147 1029 qua
3187 968 3271 1014 est
3307 959 3502 1030 Cyrus.

1932 1049 2227 1117 primatum
2259 1051 2455 1112 tenuit,
2482 1050 2691 1120 fuitque
2724 1068 2867 1104 unus
2902 1051 3134 1105 duorum
3186 1053 3507 1122 metropoli-

1932 1145 2143 1203 tarum,
2194 1154 2335 1208 quos
2368 1138 2615 1210 ,Cyrillus
2660 1148 2850 1194 narrat
2902 1142 3211 1211 prmmissos
3257 1142 3429 1198 fuisse
3472 1159 3503 1198 a

1929 1230 2136 1286 Joanne
2176 1231 2557 1297 Antiocheno,
2615 1232 2708 1301 qui
2757 1232 2824 1287 de
2866 1232 3224 1288 Orientalium
3264 1235 3502 1289 adventu

1929 1324 2267 1387 nuntiarent,
2295 1331 2351 1377 et
2382 1323 2545 1377 simul
2585 1332 2763 1378 tamen
2801 1325 2991 1379 Patres
3024 1325 3225 1395 Ephesi
3275 1341 3503 1395 congre-

1929 1421 2082 1481 gatos
2123 1412 2177 1465 id
2218 1412 2441 1466 interim
2482 1428 2643 1484 agere
2686 1422 2997 1479 monerent,
3050 1414 3195 1484 quod
3229 1415 3500 1486 agendum

1928 1502 2233 1557 videretur.

1994 1595 2060 1649 ll.
2093 1594 2435 1663 Subscripsit
2461 1594 2550 1648 ille
2568 1595 2778 1664 primus
2818 1605 2942 1649 ante
2978 1596 3315 1651 Dorotheum
3358 1597 3500 1650 Mar-

1929 1685 2391 1757 cianopolitanum
2439 1687 2696 1741 mandato
2738 1687 2930 1756 legatis
2961 1688 3324 1743 sehismaticis
3349 1689 3495 1753 dato,

1926 1778 2055 1832 licet
2077 1786 2197 1847 post
2234 1778 2413 1847 ipsum
2452 1777 2674 1831 decreto
2718 1762 3087 1831 damnationis
3129 1793 3356 1831 aversus
3391 1777 3497 1848 Cy-

1927 1868 2110 1921 rillum
2155 1866 2300 1921 facto
2348 1867 2691 1936 subscriptus
2737 1868 2968 1936 legatur.
3002 1867 3174 1938 Hujus
3218 1869 3296 1922 rei
3335 1886 3498 1924 causa

1925 1973 2036 2010 non
2074 1964 2159 2010 est
2204 1956 2547 2025 apertissima
2584 1974 2596 2009 :
2647 1956 2847 2011 factum
2901 1966 3052 2027 puto,
3101 1959 3229 2027 quia
3274 1959 3501 2015 Joannis

1923 2047 2248 2103 Antiocheni
2305 2047 2485 2101 locum
2538 2055 2766 2111 teneret,
2819 2047 2981 2117 370
3025 2058 3315 2118 propterea
3350 2049 3496 2120 quod

1922 2139 2215 2194 Orientalis
2263 2139 2513 2193 dioecesis
2562 2138 2771 2207 primus
2810 2149 2929 2193 erat
2962 2142 3348 2209 metropolita;
3385 2143 3492 2196 Do-

1924 2232 2151 2286 rothcus
2188 2246 2336 2297 vero,
2366 2231 2468 2284 etsi
2494 2231 2636 2286 foret
2666 2232 3033 2302 metropolita,
3068 2233 3135 2287 ad
3165 2233 3325 2287 aliam
3349 2234 3489 2289 dia:-

1922 2324 2089 2379 cesim
2155 2324 2504 2394 pertinebat,
2568 2340 2765 2394 nempe
2814 2324 2881 2378 ad
2929 2322 3492 2395 ConstantinOpolita-

1924 2431 2074 2469 nam.

1992 2506 2081 2560 Ill.
2114 2506 2243 2561 Post
2271 2506 2567 2561 concilium
2592 2520 2703 2558 non
2739 2504 2832 2559 diu
2863 2513 3145 2574 superstes
3175 2506 3279 2561 fuit
3314 2524 3327 2560 :
3368 2523 3494 2560 nam

1919 2598 2186 2663 Panolbii,
2222 2598 2315 2669 qui
2347 2598 2397 2652 ei
2429 2599 2718 2661 successit,
2762 2599 2907 2651 velut
2934 2599 3262 2667 jampridem
3298 2600 3494 2655 defun-

1918 2690 2016 2754 cti,
2049 2689 2287 2745 Joannes
2329 2704 2614 2744 successor
2648 2689 2983 2743 mentionem
3010 2689 3138 2743 facit
3178 2690 3231 2743 in
3260 2691 3496 2745 concilio

1916 2780 2293 2843 Antiocheno,
2365 2778 2648 2834 Athanasii
2715 2778 3039 2833 Perrhensis
3090 2794 3254 2833 causa
3307 2779 3495 2835 habito

1917 2888 2060 2926 anno
2082 2872 2204 2937 444,
2242 2871 2345 2926 sub
2385 2870 2547 2925 ﬁnem
2588 2890 2598 2922 :
2644 2886 2820 2940 neque
2841 2869 3080 2925 Joannes
3115 2872 3230 2940 ipse
3276 2872 3493 2941 episco-

1917 2973 2103 3031 patum
2128 2964 2222 3018 diu
2258 2964 2453 3027 tenuit,
2501 2961 2944 3031 quandoquidem
2996 2961 3304 3031 Stephanus
3326 2964 3493 3018 Joan-

1916 3056 2002 3109 nis
2030 3070 2315 3111 successor
2350 3054 2405 3107 in
2432 3054 2666 3107 concilio
2692 3053 2998 3107 latrocinali
3033 3069 3176 3109 anno
3202 3054 3323 3120 449,
3351 3064 3406 3109 et
3439 3056 3491 3110 in

226 3143 521 3198 Memnone
587 3145 889 3214 tyrannidis
938 3145 1078 3199 duce
1139 3145 1499 3215 quadraginta
1551 3145 1811 3207 Asiatici,
1842 3168 1882 3226 ρ
1915 3144 2344 3201 Chalcedonensi
2381 3160 2524 3198 anno
2549 3144 2647 3199 451
2677 3144 2841 3199 sedit.

226 3231 527 3287 duodecim
573 3233 703 3287 item
754 3249 822 3288 ex
856 3235 1172 3305 Pamphylia
1198 3234 1439 3289 haeretici
1482 3234 1814 3289 Messaliani-

229 3333 412 3378 tarum
436 3324 664 3378 nomine
688 3326 967 3394 appellati,
1003 3334 1201 3394 praeter
1237 3327 1373 3383 alios
1401 3326 1581 3381 eidem
1608 3332 1814 3381 metro-

224 3418 475 3487 politano
520 3416 930 3488 (Amphilochio
960 3418 1102 3473 Sidae
1131 3417 1412 3490 episcopo)
1448 3419 1808 3483 adluerentes,

223 3519 274 3564 et
330 3508 479 3563 alios
524 3523 554 3562 a
603 3507 846 3578 synodis,
897 3508 980 3563 vel
1022 3508 1093 3562 ab
1130 3508 1442 3579 episcopis,
1479 3510 1712 3565 diversis
1758 3512 1810 3565 in

222 3601 380 3665 locis,
410 3599 923 3655 excommunicatos
948 3607 1004 3653 et
1032 3599 1349 3668 depositos;
1386 3600 1479 3669 qui
1509 3616 1638 3655 sane
1664 3601 1812 3655 aliud

222 3693 360 3746 nihil
386 3699 542 3757 sunt,
575 3705 743 3761 quam
787 3691 1071 3745 hominum
1112 3691 1272 3746 turba
1322 3692 1635 3748 divinorum
1676 3694 1812 3765 dog-

224 3792 437 3838 matum
479 3785 688 3838 nescia.
722 3802 741 3834 ι

288 3874 548 3930 Occasus.
583 3877 663 3931 Ex
695 3873 991 3930 Occidente
1022 3872 1172 3929 missi
1201 3883 1332 3940 tres,
1365 3876 1651 3946 Philippus
1684 3893 1810 3946 pre-

222 3967 437 4038 sbyter,
466 3965 740 4021 Arcadius
766 3972 823 4019 et
852 3965 1137 4035 Proiectus
1172 3965 1417 4035 episcopi
1444 3982 1458 4029 ;
1500 3975 1559 4019 ut
1582 3966 1810 4037 presby-

223 4068 305 4114 ter
332 4058 628 4114 Coelestini
676 4056 876 4112 summi
924 4056 1219 4127 pontiﬁcis,
1264 4057 1506 4126 episcopi
1540 4056 1810 4112 Occiden-

221 4148 351 4203 talis
385 4147 612 4202 concilii
655 4146 926 4215 legatione
973 4144 1355 4215 fungerentur.
1414 4146 1648 4214 lngressi
1682 4154 1811 4199 sunt

222 4238 502 4309 synodum
548 4237 640 4291 die
687 4236 754 4291 10
804 4236 957 4302 Julii,
990 4234 1242 4305 sequenti
1279 4235 1369 4291 die
1409 4235 1809 4305 depositionem

222 4330 469 4387 Nestorii
494 4330 912 4394 conﬁrmarunt,
940 4329 1183 4398 quinque
1213 4338 1337 4398 post
1358 4328 1555 4383 diebus
1588 4329 1812 4385 restitu-

224 4423 366 4477 tioni
396 4421 589 4493 Cyrilli
619 4429 677 4475 et
709 4420 1011 4475 Memnonis
1044 4419 1432 4474 interfuerunt.

297 4510 503 4577 Quales
548 4508 717 4564 mimi.
758 4508 961 4564 Confer
991 4509 1140 4564 hunc
1181 4509 1362 4564 locum
1405 4525 1530 4564 cum
1575 4510 1803 4580 epistola
1838 4512 1885 4571 D

221 4594 543 4672 prommiali
570 4601 637 4655 ad
668 4615 951 4656 sermones
981 4599 1250 4661 Eutherii,
1276 4608 1332 4654 et
1357 4598 1482 4654 vide
1504 4615 1808 4655 consonan-

223 4696 383 4757 tiam,
432 4708 545 4747 non
593 4698 803 4745 tantum
848 4700 1184 4761 exaggerata:
1231 4691 1657 4757 lamentationis,
1707 4692 1803 4748 sed

226 4786 476 4855 ipsorum
504 4781 673 4837 etiam
703 4782 1021 4835 verborum.

261 4877 360 4936 ,In
401 4886 639 4944 tempore
677 4874 983 4944 impietatis.
1033 4872 1170 4927 Cum
1237 4872 1655 4928 dominarentur
1697 4874 1802 4927 im-

223 4977 511 5038 peratores
532 4965 861 5020 Christianze
898 4965 1116 5035 pietatis
1156 4964 1362 5020 hostes.
1402 4965 1460 5020 ld
1499 4966 1702 5020 dictum
1733 4968 1800 5020 ad

225 5058 491 5113 invidiam
538 5057 817 5126 regnantis
868 5056 1166 5111 Theodosii
1188 5056 1454 5123 Junioris,
1511 5059 1605 5128 qui
1655 5058 1803 5113 schi-

225 5148 475 5205 smatieis
507 5147 690 5201 favere
723 5147 1029 5203 desinebat.

298 5240 377 5293 Ex
408 5238 498 5291 bis
527 5245 739 5291 constat
774 5236 955 5292 datam
983 5254 1103 5293 esse
1141 5238 1426 5308 epistolam
1467 5238 1609 5293 circa
1639 5238 1800 5294 ﬁnem

222 5332 350 5387 Julii
376 5340 478 5385 aut
508 5330 725 5384 initium
751 5329 993 5401 'Augusti
1028 5345 1172 5385 anno
1196 5331 1321 5396 451,
1364 5339 1488 5400 post
1521 5330 1803 5385 restitutos

224 5425 438 5480 scilicet
466 5423 555 5478 die
584 5423 651 5478 16
679 5421 808 5477 Julii
833 5421 1098 5495 Cyrillum
1127 5430 1183 5477 et
1222 5423 1596 5492 Memnonem,
1624 5432 1680 5478 et
1704 5440 1802 5477 an-

1984 3237 2067 3292 lV.
2096 3237 2155 3290 In
2201 3237 2321 3306 ejus
2367 3236 2550 3291 locum
2602 3236 2807 3291 missus
2852 3246 2936 3291 est
2982 3237 3048 3291 ad
3102 3238 3489 3307 imperatorem

1916 3327 2316 3391 Theodoretus,
2344 3335 2403 3379 ut
2425 3334 2719 3381 constatex
2741 3327 3107 3396 inscriptione
3150 3329 3390 3382 mandati
3422 3328 3491 3382 ab

1912 3416 2287 3472 Orientalibus
2328 3417 2437 3471 dati
2466 3417 2580 3471 suis
2613 3418 2804 3488 legatis
2839 3437 2850 3470 :
2884 3435 2992 3488 qua
3038 3419 3092 3472 in
3132 3420 3488 3489 inscriptione

1913 3508 2169 3572 observo,
2189 3524 2399 3571 omnes,
2436 3509 2528 3577 qui
2556 3508 2833 3578 legantur,
2857 3525 2975 3563 esse
2995 3512 3368 3579 metropolitas
3396 3524 3489 3567 aut

1914 3600 2388 3668 metrOpolitarum
2435 3600 2577 3663 loco,
2618 3609 2817 3668 praeter
2866 3600 3091 3654 Paulum
3144 3601 3482 3666 Emisenum,

1913 3688 2004 3757 qui
2064 3687 2211 3742 vices
2267 3686 2449 3742 Aeacii
2493 3688 2799 3743 Berteensis
2852 3691 2988 3760 agit,
3029 3691 3155 3745 licet
3191 3701 3482 3762 metmpo-

1912 3780 2007 3833 lita
2033 3796 2144 3834 non
2195 3780 2376 3844 l‘oret;
2424 3788 2571 3834 tanta
2615 3779 2720 3833 fuit
2751 3796 2876 3851 erga
2928 3798 3135 3847 senem,
3179 3793 3234 3838 et
3268 3784 3483 3853 episco-

1911 3885 2131 3942 porum,
2158 3871 2203 3925 si
2228 3872 2357 3925 licet
2380 3872 2454 3925 ita
2477 3871 2943 3942 loqui,decanum,
2970 3874 3275 3929 reverentia
3293 3873 3485 3929 Orien-

1914 3963 2124 4017 talium.

1981 4054 2044 4110 γ.
2077 4054 2135 4108 In
2161 4054 2352 4123 quinta
2387 4056 2595 4125 synodo
2615 4056 2815 4125 legitur
2847 4056 3211 4127 fragmentum
3239 4058 3482 4127 epistola:

1911 4161 1941 4198 a
1964 4144 2217 4199 Nestorio
2239 4145 2307 4199 ad
2338 4146 2709 4202 Alexandrum
2749 4148 2913 4202 istum
2946 4149 3084 4204 datae
3117 4167 3129 4203 :
3174 4151 3265 4204 ubi
3293 4151 3485 4211 nefan-

1911 4233 2014 4288 dus
2069 4233 2360 4291 hereticus
2400 4246 2587 4306 aperte
2651 4238 2835 4307 prodit
2899 4239 3267 4308 impietatem,
3317 4257 3483 4310 quam

1909 4326 2043 4380 alias
2086 4326 2396 4383 dissimulat
2440 4346 2453 4381 :
2498 4329 2643 4383 unde
2690 4346 2801 4384 non
2848 4330 3287 4400 improbabiliter
3328 4334 3481 4388 credi

1908 4426 2108 4487 potest,
2141 4420 2425 4489 scripsisse
2456 4421 2522 4475 ad
2554 4428 2864 4485 consortem
2899 4424 3123 4479 erroris.

1971 4513 1985 4530 ‘
2014 4510 2101 4565 Vl.
2136 4510 2215 4563 Ex
2244 4510 2330 4571 iis,
2362 4526 2482 4579 quae
2512 4510 2567 4564 in
2598 4512 2828 4580 epistola
2863 4522 3156 4568 narrantur
3203 4514 3271 4569 de
3306 4515 3479 4568 collo-

1912 4600 2133 4655 cutione
2160 4599 2520 4655 Orientalium
2558 4602 2864 4671 legatorum
2904 4620 3029 4658 cum
3062 4605 3393 4673 imperatore
3423 4605 3479 4659 in

1910 4692 2224 4757 Ruﬁniano,
2257 4693 2547 4748 manifesta
2569 4703 2651 4747 est
2685 4695 2948 4763 temporis
2980 4704 3107 4751 nota
3135 4713 3148 4749 :
3180 4697 3303 4749 data
3330 4697 3476 4750 enim

1909 4784 2236 4846 ostenditur,
2271 4791 2563 4853 antequam
2604 4784 2979 4839 Orientalibus
3012 4787 3327 4851 recedendi,
3369 4786 3472 4840 Ca-

1912 4875 2128 4930 tholicis
2148 4876 2339 4929 urbem
2371 4876 2735 4946 ingrediendi,
2764 4876 2828 4929 ad
2864 4876 3230 4930 ordinandum
3258 4877 3474 4944 episco-

1910 4982 2059 5036 pum,
2093 4966 2408 5020 mandatum
2428 4976 2573 5020 esset
2598 4966 2808 5019 datum.
2831 4966 3042 5035 Scripta
3067 4977 3148 5020 est
3180 4966 3343 5035 igitur
3373 4966 3474 5019 sub

1913 5058 2072 5112 ﬁnem
2102 5059 2458 5127 Septembris,
2488 5067 2581 5111 aut
2602 5059 2704 5112 sub
2734 5058 2948 5112 initium
2973 5058 3242 5112 Octobris.

1980 5148 2091 5202 Vll.
2130 5147 2315 5217 Nuper
2360 5148 2617 5201 inventus
2658 5157 2742 5202 est
2786 5148 2879 5216 qui
2942 5149 3275 5217 suppositam
3322 5146 3471 5200 credi

1910 5241 2092 5301 vellet,
2125 5248 2217 5293 aut
2242 5238 2423 5307 potius
2457 5246 2710 5308 optaret;
2756 5238 3025 5293 sentiebat
3056 5239 3201 5291 enim
3238 5238 3351 5290 suis
3388 5253 3471 5289 re-

1909 5331 2012 5385 bus
2033 5334 2385 5386 vehementer
2422 5331 2825 5385 incommodare
2852 5349 2866 5398 ;
2893 5332 2986 5387 sed
3018 5347 3108 5394 ne,
3133 5330 3280 5398 quod
3319 5338 3468 5382 certo

1906 5425 2150 5478 laturum
2184 5434 2321 5489 erat,
2346 5440 2374 5478 a
2406 5427 2680 5480 communi
2717 5440 2881 5480 sensu
2921 5424 3133 5478 alienus
3164 5422 3466 5482 videretur,

1516 5575 1826 5633 SCHULZII
1866 5577 2099 5633 NOTAE.

298 5721 317 5747 ⁸
340 5719 419 5773 Ad
446 5718 712 5790 epistolas
740 5717 986 5790 163468,
1012 5716 1389 5790 nihilmonuit
1420 5716 1733 5773 Garnerius.
1770 5718 1891 5773 Vid.
1930 5733 1968 5771 at

1791 5718 1891 5773 lid.
1930 5728 2110 5771 autem
2154 5717 2312 5783 infra,
2351 5717 2485 5774 diss.
2519 5720 2570 5782 5,
2599 5716 2853 5790 epist.l9,
2877 5718 2966 5785 ΞΟ,
2989 5717 3171 5773 24-26.
3200 5715 3278 5773 Ad
3303 5716 3461 5772 linem

229 5786 626 5857 CpiSlulEdO-‘i,
668 5788 776 5841 vid.
809 5804 992 5857 supra,
1027 5803 1078 5857 p.
1114 5786 1224 5842 161.
