4228 6446
752 416 857 481 319

1883 424 2259 486 GARNERH
2302 424 2715 484 DISSERTAT
2721 425 2796 485 10
2836 425 2916 486 ll.

3917 421 4023 484 320

752 536 950 590 maluit
986 538 1237 594 inutilem
1275 539 1483 605 dicere,
1509 542 1573 595 ad
1614 541 1688 606 id,
1721 550 1947 611 prepter
1982 543 2128 612 quod
2158 540 2334 609 profe-
2363 545 2410 599 Α
2440 540 2632 603 veriui,
2661 541 2948 595 manifeste
2980 549 3249 595 memorat
3277 542 3427 597 velut
3459 556 3612 596 suam
3642 559 3655 597 :
3681 540 3814 611 quin
3837 553 4023 597 tamen

757 631 1006 694 rebatur,
1041 630 1412 695 eﬂleiendum,
1448 632 1512 687 ad
1550 632 1960 688 Theodoretum
2000 636 2206 689 scilicet
2241 636 2335 690 ad-

756 723 1014 779 haesionis
1036 723 1104 778 ad
1128 739 1346 779 errores
1372 726 1607 780 Nestdrii
1634 728 2094 783 convincendum.
2115 729 2339 783 Fatetur

760 822 940 868 tamen
980 815 1034 869 in
1074 831 1139 870 ea
1184 816 1343 885 prodi
1397 816 1691 887 insigniter
1739 817 1879 872 duos
1926 820 2170 873 auctoris
2204 820 2337 874 aﬂ'e-

756 912 912 971 ctus;
950 908 1183 962 alterum
1215 908 1419 963 amoris
1440 925 1568 981 erga
1599 911 1932 973 Nestorium,
1962 912 2196 967 alterum
2224 913 2336 966 odii

756 1014 885 1069 erga
911 1002 1085 1054 sancti
1129 1000 1316 1072 Cyrilli
1343 1005 1602 1073 capitula,
1629 1020 1751 1073 qua
1788 1004 2044 1060 haeretica
2074 1006 2228 1060 dicit.
2260 1006 2337 1060 lta

674 1132 675 1135 η
758 1087 871 1144 ille.
900 1091 1103 1145 Verum
1146 1092 1386 1157 nemini,
1428 1095 1650 1163 Opinor,
1703 1096 1957 1166 theologo
2007 1096 2338 1150 sententiam

757 1197 911 1236 suam
952 1186 1293 1252 persuaserit
1322 1203 1334 1238 :
1369 1187 1645 1255 quomodo
1675 1188 1820 1241 enim
1852 1189 1936 1241 vir
1957 1204 2066 1243 non
2094 1189 2339 1243 tardissi-

759 1286 902 1335 mus,
930 1275 1236 1343 cujusmodi
1286 1287 1435 1331 certe
1475 1293 1584 1332 non
1631 1288 1751 1333 erat
1788 1280 2188 1341 Theodoretus,
2215 1290 2339 1349 post

757 1366 1006 1434 exposita
1044 1368 1265 1421 tertium
1298 1383 1326 1421 a
1354 1367 1560 1439 Cyrillo
1598 1371 1858 1439 capitula,
1898 1373 2340 1428 animadvertere

758 1473 869 1511 non
901 1460 1099 1527 potuit,
1131 1460 1459 1516 catholicam
1497 1462 1656 1515 fidem
1687 1464 1753 1517 iis
1789 1466 2081 1529 contineri,
2110 1468 2154 1519 si
2175 1468 2339 1522 modo

760 1547 922 1600 fidem
968 1548 1115 1602 illam
1142 1550 1317 1604 sensit
1349 1567 1467 1605 esse
1505 1552 1853 1617 catholicam,
1904 1570 2025 1623 quae
2076 1556 2338 1611 unionem

760 1640 1042 1710 physicam
1066 1650 1122 1694 et
1150 1642 1269 1694 καθ’
1313 1643 1610 1697 ὑπόστασιν
1648 1645 1894 1699 fatetur?
1924 1646 2079 1712 Quod
2117 1649 2161 1701 si
2207 1665 2339 1703 vero

759 1730 1085 1783 catholicam
1115 1746 1226 1784 non
1253 1734 1427 1786 sensit
1458 1732 1618 1787 fidem
1655 1735 1824 1799 illam,
1853 1737 2128 1804 quomodo
2148 1738 2335 1793 Nesto-

762 1821 900 1875 riani
933 1824 1138 1878 erroris
1169 1840 1278 1877 non
1315 1835 1398 1878 est
1433 1825 1602 1879 reus?

836 1911 969 1966 Vill.
1010 1912 1449 1979 Observandum,
1502 1932 1533 1970 a
1584 1917 1934 1972 Theodoreto
1967 1920 2083 1974 haec
2119 1921 2174 1974 in
2215 1924 2335 1992 epi-

760 2004 899 2058 stola
946 2015 1132 2074 apcrte
1181 2007 1360 2075 prodi,
1411 2009 1688 2076 quomodo
1740 2019 1885 2064 esset
1930 2012 2161 2066 affectus
2212 2030 2339 2084 erga

763 2093 953 2149 Patres
997 2096 1325 2165 Ephesinos,
1379 2098 1583 2166 quippe
1635 2115 1774 2168 quos
1824 2102 2021 2170 impios
2051 2112 2230 2167 vocat,
2286 2116 2342 2160 et

762 2183 888 2240 fidei
915 2188 1357 2255 adulteratores;
1384 2190 1660 2258 quomodo
1686 2193 1820 2245 item
1849 2208 1974 2263 erga
2001 2194 2338 2261 Nestorium,

761 2294 926 2347 quem
960 2281 1198 2334 amicum
1244 2290 1301 2334 et
1343 2291 1555 2350 patrem
1591 2284 1858 2348 nominat,
1896 2288 2171 2354 quomodo
2216 2304 2341 2360 erga

762 2386 979 2424 sacrum
1014 2373 1171 2441 371
1206 2375 1693 2437 consistorium,ct
1720 2377 1857 2431 aula:
1890 2379 2185 2448 principes,
2204 2397 2342 2449 quos

762 2480 898 2516 auro
929 2475 1220 2535 corruptos
1255 2467 1471 2533 scribit;
1515 2469 1793 2536 quomodo
1835 2472 2050 2523 tandem
2079 2487 2205 2541 erga
2236 2472 2341 2525 im-

763 2565 1096 2625 peratorem,
1142 2574 1266 2613 cum
1310 2575 1420 2629 quo
1466 2560 1852 2616 immodestum
1894 2564 2130 2633 jurgium
2160 2574 2344 2619 osten-

764 2654 862 2700 tat.

833 2739 924 2793 IX.
976 2740 1393 2797 Observandum
1442 2743 1666 2813 pariter,
1724 2745 1872 2815 quod
1920 2756 2148 2801 narrat:
2192 2747 2245 2800 1ο
2276 2747 2343 2801 de

764 2833 949 2887 favore
983 2844 1039 2887 et
1070 2836 1420 2889 multitudine
1468 2838 1678 2906 populi,
1741 2839 1808 2891 ad
1863 2855 1990 2893 suas
2051 2842 2346 2896 conciones

764 2926 1056 2980 confertim
1091 2943 1188 2996 per
1222 2943 1373 2983 mare
1407 2929 1787 2995 allluentis;2°
1816 2931 1883 2984 de
1914 2932 2054 2995 loco,
2087 2932 2177 2985 ubi
2217 2949 2347 2987 con-

764 3016 978 3071 cionem
1007 3019 1277 3086 habebat;
1306 3020 1361 3072 5°
1383 3021 1450 3074 de
1475 3036 1700 3075 suorum
1721 3022 2019 3084 nonnullis,
2051 3024 2144 3091 qui
2170 3023 2237 3077 ad
2264 3040 2348 3079 sa-

768 3109 981 3164 niorem
1007 3122 1250 3165 mentem
1287 3112 1496 3167 reversi
1534 3112 1602 3166 ad
1638 3112 1953 3167 Catholicos
1978 3114 2344 3181 recedebant;

2443 634 2614 703 ipsius
2639 635 2728 698 sit,
2754 635 2939 688 nullus
2960 633 3174 688 dubito.
3208 634 3342 688 Nam
3368 637 3567 704 primo,
3594 652 3793 691 nomen
3839 636 4026 691 Theo-

2440 725 2616 779 doreti
2662 742 2785 781 cum
2840 727 2965 780 aliis
3014 727 3317 797 legatorum
3372 728 3687 781 nominibus
3730 729 4025 800 inscriptio

2440 815 2679 884 prchert.
2738 817 2806 870 Et
2855 816 3239 870 Theodoretus
3283 817 3646 873 Orientalium
3686 820 3809 883 fuit,
3851 829 3907 873 et
3966 821 4023 875 in

2441 912 2667 983 synodo,
2696 922 2752 967 ct
2782 914 2835 967 in
2870 914 3162 984 legatione,
3198 931 3306 969 non
3345 932 3407 969 os
3445 926 3678 980 tantum,
3709 931 3834 969 cum
3865 915 4020 982 loqui

2441 1006 2688 1074 Oportuit
2713 1023 2725 1058 :
2756 1006 2851 1061 sed
2873 1008 3040 1060 etiam
3070 1024 3286 1070 manus,
3318 1024 3442 1062 cum
3468 1008 3771 1062 scribenda:
3800 1008 4019 1061 litterae.

2441 1097 2648 1151 Deinde
2703 1099 2877 1169 stylus
2931 1098 3343 1152 Theodoretum
3409 1099 3594 1152 statim
3646 1099 3836 1153 lectori
3907 1114 4023 1153 non

2439 1189 2814 1259 peregrinanti
2852 1190 2905 1244 in
2947 1192 3188 1245 auctoris
3232 1191 3461 1260 hujusce
3493 1192 3778 1261 operibus,
3812 1192 4021 1261 prodit.

2440 1282 2594 1337 Adde
2618 1282 2762 1351 quod
2795 1284 3131 1337 locutionum
3161 1299 3535 1353 sensuumque
3558 1285 3822 1353 ταυτότης
3859 1284 3913 1337 id
3947 1285 4022 1337 ita

2440 1376 2701 1437 ostendit,
2739 1384 2796 1429 ut
2831 1375 2943 1429 fere
2984 1391 3160 1430 cacus
3202 1378 3293 1439 sit,
3337 1378 3428 1445 qui
3464 1376 3871 1430 Theodoretum
3918 1390 4022 1429 no-

2441 1465 2608 1527 mine,
2634 1465 2835 1529 verbis,
2860 1466 3021 1535 stylo,
3044 1466 3316 1529 sensibus,
3337 1467 3504 1519 animi
3523 1466 3721 1520 affectu
3748 1476 3803 1519 et
3834 1480 4022 1519 rerum

2441 1569 2663 1609 suarum
2708 1556 3045 1619 narratione,
3097 1556 3306 1610 clarere
3350 1556 3623 1610 volentem
3654 1572 3765 1609 non
3812 1555 4020 1609 videat.

2509 1647 2574 1700 11.
2602 1647 2759 1713 Quod
2794 1648 2986 1715 objicit
3011 1647 3280 1701 Baronius
3302 1645 3347 1710 ⁸,
3392 1646 3609 1700 Martini
3645 1647 4023 1700 Mcdiolanen-

2443 1738 2582 1793 sium
2624 1738 2865 1808 episcopi
2918 1738 3254 1792 mentionem
3308 1736 3448 1801 fieri,
3509 1752 3633 1790 cum
3682 1737 3869 1791 nullus
3921 1737 4026 1791 hoc

2442 1830 2664 1884 nomine
2690 1829 3148 1884 Mediolanensem
3175 1828 3476 1882 Ecclesium
3502 1836 3633 1881 tunc
3657 1829 3886 1891 rexerit,
3912 1844 4025 1883 non

2446 1921 2625 1990 magni
2677 1920 2940 1974 momenti
2994 1929 3098 1974 est.
3147 1918 3602 1987 Quandoquidem
3646 1919 3828 1987 potuit
3864 1918 4025 1974 facile

2443 2020 2539 2064 aut
2588 2012 2703 2080 ipse
2748 1994 3153 2073 T'heodoretus,
3191 2011 3357 2065 homo
3390 2012 3548 2081 longe
3573 2011 3803 2079 positus,
3838 2011 4028 2065 Marti-

2443 2117 2573 2155 num
2603 2102 2808 2166 dicere,
2841 2102 2935 2172 qui
2977 2117 3105 2156 vere
3128 2101 3493 2156 Martinianus
3526 2110 3680 2167 erat;
3718 2111 3818 2156 aut
3849 2103 4026 2156 libra-

2443 2193 2579 2258 rius,
2602 2193 2915 2249 Martiniani
2950 2194 3172 2249 nomine
3206 2194 3487 2260 breviato,
3537 2194 3833 2249 Martinam
3884 2195 4025 2251 scri-

2443 2285 2595 2341 bere.

2507 2377 2668 2447 3'72
2699 2379 2787 2433 ill.
2816 2380 2896 2433 Eo
2931 2388 3175 2450 tempore
3194 2379 3322 2434 data
3347 2390 3453 2445 est,
3485 2397 3597 2451 quo
3626 2382 3791 2452 legati
3822 2381 4027 2437 Orien-

2446 2469 2582 2523 tales
2612 2469 3017 2526 Chalcedonem
3046 2473 3295 2542 appulsi,
3331 2473 3536 2527 ibidem
3561 2475 4024 2546 consisterejussi

2446 2570 2594 2625 sunt,
2628 2562 2737 2615 imo
2763 2573 2888 2632 post
2912 2565 3168 2633 quintum
3196 2565 3546 2634 imperatoris
3586 2566 3643 2620 in
3670 2567 4025 2621 Rufinianum

2445 2655 2675 2723 profecti
2730 2655 3000 2709 allatum:
3047 2657 3199 2727 prius
3243 2666 3423 2712 tamen
3467 2673 3630 2729 quam
3660 2661 3799 2730 jussi
3838 2670 4029 2717 essent

2447 2762 2575 2800 suas
2610 2747 2663 2799 in
2708 2748 2971 2802 ecclesias
3000 2750 3223 2803 reverti.

2515 2837 2601 2892 Ν.
2631 2838 2755 2893 Fuit
2788 2855 2921 2893 vero
2950 2841 3230 2896 scribendi
3266 2844 3579 2907 consilium,
3612 2853 3670 2897 ut
3693 2860 3901 2914 magna:
3932 2861 4031 2899 cu-

2443 2930 2658 2999 jusdam
2722 2933 3017 3001 provinciae
3060 2934 3287 2987 antistes
3334 2935 3387 2987 in
3438 2942 3622 3002 partes
3657 2933 4027 2988 Orientalium

2451 3023 2784 3088 traheretur,
2836 3040 2939 3078 nec
2977 3026 3254 3079 sineretur
3292 3026 3556 3080 Flaviano
3588 3025 4028 3095 Philippensium

2450 3114 2746 3184 episcopo,
2807 3116 2896 3169 cui
2942 3116 3091 3170 vices
3152 3131 3280 3170 suas
3332 3117 3717 3181 commiserat,
3765 3118 4030 3172 referenti

766 3202 824 3255 4°
852 3202 920 3257 de
949 3204 1213 3259 Eeclesiis
1250 3205 1485 3260 occlusis
1525 3221 1556 3260 a
1594 3204 2023 3261 Chalcedonensi
2067 3208 2345 3277 episcopo,
2376 3228 2419 3287 (ς
2452 3214 2653 3258 saneta:
2674 3206 2869 3275 synodi
2896 3222 2995 3274 pro
3028 3206 3231 3278 Cyrillo
3250 3207 3542 3276 judicium,
3576 3207 3737 3261 fidem
3765 3208 3974 3263 habere
4016 3226 4030 3262 :

769 3308 838 3348 nc
869 3303 1122 3363 paterent
1157 3296 1521 3351 schismaticis
1545 3313 1561 3361 ;
1588 3296 1643 3350 5°
1667 3296 1903 3367 denique
1932 3298 1999 3352 de
2030 3300 2148 3352 zelo
2189 3299 2350 3353 cleri-

769 3398 963 3439 corum
1005 3394 1060 3438 ct
1104 3387 1497 3441 monachorum
1551 3386 1707 3442 urbis
1780 3390 1960 3457 regite.
2010 3389 2349 3444 Clericorum

773 3475 883 3531 dux
913 3486 1034 3531 erat
1062 3477 1349 3548 Philippus
1380 3479 1691 3551 presbyter,
1713 3481 2109 3534 monachorum
2132 3490 2353 3538 sanctus

775 3568 1098 3625 Dalmatius.
1180 3574 1183 3577 ’

853 3661 917 3715 Χ.
961 3660 1375 3719 Observandum
1412 3668 1601 3731 etiam,
1654 3670 2065 3723 consonantiam
2128 3671 2354 3740 hujusce

775 3754 1026 3823 epistola:
1072 3766 1129 3810 et
1176 3757 1459 3812 concionis
1491 3758 1839 3813 Chalcedone
1883 3760 2102 3822 habitae,
2152 3770 2355 3814 tantam

776 3861 917 3908 esse,
948 3857 1007 3901 ut
1032 3849 1203 3903 altera
1224 3851 1379 3904 alteri
1420 3851 1579 3904 fidem
1604 3853 1894 3917 conciliet;
1932 3860 2164 3921 utraque
2210 3862 2357 3907 certe

779 3938 1105 3993 seditionem
1134 3939 1326 4008 spirat,
1364 3950 1419 3996 et
1461 3940 1868 3997 Theodoretum
1903 3952 2183 3997 auctorem
2214 3943 2357 3997 clare

782 4031 1140 4086 demonstrat.

853 4122 943 4176 XI.
970 4123 1384 4179 Observandum
1410 4125 1668 4196 denique,
1688 4127 1833 4197 quod
1854 4128 1929 4181 ait
1958 4128 2357 4195 Theodoretus,

783 4215 1092 4272 Orientales
1120 4229 1479 4288 congregatos
1520 4218 1689 4273 fuisse
1729 4220 1952 4289 quidem
1988 4220 2358 4285 Chalcedone,

785 4306 880 4360 sed
908 4316 1058 4360 extra
1117 4308 1405 4361 ecclesiam
1446 4326 1457 4361 :
1498 4323 1672 4378 eaque
1714 4308 1768 4363 in
1804 4311 2225 4380 congregatione
2280 4311 2365 4364 fu—

785 4395 932 4451 disse
971 4414 1181 4465 preces,
1227 4414 1333 4451 non
1389 4407 1567 4453 tamen
1623 4400 1898 4460 habuisse.
1950 4413 2045 4456 aut
2083 4417 2362 4455 sacrarum

788 4487 1197 4559 Scripturarum
1233 4491 1543 4551 lectionem,
1576 4500 1669 4544 aut
1698 4493 2069 4557 oblationem;
2109 4501 2362 4562 propter-

2454 3303 2618 3363 atque
2655 3294 2769 3349 hrec
2804 3312 2968 3351 causa
3000 3307 3105 3360 est,
3137 3313 3235 3351 cur
3273 3296 3460 3367 Cyrilli
3497 3297 3768 3351 sententia
3798 3297 4035 3352 menda-

2455 3387 2627 3451 citer;
2658 3385 3020 3442 Orientalium
3047 3403 3155 3451 res,
3184 3387 3557 3457 jactabunde;
3595 3396 3802 3443 saneta:
3834 3389 4036 3460 synodi

2455 3486 2626 3545 gesta,
2656 3478 2927 3532 invidiose
2963 3488 3328 3548 exponuntur.

2528 3569 2591 3621 γ.
2626 3568 2704 3622 Ex
2735 3568 2839 3622 hac
2862 3568 3094 3636 epistola
3126 3569 3283 3623 nobis
3316 3578 3572 3638 quatuor,
3612 3571 3756 3625 unde
3772 3572 4039 3627 ecclesia-

2460 3660 2614 3714 slicm
2648 3660 2893 3714 historiae
2926 3675 3035 3714 non
3064 3676 3231 3729 parva
3275 3660 3365 3714 lux
3394 3662 3645 3727 affertur,
3687 3673 3783 3717 aut
3818 3664 4044 3718 innote-

2459 3761 2616 3805 scunt
2642 3750 2903 3818 primum,
2937 3758 3031 3802 aut
3051 3758 3200 3802 certe
3234 3749 3652 3805 conﬁrmantur.

2526 3843 2575 3895 1.
2610 3841 2694 3895 Fit
2721 3839 2931 3893 mentio
2966 3839 3166 3894 Juliani
3196 3840 3476 3907 cujusdam
3513 3843 3743 3898 Eridicae
3767 3845 4040 3915 episcopi,

2462 3944 2521 3988 ut
2550 3943 2632 3988 est
2667 3934 2721 3986 in
2752 3932 2917 3987 editis
2943 3932 3230 3987 codicibus
3251 3935 3293 3999 ’³,
3328 3934 3395 3987 ad
3422 3951 3583 4004 quem
3616 3937 3790 3991 Rufus
3823 3938 3893 3991 de
3934 3938 4043 3994 ﬁde

2460 4026 2855 4089 Niemna,velut
2878 4025 3181 4080 sufficiente
3206 4026 3273 4079 ad
3308 4028 3594 4081 veritatem
3617 4030 4041 4095 ostendendam,

2462 4115 2769 4178 retinenda,
2804 4124 2966 4183 atque
2997 4114 3050 4167 in
3082 4115 3293 4185 synodo
3333 4114 3678 4170 defendenda
3722 4114 4044 4186 Scripserat.

2464 4204 2744 4260 Gerardus
2774 4204 3002 4258 Vossius
3029 4204 3070 4236 ¹⁰
3096 4204 3354 4272 opinatus
3387 4214 3492 4267 est,
3541 4205 3688 4259 hunc
3716 4221 3838 4260 esse
3870 4207 4049 4261 Julia-

2463 4312 2596 4350 num
2630 4295 2969 4359 hmreticum,
3000 4294 3116 4364 qui,
3150 4310 3273 4348 cum
3309 4295 3518 4365 ejectus
3554 4311 3619 4349 ex
3663 4296 3817 4350 Italia
3848 4298 4049 4352 confu-

2465 4389 2630 4457 gisset
2661 4388 2727 4441 ad
2752 4388 3041 4452 Asiaticos,
3081 4406 3099 4438 ‹
3134 4388 3202 4441 ab
3233 4388 3318 4441 his
3347 4403 3443 4442 seu
3475 4403 3666 4441 verum
3692 4389 4048 4459 episcopatus

2470 4480 2804 4533 Eridicensis
2838 4479 3125 4543 honorem,
3177 4494 3271 4532 seu
3320 4479 3539 4532 titulum
3589 4479 3779 4533 saltem
3817 4480 4051 4535 honoris

786 4596 849 4634 ea
886 4579 1031 4648 quod
1059 4580 1210 4634 nefas
1244 4589 1361 4633 erat
1400 4596 1465 4635 ea
1514 4589 1838 4648 tempesta“;
1882 4590 2171 4651 utramque
2226 4598 2355 4651 per-
2394 4582 2435 4636 D
2469 4586 2601 4639 ergo
2633 4578 2963 4625 εοηεροιιιιιε
2990 4570 3083 4623 Sil.
3123 4588 3140 4619 D
3172 4567 3461 4638 opinionis
3489 4568 3777 4623 falsitatem
3798 4572 4051 4627 ostendit

788 4687 971 4742 agere,
1007 4672 1112 4725 nisi
1159 4673 1214 4725 in
1265 4673 1516 4726 ecclesia.
1570 4671 1725 4726 Unde
1762 4673 2049 4726 Nestorius
2106 4672 2358 4742 Philippo

788 4764 1109 4834 presbytero
1134 4779 1329 4833 magno
1363 4763 1578 4817 crimini
1608 4763 1769 4817 vertit
1801 4762 1969 4831 quod,
1999 4772 2123 4831 post
2149 4763 2358 4818 disces-

789 4857 999 4911 sionem
1042 4872 1071 4909 a
1092 4857 1306 4910 clericis
1332 4857 1651 4925 episcopum
1676 4872 1836 4911 suum
1865 4857 2014 4910 velut
2042 4857 2358 4911 licerelicum

788 4946 1125 5017 fugientibus
1157 4948 1532 5016 factam,apud
1568 4964 1624 5002 se
1652 4949 1921 5002 coitiones
1948 4956 2004 5003 et
2024 4949 2358 5003 oblationem

791 5041 1108 5110 peregisset.
1148 5040 1300 5095 Unde
1338 5042 1502 5094 etiam
1533 5041 1917 5095 Theodoretus
1960 5041 2073 5110 ipse
2101 5043 2363 5111 singulari

792 5133 1198 5203 dispensatione
1251 5149 1383 5187 usus
1416 5142 1520 5196 est,
1562 5148 1686 5186 cum
1732 5133 1785 5186 in
1817 5133 1979 5186 Maris
2003 5134 2244 5187 eremitae
2274 5143 2363 5187 tu-

793 5225 973 5295 gurio,
1002 5240 1099 5293 pro
1142 5225 1298 5278 altari
1334 5241 1464 5279 usus
1509 5225 1864 5280 diaconorum
1911 5224 2183 5289 manibus,
2210 5240 2365 5279 sacra

794 5319 1053 5388 mysteria
1084 5318 1295 5386 peregit
1319 5319 1359 5368 ⁷.

1012 5428 1251 5496 Epistula
1290 5426 1405 5489 I70,
1434 5424 1782 5481 Orientalium
1826 5428 1893 5479 ml
1941 5426 2150 5495 Rufum.

868 5519 907 5573 Ι.
940 5520 1087 5573 llane
1124 5519 1501 5573 Theodoretus
1533 5519 1805 5587 nuspiam,
1838 5519 1981 5587 quod
2019 5519 2237 5588 quidem
2266 5532 2364 5571 no-

2471 4660 2807 4723 llolstenius,
2832 4675 2956 4714 cum
2993 4674 3237 4713 errorem
3268 4659 3471 4729 vulgati
3510 4659 3716 4714 codicis
3763 4662 4049 4727 emendat,

2466 4761 2523 4807 et
2550 4752 2673 4806 loco
2700 4753 2799 4821 τῆς
2829 4750 3100 4821 Ἐριδικῆς
3142 4750 3468 4822 Ἐκκλησίας
3488 4751 3621 4821 legit
3647 4752 3745 4819 τῆς
3776 4752 4049 4824 Σαρδικῆς

2485 4845 2833 4914 Ἐκκλησίας.

2535 4958 2589 5011 9..
2621 4956 2836 5010 Dicitur
2879 4954 3119 5025 Cyrillus
3146 4954 3449 5024 depositus,
3490 4970 3600 5008 non
3642 4962 3704 5007 ut
3753 4953 4053 5010 luereticus

2473 5059 2706 5112 tantum,
2761 5049 2847 5102 cui
2879 5049 3101 5117 patebat
3147 5047 3359 5101 reditus
3384 5062 3483 5116 per
3506 5046 3927 5116 paenitentiam;
3954 5049 4050 5104 sed

2473 5152 2731 5210 tanquam
2759 5139 3127 5194 lttcresiarcha
3175 5137 3291 5191 sine
3335 5139 3443 5191 ulla
3486 5152 3580 5205 spe
3626 5136 4048 5192 restitutionis:

2472 5234 2617 5303 quod
2648 5233 2930 5287 sanciebat
2961 5240 3119 5286 vetus
3148 5229 3409 5284 Ecclesia:
3432 5228 3736 5298 disciplina.

2537 5329 2588 5382 '5.
2616 5327 2940 5397 Suspicione
2982 5341 3091 5379 non
3136 5333 3307 5387 caret,
3339 5323 3485 5393 quod
3523 5323 3722 5377 dicitur
3746 5324 4054 5392 imperator

2474 5421 2763 5477 mandasse
2795 5418 3110 5482 Catholicis,
3144 5426 3205 5471 ut
3244 5416 3329 5470 vel
3360 5415 3535 5485 capita
3574 5414 3758 5485 Cyrilli
3785 5424 4052 5484 tanquam

2477 5515 2601 5569 ﬁdei
2621 5514 2849 5568 adversa
2897 5511 3165 5580 rejieiaut,
3199 5509 3283 5564 vel
3307 5518 3454 5563 certe
3480 5515 3734 5577 suscepto
3765 5523 3819 5561 in
3852 5521 4053 5562 eorum

2131 5669 2446 5727 SCHUIZII
2499 5668 2589 5723 ΝΟ
2610 5670 2621 5720 l
2640 5666 2723 5721 ᾹΞ.

872 5822 889 5848 ’
917 5819 1032 5872 Vid.
1054 5820 1216 5872 etiam
1246 5833 1429 5884 supra.
1468 5833 1516 5884 p.
1554 5816 1668 5867 ltifl.

800 5890 1099 5946 Sirmoudi.
1176 5891 1213 5919 "'
1247 5886 1364 5942 Lib.
1394 5904 1406 5943 ι
1439 5887 1651 5939 θείω-ν.
1688 5886 1893 5954 μείρει,
1928 5902 2042 5955 cap.
2080 5886 2128 5937 6.

1754 5818 1773 5843 "
1810 5816 1999 5867 .Aimml.
2038 5824 2165 5866 tom.
2208 5815 2269 5877 ν,
2308 5830 2359 5882 p.
2399 5815 2519 5865 ϐπ.

2598 5813 2617 5842 ’
2657 5809 2716 5864 [Ἰ
2842 5807 3114 5861 codicibus.
3176 5805 3250 5859 lla
3320 5820 3536 5873 quoque
3581 5801 3815 5859 habebat
3878 5803 4055 5857 editio
