4228 6446
204 370 303 435 3Ξὶ

1378 375 1473 436 DE
1512 375 1767 435 LIBRIS
1802 376 2307 439 THEODOBETI.

3358 380 3463 444 322

206 483 592 540 defensionem
654 486 977 551 certamine,
1033 495 1349 541 sanctorum
1401 487 1622 541 Patrum
1667 502 1795 541 con-
1826 495 1864 547 Α
1896 497 1952 541 et
1996 490 2111 558 ipsa
2161 487 2437 561 synodalis
2467 498 2570 553 est,
2599 497 2659 543 ut
2698 506 2797 545 suo
2825 494 2946 547 loco
2974 494 3459 562 demonstrabitur,

203 579 435 633 fessioni
470 588 845 633 consentanea
869 595 990 633 esse
1016 580 1191 650 palam
1218 580 1529 635 ostendant.
1566 581 1621 635 Si
1659 581 1791 651 quid

204 670 489 739 ejusmodi
537 671 854 725 mandasset
896 671 1242 726 Theodosius
1294 672 1622 736 Catholicis,
1683 690 1789 728 non

204 764 361 830 prius
392 764 452 816 in
484 765 680 817 urbem
714 765 918 833 regiam
946 764 1011 818 ad
1057 765 1436 819 sulliciendum
1472 765 1708 819 Nestorii
1737 781 1791 817 in

205 852 398 905 sedem
431 854 754 923 episcopum
786 855 1111 923 excepisset,
1161 870 1325 924 quam
1370 848 1556 925 Cyrilli
1613 855 1791 923 ca'pita

206 942 595 1007 damnassent,
644 961 766 1014 quae
808 957 957 999 certe
999 962 1108 999 non
1162 947 1511 999 damnarunt.
1558 945 1691 999 Nam
1745 946 1791 998 si

202 1033 589 1105 damnassent,
645 1051 746 1087 cur
793 1034 847 1087 in
890 1035 1301 1089 conditionibus
1350 1036 1501 1104 pacis
1540 1035 1687 1087 nulla
1732 1033 1790 1087 [it

203 1124 589 1179 damnationis
616 1127 867 1180 mentio?
891 1127 1000 1179 Cur
1031 1128 1201 1195 petita
1244 1136 1328 1180 est
1368 1134 1478 1179 tam
1521 1128 1791 1179 instanter

199 1213 267 1266 ab
290 1212 709 1267 Orientalibus?
726 1214 837 1268 Cur
867 1225 973 1268 tam
995 1223 1376 1270 asseveranter
1392 1215 1627 1287 Cyrillus
1654 1214 1790 1269 nihil

200 1322 230 1359 a
255 1322 317 1360 se
349 1308 628 1376 scriptum
662 1308 966 1369 contendit,
1002 1307 1149 1376 quod
1196 1307 1477 1361 obliterari
1513 1306 1790 1361 deberet?

198 1396 313 1452 Cur
364 1399 778 1462 Theodoretus,
817 1414 943 1453 cum
997 1401 1132 1453 alias
1178 1401 1541 1469 capitulorum
1600 1398 1788 1468 Cyrilli

200 1490 461 1541 meminit
486 1490 760 1553 (meminit
788 1505 940 1552 vero,
960 1490 1176 1558 quoties
1208 1491 1423 1543 occasio
1448 1506 1505 1543 se
1538 1490 1786 1559 praebet),

200 1579 345 1632 banc
400 1579 922 1633 condemnationem
965 1595 1075 1633 non
1128 1580 1369 1648 objecit?
1420 1579 1528 1633 Cur
1557 1580 1789 1650 Cyrillus

198 1670 408 1722 Acacio
442 1669 722 1733 Mcliteno,
759 1670 853 1737 qui
884 1670 988 1723 fuit
1035 1685 1177 1724 unus
1210 1670 1277 1724 de
1311 1670 1501 1739 legatis
1544 1670 1787 1724 Catholi-

200 1777 423 1825 corum,
458 1764 715 1831 querenti
746 1764 894 1832 quod
917 1764 1070 1818 visus
1089 1772 1236 1817 esset
1256 1764 1539 1832 pristinam
1571 1774 1790 1817 senten-

1894 587 1950 631 et
1984 580 2051 632 ab
2084 581 2275 633 eadem
2308 581 2515 651 synodo
2533 584 2724 637 eodem
2764 592 3006 653 tempore
3034 587 3215 641 missa.

1970 670 2053 721 ΙΙΙ.
2092 670 2260 724 Docet
2289 673 2570 742 inscriptio
2598 675 2779 728 datam
2811 690 2929 729 esse
2959 677 3020 740 ³³,
3057 693 3180 730 cum
3212 677 3279 731 de
3314 678 3466 747 pacis

1896 760 2308 815 conditionibus
2335 776 2590 833 ageretur
2623 768 2665 797 “
2693 766 2750 819 in
2798 768 3031 821 concilio
3085 770 3309 825 Joannis
3352 772 3465 826 Au-

1896 850 2137 903 tiocheni
2186 852 2327 920 apud
2354 854 2615 908 Acacium
2663 856 3030 920 Bermensem,
3071 867 3353 926 postquam
3378 876 3468 915 ac-

1893 950 2048 1009 cepta
2076 951 2160 995 est
2183 944 2251 996 ab
2274 945 2645 999 Orientalibus
2675 948 2844 1001 forma
2871 948 3017 1013 fidei,
3042 965 3203 1018 quam
3231 950 3466 1019 Cyrillus

1900 1033 2300 1097 transmiserat,
2328 1045 2383 1089 et
2420 1037 2738 1106 priusquam
2781 1041 3159 1094 absolveretur
3188 1042 3338 1110 pacis
3366 1057 3465 1095 ne-

1892 1124 2097 1190 gotium
2135 1142 2147 1175 :
2176 1124 2487 1178 absolutum
2532 1142 2664 1181 vero
2694 1137 2786 1183 est
2824 1130 2980 1183 initio
3000 1132 3125 1185 anni
3150 1132 3273 1193 435,
3302 1133 3466 1186 missa

1893 1228 2024 1267 vero
2055 1214 2225 1267 forma
2252 1215 2377 1269 fidei
2406 1218 2627 1271 circiter
2652 1220 3026 1289 Septembrem
3058 1238 3299 1277 mensem
3336 1225 3465 1279 anni

1893 1305 2016 1359 452.
2046 1306 2279 1361 Necesse
2311 1317 2396 1362 est
2422 1309 2588 1378 igitur
2632 1314 2945 1381 synodicam
2985 1314 3127 1367 hanc
3175 1316 3277 1368 sub
3302 1317 3465 1369 linem

1895 1395 2234 1466 Septembris
2273 1410 2368 1455 aut
2405 1417 2593 1456 mense
2635 1402 2856 1457 Octobri
2898 1407 3155 1475 scriptam
3184 1422 3325 1470 esse,
3356 1421 3465 1476 quo

1893 1500 2137 1557 tempore
2167 1492 2409 1560 synodus
2433 1496 2767 1549 autumnalis
2805 1512 2867 1550 ex
2904 1500 3222 1565 praescripto
3254 1498 3464 1553 Nicatni

1891 1580 2117 1633 canonis
2143 1583 2210 1634 ab
2226 1583 2695 1652 Euphratensibus
2716 1588 3112 1641 celebrabatur.

1963 1674 2049 1727 IV.
2084 1676 2547 1743 Euphratensium
2568 1693 2732 1745 porro
2763 1678 2958 1733 animis
2986 1680 3364 1734 Theodoretus
3390 1680 3464 1735 ita

1894 1766 2303 1831 dominabatur,
2336 1770 2499 1841 375
2538 1780 2600 1824 ut
2634 1786 2729 1825 eos
2768 1772 2821 1824 in
2869 1788 2996 1825 suas
3036 1783 3219 1841 partes
3251 1785 3464 1840 pertra-

202 1854 336 1907 tiam
370 1864 729 1917 retractasse,
758 1871 884 1910 eum
921 1856 1282 1909 Orientalium
1319 1855 1480 1908 fidem
1517 1856 1785 1924 probavit,
1827 1825 1865 1879 Β
1892 1858 2068 1922 heret,
2094 1875 2202 1927 qua
2227 1861 2412 1921 vellet,
2436 1862 2581 1914 unde
2610 1862 2859 1916 Nestorio
2882 1864 3077 1917 favisse.
3099 1865 3233 1917 nihil
3263 1865 3464 1918 mirum

202 1960 315 1998 non
348 1946 639 2012 respondit
666 1947 823 2015 pejus
850 1945 1111 2015 quiddam
1153 1945 1223 1998 ab
1256 1945 1375 2014 ipso
1404 1944 1631 2008 factum,
1663 1960 1787 1998 cum

198 2038 448 2105 capitula
476 2052 664 2090 coram
690 2039 1044 2107 imperatore,
1062 2039 1404 2107 testibusque
1426 2036 1787 2092 Orientalium

196 2126 396 2195 legatis
425 2128 811 2194 reprobasset?
840 2128 951 2182 Hac
983 2128 1150 2181 etiam
1196 2129 1409 2183 ratione
1448 2144 1557 2181 non
1591 2128 1785 2182 imme-

198 2217 308 2270 rito
340 2227 643 2272 revocatur
671 2218 724 2271 in
752 2219 911 2288 373
933 2219 1184 2284 dubium,
1225 2235 1348 2288 quae
1374 2235 1551 2287 nuper
1584 2219 1789 2288 prodiit

196 2310 251 2363 in
286 2310 474 2365 lucem
511 2308 678 2363 Sacra
724 2310 1039 2375 Theodosii,
1078 2313 1363 2381 episcopos
1412 2312 1611 2380 Ephesi
1656 2327 1787 2365 con-

196 2413 459 2474 gregatos
489 2402 819 2458 dimittentis
862 2404 928 2457 ad
955 2419 1083 2459 suas
1108 2404 1380 2459 Ecclesias
1411 2422 1423 2455 :
1470 2405 1614 2457 idem
1641 2405 1789 2458 enim

196 2494 558 2551 mendacium
605 2497 870 2551 continet.
916 2496 1116 2563 Quare,
1176 2497 1221 2551 si
1275 2496 1400 2566 quis
1450 2498 1787 2566 suppositam

196 2600 355 2660 putet
395 2604 427 2643 a
471 2589 824 2644 Theodoreto
867 2592 927 2653 ”,
964 2601 1060 2644 aut
1098 2606 1129 2644 a
1183 2590 1514 2643 Theodoreti
1543 2590 1788 2643 studioso

194 2678 428 2735 Sacram
450 2724 464 2748 ,
510 2697 622 2736 non
655 2682 936 2737 videbitur
963 2682 1106 2736 forte
1130 2698 1160 2736 a
1194 2698 1325 2735 vero
1356 2683 1545 2751 procul
1574 2682 1784 2736 abesse.

262 2773 318 2826 4.
362 2773 587 2838 Mirum,
625 2775 773 2844 quod
816 2775 1065 2829 Euchitze
1098 2784 1152 2828 et
1191 2774 1557 2829 Enthusiastae
1587 2774 1788 2827 dicun-

198 2876 287 2919 tur
310 2866 516 2920 eadem
545 2882 760 2935 sapere,
801 2883 921 2935 qua:
948 2868 1241 2922 Caelestius
1273 2878 1331 2920 et
1363 2866 1636 2935 Pelagius,
1664 2882 1789 2920 cum

196 2958 484 3028 Pelagiani
511 2960 760 3013 eamdem
793 2959 1092 3014 Catholicis
1127 2960 1434 3029 objicerent
1471 2960 1790 3013 consensio-

193 3066 320 3105 nem
372 3066 503 3105 cum
562 3052 815 3105 Euchitis
861 3060 917 3105 et
955 3051 1343 3105 Enthusiastis.
1396 3050 1791 3104 Admirationis

1890 1957 1973 2002 est
1990 1949 2253 2003 Joannem
2283 1952 2662 2016 Germaniciae,
2690 1954 2964 2007 Andream
3000 1954 3462 2020 Samosatensem,

1892 2040 2261 2099 Alexandrum
2289 2043 2777 2113 Hierapolitanum,
2811 2046 3055 2114 aliosque
3092 2046 3466 2115 Euphratesize

1895 2137 2163 2204 praesules
2193 2155 2204 2188 :
2238 2153 2417 2205 neque
2443 2137 2608 2190 etiam
2635 2138 2832 2190 mirum
2857 2138 2924 2190 ab
2948 2129 3311 2206 Euphratensi
3340 2156 3468 2208 pro-

1894 2225 2073 2278 vincia
2101 2225 2415 2294 synodicam
2465 2241 2575 2282 non
2624 2225 2792 2279 fuisse
2824 2226 3042 2280 missam
3077 2227 3244 2281 Leoni
3295 2229 3468 2299 impe—

1891 2316 2059 2370 ratori
2100 2326 2221 2385 post
2252 2317 2437 2387 viginti
2480 2318 2721 2387 quinque
2764 2318 2965 2372 abhinc
3006 2334 3197 2383 annos,
3232 2336 3356 2374 cum
3396 2322 3464 2377 de

1892 2409 2061 2463 rebus
2082 2409 2300 2463 concilii
2334 2408 2794 2466 Chalcedonensis
2827 2413 3152 2465 sententiam
3180 2414 3467 2484 episcopo-

1894 2517 2012 2555 rum
2048 2502 2423 2555 sciscitaretur
2462 2521 2472 2554 :
2509 2512 2640 2557 tunc
2666 2504 2812 2557 enim
2847 2502 2930 2557 vel
2973 2505 3239 2570 nondum,
3272 2508 3354 2561 vel
3379 2524 3466 2562 re-

1895 2610 2026 2649 cens
2058 2594 2438 2648 Theodoretus
2482 2596 2713 2661 obierat,
2752 2598 2978 2667 ejusque
3017 2598 3198 2652 adhuc
3241 2600 3466 2669 spiritus

1891 2685 2227 2754 provinciam
2260 2686 2497 2739 tenebat.

1964 2778 2029 2831 V.
2070 2777 2181 2831 Hac
2208 2779 2436 2847 epistola
2477 2778 2630 2832 Nilus
2669 2778 3169 2835 Thessalonicensis
3217 2792 3272 2836 et
3313 2782 3465 2838 Jose-

1892 2867 2035 2937 phus
2097 2868 2391 2922 Bricnnius
2440 2870 2594 2923 abusi
2641 2878 2787 2932 sunt,
2842 2885 2965 2923 cum
3005 2873 3072 2925 de
3118 2878 3465 2941 processione

1894 2958 2133 3028 Spiritus
2164 2961 2336 3013 sancti
2362 2960 2733 3028 disputarent,
2760 2961 3177 3031 niterenturquc
3216 2962 3462 3017 te'stimov

1894 3052 1987 3104 nio
2010 3051 2340 3105 Theodoreti
2371 3052 2627 3119 probare,
2666 3066 2693 3103 a
2714 3050 2920 3121 Cyrillo
2948 3061 3315 3116 retractatam,
3338 3068 3464 3107 cum

194 3156 423 3195 causam
473 3140 857 3195 Theodoretus
912 3141 1027 3209 ipse
1062 3140 1199 3193 alias
1224 3139 1385 3200 tollit,
1421 3137 1641 3206 quando
1682 3137 1791 3190 Eu—
1818 3166 1858 3222 ε
1896 3158 1999 3213 pax
2030 3142 2284 3204 iniretur,
2319 3156 2481 3209 quam
2532 3140 2830 3195 tradiderat
2873 3141 2927 3194 in
2974 3143 3463 3207 anathematismis,

196 3233 480 3287 chitarum
525 3233 757 3287 hmresin
796 3232 985 3302 partes
1018 3232 1156 3285 duas
1190 3230 1449 3284 habuisse
1474 3230 1634 3283 docet
1673 3229 1791 3283 :al-

196 3334 394 3390 teram,
452 3343 563 3395 qua
610 3326 862 3381 dicerent
910 3326 1212 3388 hominem,
1272 3339 1395 3378 cum
1449 3330 1786 3385 nasceretur,

191 3420 459 3489 potestati
506 3420 773 3473 daemonis
809 3433 929 3472 esse
979 3416 1316 3480 obnoxium;
1370 3415 1622 3476 alteram,
1679 3429 1788 3482 qua

195 3511 474 3580 baptisma
507 3511 646 3564 nihil
681 3510 1112 3579 suscipientibus
1158 3507 1418 3577 prodesse
1458 3511 1789 3581 assererem.

194 3602 793 3658 Primam-leestiani
827 3600 1124 3656 Catholicis
1148 3598 1478 3663 ;secundam
1521 3595 1790 3650 Catholici

193 3696 554 3750 Ccelestianis
584 3695 942 3765 ohjiciebant.
964 3693 1288 3761 Quanquam
1336 3689 1679 3757 probabilius
1711 3688 1790 3740 vi—

194 3790 417 3851 deatur,
464 3804 579 3842 non
610 3795 716 3839 tam
743 3786 1035 3855 dogmatis,
1066 3799 1230 3853 quam
1259 3779 1661 3837 communionis
1704 3793 1789 3833 so-

194 3883 456 3938 cietatem
487 3879 621 3932 hinc
656 3878 783 3932 inde
819 3878 1090 3947 objectam
1115 3890 1257 3930 esse.

195 4037 445 4107 Epistola
489 4035 612 4099 ΓΗ,
638 4051 801 4104 quam
834 4033 1183 4107 Theodoretus
1206 4031 1414 4100 scripsit
1447 4029 1790 4083 adloannem

811 4106 1216 4158 Antiochenam.

265 4245 306 4299 l.
340 4243 407 4298 In
435 4242 594 4297 Actis
624 4259 658 4295 v
691 4240 905 4312 synodi,
926 4240 1050 4294 coll.
1086 4240 1138 4301 5,
1170 4237 1371 4307 legitur
1394 4237 1557 4306 hujus
1589 4235 1791 4304 episto-

194 4332 259 4386 lre
301 4331 496 4387 media
549 4330 664 4384 fere
707 4345 853 4399 pars,
890 4328 985 4383 sed
1025 4328 1217 4382 Latine
1250 4336 1458 4381 tantum
1485 4329 1525 4357 ¹²
1564 4344 1577 4378 :
1618 4326 1789 4394 proli-

198 4424 412 4477 xiorem
441 4421 620 4475 edidit
646 4418 834 4474 Graece
860 4426 915 4472 et
938 4418 1129 4472 Latine
1156 4433 1301 4471 anno
1335 4416 1464 4470 1661
1512 4415 1622 4469 Leo
1649 4415 1792 4468 Alla-

1893 3232 2198 3286 doctrinam
2245 3231 2312 3285 de
2349 3230 2556 3299 Spiritu
2609 3239 2799 3284 saneto
2843 3232 3174 3299 procedente
3220 3248 3250 3286 a
3306 3233 3464 3286 Patre

1891 3333 1946 3378 et
1978 3324 2133 3378 Filio.
2166 3323 2274 3377 Leo
2301 3323 2532 3376 Allatius
2570 3322 2624 3375 in
2665 3321 2907 3376 Vindiciis
2940 3324 3125 3393 synodi
3166 3324 3464 3393 Ephesium,

1890 3426 1951 3471 ut
1987 3417 2127 3470 hanc
2153 3415 2535 3485 probationem
2568 3415 2762 3478 diluat,
2788 3414 2992 3483 excipit
3016 3415 3163 3469 duo:
3205 3416 3465 3481 alterum,

1889 3508 2176 3577 epistolam
2211 3506 2385 3559 videri
2439 3506 2544 3560 sibi
2578 3506 2981 3575 supposititiam
3011 3524 3024 3571 ;
3076 3507 3305 3560 alterum
3333 3546 3348 3571 ,
3399 3507 3465 3561 de

1895 3600 2244 3655 Theodoreto
2273 3598 2535 3669 Cyrillum
2557 3600 2843 3653 occasione
2870 3600 3033 3669 hujus
3053 3601 3296 3668 epistola:
3323 3601 3466 3670 apud

1888 3692 2150 3747 Joannem
2184 3690 2588 3745 Antiochenum
2616 3700 2869 3759 questura
2901 3706 3041 3745 esse.

1965 3783 2047 3837 Vl.
2086 3783 2198 3836 Nec
2232 3768 2343 3844 hic,
2369 3797 2471 3835 nec
2507 3782 2582 3833 illi
2624 3781 2881 3835 audiendi
2914 3792 3059 3835 sunt.
3103 3782 3237 3836 Nam
3288 3783 3468 3853 primo

1891 3864 2295 3928 inconsiderate
2338 3874 2566 3927 affertur
2611 3890 2641 3927 a
2689 3873 3053 3928 schismaticis
3093 3875 3466 3929 testimonium

1890 3965 2134 4019 hominis
2189 3964 2450 4018 iracunde
2518 3964 2919 4017 calumniantis.
2953 3964 3158 4019 Deinde
3218 3966 3465 4029 Allatius,

1892 4074 2014 4112 cum
2044 4057 2431 4119 ait,occasi0ne
2465 4056 2626 4126 hujus
2655 4058 2899 4126 epistola:
2922 4056 3183 4127 Cyrillum
3213 4065 3466 4124 questum

1891 4164 2011 4201 esse
2040 4148 2106 4200 de
2145 4147 2493 4201 Theodoreto
2531 4149 2673 4216 apud
2723 4148 3011 4211 Joannem,
3057 4155 3246 4216 peccat
3275 4156 3465 4199 contra

1892 4240 2160 4293 rationem
2215 4238 2510 4308 temporis;
2566 4239 3008 4308 quandoquidem
3074 4239 3190 4291 haec
3237 4237 3467 4305 cpistola

1891 4330 2015 4384 data
2060 4340 2145 4384 est
2194 4346 2335 4383 anno
2366 4330 2489 4393 452,
2542 4331 2645 4385 sub
2681 4330 2881 4395 finem;
2927 4331 3159 4399 epistola
3183 4344 3334 4391 vero,
3360 4344 3468 4397 qua

1891 4422 2129 4493 Cyrillus
2155 4423 2425 4491 queritur,
2445 4439 2588 4476 anno
2636 4423 2758 4487 458,
2796 4438 2957 4492 quam
2986 4421 3268 4475 citissime.
3304 4419 3466 4473 Deni-

198 4515 309 4568 tius
341 4514 401 4566 in
452 4512 701 4565 Vindiciis
739 4510 924 4580 synodi
961 4508 1239 4578 Ephesium
1270 4525 1287 4561 :
1324 4507 1498 4560 edidit
1527 4516 1582 4560 et
1613 4520 1789 4575 nuper
1820 4519 1866 4574 D
1897 4528 2002 4581 que
2027 4511 2091 4566 de
2126 4511 2506 4580 suppositione
2540 4512 2813 4580 excipitur
2838 4512 2954 4565 sine
2996 4510 3191 4565 idonea
3232 4511 3339 4564 ulla
3378 4526 3468 4564 ra-

196 4604 515 4661 Cotelcrius
574 4603 630 4655 in
691 4602 1042 4656 Honumentis
1104 4599 1351 4653 Ecclesia:
1407 4598 1632 4662 ercaz;
1691 4596 1786 4651 sed

199 4711 441 4768 uterque
492 4696 674 4751 adhuc
713 4695 962 4749 mutilam
1016 4701 1295 4763 postrema
1327 4700 1500 4761 parte,
1533 4690 1578 4744 si
1604 4690 1787 4745 credi-

197 4806 325 4845 mus
359 4788 545 4843 codici
572 4787 867 4849 Vaticano,
908 4786 1065 4855 cujus
1091 4784 1465 4853 apographum
1499 4783 1785 4846 habemus,

198 4896 523 4955 quanquam
555 4895 750 4934 vereor
781 4889 839 4933 ut
862 4877 1026 4932 fidem
1059 4877 1231 4932 codex
1253 4885 1552 4930 mereatur.

252 4973 332 5027 ll.
362 4972 487 5027 Non
510 4969 843 5024 Theodoreti
875 4969 1047 5023 solius
1065 4984 1206 5032 esse,
1227 4968 1322 5022 sed
1349 4968 1518 5022 totius
1535 4968 1786 5037 Euphra—

200 5067 377 5122 tensis
410 5063 630 5135 synodi,
671 5065 835 5132 cujus
866 5063 1088 5117 nomine
1128 5062 1195 5116 ad
1225 5061 1491 5118 Joannem
1533 5061 1786 5115 Theodo-

200 5166 360 5211 retus
379 5155 626 5224 scripsit,
650 5155 846 5224 probat
871 5154 1112 5224 primum
1152 5154 1265 5207 hinc
1293 5169 1396 5207 vox
1429 5155 1485 5205 ἐν
1517 5152 1700 5220 κοινῷ,
1735 5154 1788 5205 in

204 5256 481 5300 conventu
510 5260 528 5298 :
553 5245 751 5299 deinde
786 5246 1014 5315 pluralis
1036 5260 1302 5299 numerus
1324 5244 1528 5314 ubique
1556 5243 1786 5312 positus:

204 5340 449 5409 denique
477 5354 564 5403 ea,
589 5353 709 5407 quae
735 5347 863 5392 sunt
890 5339 943 5392 in
973 5338 1203 5408 epistola
1230 5337 1296 5391 ad
1323 5337 1645 5400 Himeriuin,
1672 5351 1790 5405 qua:

1893 4605 2040 4658 tione
2069 4622 2080 4657 :
2116 4603 2299 4657 futiles
2335 4603 2480 4657 enim
2508 4614 2656 4667 sunt,
2675 4619 2811 4673 quas
2854 4602 3086 4656 Allatius
3118 4601 3358 4656 adducit.

1954 4696 2067 4751 γυ.
2101 4695 2236 4748 Tres
2265 4696 2492 4749 omnino
2528 4695 2755 4764 profert.
2786 4694 3096 4763 l.Epistola
3121 4694 3223 4747 ista
3251 4693 3471 4747 videtur

1893 4785 2188 4839 admodum
2217 4786 2413 4840 similis
2446 4786 2517 4851 ei,
2550 4801 2670 4854 qua:
2705 4785 2759 4839 in
2797 4785 2950 4839 obitu
2985 4784 3173 4855 Cyrilli
3224 4783 3401 4837 fertur
3438 4799 3469 4838 a

1893 4877 2242 4932 Theodoreto
2275 4877 2567 4941 indecore,
2606 4892 2674 4931 ne
2711 4876 2888 4931 dicam
2929 4875 3207 4939 atrociter,
3243 4878 3465 4943 scripta.

1892 4968 2029 5025 Cum
2080 4983 2211 5038 ergo
2254 4968 2614 5037 posteriorem
2663 4968 2821 5021 multi
2873 4968 3208 5037 suppositam
3253 4973 3466 5035 putent,

1894 5061 2040 5115 idem
2071 5060 2355 5114 ferendum
2376 5059 2593 5113 videtur
2613 5059 2680 5112 de
2704 5060 2885 5127 priore
2909 5059 3201 5128 judicium.
3223 5057 3275 5110 2.
3296 5056 3472 5110 Leon-

1894 5151 2006 5205 tius
2049 5160 2234 5205 monet
2274 5150 2475 5203 multas
2518 5149 2586 5202 ab
2628 5149 2901 5203 haereticis
2944 5148 3204 5203 confictas
3232 5147 3468 5200 Nestorii

1896 5240 2304 5296 etTheodoreti
2338 5250 2560 5295 mutuas
2593 5240 2806 5294 litteras
2836 5258 2847 5292 :
2889 5239 3083 5308 quidni
3128 5240 3211 5292 ha:
3249 5238 3468 5291 illarum

1900 5350 2021 5389 unae
2072 5333 2219 5387 sint?
2283 5334 2335 5387 5.
2396 5332 2765 5402 Conqueritur
2816 5331 3070 5403 Cyrillus,
3127 5328 3468 5387 circumferri

1528 5493 1841 5550 SCHULZII
1867 5494 2093 5550 NOT/E.

276 5621 319 5651 “
348 5618 477 5673 Vid.
520 5632 707 5684 supra,
738 5632 791 5685 p.
828 5615 947 5669 l6l.

1041 5615 1083 5646 "
1108 5613 1228 5667 Lat.
1262 5622 1489 5666 tantum.
1536 5613 1613 5666 Ita
1654 5626 1873 5680 quoque
1912 5612 2053 5681 apud
2084 5611 2378 5665 Baronium
2425 5610 2626 5665 Annal.
2690 5618 2731 5663 t.
2768 5610 2832 5675 V,

2868 5624 2919 5676 p.
2962 5607 3080 5661 7H.
3190 5606 3233 5638 “
3269 5604 3328 5660 in
3362 5619 3465 5676 ms.

205 5689 450 5760 quodam
482 5675 892 5760 Vindob'onen‘si
926 5684 1093 5760 (apud
1129 5684 1385 5760 Lambec.
1512 5675 1747 5760 Iv_,.p.'5,
1785 5675 1864 5760 ξ),
1898 5675 2011 5760 haec
2067 5690 2283 5760 exstant
2326 5682 2538 5760 innitine
2601 5681 2745 5760 tituli
2789 5675 3035 5760 epistola:
3064 5694 3076 5730 :
3102 5678 3361 5760 λΕγρὰφῃ
3416 5675 3471 5728 δὲ

208 5746 349 5863 ﬁeri
378 5759 440 5810 τὸ
477 5746 943 5825 ἀπολογήσατθαί
967 5746 1059 5806 ’ξὺν
1093 5761 1148 5807 ὲν
1184 5756 1358 5820 ἁγίοις
1409 5746 1675 5821 Κύριλλὸν
1721 5746 1859 5820 πρδς

281 5830 413 5863 1'...»
439 5858 511 5863 __
539 5837 782 5863 ηηοι-ριηιο
832 5826 1063 5863 Vidntnr
1092 5824 1275 5863 nntium
1307 5823 1509 5863 ent-inm
1566 5838 1687 5863 eum
1719 5823 1821 5863 inm
1865 5839 1875 5863 ι

1796 5746 1859 5813 ηδς
1902 5755 1999 5813 τὰς
2030 5753 2169 5803 κατὰ
2213 5751 2319 5801 τῶν
2359 5752 2445 5803 ιϐ’.
2473 5752 2791 5820 κεφαλαίων
2824 5746 3067 5820 μέμψεις
3098 5746 3466 5818 Θεοδωρήτου.

1796 5837 1821 5863 n
1865 5830 2044 5863 :mlnm
2077 5832 2217 5863 ρςςμί
2250 5820 2317 5863 do
2362 5837 2517 5863 nano.

281 5830 415 5886 Cum
439 5858 512 5869 ——
538 5820 801 5898 ageretur.
832 5826 1063 5881 Videtur
1092 5824 1275 5896 potius
1307 5820 1533 5894 scripta,
1566 5838 1688 5877 cum
1713 5823 1823 5893 jam
1865 5830 2045 5875 actum
2077 5832 2221 5876 esset
2250 5820 2317 5875 dc
2361 5837 2519 5890 pace.
