4228 6446
728 386 832 452 323

1852 384 2230 445 GARNERII
2271 380 2766 445 DISSERTATIO
2805 380 2887 441 II.

3884 376 3990 439 324

728 500 956 569 scripta,
990 497 1195 567 quibus
1228 495 1312 551 vel
1345 494 1461 565 ipse
1493 494 1748 560 fateatur,
1781 496 1868 550 vel
1907 496 1976 551 ab
2012 496 2136 551 aliis
2165 497 2310 552 dica-

2412 495 2479 549 Εῐ
2520 512 2604 557 τις
2625 494 2724 564 οὐχ
2750 493 3004 564 ὁμολογεί
3049 491 3211 562 σαρκὶ
3253 489 3356 543 καθ
3375 491 3387 510 ’
3422 490 3717 542 ὑπόστασιν
3745 489 3992 560 ἡνῶσθαι

731 602 843 654 tur,
876 602 1114 644 mutasse
1134 590 1487 653 sententiam,
1534 597 1590 643 et
1625 588 1679 642 in
1720 596 1906 659 partes
1942 588 2307 645 Orientalium

731 680 1043 740 transiisse;
1073 678 1127 731 id
1150 679 1270 733 istis
1292 678 1512 748 scriptis
1535 678 1872 732 continetur.

789 773 925 827 Vlll.
959 772 1139 825 Prima
1180 771 1322 824 ratio
1353 779 1563 824 tantum
1596 771 1753 825 abest
1782 782 1843 825 ut
1872 769 2306 841 suppositionem

731 862 1039 927 conﬁrmet,
1096 871 1156 916 ut
1202 870 1411 916 evertat
1461 860 1665 931 potius.
1723 861 1859 915 Nam
1893 860 2167 930 posterior
2219 860 2307 915 illa

729 955 961 1023 epistola
1002 955 1228 1009 omnino
1263 955 1502 1025 genuina
1550 963 1655 1018 est,
1696 964 1757 1009 ut
1784 969 1884 1007 suo
1932 955 2053 1007 loco
2079 954 2313 1023 apertis-

656 1056 659 1059 ‘
728 1046 869 1099 sime
888 1046 1381 1101 demonstrabitur.
1410 1046 1662 1102 Secunda
1693 1061 1801 1100 non
1833 1046 2132 1110 concludit,
2164 1045 2310 1115 quod

730 1144 985 1205 Oportet:
1018 1136 1270 1205 quamvis
1295 1138 1444 1191 enim
1471 1137 1609 1192 ﬁctae
1647 1136 1903 1191 dicantur
1939 1146 2143 1191 mutuae
2166 1152 2313 1206 quae-

730 1225 856 1280 dam
895 1226 1227 1282 Theodoreti
1271 1236 1327 1282 et
1374 1229 1612 1282 Nestorii
1655 1228 1875 1293 litteraa,
1932 1228 2079 1298 quod
2125 1235 2312 1283 tamen

731 1325 938 1371 temere
971 1318 1154 1373 forsan
1177 1321 1441 1373 asseritur
1477 1335 1507 1373 a
1540 1320 1793 1383 Leontio,
1840 1335 1943 1374 nec
1971 1320 2037 1374 ad
2072 1336 2313 1390 prmsens

732 1411 1013 1480 negotium
1042 1420 1367 1481 tempusque
1396 1414 1654 1482 pertinet,
1677 1426 1788 1465 non
1811 1420 1915 1477 est,
1936 1413 2153 1481 Opinor,
2176 1428 2310 1466 con-

732 1520 995 1572 sequens,
1048 1515 1108 1558 ut
1156 1506 1294 1560 fictae
1344 1506 1455 1559 sint
1512 1506 1700 1570 etiam,
1755 1521 1892 1575 quas
1930 1506 2313 1560 Theodoretus

732 1594 956 1647 nomine
1000 1596 1196 1665 synodi
1250 1595 1668 1664 Euphratensis,
1719 1612 1829 1650 non
1865 1596 1932 1650 ad
1974 1596 2310 1662 Nestorium,

734 1683 830 1737 scd
859 1685 923 1738 ad
958 1685 1220 1739 Joannem
1266 1686 1437 1740 totius
1476 1685 1715 1740 Orientis
1770 1686 2133 1755 patriarcham
2172 1687 2312 1741 scri-

735 1776 863 1844 psit.
912 1776 1095 1830 Tertia
1142 1777 1381 1846 denique
1433 1785 1622 1832 contra
1676 1778 1935 1833 Allatium
1983 1780 2144 1843 facit,
2202 1796 2311 1849 qua

738 1874 892 1936 parte
911 1869 1165 1937 queritur
1181 1868 1417 1941 Cyrillus
1433 1870 1776 1925 circumferri
1797 1872 2010 1926 litteras
2031 1888 2060 1925 a
2078 1873 2310 1943 magnis,
2347 1850 2386 1901 Β

738 1960 791 2013 id
830 1967 934 2023 est,
983 1976 1191 2030 magna
1239 1962 1587 2016 auctoritatis
1620 1962 1755 2016 viris
1804 1963 2071 2033 scriptas,
2112 1965 2314 2034 quibus

734 2048 1017 2103 diceretur
1050 2050 1384 2118 palinodiam
1412 2051 1574 2120 375
1606 2061 1854 2108 cantasse
1900 2072 1913 2107 :
1956 2070 2135 2124 neque
2166 2056 2315 2110 enim

734 2141 853 2204 has,
911 2156 1033 2210 quae
1081 2141 1413 2196 Theodoreti
1447 2159 1645 2197 nomen
1672 2145 1987 2213 praeferunt,
2037 2147 2131 2200 sed
2157 2147 2312 2213 alias,

734 2248 857 2303 qua:
891 2248 993 2287 suo
1019 2234 1240 2287 nomine
1273 2234 1740 2299 inscribebantur,
1777 2236 1929 2292 ﬁctas
1959 2239 2175 2292 asserit.
2211 2239 2317 2294 Re-

736 2340 865 2379 vera
906 2324 1181 2393 siquidem
1218 2323 1272 2377 id
1339 2325 1405 2379 de
1455 2324 1660 2397 Cyrillo
1716 2328 1838 2382 aliis
1888 2330 2065 2384 tribus
2115 2330 2316 2385 litteris

730 2420 973 2490 jactabat
1011 2420 1412 2484 Theodoretus,
1457 2421 1544 2475 vir
1583 2421 1752 2474 totius
1789 2419 2031 2476 Orientis
2066 2421 2318 2476 nomina-

736 2513 1005 2575 tissimus,
1062 2513 1263 2581 primis
1323 2512 1391 2567 ad
1438 2512 1715 2566 Andream
1760 2511 2318 2583 Constantinopolita-

736 2620 868 2658 num
894 2604 1262 2659 monachum:
1299 2624 1316 2655 ι
1354 2604 1493 2659 Ecce
1528 2605 1621 2673 qui
1654 2603 1956 2659 Salvatoris
1980 2605 2187 2661 Christi
2216 2623 2318 2661 na-

737 2707 890 2751 turas
928 2697 1092 2766 impia
1133 2696 1550 2750 ratiocinatione
1598 2696 1996 2766 confuderant,
2052 2707 2110 2752 et
2140 2714 2315 2754 unam

735 2798 989 2842 naturam
1021 2788 1139 2842 ausi
1188 2788 1406 2842 fuerant
1448 2786 1773 2857 praedicare,
1807 2806 1825 2838 ι
1862 2797 1920 2842 et
1952 2798 2170 2853 caetera,
2198 2807 2319 2860 quae

736 2878 933 2934 iisdem
974 2878 1088 2932 fere
1121 2878 1304 2932 verbis
1342 2886 1506 2947 atque
1531 2881 1547 2899 ‘
1579 2879 1704 2944 ista,
1745 2880 2119 2935 continentur.
2157 2881 2320 2936 Juvat

737 2980 1034 3039 utrumque
1067 2971 1335 3040 scriptum
1370 2969 1646 3034 conferre,
1677 2979 1733 3025 et
1778 2972 1942 3025 simul
1978 2972 2316 3037 meminisse,

735 3064 1126 3119 auctoritatem
1171 3063 1311 3127 fieri,
1344 3065 1518 3133 priori
1552 3063 1777 3133 quidem
1804 3080 1832 3118 a
1862 3065 2187 3134 posteriore,
2224 3080 2321 3135 po-

737 3156 958 3211 steriori
1006 3171 1136 3210 vero
1182 3171 1213 3210 a
1253 3156 1408 3210 Marii
1480 3156 1803 3212 Mercatoris
1863 3157 2201 3211 testimonio.
2261 3157 2318 3212 Id

740 3248 919 3316 ipsum
970 3248 1205 3302 habetur
1232 3248 1285 3301 in
1320 3247 1579 3302 secundis
1609 3247 1677 3301 ad
1713 3247 2021 3302 Himerium
2057 3248 2317 3302 Nicome-

739 3339 1005 3401 diensem,
1070 3348 1124 3393 et
1174 3340 1351 3395 tertiis
1400 3338 1467 3393 ad
1518 3337 1794 3393 Andream
1854 3338 2316 3394 Samosatensem.

739 3432 934 3486 Nullus
965 3448 1132 3501 porro
1160 3431 1374 3495 dubito,
1399 3431 1535 3500 quin
1554 3430 1793 3502 Cyrillus
1825 3429 1890 3484 ad
1923 3430 2065 3484 hanc
2088 3430 2322 3502 synoda-

738 3525 847 3579 lcm
890 3524 1176 3594 epistolam
1216 3522 1538 3592 respexerit,
1581 3537 1691 3576 non
1732 3522 1862 3575 item
1884 3520 1951 3574 ad
1978 3529 2095 3574 tres
2123 3520 2323 3589 praedi-

738 3624 857 3670 ctas
904 3633 917 3669 :
962 3616 1165 3686 quippe
1207 3630 1330 3669 cum
1384 3614 1611 3684 privatae
1666 3613 1773 3667 illa:
1826 3611 1956 3677 sint,
1993 3612 2110 3666 haec
2153 3626 2319 3682 syno-

740 3708 887 3761 dica.

813 3818 876 3872 In
912 3827 1165 3873 conventu
1202 3819 1362 3880 enim,
1393 3824 1501 3871 etc.
1561 3815 1619 3869 In
1669 3814 1879 3886 synodo
1928 3814 2099 3868 lectas
2150 3813 2321 3868 fuisse

741 3920 998 3979 acceptas
1035 3926 1101 3964 ex
1140 3909 1372 3981 Egypto
1414 3910 1649 3972 litteras,
1676 3908 1743 3961 de
1773 3907 1977 3976 quibus
2009 3921 2191 3961 sermo
2215 3913 2318 3970 est,

739 4009 956 4055 constat
1005 4017 1073 4055 ex
1119 4002 1294 4055 tribus
1323 4001 1449 4054 aliis
1484 3998 1754 4071 epistolis,
1790 4013 1928 4069 quas
1951 4006 2113 4053 antea
2136 3997 2323 4067 appel-

741 4091 993 4146 lavimus.

814 4206 1085 4262 Consonas
1119 4208 1356 4261 omnium
1399 4206 1709 4270 sententias,
1764 4213 1872 4260 etc.
1930 4205 2137 4268 Graece,
2188 4223 2323 4277 συμ-

749 4299 958 4368 φώνους
988 4299 1235 4369 ἀλλήλοις
1257 4298 1353 4361 τὰς
1371 4298 1588 4351 πάντων
1612 4296 1779 4363 ἔδειξε
1797 4296 2041 4366 γνώμας.
2066 4296 2319 4361 Allatius,

740 4399 1090 4445 consonantes
1134 4391 1230 4443 sibi
1260 4392 1495 4443 omnium
1522 4388 1840 4443 voluntates.
1878 4388 2202 4453 Cotelerius,
2233 4390 2320 4442 in-

742 4486 905 4538 vicem
939 4483 1317 4536 consentientes
1356 4484 1520 4553 effecit
1537 4483 1845 4536 sententias.
1872 4482 2078 4536 Neuter
2105 4482 2322 4535 videtur

744 4584 919 4627 totum
952 4589 1173 4628 sensum
1201 4573 1536 4642 expressisse
1564 4591 1577 4625 ι
1602 4572 1873 4643 signiﬁcat
1896 4572 2043 4627 enim
2070 4572 2321 4627 Theodo-

742 4676 915 4730 retus,
963 4666 1150 4737 Cyrilli
1200 4682 1324 4720 cum
1355 4664 1749 4730 Orientalibus,
1791 4664 2153 4720 Orientalium
2194 4681 2319 4721 cum

742 4757 993 4811 Nestorio
1034 4757 1453 4812 consensionem
1480 4756 1617 4812 adeo
1650 4755 1978 4827 patefactam
2004 4772 2147 4821 esse,
2171 4756 2320 4826 quod

740 4848 988 4917 apertius
1043 4848 1212 4902 tradit
1250 4848 1317 4902 ad
1364 4846 1636 4903 Andream
1674 4856 1971 4919 utrumque
2025 4848 2317 4915 scribens;

744 4941 800 4995 id
846 4949 951 5004 est,
994 4940 1061 4994 ad
1095 4940 1423 4994 monachum
1456 4939 2145 5011 Constantinopolitanum,
2170 4950 2226 4995 et
2252 4941 2321 4996 ad

739 5032 1059 5101 episcopum
1092 5031 1547 5087 Samosatensem.

813 5145 1117 5201 Carnatiter
1145 5164 1359 5202 carnem
1384 5149 1603 5218 factum,
1634 5156 1741 5203 etc.
1775 5144 2073 5219 Capituloi
2103 5151 2317 5217 εΓεγέν-

743 5258 874 5308 νηκε
921 5241 1029 5310 γὰρ
1075 5242 1351 5309 σαρκικῶς
1399 5243 1575 5311 σάρκα
1618 5241 1874 5309 γεγονότα
1921 5240 2007 5293 τὸν
2058 5242 2123 5294 ἐκ
2180 5241 2315 5294 Θεοῦ

746 5331 959 5398 ἰιατρδς
992 5330 1183 5397 Λόγον,
1208 5340 1315 5386 etc.

813 5422 883 5475 Et
915 5424 1161 5477 unionem
1187 5424 1469 5477 secundum
1490 5422 1815 5494 Ιιυροδεοδίη,
1837 5430 1943 5476 etc.
1972 5419 2224 5491 Capituli)
2250 5420 2313 5474 Ξῖ

2410 587 2502 643 τὸν
2531 589 2595 640 ὲκ
2608 586 2745 640 Θεοῦ
2771 586 2984 656 Πατρός
3003 583 3196 651 Λόγον,
3222 590 3327 637 etc.

2484 679 2741 735 Unionem
2784 675 3108 740 naturalem,
3140 684 3247 729 etc.
3281 672 3535 743 Capitulo
3568 673 3638 727 ὃς
3686 673 3755 727 Εἴ
3767 690 3853 737 τις
3880 672 3996 728 ἀπὸ

2409 769 2503 824 τοῦ
2557 770 2675 833 ἑνός
2717 766 2954 838 Χριστοῦ
3005 766 3204 838 διαιρεῖ
3243 766 3342 829 τὰς
3374 766 3699 830 ὑποστάσεις
3731 768 3869 836 μετὰ
3888 768 3996 840 τὴν

2408 861 2603 914 ἕνωσιν
2629 861 2764 933 μόνῃ
2784 859 3073 913 συνάπτων
3106 858 3275 921 αὐτὰς
3307 856 3591 928 συναφείᾳ,
3627 860 3690 928 τῇ
3722 858 3862 911 κατὰ
3889 858 3995 928 τὴν

2411 953 2590 1017 ἀξίαν,
2633 953 2802 1023 ἤγουν
2862 951 3171 1017 αὑθεντίάν,
3223 950 3255 1022 ἦ
3284 950 3624 1013 δυναστείαν,
3656 952 3750 1003 καὶ
3776 951 3899 1021 οὐχὶ
3924 951 3996 1021 δὴ

2414 1046 2615 1118 μᾶλλον
2642 1046 2843 1115 συνόδῳ
2865 1047 2930 1114 τῇ
2958 1044 3079 1097 καθ’
3097 1044 3288 1097 ἕνωσιν
3311 1047 3537 1115 φυσικῇ,
3559 1044 3801 1114 ἀνάθεμα
3823 1043 3992 1099 ἔστω.

2482 1138 2899 1208 Primogenitum
2945 1153 3008 1191 ex
3060 1137 3301 1201 mortuis,
3351 1144 3458 1191 etc.
3506 1135 3758 1205 Capitulo
3785 1135 4001 1189 12:15!

2409 1250 2494 1296 τις
2522 1232 2619 1302 οὐχ
2649 1230 2901 1301 ὁμολογεί
2928 1230 3017 1283 τὸν
3037 1228 3132 1283 τοῦ
3157 1228 3291 1285 Θεοῦ
3323 1228 3498 1296 Λόγον
3531 1227 3769 1281 παθόντα
3800 1228 3991 1299 σαρκὶ,

2411 1323 2507 1376 καὶ
2548 1321 2958 1392 ἐσταυρωμένον
3013 1321 3199 1393 σαρκὶ,
3248 1321 3344 1373 καὶ
3386 1318 3618 1373 θανάτου
3654 1318 3997 1388 γευσάμενον

2414 1415 2600 1486 σαρκὶ,
2635 1414 2896 1484 γεγονότα
2946 1413 3007 1466 δὲ
3036 1412 3379 1484 πρωτότοκον
3426 1413 3490 1465 ὲκ
3534 1410 3744 1481 νεκρῶν
3796 1410 3920 1464 καθ’
3967 1409 3999 1462 ό

2413 1505 2526 1576 ζωή
2551 1509 2667 1559 ἐστι
2697 1508 2793 1559 καὶ
2825 1503 3109 1569 ζωοποιός.

2484 1597 2676 1651 Vocum
2700 1598 3026 1661 divisionem,
3056 1605 3164 1649 etc.
3197 1593 3451 1663 Capitulo
3481 1594 3514 1648 4
3542 1612 3555 1647 :
3584 1594 3654 1648 Εἴ
3672 1610 3753 1656 τις
3776 1589 3998 1663 προσώ-

2413 1705 2535 1752 ποις
2590 1688 2781 1752 δυσὶν,
2838 1688 3004 1757 ἤγουν
3056 1686 3428 1749 ὑποστάσεσι,
3492 1685 3593 1746 τάς
3645 1701 3703 1736 τε
3761 1685 3820 1735 ἐν
3877 1684 3998 1744 τοῖς

2415 1778 2788 1846 εὐαγγελικοίς
2841 1777 2935 1829 καὶ
2988 1774 3366 1836 ἀποστολικοῖς
3418 1776 3816 1846 συγγράμμασι
3871 1772 3997 1825 δια-

2416 1871 2569 1941 νέμει
2626 1870 2831 1940 φωνὰς,
2888 1868 2923 1938 ἢ
2981 1869 3075 1921 ἐπὶ
3112 1867 3334 1938 Χριστῷ
3367 1865 3520 1937 παρά
3556 1865 3664 1918 τῶν
3699 1864 3868 1932 ἁγίων
3901 1863 3997 1915 λε-

2416 1964 2674 2034 γομένας,
2721 1962 2755 2032 ἢ
2805 1962 2934 2032 παρ’
2991 1960 3155 2013 αὐτοῦ
3214 1959 3340 2029 περὶ
3376 1956 3594 2020 ἑαυτοῦ,
3632 1957 3726 2009 καὶ
3754 1956 3853 2019 τὰς
3895 1955 4001 2026 μὲν

2414 2056 2489 2120 ὡς
2511 2055 2785 2126 ἀνθρώπῳ
2817 2053 2969 2124 παρὰ
2991 2052 3085 2105 τὸν
3116 2053 3180 2105 ἐκ
3209 2050 3345 2103 Θεοῦ
3371 2050 3581 2120 Πατρὶς
3611 2049 3781 2117 Λόγον
3814 2047 4003 2110 ίδικῶς

2416 2149 2692 2227 νοουμένῳ
2720 2151 3047 2219 προσάπτει,
3072 2146 3169 2209 τὰς
3193 2145 3248 2198 δὲ
3273 2144 3347 2207 ὡς
3392 2143 3714 2212 θεοπρεπεϊς
3753 2142 3898 2213 μόνῳ
3918 2139 4003 2211 τῷ

2416 2243 2481 2293 ὲκ
2505 2239 2639 2292 Θεοῦ
2665 2238 2879 2310 Πατρδς
2907 2238 3085 2307 Λόγῳ,
3112 2236 3359 2307 ἀνάθεμα
3395 2235 3556 2290 ἔστω.

2486 2332 2723 2402 Denique
2744 2330 3004 2395 Spiritum
3032 2337 3296 2393 sanctum,
3322 2336 3428 2382 etc.
3452 2327 3552 2382 llic
3582 2334 3665 2381 cst
3692 2325 3869 2391 locus,
3900 2325 4001 2395 qui

2417 2434 2527 2481 tam
2562 2424 2905 2480 contentiosa
2936 2423 3100 2493 376
3124 2429 3353 2477 vexatus
3374 2428 3457 2475 est
3486 2435 3515 2474 a
3546 2418 3914 2474 schismaticis
3944 2424 4003 2473 et

2416 2518 2716 2573 Catholicis
2748 2516 2815 2571 de
2847 2514 3201 2586 processione
3227 2513 3468 2583 Spiritus
3504 2510 3677 2565 sancti
3711 2509 4003 2579 disputan-

2421 2610 2588 2673 tibus,
2641 2608 2846 2678 quique
2898 2605 3096 2661 Allatlo
3140 2603 3293 2658 dedit
3338 2601 3683 2657 occasionem
3716 2596 3998 2655 scribendi

2422 2702 2681 2757 Vindicius
2730 2699 2914 2771 synodi
2968 2698 3264 2770 Ephesium,
3317 2710 3485 2765 Opere
3535 2708 3645 2748 non
3684 2692 3997 2756 mediocri;

2419 2793 2537 2857 sed,
2576 2807 2695 2845 mea
2727 2789 3020 2853 sententia,
3064 2789 3203 2843 nihil
3233 2786 3336 2841 fuit
3357 2800 3556 2847 causae,
3588 2800 3689 2839 cur
3712 2790 4003 2852 tantopere

2420 2883 2550 2939 hinc
2580 2892 2635 2937 et
2665 2882 2791 2937 inde
2828 2876 3208 2936 schismaticos
3248 2879 3394 2933 inter
3434 2888 3490 2933 et
3518 2877 3772 2931 Allatium
3802 2874 3872 2928 de
3894 2874 4003 2928 hoc

2420 2975 2540 3029 loco
2566 2974 2901 3029 concertatio
2933 2982 3082 3028 tanta
3106 2972 3363 3027 ferveret.
3390 2970 3527 3024 Nam
3557 2968 3625 3023 de
3648 2966 4001 3037 processione

2422 3068 2660 3138 Spiritus
2682 3068 2856 3121 sancti
2908 3082 3088 3136 neque
3136 3065 3241 3120 fuit
3289 3062 3523 3118 sollicita
3560 3060 3824 3132 synodus,
3871 3073 3999 3112 cum

2421 3158 2660 3227 capitula
2695 3157 2882 3228 Cyrilli
2927 3156 3233 3227 probaret;
3287 3168 3466 3223 neque
3510 3151 3748 3223 Cyrillus
3803 3149 4003 3219 egebat

2421 3250 2717 3305 admodum
2763 3248 3114 3318 processione
3160 3246 3403 3316 Spiritus
3451 3260 3481 3299 a
3534 3244 3713 3307 Filio;
3763 3241 3859 3296 sed
3884 3242 4002 3295 sola

2422 3340 3011 3404 consubstantialitate,
3065 3347 3125 3392 ut
3172 3336 3447 3391 refelleret
3473 3332 4000 3394 Nestoriierrorem,

2420 3434 2675 3499 volentis,
2710 3432 2989 3489 Christum
3024 3446 3052 3485 a
3082 3431 3293 3501 Spiritu
3317 3436 3526 3492 sancto,
3553 3427 3703 3480 velut
3727 3424 3795 3478 ab
3819 3431 4005 3477 extra-

2421 3542 2525 3581 nea
2577 3533 2634 3581 et
2686 3526 2971 3596 superiore
3030 3525 3256 3586 virtute,
3306 3520 3373 3575 ad
3425 3518 3690 3590 patranda
3735 3515 4003 3570 miracula

2421 3617 2689 3689 adjutum.

2421 3747 2668 3818 Epistola
2718 3746 2840 3811 179,
2890 3761 3079 3818 quam_
3109 3741 3352 3818 Cyrillus
3393 3740 3600 3810 scripsit
3650 3735 3849 3792 Joanni
3891 3735 4005 3789 An-

3042 3814 3275 3868 tiocheuo
3312 3813 3374 3865 ³⁸.

2497 3950 2756 4022 Epistola,
2811 3958 2918 4005 etc.
2960 3949 3094 4003 Data
3132 3957 3216 4001 est
3245 3945 3469 4000 circiter
3502 3957 3705 3998 annum
3730 3940 3833 3995 459
3859 3957 3873 4005 ;
3899 3955 4001 3994 ne-

2421 4060 2528 4114 que
2544 4044 2690 4098 enim
2706 4042 2888 4111 potuit
2902 4048 2996 4094 aut
3014 4040 3227 4095 tardius
3244 4047 3337 4093 aut
3361 4037 3527 4093 citius
3549 4036 3736 4091 scribi.
3753 4033 3873 4088 Non
3893 4041 4002 4088 tar-

2423 4138 2568 4201 dius,
2590 4136 2715 4205 quia
2742 4135 2979 4188 Joanncs
3008 4131 3386 4187 Antiochenus
3404 4145 3434 4184 e
3461 4130 3573 4183 vita
3594 4126 3832 4183 decessit
3854 4141 4001 4181 anno

2421 4228 2544 4283 MO.
2588 4228 2707 4281 Non
2748 4227 2933 4289 citius,
2963 4225 3223 4294 quoniam
3253 4234 3457 4277 mutuae
3490 4221 3687 4275 littera:
3713 4220 4004 4273 desierunt

2420 4322 2589 4386 mitti,
2622 4336 2746 4375 cum
2786 4318 3025 4390 Cyrillus
3067 4316 3331 4372 adversus
3363 4315 3665 4369 Diodorum
3717 4322 3774 4367 et
3814 4312 3998 4365 Theo-

2422 4414 2618 4472 dorum
2660 4410 2835 4465 libros
2873 4408 3067 4472 edidit,
3108 4407 3489 4460 Theodoretus
3533 4402 3714 4457 editos
3761 4399 3998 4455 refellit:

2352 4539 2396 4593 Β
2424 4502 2643 4573 scripsit
2668 4516 2800 4557 vero
2820 4499 3055 4571 Cyrillus
3075 4506 3199 4570 post
3221 4498 3536 4553 combustos
3559 4493 3798 4549 Nestorii
3830 4491 4003 4546 libros

2419 4596 2575 4667 jussu
2629 4594 2977 4664 imperatoris
3009 4608 3152 4646 anno
3181 4591 3304 4646 455.
3333 4590 3515 4657 Quare
3550 4585 3797 4642 defensio
3820 4584 4004 4640 Theo-

2422 4688 2599 4742 doreti
2649 4685 2915 4741 adversus
2957 4684 3219 4757 Cyrillum
3254 4682 3531 4752 pertinere
3562 4677 3786 4732 videtur
3805 4674 3875 4728 ad
3902 4690 4001 4728 an—

2422 4795 2555 4834 num
2584 4778 2707 4843 456,
2735 4787 2830 4832 aut
2868 4777 2991 4832 4'57.
3018 4776 3175 4841 Vide,
3209 4789 3331 4845 qua:
3368 4772 3608 4827 diximus
3629 4769 3697 4824 ad
3731 4775 3902 4838 caput
3934 4764 4001 4820 l0

2423 4872 2684 4926 Liberali.

2495 4962 2752 5034 Exemplo
2778 4963 3249 5023 san'ctissimorum,
3274 4968 3383 5013 etc.
3404 4953 3695 5011 Orientalis
3719 4951 3998 5014 diceeesis,

2424 5058 2517 5127 qui
2553 5057 2900 5112 conditiones
2931 5056 3081 5125 pacis
3119 5060 3467 5121 acceperant.

2493 5150 2644 5204 Hanc
2656 5151 2781 5205 mihi
2801 5159 2892 5203 tua
2907 5151 3188 5210 sanctitas,
3205 5155 3312 5201 etc.
3340 5144 3784 5215 Exprobraturus
3803 5138 4003 5195 Joanni

2422 5239 2729 5293 molliorem
2780 5255 2908 5309 erga
2958 5238 3362 5292 Theodoretum
3409 5232 3830 5303 indulgentiam,
3866 5247 4003 5301 pru-

2423 5330 2619 5385 denter
2649 5330 2906 5385 invidiam
2934 5332 3073 5384 laesae
3104 5330 3390 5384 charitatis
3418 5328 3695 5384 amolitur.

2497 5421 2554 5476 Si
2592 5438 2717 5476 vera
2765 5434 2889 5476 sunt
2931 5437 3047 5492 qua:
3090 5421 3266 5487 didici,
3295 5430 3401 5474 etc.
3433 5420 3575 5475 Vera
3622 5418 3850 5474 fuerunt
3881 5431 4005 5471 om-

2108 5573 2418 5631 SCHULZII
2451 5572 2675 5629 NOTAE.

822 5690 1012 5762 ’ἔμαθε
1040 5691 1267 5762 epistola
1298 5700 1473 5746 exstat
1497 5691 1661 5762 etiam
1696 5692 1750 5745 in
1778 5691 1977 5745 Leonis
2004 5691 2187 5762 A—llatii
2236 5691 2483 5746 Vindiciis
2510 5690 2695 5762 synodi
2753 5689 3049 5759 Ephesium,
3082 5706 3136 5760 p.
3182 5690 3307 5745 in.
3373 5688 3508 5745 Vide
3550 5702 3771 5758 quoque
3810 5700 4003 5758 supra,

746 5775 803 5833 Ρ.
836 5760 957 5815 ΙῊ.
986 5761 1064 5815 Ad
1087 5762 1248 5833 epist.
1283 5761 1537 5826 172478,
1578 5762 1716 5816 nihil
1739 5762 1951 5816 monuit
2003 5761 2322 5817 Garnerius.
