4228 6446
739 381 842 444 397

1862 385 2236 445 GARNERII
2281 383 2687 444 DISSERTA'I‘
2696 381 2773 444 I0
2809 382 2893 444 II.

3878 388 3984 455 328

806 490 902 547 Xll
947 490 1015 546 Et
1037 490 1091 544 in
1112 489 1342 558 epistola
1366 490 1432 544 ad
1457 489 1655 545 Rufum
1678 490 2223 547 Thessalonicensem
2243 492 2310 554 ",
2343 494 2383 549 A
2416 504 2694 558 nunquam
2717 489 2917 559 potuit,
2936 488 3283 553 sententiam,
3305 487 3439 543 Dens
3463 506 3645 560 passus
3666 501 3760 545 est.
3782 494 3986 559 Quinta

744 601 761 633 ι
789 580 1209 636 haaresiarcham
1247 589 1437 644 vocat,
1482 581 1870 649 hominemque
1928 596 2310 650 perversorum

735 672 1051 741 dogmatum
1091 681 1394 735 auctorem,
1442 665 1537 741 qui
1584 672 1945 727 orthodoxam
1995 673 2155 727 [idem
2186 688 2311 727 cor-

735 772 977 831 rumpat,
1000 763 1159 832 cujus
1184 764 1362 831 capita
1407 762 1462 816 in
1492 765 1796 833 perniciem
1826 765 2085 819 Ecclesiae
2116 780 2314 834 propo-

736 854 839 908 sita
871 854 999 907 sint.
1032 872 1051 903 ι
1103 852 1203 906 llic
1224 868 1353 922 ergo
1384 853 1620 907 libenter
1666 854 1993 924 interrogem
2018 856 2314 924 rejectores

734 943 999 1012 epistolae,
1045 959 1113 996 an
1159 958 1270 996 non
1321 942 1464 996 malo
1493 945 1723 1006 homine,
1752 946 2042 1013 miseroque
2066 947 2216 1015 pejor
2241 945 2315 999 sit

735 1036 1138 1090 haaresiarcha?
1174 1052 1242 1089 an
1288 1053 1399 1091 non
1427 1037 1755 1106 malignitate
1785 1038 2166 1093 detestabilior
2208 1041 2312 1093 im-

735 1129 923 1198 pietas,
955 1130 1186 1189 hwresis.
1214 1129 1537 1199 blasphemia
1560 1131 1585 1183 ?

806 1220 945 1276 XIII.
1001 1221 1106 1277 Sed
1153 1222 1355 1291 quibus
1398 1222 1647 1277 dicteriis
1672 1224 1977 1292 insequitur
2009 1223 2314 1292 Ephesinos

736 1311 943 1377 Patres,
999 1312 1053 1365 id
1107 1321 1211 1373 est,
1264 1313 1527 1367 Ecclesiae
1583 1314 1854 1377 doctores,
1908 1324 1965 1367 et
2012 1313 2313 1367 sanctitatis

737 1404 1068 1473 magistros?
1123 1422 1140 1455 ‹
1177 1404 1355 1458 Mente
1409 1416 1594 1473 captos
1651 1404 1919 1467 nominat,
1981 1413 2314 1473 spontaneos

735 1507 910 1546 caecos
963 1502 1023 1547 et
1073 1494 1294 1549 invidiae
1340 1494 1628 1562 mancipia,
1662 1493 2036 1557 theomachos,
2072 1502 2315 1561 pastores

738 1584 832 1653 qui
866 1601 1085 1655 gregem
1116 1587 1261 1654 lupis
1289 1586 1528 1651 tradant,
1557 1586 1651 1655 qui
1682 1586 1878 1640 ovibus
1901 1586 2089 1639 noxias
2114 1586 2314 1640 herbas

737 1677 1039 1745 porrigant,
1068 1695 1086 1727 ι
1126 1686 1238 1731 etc.

808 1766 948 1822 XIV.
1000 1768 1069 1821 At
1124 1769 1360 1838 excipiet
1402 1769 1541 1822 forte
1590 1768 1861 1838 quispiam
1894 1787 1907 1822 :
1935 1768 2164 1838 Scripsit
2198 1768 2313 1823 haec

737 1856 1117 1913 Theodoretus
1140 1860 1334 1928 primis
1372 1862 1731 1931 temporibus,
1758 1877 1884 1916 cum
1918 1862 2160 1914 nondum
2184 1876 2313 1930 per-

654 2002 657 2003 .
737 1950 966 2004 vidisset
1012 1952 1377 2020 capitulorum
1431 1968 1651 2008 sensum
1692 1954 2060 2008 catholicum:
2098 1953 2316 2021 scripsit

737 2050 863 2095 ante
919 2058 1107 2111 pacem
1134 2044 1524 2107 Ecclesiarum,
1568 2062 1691 2099 cum
1716 2046 1911 2099 infensi
1934 2052 2120 2099 essent
2144 2044 2315 2097 animi

738 2142 833 2183 aut
860 2140 1009 2185 certe
1059 2148 1182 2186 cum
1237 2135 1482 2188 nondum
1536 2136 1790 2190 rediisset
1840 2150 1965 2189 cum
2004 2134 2205 2206 Cyrillo
2258 2135 2312 2188 in

738 2220 987 2289 gratiam.
1014 2222 1210 2276 Fateor
1233 2224 1286 2277 id
1314 2240 1479 2291 sane;
1503 2242 1692 2279 verum
1716 2241 1785 2280 ne
1802 2240 1943 2279 anno
1969 2226 2193 2295 quidem
2211 2224 2315 2279 M9

739 2310 1072 2380 deposuerat
1114 2328 1268 2368 suam
1292 2316 1361 2369 de
1389 2317 1646 2385 capitulis
1669 2317 2008 2386 opinionem,
2034 2332 2158 2371 cum
2183 2317 2316 2371 scri-

738 2401 875 2457 bens
923 2404 1132 2457 Domno
1173 2409 1361 2460 veneni
1412 2406 1568 2477 plena
1604 2408 1831 2463 diceret.
1877 2408 2166 2478 Nunquam
2204 2408 2314 2463 nisi

737 2495 958 2548 attritus
978 2496 1155 2558 malis,
1189 2497 1333 2566 quod
1359 2498 1523 2567 379
1548 2499 1778 2569 contigit
1810 2510 1934 2569 post
1966 2514 2169 2554 annum
2188 2501 2313 2565 447,

739 2587 793 2641 in
824 2604 1013 2657 pacem
1049 2589 1420 2644 Ecclesiarum
1471 2582 1782 2647 consentire
1824 2593 1977 2648 visus
2023 2601 2125 2657 est,
2175 2609 2318 2647 nun—

737 2694 903 2748 quam
951 2681 1164 2735 sincere
1204 2681 1409 2746 Cyrillo
1453 2684 1836 2739 reconciliatus
1877 2692 1980 2749 est,
2015 2684 2159 2754 quod
2185 2701 2319 2754 que-

738 2770 879 2824 ritur
908 2771 1140 2842 Cyrillus
1162 2773 1358 2828 Joanni
1381 2775 1650 2831 scribens.

811 2861 925 2915 XV.
970 2862 1076 2916 Sed
1135 2872 1196 2916 ut
1244 2864 1588 2920 manifestius
1638 2875 1840 2935 pateat,
1890 2882 2053 2936 quam
2104 2867 2319 2922 levibus

737 2956 1073 3023 conjecturis
1104 2957 1316 3011 nitatur
1342 2958 1529 3026 opinio
1552 2959 1957 3027 repudiantium
2006 2961 2316 3030 epistolam,

740 3060 922 3115 Opera:
950 3048 1189 3115 pretium
1217 3056 1299 3103 est
1325 3063 1443 3102 eam
1475 3050 1637 3117 paulo
1660 3051 1922 3105 attentius
1943 3050 2315 3106 considerare.

2414 587 2623 633 tantum
2672 581 2850 644 abest,
2894 589 2953 635 ut
2994 581 3387 649 suppositionis
3408 583 3779 651 conjecturam
3804 585 3983 655 juvet,

2414 679 2472 723 ut
2504 678 2728 739 propter
2761 672 3175 726 consonantiam
3209 687 3333 726 cum
3371 673 3695 728 indubitatis
3735 675 3987 731 historia:

2413 758 2775 821 documentis,
2826 768 3036 814 certum
3088 760 3160 815 sit
3190 761 3524 816 Theodoreti
3566 764 3808 818 auctoris
3830 766 3984 834 judi-

2413 851 2557 904 cium
2583 867 2597 914 ;
2630 850 2774 904 idem
2818 851 2964 904 enim
2994 851 3176 916 docet,
3206 851 3352 921 quod
3382 851 3616 922 Cyrillus
3647 854 3701 907 in
3737 855 3987 923 epistolis

2413 942 2478 995 ad
2513 942 2802 995 Maximum
2845 944 3160 1007 diaconum,
3187 944 3256 997 ad
3284 945 3542 999 Acacium
3571 944 3884 999 Melitenum
3916 946 3988 999 de

2413 1033 2664 1097 Maximo,
2702 1033 2768 1087 ad
2794 1034 3023 1087 clericos
3062 1043 3118 1088 et
3148 1034 3478 1104 Lamponem
3514 1034 3893 1106 presbyterum
3916 1036 3987 1090 de

2413 1126 2659 1196 ejusdem
2690 1126 2905 1181 Maximi
2943 1128 3206 1196 querelis,
3234 1127 3300 1181 ad
3323 1127 3572 1181 Proclum
3601 1127 3990 1182 Constantino—

2412 1222 2737 1290 politannm,
2778 1220 3033 1290 quodque
3074 1220 3455 1275 Theodoretus
3489 1220 3544 1274 in
3592 1222 3835 1290 epistolis
3893 1222 3986 1287 M,

2413 1310 2500 1373 85,
2537 1320 2643 1364 etc.
3216 1341 3228 1346 υ

2484 1401 2645 1458 XVII.
2681 1403 2759 1457 Ad
2796 1404 2930 1466 haec,
2967 1419 3088 1472 quas
3114 1418 3216 1471 pro
3238 1403 3598 1458 defendendis
3629 1405 3833 1473 quintae
3855 1421 3988 1475 syn-

2412 1494 2504 1548 odi
2547 1494 2719 1557 Actis,
2749 1495 2951 1563 quibus
2994 1494 3225 1564 epistola
3252 1495 3533 1559 inseritur,
3556 1496 3822 1550 hactenus
3840 1496 3988 1551 dicta

2415 1594 2564 1649 sunt,
2587 1586 2801 1640 accedit
2827 1586 3086 1654 primum,
3116 1586 3262 1655 quod
3283 1586 3420 1639 nihil
3442 1586 3711 1656 dogmatis
3729 1588 3993 1657 objicitur

2412 1676 2636 1746 Cyrillo,
2664 1686 2859 1747 prmter
2883 1678 2936 1731 id
2966 1678 3114 1747 quod
3142 1679 3346 1747 ubique
3373 1679 3511 1733 solet
3546 1693 3575 1732 a
3605 1680 3988 1734 Tbeodorcto:

2423 1787 2441 1818 ε
2476 1768 2640 1829 Deus,
2674 1784 2892 1837 nempe,
2916 1784 3127 1837 passus,
3162 1778 3335 1822 morte
3367 1769 3714 1826 circumdans
3734 1782 3990 1827 naturam

2416 1860 2796 1913 immortalem.
2846 1879 2865 1910 ι
2920 1860 3148 1923 Deinde,
3206 1860 3374 1929 quod,
3410 1861 3454 1915 si
3486 1878 3595 1930 qua
3640 1862 3833 1918 fuisset
3856 1864 3990 1919 olim

2417 1948 2812 2018 suppositionis
2851 1947 3061 2016 species
3102 1947 3187 2001 vel
3237 1946 3454 2012 umbra,
3483 1948 3815 2003 schismatici
3841 1958 3993 2003 certe

2416 2039 2583 2092 trium
2612 2038 2848 2108 capitum
2882 2036 3221 2099 defensores,
3271 2052 3396 2092 cum
3437 2037 3710 2093 curiosius
3754 2039 3808 2093 in
3853 2038 3992 2093 Acta

2414 2130 2619 2199 quintae
2646 2129 2839 2201 synodi
2865 2129 3227 2198 inquirerent,
3265 2144 3375 2198 quo
3426 2145 3619 2185 eorum
3674 2131 3992 2186 auctoritati

2415 2222 2772 2277 detraherent
2802 2239 2817 2287 ;
2846 2220 2915 2275 de
2946 2220 3082 2275 falso
3110 2220 3458 2290 excepissent
3495 2221 3762 2277 adversus
3784 2223 3997 2291 episto—

2415 2315 2543 2378 lam,
2577 2314 2723 2385 quod
2758 2324 2937 2367 tamen
2994 2314 3201 2367 nemini
3236 2327 3464 2383 prorsus
3494 2322 3788 2384 antequam
3825 2316 3997 2371 Baro-

2415 2405 2508 2461 nio
2531 2405 2683 2460 venit
2713 2404 2768 2458 in
2798 2413 3059 2459 mentem.

2486 2496 2672 2551 XVIII.
2705 2495 2834 2551 Inde
2858 2510 2989 2549 vero
3021 2503 3236 2551 constat
3254 2495 3450 2550 vitium
3473 2497 3721 2567 inscripti
3753 2498 3996 2555 nominis

2418 2588 2695 2658 prioribus
2720 2588 2883 2658 380
2914 2587 2971 2642 in
2993 2587 3279 2643 codicibus
3313 2588 3523 2642 nullum
3567 2587 3757 2653 fuisse,
3799 2590 3895 2645 sed
3936 2591 3997 2645 in

2419 2680 2825 2735 recentioribus
2860 2687 3112 2734 tantum:
3139 2679 3417 2748 quomodo
3462 2680 3612 2734 enim
3656 2681 3997 2737 schismatici

2421 2772 2759 2827 tacuissent?
2788 2772 2893 2827 Sed
2924 2771 3197 2841 quomodo
3241 2772 3312 2827 ab
3350 2772 3581 2826 eruditis
3632 2774 3997 2830 conciliorum

2418 2864 2661 2935 antiquis
2697 2864 3002 2919 editoribus
3029 2878 3155 2917 non
3198 2863 3300 2917 fuit
3331 2862 3779 2932 deprehensum?
3806 2865 3999 2920 Potuit

2419 2956 2567 3010 enim
2603 2956 2761 3010 facile
2807 2971 2875 3010 ex
2921 2954 3228 3025 fragmento
3275 2962 3668 3023 consequente,
3715 2955 3823 3011 nisi
3862 2971 3999 3011 con-

2419 3042 2654 3100 suetudo
2673 3042 2890 3113 legendi
2910 3043 3201 3098 avertisset
3232 3042 3475 3097 animum
3504 3060 3517 3095 :
3545 3052 3795 3112 apertum
3814 3044 3997 3114 siqui-

739 3136 964 3192 Constat
1009 3138 1251 3208 quinque
1275 3141 1501 3193 omnino
1530 3141 1797 3209 partibus,
1822 3156 2052 3210 quarum
2072 3143 2128 3196 in
2146 3141 2317 3211 prima
2344 3163 2387 3221 ο
2421 3139 2545 3193 dem
2592 3151 2675 3192 eSt
2707 3145 2763 3191 et
2803 3136 3088 3206 epistolam
3122 3145 3179 3190 et
3216 3134 3501 3190 concionis
3518 3135 3904 3207 fragmentum,
3933 3149 4001 3193 ut

741 3231 959 3285 occulta
1008 3230 1352 3299 benignaque
1398 3231 1493 3284 Dei
1524 3231 1867 3300 providentia
1899 3232 2172 3297 laudatur,
2196 3250 2318 3303 quae

740 3321 1036 3389 aliquando
1096 3321 1255 3375 bonis
1308 3322 1552 3386 brevem,
1587 3321 1851 3391 improbis
1883 3323 2199 3378 diuturnam
2232 3325 2318 3379 in-

741 3412 929 3482 dulget
967 3415 1133 3467 vitam
1160 3433 1172 3467 :
1205 3415 1314 3469 illis
1345 3424 1403 3468 ut
1450 3415 1755 3469 liberentur
1774 3417 1885 3470 cito
1911 3418 2086 3480 malis,
2118 3418 2238 3471 istis
2260 3425 2320 3471 ut

740 3506 1113 3573 pmnitentiaa-
1152 3507 1332 3560 locum
1390 3507 1693 3560 obtineant.
1745 3507 1996 3561 Secunda
2045 3518 2101 3562 et
2160 3509 2317 3563 tertia

740 3596 1026 3650 continent
1072 3598 1435 3651 imitationem
1490 3599 1771 3664 locorum,
1826 3598 2029 3667 quibus
2082 3600 2319 3669 aspergit

738 3701 870 3741 suos
896 3686 1171 3741 Lucianus
1199 3686 1263 3743 de
1294 3688 1522 3743 mortuis
1543 3687 1812 3757 Dialogos,
1834 3698 1889 3743 et
1911 3704 2037 3743 eum
2060 3689 2315 3753 maxime,

740 3778 834 3846 qui
867 3777 1148 3847 Tyrannus
1176 3778 1519 3843 inscribitur,
1549 3779 1604 3832 in
1635 3796 1743 3847 quo
1767 3780 2151 3849 Megapenthes
2175 3780 2319 3834 Rha-

738 3866 994 3922 damanto
1020 3869 1251 3934 sistitur,
1277 3878 1350 3933 et,
1378 3869 1608 3941 Cynisco
1651 3870 1975 3939 philosopho
2005 3880 2315 3936 accusante,

741 3974 932 4027 poenas
981 3960 1099 4013 luit.
1145 3960 1347 4025 Quarta
1397 3960 1721 4015 Christiana:
1755 3961 1975 4029 pietatis
2002 3962 2317 4015 testimonio

743 4050 901 4119 plena
927 4060 1031 4115 est,
1064 4067 1373 4121 quanquam
1397 4053 1713 4106 acrimonias
1738 4053 2032 4106 admistum
2064 4053 2317 4108 nonnihil

742 4139 941 4195 habeat
972 4160 985 4195 :
1022 4143 1225 4195 mortui
1250 4144 1395 4196 enim
1426 4143 1806 4197 Theodoretus
1853 4142 2002 4196 dolet
2042 4143 2211 4207 vices,
2262 4152 2318 4198 et

740 4234 926 4303 petita
947 4234 1155 4287 Domno
1178 4234 1277 4302 ipsi
1305 4249 1495 4301 preces
1525 4233 1788 4303 impendi,
1834 4233 2315 4303 Christianumque

738 4324 1099 4393 obsequium,
1167 4340 1481 4393 quanquam
1538 4326 1756 4393 utrique
1804 4325 2084 4394 negotium
2153 4326 2315 4378 morti

740 4416 1022 4484 proximus
1066 4424 1295 4469 crearet.
1348 4414 1545 4478 Quinta
1599 4414 1859 4469 historica
1888 4425 1991 4479 est,
2024 4415 2312 4485 docetque,

738 4505 886 4576 quod
929 4516 985 4560 et
1030 4505 1252 4560 aliunde
1302 4506 1494 4570 scitur,
1522 4505 1783 4576 Cyrillum
1807 4507 1971 4575 paulo
2002 4517 2129 4561 ante
2162 4524 2311 4562 mor-

738 4607 870 4661 tem,
895 4598 1149 4667 querelas
1199 4596 1267 4652 de
1320 4597 1560 4653 Orientis
1615 4597 1889 4667 episcopis
1936 4598 2203 4655 detulisse
2242 4600 2311 4655 ad

736 4689 1139 4759 imperatorem.

804 4780 943 4837 XVI.
974 4780 1115 4846 Quid
1148 4780 1315 4833 habet
1345 4780 1542 4849 prima,
1569 4781 1614 4834 si
1650 4780 1813 4834 modo
1841 4780 2186 4849 excipiantur
2228 4780 2312 4835 ha:

733 4888 919 4936 voces,
966 4872 1139 4927 malus
1196 4875 1371 4936 homo,
1425 4872 1707 4941 indignum
1740 4871 2001 4941 episcopo
2025 4872 2047 4924 ?
2075 4871 2309 4935 Habent,

732 4964 930 5029 fateor,
962 4963 1203 5018 secunda
1225 4974 1281 5020 et
1311 4963 1492 5027 tertia,
1528 4963 1772 5033 joculare
1798 4962 2058 5031 quiddam
2109 4972 2164 5016 et
2209 4962 2313 5016 bu-

732 5056 883 5120 mile,
930 5057 1026 5111 sed
1070 5057 1176 5111 hoc
1205 5056 1371 5111 etiam
1395 5055 1670 5109 scribendi
1694 5070 1893 5124 genere
1915 5072 2309 5126 nonnunquam

730 5147 837 5201 viri
889 5163 1082 5217 graves
1137 5156 1390 5210 utuntur,
1437 5161 1559 5200 cum
1608 5161 1675 5200 ex
1727 5146 2012 5201 comoediis
2060 5154 2157 5200 aut
2187 5147 2309 5203 aliis

728 5239 999 5308 ejusmodi
1032 5240 1251 5308 scriptis
1280 5239 1574 5292 desumunt
1611 5237 1819 5305 aliquid
1858 5252 1967 5305 quo
2006 5237 2173 5291 animi
2219 5238 2305 5292 sui

727 5344 886 5385 sensa
914 5328 1056 5399 apud
1085 5329 1358 5384 familarcs
1386 5338 1676 5399 exponant.
1718 5328 1919 5394 Quarta
1966 5328 2115 5382 aliud
2168 5329 2303 5383 nihil

726 5421 897 5476 habet
940 5422 1274 5486 acrimonias,
1301 5438 1464 5491 quam
1491 5422 1636 5491 quod
1663 5421 1985 5490 jamdudum
2013 5422 2306 5489 collegerat

726 5514 1031 5583 indignatio
1054 5514 1317 5569 adversus
1345 5513 1504 5567 hanc.
1528 5527 1693 5582 quam
1728 5512 2108 5567 Theodoretus
2158 5511 2302 5566 ferre

2420 3238 2549 3285 sunt
2610 3229 2854 3300 ejusdem
2903 3228 3210 3299 argumenti
3273 3227 3629 3297 ejusdemque
3690 3229 3861 3294 modi,
3919 3230 3998 3286 ita

2420 3325 2585 3377 unius
2610 3322 2724 3376 fere
2744 3337 2864 3375 esse
2888 3321 3153 3390 temporis
3181 3339 3195 3374 :
3227 3320 3378 3389 atqui
3402 3321 3684 3376 concionis
3706 3322 3998 3393 inscriptio

2419 3413 2612 3468 Domni
2640 3427 2838 3466 nomen
2878 3410 3117 3480 prmfert.

2488 3504 2631 3558 XIX.
2678 3504 2971 3573 Postquam
3025 3511 3234 3557 asserta
3277 3512 3363 3558 est
3385 3505 3585 3559 veritas
3609 3503 3874 3574 epistolae,
3908 3519 4001 3558 re-

2419 3604 2526 3649 stat
2571 3594 2778 3663 aliquid
2810 3592 3127 3656 emendare,
3170 3593 3315 3661 quod
3340 3595 3539 3663 partim
3569 3595 3887 3664 interpretis
3912 3594 3999 3649 in-

2418 3687 2592 3748 curia,
2616 3686 2813 3755 partim
2836 3685 3185 3739 librariorum
3224 3686 3359 3740 vitio
3398 3687 3628 3757 legitur,
3657 3687 3712 3741 in
3746 3686 3996 3741 editione

2419 3786 2534 3831 tum
2579 3777 2969 3840 Conciliorum,
3020 3786 3135 3830 tum
3177 3777 3416 3832 Baronii.
3470 3779 3525 3833 Id
3588 3793 3720 3833 vero
3754 3794 3866 3833 non
3908 3788 3999 3833 est

2418 3883 2733 3937 operosum,
2772 3868 3023 3937 quamvis
3053 3867 3277 3923 Graecus
3318 3876 3498 3923 textus
3530 3869 3774 3923 nondum
3806 3869 3995 3924 editus

2418 3961 2507 4021 sit,
2556 3962 2668 4014 imo
2712 3960 2980 4014 incertum
3033 3960 3104 4013 sit
3137 3976 3205 4014 an
3249 3962 3460 4029 uspiam
3504 3961 3687 4015 lateat.
3713 3962 3996 4016 Restituto

2418 4050 2583 4119 igitur
2635 4050 2688 4103 in
2743 4049 3100 4119 inscriptione
3156 4050 3350 4103 Domni
3393 4050 3635 4115 nomine,
3667 4050 3997 4121 corrigenda

2417 4139 2641 4193 fuerunt
2678 4140 2719 4170 ’⁷
2760 4155 2827 4192 ex
2867 4140 3179 4208 conjectura
3221 4140 3468 4208 quaedam
3496 4141 3563 4195 ad
3586 4142 3839 4211 syntaxin
3872 4157 3998 4196 ver-

2417 4231 2611 4285 borum
2660 4231 3013 4301 pertinentia,
3067 4231 3306 4299 primum
3336 4241 3391 4285 ut
3422 4235 3655 4303 capiant,
3688 4234 3917 4299 discanl,
3948 4248 3997 4289 et

2417 4322 2558 4386 dent,
2608 4338 2707 4392 pro
2758 4330 3027 4394 caperent,
3058 4324 3337 4389 discerent,
3367 4332 3421 4377 et
3450 4324 3657 4379 darent.
3686 4324 3896 4381 Deinde
3926 4329 3999 4380 ad

2417 4414 2712 4485 exemplum
2762 4414 2991 4469 aliorum
3033 4432 3138 4469 non
3178 4416 3396 4479 dimisit,
3432 4430 3553 4484 pro,
3602 4431 3692 4468 nec
3724 4416 3793 4467 ad
3820 4431 4002 4470 exem-

2344 4497 2388 4551 D
2416 4503 2565 4574 plum
2615 4504 2846 4559 aliorum
2900 4506 3097 4560 dimisit
3123 4524 3142 4571 ;
3193 4506 3429 4575 denique
3459 4503 3665 4576 Cynisci
3698 4504 3745 4537 "
3770 4504 4000 4560 Luciani

2418 4612 2538 4666 pro,
2578 4596 2749 4668 Cynni
2782 4596 3042 4652 Ciliciam.

2489 4688 2606 4743 XX.
2646 4688 2807 4753 Sunt,
2839 4689 2931 4757 qui
2977 4688 3094 4742 haec
3134 4686 3302 4741 verba
3342 4703 3355 4739 :
3404 4704 3423 4736 ‹
3451 4686 3651 4756 Maiora
3701 4695 3758 4741 et
3802 4689 3997 4757 pejora

2421 4786 2756 4850 pertentans,
2797 4776 3091 4832 defunctus
3126 4784 3250 4841 est;
3303 4776 3598 4831 somniavit
3631 4775 3800 4839 enim,
3851 4776 4001 4832 sicut

2419 4876 2631 4938 dicunt,
2682 4881 2739 4927 et
2771 4872 2975 4942 regiam
3000 4871 3192 4925 urbem
3221 4869 3568 4941 perturbare,
3596 4878 3653 4924 et
3682 4875 3829 4922 tuam
3864 4884 3997 4923 san-

2417 4965 2660 5020 ctitatem
2716 4978 2997 5024 accusare,
3028 4980 3047 5013 ι
3111 4968 3243 5025 etc.,
3298 4960 3733 5030 interpretentur
3779 4960 3878 5023 ita,
3934 4971 4000 5015 ut

2418 5056 2543 5110 velit
2564 5054 2827 5126 Cyrillum
2848 5054 3011 5122 paulo
3032 5060 3158 5107 ante
3192 5060 3427 5107 mortem
3460 5050 3999 5127 Constantinopolim

2414 5142 2651 5205 venisse,
2685 5141 2874 5211 ibique
2906 5155 3029 5195 cum
3054 5140 3249 5194 Proclo
3282 5154 3524 5204 causam,
3553 5139 3835 5193 Athanasii
3863 5140 3999 5193 Per-

2412 5235 2712 5288 rhenorum
2735 5231 2978 5300 episcopi
3013 5229 3354 5298 cognovisse,
3383 5237 3547 5298 atque
3575 5229 3699 5283 inde
3722 5228 3789 5283 ad
3822 5230 3997 5283 Dom-

2411 5341 2566 5388 num,
2623 5340 2653 5377 a
2700 5338 2810 5392 quo
2855 5321 3187 5375 Athanasius
3217 5320 3604 5389 appellaverat,
3651 5319 3867 5374 litteras
3896 5320 3999 5375 de-

2412 5417 2579 5471 disse.
2626 5414 2745 5469 Huc
2792 5414 2941 5468 enim
2995 5413 3221 5465 trahunt
3266 5411 3430 5465 verba
3484 5410 3762 5465 Athanasii
3816 5412 3997 5467 relata

2412 5509 2629 5564 actione
2653 5508 2711 5559 ll
2757 5504 2975 5559 concilii
3025 5502 3541 5559 Chalcedonensis:
3591 5522 3608 5554 ι
3640 5500 3791 5557 Hanc
3839 5504 3997 5575 (cau-

2050 5648 2363 5705 SCIIULZII
2432 5644 2655 5701 ΝΟΤᾸΞ.

793 5743 839 5776 ²⁶
862 5742 985 5797 Vid.
1018 5758 1205 5811 supra,
1234 5743 1522 5811 epistolam
1561 5742 1678 5797 l70.

732 5809 775 5841 ’³
801 5814 946 5869 Edit.
992 5809 1144 5883 prior
1170 5809 1405 5868 habebat
1437 5812 1638 5883 Cynici,
1669 5822 1728 5867 ut
1757 5814 1784 5882 §
1820 5815 1904 5880 l5,
1937 5812 2149 5886 Cynico.

1779 5745 1824 5774 ⁸⁷
1852 5744 1930 5798 Ex
1954 5743 2045 5815 his
2075 5744 2339 5815 corrigas,
2366 5745 2412 5799 si
2430 5745 2568 5799 tanti
2596 5744 2686 5811 sit,
2710 5752 2921 5815 partem
2950 5748 3135 5798 textus
3162 5736 3507 5803 Garneriani,
3544 5745 3584 5791 t.
3615 5735 3703 5801 IV,
3736 5751 3792 5805 p.
3826 5734 3992 5792 {362.
