4228 6446
167 370 268 432 329

1324 365 1420 423 DE
1456 363 1711 424 ΜΒωὸ
1752 359 2256 421 'l'llEODORETl.

3303 353 3406 415 330

168 482 299 551 sam)
327 479 628 534 audierunt
660 482 674 499 ‘
704 479 875 534 beata:
906 478 1180 533 memoriae
1223 478 1458 549 Cyrillus
1504 486 1558 530 ct
1606 478 1736 530 Pro—
1768 480 1805 533 Α
1839 492 2025 528 nasum
2069 487 2237 536 “tum,
2288 482 2335 526 ει
2386 473 2590 540 [renum
2624 472 2678 524 in
2709 469 2849 523 labia
2878 478 2989 532 tua,
3014 475 3061 519 et
3096 471 3331 520 avertam
3363 474 3413 518 te

166 572 300 633 elus,
327 578 387 622 et
415 578 594 622 certas
624 568 829 621 formas
847 565 1187 635 scripserunt
1229 566 1456 627 Domno,
1498 564 1589 633 qui
1643 564 1743 616 fuit

165 656 544 710 Antiochenus
561 655 874 724 episcopus,
899 653 1256 723 promisitque
1275 667 1368 705 eas
1386 652 1474 704 ille
1494 652 1739 719 implere:

165 745 254 799 sed
282 760 414 797 cum
438 744 789 811 cognovisset
821 750 1053 795 mortem
1090 740 1234 795 beati
1255 740 1463 811 Cyrilli,
1493 737 1740 801 resilivit,

164 845 211 891 et
237 837 302 889 ad
361 834 637 905 judicium
680 849 766 888 me
808 833 1042 887 vocavit.
1071 851 1089 882 ι
1140 831 1373 885 Nomine
1421 830 1741 891 formarum,

164 929 388 989 τύπων,
454 926 715 995 intelligit
782 926 993 979 litteras
1039 924 1327 993 utriusque
1383 922 1629 990 prmsulis
1677 920 1747 974 ad

164 1018 464 1079 Domuum,
511 1032 632 1086 qua:
658 1016 831 1071 ambae
853 1016 1174 1069 inseruntur
1198 1014 1350 1067 Actis
1374 1013 1565 1083 synodi
1587 1012 1749 1065 Chal-

166 1108 522 1170 cedonensis,
564 1108 783 1160 actione
828 1106 1011 1159 citata.
1066 1106 1268 1158 Verum
1296 1118 1417 1172 qua:
1446 1102 1749 1171 sitspecics

168 1199 427 1254 veritatis
490 1200 545 1251 in
596 1199 699 1252 hac
748 1199 1088 1267 conjectura,
1137 1196 1322 1249 nullus
1373 1195 1555 1249 video.
1614 1193 1747 1247 Nam

168 1291 335 1344 verba
388 1289 674 1344 Athanasii
705 1288 853 1342 aliud
886 1288 1024 1341 nihil
1045 1285 1374 1351 significant,
1404 1300 1567 1355 quam
1602 1283 1748 1351 quod

168 1382 374 1451 singuli
434 1380 720 1450 prarsulcs,
756 1393 895 1448 quos
916 1379 968 1432 in
993 1379 1106 1432 suis
1134 1378 1361 1432 urbibus
1391 1375 1752 1430 consistentes

168 1474 366 1536 adivit,
394 1474 609 1526 Domno
639 1470 978 1541 scripserint.
1006 1470 1233 1531 Deinde,
1288 1484 1408 1537 qua:
1448 1483 1610 1521 causa
1652 1482 1751 1536 po-

169 1565 293 1623 tuit,
328 1562 440 1615 nisi
473 1560 770 1615 admodum
801 1561 1000 1630 gravis,
1031 1558 1293 1629 Cyrillum
1323 1558 1752 1612 Alexandrinum

170 1654 574 1724 patriarcham,
614 1653 847 1706 fractum
895 1650 1070 1714 senio,
1122 1657 1310 1719 utpote
1336 1649 1755 1718 septuagenario

170 1746 460 1816 majorem,
490 1758 687 1812 cogere
709 1741 777 1795 ad
813 1748 1019 1794 tantum
1066 1741 1191 1800 iter,
1241 1739 1439 1792 hiemis
1490 1748 1752 1806 tempore,

1844 568 1925 619 via
1952 584 2056 635 qua
2090 567 2287 619 venisti.
2322 565 2491 617 Porro
2520 572 2698 615 autem
2735 577 2843 613 non
2873 560 3085 614 erudite
3115 557 3410 613 admodum

1846 655 2119 724 interpres
2159 655 2406 723 epistolae
2439 653 2523 706 vel
2560 651 2786 705 retinuit
2811 664 3011 703 nomen
3039 649 3284 704 Gnecum
3319 664 3410 715 φι-

1849 745 1985 815 μοῦ.
2036 747 2117 799 vel
2168 745 2358 799 Latine
2408 743 2627 812 scripsit
2681 742 2952 811 phimum,
3004 738 3151 807 quod
3204 738 3412 791 librarii

1846 846 2229 906 perverterunt
2257 836 2310 889 in
2337 834 2546 901 fimum.-

2021 929 2264 998 Epistola
2304 927 2423 991 l8l,
2469 928 2539 980 ad
2581 926 2877 980 Abundium
2922 926 3239 994 episcopum.

1921 1020 1959 1073 Ι.
1991 1019 2293 1081 Abundius,
2330 1027 2389 1071 ut
2416 1019 2572 1072 estin
2591 1018 2709 1086 ejus
2725 1018 2843 1070 Vita
2861 1016 3001 1085 apud
3021 1014 3415 1077 Mombritium,

1850 1107 2240 1163 Thessalonica
2285 1106 2442 1159 duxit
2469 1106 2735 1175 originem
2762 1122 2776 1157 :
2806 1104 2933 1158 inde
2966 1105 3020 1157 in
3058 1104 3261 1158 Italiam
3286 1119 3416 1173 pro-

1851 1201 2029 1255 fectus
2075 1198 2302 1252 adhaesit
2353 1199 2608 1251 Amantio
2656 1196 2911 1252 Comensi
2936 1198 3213 1265 episcopo,
3249 1213 3280 1251 a
3308 1213 3419 1266 quo

1850 1300 2075 1361 propter
2101 1290 2328 1344 eximias
2357 1291 2589 1344 virtutes
2617 1289 2905 1345 ordinatus
2932 1297 3035 1346 est.
3064 1289 3417 1356 praepositus-

1852 1400 1958 1453 que
1993 1382 2245 1438 Comensi
2287 1382 2565 1445 Ecclesiae,
2598 1396 2763 1450 quam
2797 1379 2976 1435 noluit
2995 1378 3280 1433 Amantius
3307 1394 3423 1434 mo-

1853 1476 2001 1529 riens
2022 1474 2240 1528 viduam
2266 1473 2595 1542 relinquere.

1924 1564 1991 1619 ll.
2038 1563 2120 1618 Ad
2161 1563 2310 1618 illum
2347 1560 2815 1629 Constantinopoli
2842 1560 3103 1630 positum,
3128 1574 3251 1613 cum
3280 1559 3426 1628 lega-

1856 1658 2003 1711 tione
2027 1654 2198 1709 sancti
2223 1652 2421 1707 Leonis
2441 1651 2783 1721 fungeretur,
2808 1651 3095 1719 epistolam
3118 1650 3260 1705 hanc
3280 1665 3424 1704 anno

1856 1749 1978 1811 450,
2038 1746 2197 1799 initio
2247 1744 2495 1798 autumni
2552 1742 2703 1797 misit
2753 1742 3132 1796 Theodoretus
3173 1757 3203 1796 e
3234 1756 3424 1795 mona-

172 1844 559 1905 tempestuoso
638 1832 771 1886 mari
843 1829 1295 1901 suscipiendum?
1360 1829 1530 1880 Tanta
1603 1836 1753 1880 certe
1788 1821 1826 1873 Β
1857 1839 2025 1892 δίει·Ῑο
2076 1850 2243 1905 prope
2283 1835 2598 1904 Apameam,
2628 1834 2683 1886 in
2717 1832 2864 1903 quod
2893 1840 3192 1888 secesserat,
3219 1833 3426 1901 eiectus

170 1943 337 1981 causa
402 1941 518 1979 non
555 1925 807 1978 latuisset
842 1921 1141 1989 scriptores
1162 1919 1327 1990 hujus
1359 1916 1640 1986 temporis,
1668 1917 1753 1969 di-

173 2020 416 2089 ligentes
430 2014 766 2083 cmeroquin
786 2026 968 2065 rerum
988 2008 1176 2080 Cyrilli
1197 2016 1551 2063 scrutatores.
1580 2006 1756 2072 Quid?

171 2112 320 2183 quod
367 2108 695 2163 incredibile
725 2111 829 2169 est,
873 2102 1195 2159 convenisse
1224 2101 1280 2155 in
1305 2116 1468 2154 unam
1490 2099 1757 2169 synodum

173 2203 531 2275 patriarchas
566 2199 725 2262 duos,
778 2210 982 2266 eosque
1030 2196 1097 2249 de
1134 2194 1370 2264 primatu
1427 2192 1761 2247 contenden—

176 2304 289 2358 tes,
340 2291 454 2346 nisi
506 2287 830 2359 gravissima
888 2291 1109 2355 urgeret
1149 2284 1232 2337 vel
1290 2281 1618 2343 auctoritas,
1675 2280 1759 2333 vel

175 2400 368 2447 causa,
397 2397 526 2451 qua:
548 2380 694 2435 nulla
736 2385 916 2449 potest
957 2374 1315 2447 probabiliter
1350 2373 1510 2441 381
1554 2370 1759 2424 afferri.

176 2476 434 2539 Accedit,
490 2472 639 2543 quod
688 2473 975 2539 utriusque
1016 2465 1343 2537 patriarcha:
1366 2464 1634 2518 distincte
1654 2463 1766 2516 sint

176 2568 241 2622 ad
269 2567 557 2636 Domuum
586 2563 801 2625 litterze,
835 2573 1016 2629 neque
1048 2557 1215 2612 ullius
1243 2554 1551 2609 communis
1573 2553 1764 2623 synodi

178 2658 529 2713 mentionem
551 2654 787 2708 faciant:
810 2665 985 2719 eoque
1008 2657 1169 2719 pacto
1190 2664 1302 2702 non
1325 2648 1555 2701 obscure
1585 2652 1767 2698 osten-

178 2752 338 2813 dant,
389 2763 455 2801 se
511 2744 748 2799 diversis
798 2758 829 2795 e
874 2742 1009 2796 locis
1040 2741 1394 2794 missas'esse.
1424 2738 1610 2805 Neque
1638 2751 1768 2788 vero

178 2854 527 2911 quemquam
558 2850 777 2890 n.overe
805 2834 987 2897 debet,
1017 2832 1163 2902 quod
1210 2831 1457 2901 ejusdem
1504 2830 1618 2881 fere
1661 2827 1770 2879 sint

176 2934 377 2987 forma:
416 2948 428 2982 :
484 2927 867 2996 unusquisque
923 2924 1070 2978 enim
1116 2923 1292 2976 tenuit
1327 2936 1453 2975 eum
1491 2917 1771 2973 scribendi

181 3025 441 3086 modum,
496 3035 660 3089 quem
708 3015 1041 3071 Athanasius
1068 3013 1181 3068 suis
1215 3020 1328 3065 tum
1360 3010 1620 3080 quereiis,
1652 3018 1770 3063 tum

182 3114 459 3184 precibus
502 3110 573 3163 ab
627 3116 857 3176 utroque
890 3104 1141 3159 extorsit.
1168 3102 1416 3172 Denique
1444 3100 1676 3171 Cyrillus
1701 3099 1769 3154 de

180 3199 799 3270 Constantinopolitana
844 3194 1049 3266 synodo
1075 3194 1337 3263 loquitur,
1366 3200 1620 3261 tanquam
1650 3207 1771 3245 eam

182 3314 249 3352 ex
280 3297 405 3352 sola
452 3290 738 3348 Athanasii
784 3288 1048 3343 relatione
1104 3294 1330 3348 nosset;
1378 3300 1488 3337 non
1531 3283 1774 3353 loquitur

183 3389 424 3444 Proclus
475 3384 547 3437 de
589 3381 776 3452 Cyrilli
823 3377 1021 3434 litteris
1068 3376 1219 3430 velut
1264 3376 1647 3431 communibus
1673 3374 1775 3440 (di-v

182 3495 361 3535 versa
384 3477 539 3532 enim
560 3474 733 3541 sunt),
756 3471 851 3527 sed
876 3470 1026 3523 velut
1049 3482 1159 3522 una
1187 3466 1499 3524 deferendis
1522 3467 1587 3519 ad
1619 3467 1777 3519 Dom-

186 3588 318 3627 num
348 3570 425 3625 ab
463 3565 792 3628 Athanasio,
836 3563 931 3632 qui
982 3562 1251 3615 immenso
1302 3558 1540 3627 quodam
1581 3557 1775 3612 itinere

182 3678 214 3719 e
253 3678 359 3717 sua
404 3657 690 3728 provincia
718 3650 1245 3719 Constantinopolim
1276 3650 1345 3702 ad
1392 3649 1693 3718 principem
1721 3658 1777 3702 et

185 3749 476 3809 Proclum,
520 3743 648 3798 inde
669 3738 1054 3796 Alexandriam
1079 3735 1149 3789 ad
1178 3734 1461 3806 Cyrillum,
1488 3748 1679 3785 rursus
1709 3748 1777 3785 ex

182 3842 428 3911 Λίδη)ὶο
468 3829 1023 3899 Constantinopolim,
1080 3826 1299 3881 tandem
1344 3840 1411 3878 ex
1457 3824 1593 3877 urbe
1630 3824 1775 3891 regia

187 3930 573 3991 Antiochiam,
629 3940 753 3979 cum
807 3920 1074 3993 principis
1095 3914 1775 3988 etpatriarcharumscri-

188 4025 299 4094 ptis
335 4020 516 4073 venit.

260 4112 413 4166 XXI.
474 4107 635 4175 Quod
684 4113 865 4160 autem
902 4102 1034 4165 dixi,
1079 4100 1319 4156 secunda
1349 4108 1405 4155 et
1436 4100 1593 4153 tertia
1626 4107 1777 4166 parte

188 4205 476 4259 imitatum
510 4212 633 4253 esse
682 4194 1088 4249 Theodoretum
1140 4189 1367 4244 Luciani
1396 4190 1572 4259 joeos,
1612 4201 1775 4240 nemo

191 4311 305 4349 non
327 4289 692 4350 assentietur,
749 4285 846 4355 qui
896 4284 1173 4353 dialogum
1212 4282 1517 4352 Tyrannum
1564 4278 1775 4347 legerit,

190 4396 248 4440 et
285 4381 596 4438 contulerit
623 4395 748 4432 cum
778 4378 865 4430 bis
889 4375 1075 4429 verbis
1105 4391 1117 4427 :
1169 4393 1185 4424 ε
1212 4373 1318 4427 Iste
1351 4386 1484 4425 vero
1527 4377 1582 4423 et
1631 4369 1779 4422 aliud

191 4477 369 4529 habet
422 4470 707 4526 silentium
744 4485 755 4520 :
793 4466 1002 4520 nudata
1034 4463 1181 4518 enim
1207 4462 1356 4515 illius
1388 4460 1527 4515 facta
1560 4460 1780 4529 alligant
1810 4479 1855 4533 ι)

192 4566 473 4634 linguam,
536 4559 833 4613 obstruunt
857 4570 941 4619 os,
984 4553 1201 4607 frenant
1226 4567 1467 4613 sensum,
1509 4549 1667 4604 silere
1702 4548 1783 4602 fa-

192 4657 375 4717 ciunt,
418 4653 474 4706 in
504 4659 709 4704 terram
734 4647 1001 4702 inclinare
1025 4652 1244 4715 cogunt.
1274 4663 1290 4694 ι
1320 4641 1593 4696 Alluditur
1612 4640 1782 4703 enim,

194 4754 313 4799 tum
374 4741 446 4796 ad
500 4737 930 4793 denudationem
985 4732 1381 4804 Megapenthis,
1431 4746 1540 4799 quo
1566 4738 1787 4799 pateant

194 4836 376 4906 ipsius
431 4830 576 4884 facta
606 4845 620 4893 ;
672 4836 787 4881 tum
827 4827 894 4881 ad
924 4826 1167 4896 ejusdem
1195 4822 1494 4885 silentium,
1523 4838 1630 4890 przc
1658 4837 1790 4874 eon-

193 4924 453 4980 scientize
476 4919 820 4982 testimonio,
846 4926 901 4971 et
930 4916 1175 4987 dejectos
1193 4914 1264 4968 ob
1293 4913 1550 4967 ruborem
1592 4913 1645 4966 in
1682 4920 1788 4965 ter-

194 5034 311 5072 ram
341 5015 558 5075 oculos,
584 5021 689 5067 etc.

269 5110 401 5164 Ilzcc
427 5122 563 5161 vero
597 5106 785 5168 verba,
846 5124 862 5154 ι
890 5102 1120 5157 Immisit
1154 5099 1341 5153 limum
1378 5098 1432 5151 in
1462 5112 1523 5151 os
1553 5099 1689 5167 ejus,
1726 5106 1782 5151 et

197 5203 425 5257 frenum
454 5201 513 5254 in
535 5197 695 5252 labiis
722 5196 862 5265 ejus,
902 5203 955 5249 et
979 5191 1248 5248 convertit
1282 5205 1408 5244 eum
1457 5188 1512 5243 in
1555 5197 1779 5253 terram,

196 5294 266 5348 de
303 5307 418 5362 qua
442 5297 697 5358 sumptus
718 5295 823 5351 est,
853 5306 869 5336 ι
906 5284 1158 5339 alludunt
1185 5282 1251 5336 ad
1281 5281 1332 5335 id
1360 5279 1505 5350 quod
1530 5284 1612 5333 εει
1642 5280 1782 5349 apud

200 5384 402 5439 Isaiam
430 5396 554 5451 cap.
592 5394 789 5436 xxxvii.
820 5375 889 5430 i9
921 5393 934 5428 :
984 5373 1236 5441 Ἔμϐαιλῶ
1262 5372 1423 5441 φιμὸν
1444 5372 1521 5432 εἰς
1548 5371 1638 5423 τὶν
1667 5370 1788 5440 ῥῖνά

202 5492 323 5539 an,
386 5473 485 5526 καὶ
531 5470 747 5541 χαλινὸν
796 5470 872 5531 εἰς
898 5468 965 5520 τὰ
1003 5466 1149 5535 χείλη
1186 5480 1300 5525 σου,
1338 5462 1431 5514 καὶ
1459 5461 1786 5531 ἀποστρέψει)

204 5584 266 5621 σε
298 5570 368 5637 τῇ
401 5564 531 5636 ὁδῷ,
649 5559 809 5633 ἦλθες
836 5564 894 5613 ὲν
928 5561 1084 5628 αὐτῇ.
1120 5557 1412 5611 Imnu‘ttam
1445 5552 1699 5607 circulum
1730 5554 1786 5605 in

1857 1931 2005 1987 sede.

1926 2024 2015 2079 IIl.
2074 2023 2249 2079 Causa
2300 2020 2578 2077 mittendae
2626 2017 2917 2089 legationis
2962 2015 3065 2071 ista
3123 2014 3269 2070 fuit:
3301 2030 3426 2069 cum

1858 2123 2080 2170 sanctus
2119 2114 2231 2167 Leo
2282 2114 2575 2181 impetrare
2619 2125 2731 2164 non
2772 2108 3093 2177 potuisseta
3117 2106 3428 2161 Theodosio

1861 2207 2212 2275 imperatore,
2262 2212 2323 2258 ut
2374 2204 2426 2256 in
2481 2202 2633 2257 Italia
2675 2208 2963 2271 cogeretur
3010 2197 3268 2270 synodus,
3309 2214 3429 2267 quae.

1863 2295 2195 2350 latrocinalis
2224 2293 2507 2364 Ephesinae
2534 2293 2670 2346 Acta
2697 2290 3035 2354 emendaret,
3065 2291 3121 2345 in
3150 2290 3429 2346 Orientem

1864 2403 1984 2443 cum
2038 2387 2237 2441 litteris
2291 2386 2361 2441 ad
2418 2384 2789 2439 Theodosium
2839 2383 3038 2438 direxit
3096 2383 3241 2438 viros
3268 2382 3431 2453 382

1866 2480 2150 2549 utriusque
2172 2480 2372 2548 linguae
2404 2476 2611 2545 peritos
2643 2486 2806 2545 atque
2840 2475 3139 2529 industrios
3168 2484 3429 2543 quatuOr,

1866 2571 2153 2639 episcopos
2193 2583 2391 2638 nempe
2436 2566 2595 2630 duos,
2652 2565 2967 2620 Abundium
3017 2564 3342 2620 Comensem
3379 2575 3435 2618 rt

1868 2662 2143 2716 Asterium
2168 2660 2529 2722 Venusinam,
2572 2658 2926 2729 presbyteros
2947 2656 3112 2710 etiam
3134 2657 3296 2721 duos,
3331 2658 3435 2711 Ba-

1868 2753 2053 2806 silium
2076 2761 2131 2806 et
2156 2752 2495 2805 Senatorcm.
2519 2750 2723 2804 Direxit
2742 2763 2896 2813 vero,
2920 2756 2980 2802 ut
3002 2748 3236 2802 Anatolii
3276 2747 3435 2803 fidem

1871 2844 2205 2914 probarent;
2237 2852 2357 2897 erat
2376 2842 2523 2895 enim
2547 2841 2742 2894 merito
2771 2847 3041 2909 suspecta,
3073 2839 3342 2908 siquidem
3372 2856 3437 2893 ex

1871 2932 2228 3001 apocrisiario
2268 2931 2511 2985 Dioscori
2543 2929 3160 2997 ConstantinOpolitanae
3182 2927 3441 2983 Ecclesia:

1870 3021 2099 3075 antistes
2128 3029 2343 3074 creatus
2382 3020 2576 3074 fuerat.

1946 3113 2032 3167 IV.
2067 3112 2252 3179 Legati
2289 3112 2459 3165 Roma
2495 3111 2647 3165 missi
2703 3110 2793 3164 die
2839 3110 2904 3165 I6
2941 3109 3070 3165 Julii
3111 3112 3444 3181 appulerunt

1873 3198 2399 3267 Constantinopolim
2418 3198 2659 3252 nondum
2679 3197 2936 3253 defuncto
2955 3199 3265 3255 Theodosio
3281 3221 3291 3254 :
3306 3202 3445 3255 obiit

1874 3290 2022 3343 enim
2052 3289 2138 3343 die
2185 3289 2254 3342 ‘29
2314 3289 2556 3357 ejusdem
2608 3290 2810 3343 mensis
2843 3308 2854 3341 :
2883 3290 3136 3359 nactique
3186 3291 3445 3346 Marciani

1878 3381 2225 3451 imperatoris
2254 3390 2307 3434 et
2337 3374 2637 3435 Pulcherire
2669 3378 2924 3451 Augusta:
2970 3380 3153 3435 faciles
3210 3383 3440 3443 animos.

1877 3489 1982 3528 non
2011 3488 2205 3543 magno
2229 3474 2449 3543 negotio
2480 3472 2841 3527 obtinuerunt
2890 3481 2950 3525 ut
2993 3472 3277 3527 Anatolius
3325 3476 3445 3544 cpi-

1876 3566 2071 3620 stolam
2118 3565 2320 3619 Leonis
2373 3564 2441 3618 ad
2482 3564 2799 3618 Flavianum
2847 3565 3137 3632 reciperet,
3174 3572 3229 3617 et
3257 3576 3446 3619 coacta

1877 3657 2084 3727 synodo
2126 3656 2453 3727 ἐνδημσύσῃ,
2494 3655 2563 3710 ab
2592 3655 2713 3709 aliis
2759 3664 2872 3711 tum
2922 3656 3194 3724 episcopis
3249 3656 3304 3710 in
3355 3672 3451 3711 eo.

1877 3747 2071 3801 mitatu
2118 3744 2529 3806 exsistentlbus,
2575 3753 2711 3798 tum-
2759 3742 3206 3796 archimandritis
3232 3752 3289 3797 et
3324 3760 3448 3812 pre-

1878 3834 2112 3906 shyteris
2136 3835 2289 3889 urbis
2314 3835 2477 3903 regiae
2502 3832 2872 3902 recipiendam
2900 3843 3138 3887 curaret.

1947 3924 2011 3978 V.
2050 3923 2192 3989 Quin
2221 3922 2449 3992 epistola
2488 3922 2604 3976 ιιωο
2628 3920 2861 3992 genuina
2892 3921 2981 3985 sit,
3016 3936 3175 3975 nemo
3208 3922 3450 3992 pruden-

1884 4024 1967 4069 ter
2009 4015 2267 4068 dubitet:
2311 4022 2577 4068 consonat
2613 4013 2759 4066 enim
2807 4028 2930 4065 cum
2981 4013 3206 4066 historia
3244 4023 3451 4083 tempe,

1880 4122 2023 4169 rum,
2076 4104 2278 4159 litteris
2328 4105 2501 4158 sancti
2541 4102 2761 4166 Leonis,
2788 4112 2843 4157 et
2869 4102 3098 4170 epistola
3135 4103 3232 4156 IO7
3266 4104 3448 4158 Theo-

1881 4197 2079 4261 doreti,
2132 4199 2146 4216 ‘
2198 4211 2360 4265 quam
2420 4195 2507 4249 vel
2554 4194 2621 4248 ad
2669 4195 2973 4248 Romanum
3006 4196 3234 4261 clerum,
3265 4197 3348 4251 vel
3380 4199 3445 4250 ad

1881 4287 2282 4341 Occidentalem
2314 4286 2496 4355 potius
2526 4285 2791 4356 synodum
2811 4286 3067 4354 scriptam
3084 4286 3252 4341 fuisse
3269 4294 3453 4342 osten-

1884 4378 2074 4433 demus
2103 4378 2156 4431 in
2188 4378 2327 4432 loco.

1956 4468 2039 4522 VI.
2095 4468 2471 4523 Theodoretus
2520 4467 2625 4521 sibi
2683 4466 2812 4523 fecit
2866 4483 3085 4523 causam
3138 4471 3447 4529 scribendi.

1884 4556 2078 4627 partim
2131 4565 2189 4609 ut
2245 4558 2501 4610 Romanae
2549 4556 2695 4610 sedis
2739 4557 2971 4626 legatum
3023 4558 3339 4613 hortaretur
3383 4561 3451 4612 ad

1885 4656 2106 4699 strenue
2159 4661 2273 4698 rem
2323 4645 2645 4698 catholicam
2686 4644 2981 4714 gerendam
3013 4646 3067 4698 in
3114 4646 3251 4699 urbe
3282 4646 3453 4716 regia,

1886 4734 2279 4802 sarciendaque
2336 4732 2459 4787 fidei
2509 4732 2709 4787 damna
2762 4733 2817 4786 in
2860 4733 3150 4787 latrocinio
3177 4734 3453 4802 Ephesino

1888 4825 2076 4888 illata;
2122 4825 2316 4889 partim
2360 4832 2414 4876 ut
2450 4838 2562 4877 sure
2596 4823 2742 4887 fidei,
2772 4823 3181 4893 amicorumque
3219 4825 3452 4879 duorum

1892 4915 1998 4968 Ibat
2044 4923 2099 4967 et
2153 4914 2412 4983 Aquilini,
2473 4914 2843 4970 testimonium
2889 4915 3261 4970 firmissimum
3327 4932 3456 4971 san-

1893 5005 2306 5074 ctissimumque
2352 5005 2661 5074 apostolicre
2713 5005 3001 5075 legationis
3022 5007 3258 5075 principi
3280 5007 3457 5062 daret.

1889 5095 2015 5151 Suis
2062 5097 2209 5151 enim
2261 5096 2458 5151 litteris
2490 5097 2775 5166 epistolam
2812 5098 3014 5152 Leonis
3042 5097 3109 5151 ad
3141 5098 3457 5153 Flavianum

1888 5203 1984 5241 sua
2002 5187 2407 5256 amicorumque
2423 5187 2825 5257 subscriptione
2854 5188 3134 5257 probatam
3158 5187 3429 5256 subjunxi:
3445 5228 3457 5241 .

1960 5278 2069 5332 VII.
2105 5278 2180 5331 De
2214 5276 2340 5332 sede
2383 5276 2580 5330 Asterii
2633 5277 2796 5330 silent
2845 5276 3143 5344 scriptores
3176 5295 3190 5328 :
3221 5290 3323 5344 ego
3357 5274 3460 5327 Ve-

1888 5369 2098 5424 nusina:
2124 5368 2378 5424 Ecclesia:
2401 5368 2679 5438 pra:fuissc
2712 5375 2862 5437 puto.
2890 5366 3075 5435 Neque
3103 5366 3249 5420 enim
3276 5382 3306 5420 a
3329 5382 3462 5420 vero

1888 5462 2124 5515 alienum
2167 5470 2268 5523 est,
2320 5460 2595 5514 Asterium
2645 5460 2796 5512 illum
2829 5458 3204 5511 admirabilem
3235 5456 3461 5528 Venusi-

1888 5569 2019 5608 num
2054 5554 2119 5615 ",
2152 5554 2243 5621 qui
2279 5568 2420 5607 anno
2444 5553 2547 5609 495
2577 5551 2825 5606 interfuit
2856 5549 3185 5605 dedicationi
3211 5549 3461 5606 ecclesia

1544 5684 1863 5741 SCIII‘LZII
1904 5685 2124 5740 NOTAE.

266 5785 311 5816 "
342 5787 474 5844 Vid.
520 5786 637 5840 Act.
670 5785 725 5840 S.
755 5784 963 5839 Sabini.

504 5883 771 5940 PATROL.
806 5880 927 5940 Gn.
970 5875 1307 5938 LXXXIV.
