4228 6446
211 431 315 494 313

1381 427 1477 487 DE
1513 424 1764 486 LIBRIS
1795 422 2277 487 THEODORETI
2288 474 2300 487 .

205 545 641 613 percelleretur;
677 545 960 614 perculsus
987 559 1119 599 vero
1140 554 1221 599 est
1254 558 1398 602 anno
1416 543 1789 612 priore,quam
1824 541 1865 596 Α

3357 435 3459 496 321,
3486 454 3493 459 ·

1964 541 2012 593 1.
2046 543 2265 598 Sanctio
2310 545 2457 613 prior
2497 547 2639 601 edita
2668 558 2751 603 est
2777 564 2921 603 anno
2954 550 3075 613 417,
3118 567 3241 606 nam
3275 551 3457 607 edicto

207 637 557 705 Ephesinum
606 638 953 692 latrocinium
997 636 1191 699 coiret,
1236 647 1293 691 ut
1320 652 1383 690 ex
1424 636 1649 705 epistola
1689 634 1789 687 H5
1890 640 2180 698 pra-torum
2225 636 2503 703 proposito
2544 656 2559 686 ι
2610 638 2748 691 lecta
2788 641 2955 692 estin
3001 642 3230 697 ecclesia
3262 658 3454 697 mona-

200 727 507 799 colligitur.
540 727 595 780 5°
623 726 957 781 Mentionetn
988 725 1104 781 ﬁeri
1140 726 1407 781 Eranista:
1432 728 1582 779 velut
1605 728 1789 795 operis

201 817 541 885 pervulgati,
577 826 633 871 et
668 817 780 886 jam
820 818 936 871 noti
977 817 1032 870 in
1060 815 1322 888 Egypto;
1356 817 1622 899 divulgari
1656 832 1788 870 vero

200 908 294 975 qui
324 909 534 977 potuit,
554 917 609 962 et
633 909 687 962 in
715 908 991 978 regionem
1017 908 1153 963 adeo
1181 918 1442 962 remotam
1476 908 1784 977 pervenire,

198 999 307 1051 nisi
343 1007 476 1052 ante
506 1000 717 1068 aliquot
759 1015 951 1063 annos,
978 1000 1118 1054 duos
1144 1008 1236 1054 aut
1269 1008 1397 1063 tres,
1424 1000 1785 1069 compositum

197 1096 366 1155 atque
401 1086 617 1140 editum
640 1087 879 1141 fuisset?
906 1088 1037 1141 Inde
1058 1103 1188 1141 vero
1216 1087 1503 1150 concludo,
1535 1103 1644 1140 non
1684 1087 1784 1138 im-

198 1180 401 1233 merito
425 1179 610 1233 videri
641 1195 802 1248 posse
837 1180 1075 1249 cuipiam
1112 1170 1310 1233 mirum
1342 1180 1455 1232 sive
1495 1179 1783 1241 Gcnnadii,

195 1272 311 1325 sive
342 1272 585 1324 aliorum
627 1272 918 1341 judicium,
958 1272 1051 1340 qui
1078 1286 1216 1341 opus
1242 1287 1270 1324 a
1299 1271 1646 1324 Thcodoreto
1671 1272 1788 1324 lau~

195 1365 413 1427 datum,
456 1380 584 1418 cum
634 1366 895 1419 Dioscoro
941 1366 1154 1419 litteras
1184 1362 1557 1419 excusatorias
1606 1362 1781 1424 daret,

194 1456 571 1509 crediderunt
621 1456 887 1510 adversus
938 1456 1233 1525 ipsummet
1285 1456 1604 1509 Dioscorum
1654 1454 1786 1507 scri-

194 1555 353 1614 pttun
391 1561 538 1600 esse.
568 1546 662 1600 Nae
683 1544 1065 1602 Theodorctus
1087 1547 1282 1600 fuisset
1302 1556 1395 1601 aut
1426 1547 1787 1616 impudentis-

191 1637 368 1690 sitnus
392 1637 703 1700 hominum,
738 1638 829 1706 qui
857 1639 1157 1691 secundum
1188 1653 1217 1690 a
1250 1637 1495 1691 Romano
1532 1637 1785 1691 Ecclesia:

192 1728 508 1781 antistitem
548 1736 900 1798 provocasset
926 1728 992 1781 ad
1034 1728 1319 1798 legendum
1349 1744 1506 1799 Opus,
1546 1745 1653 1798 quo
1679 1738 1779 1781 tra~

190 1816 501 1870 duceretur
544 1818 779 1871 ridicula
804 1817 966 1888 385
1002 1819 1103 1872 sub
1140 1827 1399 1888 persona;
1452 1829 1546 1872 aut
1592 1821 1781 1872 incon-

1888 721 2116 775 chorum
2149 722 2202 777 in
2231 723 2462 779 desertis
2488 728 2799 797 degentium
2828 729 2919 783 die
2955 730 3025 783 25
3053 733 3257 787 mensis
3280 734 3452 788 Phar-

1889 812 2082 873 muthi,
2114 815 2411 870 indictione
2440 818 2488 880 l,
2523 832 2664 872 anno
2696 821 3012 875 Diocletiani
3039 822 3174 887 164;
3208 842 3226 873 ι
3258 824 3309 878 id
3344 836 3449 889 est,
3476 880 3477 883 η

1887 901 1975 955 die
2008 903 2220 960 decima
2263 917 2451 961 octava
2500 909 2701 977 Aprilis
2748 911 2873 965 anni
2917 912 3054 975 448,
3105 929 3229 967 eum
3279 918 3451 969 eremi

1887 992 2124 1047 cultores
2180 998 2564 1051 convenissent
2628 999 2695 1051 ad
2762 1001 3150 1055 celebrandum
3212 1002 3450 1065 Pascha,

1887 1099 2119 1153 moxque
2162 1085 2429 1141 absolutis
2463 1086 2615 1143 festis
2646 1099 2771 1158 post
2808 1092 2931 1145 νέαν
2962 1094 3232 1165 κυριακὴν
3259 1096 3327 1150 ad
3355 1112 3451 1150 sua

1886 1187 1944 1223 se
1976 1174 2093 1225 loca
2125 1174 2325 1241 singuli
2360 1178 2633 1244 recepturi
2672 1178 2871 1233 forent.
2907 1181 3023 1235 Non
3056 1185 3235 1251 potuit
3266 1194 3451 1239 autem

1888 1263 1941 1315 in
1994 1263 2333 1317 Paltestinam
2391 1264 2897 1337 ConstantinOpoli,
2957 1280 3119 1340 atque
3177 1276 3342 1329 etiam
3391 1276 3446 1331 in

1884 1352 2099 1423 Egypti
2140 1356 2352 1409 deserta
2395 1357 2596 1412 deferri
2637 1362 2878 1423 sanctio,
2913 1362 3045 1430 quin
3079 1364 3287 1433 aliquot
3325 1358 3451 1420 ante

1886 1460 2102 1498 menses
2131 1444 2252 1498 data
2287 1447 2378 1509 sit,
2427 1456 2591 1516 atque.
2637 1450 2774 1503 adeo
2822 1452 2923 1504 sub
2961 1452 3122 1506 finem
3156 1456 3282 1508 anni
3325 1457 3446 1520 H7,

1886 1536 2165 1590 Decembri
2197 1553 2403 1601 mense,
2427 1548 2487 1591 ut
2517 1540 2730 1607 opinor,
2757 1544 3032 1597 autetiam
3050 1546 3341 1599 Novembri
3364 1564 3375 1599 :
3402 1548 3447 1601 si

1885 1628 2031 1681 enim
2074 1629 2237 1683 citius
2267 1630 2461 1684 fuisset
2502 1631 2647 1695 data,
2691 1634 2957 1701 potuisset
2984 1635 3090 1705 legi
3132 1636 3186 1689 in
3217 1638 3446 1691 ecclesia

1885 1718 2276 1772 monachorum
2310 1721 2755 1775 convenientium
2795 1722 2861 1775 ad
2894 1724 3218 1780 celebranda
3244 1726 3447 1781 Christi

1885 1806 2018 1861 festa
2057 1809 2222 1879 386
2251 1811 2513 1864 natalitia.
2543 1811 2705 1865 Lecta
2740 1829 2904 1881 porro
2926 1823 3011 1869 est
3041 1816 3135 1885 νέᾳ
3162 1823 3396 1889 κυριακῇ
3433 1838 3444 1871 :

190 1908 561 1971 sanissimus,
613 1910 704 1979 qui
750 1886 984 1981 ρυὶέωῖθ
1023 1926 1079 1965 se
1135 1886 1393 1964 ζνοιηίςςοι
1439 1911 1580 1980 apud
1629 1926 1776 1974 cum,
1812 1886 1853 1939 Β
1884 1913 2006 1949 nam
2038 1914 2182 1951 anno
2206 1900 2329 1963 448,
2358 1901 2561 1955 Pascha
2592 1902 2784 1955 incidit
2807 1904 2860 1956 in
2887 1904 3030 1958 diem
3059 1908 3118 1959 11
3147 1886 3449 1977 Aprilis-et

188 2015 358 2068 quem
388 1999 507 2070 ipse
530 2011 843 2065 accusaret;
872 2010 966 2054 aut
994 2002 1422 2065 amentissimus,
1455 2002 1548 2071 qui
1591 2002 1780 2055 amici-

190 2091 321 2144 tiam
349 2092 675 2161 expetiisset
701 2092 959 2155 hominis,
993 2108 1153 2161 quem
1183 2092 1511 2147 ludificatur.

257 2183 354 2237 Vl.
402 2183 447 2238 A
491 2183 711 2238 nemine
753 2192 999 2237 veterum
1040 2199 1177 2253 opus
1220 2184 1324 2237 hoc
1364 2184 1469 2237 ulla
1514 2184 1776 2253 peculiari

187 2272 357 2327 laude
388 2273 647 2335 afficitur,
681 2272 933 2341 quamvis
972 2287 1001 2325 a
1047 2273 1373 2341 quibusdam
1421 2282 1774 2337 memoretur,

187 2365 343 2418 velut
405 2381 434 2418 a
478 2364 675 2417 Photio
717 2372 772 2418 et
815 2364 1161 2433 Nicephoro:
1198 2365 1341 2434 quod
1376 2364 1492 2419 sine
1532 2364 1779 2418 animad-

186 2456 454 2510 versione
490 2456 757 2525 prasteriri
798 2470 905 2509 non
946 2456 1130 2517 debet,
1158 2457 1462 2525 prtesertim
1489 2470 1613 2509 cum
1644 2472 1775 2526 pro-

188 2548 310 2602 fusa
366 2549 439 2603 sit
484 2548 727 2618 alioquin
779 2548 1067 2618 utriusque
1114 2549 1357 2602 auctoris
1398 2548 1451 2601 in
1502 2548 1777 2602 laudando

186 2640 554 2694 Tltcodoreto
595 2638 989 2693 incontinentia
1023 2657 1034 2691 :
1072 2639 1272 2693 librum
1308 2640 1542 2709 appellat
1566 2648 1773 2694 tantum

187 2730 547 2799 Nicephorus
568 2771 581 2793 ,
614 2730 846 2784 Photius
877 2729 1025 2783 aliud
1062 2731 1195 2783 nihil
1226 2731 1429 2794 laudat,
1462 2747 1622 2801 quam
1654 2747 1775 2801 quae

187 2822 424 2891 reliquis
452 2821 712 2875 omnibus
740 2821 999 2890 operibus
1037 2823 1312 2886 con"enit,
1355 2823 1623 2876 sermonis
1646 2838 1769 2891 per-

181 2913 547 2983 spicuitatem
572 2921 627 2966 et
650 2912 967 2981 puritatem.

257 3003 373 3057 VII.
409 3002 533 3057 Non
561 3003 725 3056 modo
748 3019 856 3056 non
887 3003 1183 3057 laudarunt
1206 3014 1439 3066 veteres,
1471 3004 1566 3059 sed
1607 3005 1772 3059 etiam

184 3095 420 3149 nomine
463 3093 689 3148 haeresis
739 3096 1054 3164 suspectum
1097 3095 1455 3150 habuerunt:
1498 3112 1659 3166 quam
1703 3095 1773 3150 ob

184 3201 416 3243 causam
441 3183 489 3215 ³⁸
518 3183 752 3239 flammis
783 3185 1059 3240 addictum
1108 3196 1193 3242 est
1220 3188 1433 3257 gemina
1476 3187 1768 3242 Theodosii
1797 3210 1844 3272 ο

184 3277 483 3331 sanctione
510 3295 521 3330 ε
554 3277 797 3346 priorem
830 3276 1317 3347 edixitimperator
1347 3293 1490 3331 anno
1519 3278 1642 3335 417.
1666 3279 1771 3333 sub

184 3368 380 3433 finem,
418 3370 657 3423 habetur
682 3369 736 3422 in
773 3386 827 3422 tu
873 3378 1025 3438 parte
1070 3370 1287 3424 concilii
1335 3370 1619 3439 Ephesini,
1647 3385 1767 3439 cap.

184 3462 289 3526 £7;
352 3460 654 3515 secundam
701 3459 853 3513 dedit
903 3476 1046 3515 anno
1097 3461 1220 3525 449,
1266 3475 1390 3514 cum
1435 3461 1770 3529 Ephesinum

184 3552 493 3606 concilium
525 3568 561 3605 tt
594 3553 943 3621 approbaret.

258 3644 402 3698 \‘lll.
446 3644 588 3698 Sunt
629 3644 747 3697 haec
782 3645 982 3713 prioris
1010 3644 1177 3698 verba
1209 3664 1220 3698 :
1258 3664 1273 3696 ι
1323 3644 1592 3711 Quoniam
1640 3662 1772 3700 vero

184 3737 255 3789 ad
282 3737 407 3806 pias
428 3745 487 3789 et
511 3750 693 3790 sacras
723 3751 886 3791 aures
912 3746 1129 3791 nostras
1163 3738 1433 3806 pervenit,
1467 3753 1495 3791 a
1535 3739 1773 3790 nonnul—

185 3830 254 3883 lis
276 3828 569 3883 doctrinas
596 3830 857 3898 quasdam
896 3829 1240 3899 conscriptas
1280 3838 1334 3883 et
1373 3830 1549 3884 editas
1579 3830 1769 3895 fuisse,

185 3922 504 3992 ambiguas,
554 3929 610 3975 et
661 3936 770 3975 non
822 3921 980 3990 plane
1026 3935 1089 3973 ac
1131 3927 1319 3989 aperte
1363 3922 1772 3975 consentientes

184 4030 313 4067 cum
356 4011 666 4067 orthodoxa
702 4010 807 4065 ﬁde
852 4010 1096 4080 exposita
1139 4025 1168 4063 a
1213 4011 1417 4081 synodo
1459 4021 1770 4066 sanctorum

187 4106 416 4158 Patrum
447 4103 641 4156 Niczeaa
680 4110 734 4155 et
766 4100 966 4170 Ephesi
1004 4108 1473 4169 congregatorum,
1508 4110 1562 4155 et
1600 4117 1628 4154 a
1670 4102 1771 4171 pia:

186 4195 479 4251 memoria:
545 4194 750 4265 Cyrillo
808 4208 1004 4262 magno
1057 4192 1547 4246 Alexandrinorum
1621 4193 1772 4247 urbis

183 4287 473 4358 quondam
518 4287 778 4355 episcopo
830 4303 841 4338 :
888 4283 1240 4347 mandamus,
1288 4293 1349 4339 ut
1394 4284 1769 4353 hujuscemodi

184 4380 429 4447 scripta,
477 4377 591 4430 sive
627 4375 891 4436 antehae,
939 4376 1052 4428 sive
1106 4374 1211 4429 hoc
1257 4390 1472 4444 quoque
1524 4383 1769 4443 tempore

186 4468 499 4536 composita
532 4465 664 4527 sint,
699 4466 1113 4526 comburantur,
1141 4480 1202 4518 ae
1240 4479 1467 4533 prorsus
1508 4464 1767 4518 abolean-

187 4572 297 4623 tur,
324 4569 388 4613 ut
419 4558 572 4611 nullo
596 4557 759 4610 modo
785 4556 1037 4625 cuiquam
1065 4556 1130 4610 ad
1164 4556 1453 4625 legendum
1478 4565 1768 4625 suppetere

182 4651 404 4719 possint
432 4665 447 4699 :
480 4647 589 4701 illis
621 4646 715 4715 qui
755 4645 1024 4717 ejusmodi
1065 4645 1265 4714 scripta
1297 4654 1390 4699 aut
1423 4646 1592 4699 libros
1626 4647 1769 4715 apud

182 4758 241 4794 se
268 4740 483 4793 habere
506 4753 570 4791 ac
603 4738 784 4807 legere
811 4736 929 4790 ausi
965 4736 1187 4799 fuerint,
1216 4745 1521 4792 extremum
1559 4737 1770 4806 suppli-

182 4832 333 4884 cium
374 4826 820 4882 formidantibus.
860 4845 877 4876 ι

255 4921 349 4977 [Χ.
389 4920 533 4974 Sunt
568 4918 669 4972 ista
702 4917 1022 4986 posterioris
1049 4917 1235 4980 edicti,
1271 4933 1382 4986 quo
1417 4918 1766 4976 latrocinium

185 5016 533 5086 Ephesinum
560 5010 897 5080 approbatur
928 5027 939 5062 :
986 5028 1002 5060 α
1028 5008 1288 5079 Quisquis
1319 5010 1537 5065 codices
1564 5012 1768 5067 habue-

184 5105 258 5158 rit
290 5101 647 5157 interdictam
677 5099 836 5154 fidem
871 5100 1107 5154 Nestorii
1145 5115 1208 5154 ac
1233 5100 1563 5156 Theodoreti
1590 5105 1761 5158 conti-

183 5205 406 5257 nentes,
428 5203 522 5248 aut
542 5193 1022 5262 interpretationes
1039 5208 1252 5255 eorum,
1279 5194 1363 5247 vel
1390 5194 1483 5264 qui
1505 5206 1770 5251 vocantur

186 5287 471 5341 Sermones
491 5284 793 5338 allocutorit'
814 5285 921 5337 sive
948 5284 1290 5349 traditiones;
1312 5286 1503 5340 iisdem
1532 5296 1769 5342 tormen-

188 5378 258 5429 tis
288 5375 575 5443 subjaceat
601 5390 615 5426 :
646 5372 857 5427 etiamsi
884 5387 968 5435 ea,
996 5388 1118 5442 qua:
1149 5381 1277 5428 sunt
1304 5374 1374 5427 ab
1406 5374 1513 5428 illis
1545 5389 1769 5445 compo-

186 5469 315 5529 sita,
350 5466 579 5520 alterius
603 5466 825 5519 nomine
853 5465 1057 5520 fuerint
1084 5475 1402 5536 praznotata.
1442 5487 1461 5519 ι

258 5559 331 5613 Χ.
371 5556 531 5613 Circa
568 5566 857 5627 utramque
895 5558 1232 5613 sanctionem
1276 5559 1617 5615 observanda
1642 5573 1771 5616 sunt

189 5665 283 5706 sex
321 5651 419 5703 ista
447 5668 460 5704 :

1880 1988 2110 2055 proinde
2136 1990 2227 2042 νέα
2258 1992 2492 2061 κυριακὴ
2526 1994 2582 2048 in
2613 1994 2757 2049 diem
2788 1996 2853 2051 18
2875 1996 3093 2067 Aprilis.
3128 1999 3291 2054 Lecta
3318 2017 3450 2055 vero

1879 2090 1961 2131 est
2004 2081 2284 2136 monachis
2312 2093 2536 2153 propter
2570 2088 2984 2152 tumultuantes,
3019 2090 3070 2145 in
3106 2092 3239 2161 ipsis
3282 2094 3446 2148 etiam

1876 2169 2117 2224 Orientis
2165 2173 2385 2236 eremis,
2443 2173 2727 2239 factiones,
2773 2185 2832 2230 ut
2875 2178 3137 2236 discimus
3174 2197 3241 2236 ex
3281 2182 3448 2237 Sacra

1878 2261 2173 2317 Theodosii
2206 2268 2555 2321 eonvoeantis
2584 2269 2649 2322 ad
2684 2271 2951 2341 synodum
2992 2272 3322 2342 Ephesinam
3359 2292 3447 2331 se-

1878 2352 2113 2405 cundam
2164 2356 2556 2411 monachorum
2600 2358 2843 2415 Orientis
2888 2362 3211 2433 signiferum
3245 2365 3446 2422 Borsu-

1878 2460 2041 2509 mam,
2065 2446 2158 2514 qui
2179 2463 2280 2517 pro
2301 2451 2559 2505 omnibus
2585 2453 2728 2507 inter
2751 2455 2937 2511 Patres
2961 2458 3291 2513 consideret.

1944 2537 1998 2589 2.
2044 2536 2225 2591 Altera
2273 2540 2504 2602 sanetio,
2547 2543 2652 2597 etsi
2686 2546 2892 2600 nullam
2942 2547 3141 2603 habeat
3185 2553 3448 2622 temporis

1876 2637 2081 2693 notam,
2124 2644 2191 2683 ex
2227 2630 2293 2684 iis
2334 2639 2533 2695 tamen,
2570 2650 2694 2704 quae
2734 2637 3005 2704 continet,
3050 2640 3184 2695 satis
3217 2642 3445 2699 demon-

1875 2728 2011 2773 strat
2050 2736 2253 2775 annum
2294 2724 2398 2777 M9
2441 2725 2542 2778 sub
2588 2729 2772 2790 linem,
2804 2738 2901 2784 aut
2936 2730 3088 2785 initia
3121 2736 3444 2803 sequentis:

1875 2808 2163 2865 confirmat
2204 2813 2351 2865 enim
2397 2815 2689 2869 concilium
2732 2818 3066 2888 Ephesinum
3113 2838 3149 2877 tt
3196 2824 3445 2881 habitum

1875 2900 1966 2955 die
2002 2902 2068 2954 10
2098 2902 2324 2973 Augusti
2351 2907 2477 2960 anni
2507 2908 2628 2961 449.

1944 2994 1995 3047 5.
2028 2996 2153 3050 llazc
2193 2998 2395 3067 prioris
2426 3002 2593 3055 verba
2638 3020 2651 3055 :
2702 3022 2720 3052 ε
2755 3005 2799 3057 Α
2845 3007 3124 3061 nonnullis
3167 3007 3447 3066 doctrinas

1873 3087 2135 3155 quasdam
2169 3091 2506 3159 conscriptas
2537 3100 2593 3146 et
2625 3092 2802 3149 editas
2830 3095 3022 3161 fuisse,
3054 3099 3360 3170 ambiguas,
3388 3110 3448 3157 et

1875 3178 1983 3231 no'n
2018 3179 2175 3247 plene
2204 3195 2266 3234 ac
2306 3191 2491 3250 aperte
2537 3186 2944 3242 consentientes
2975 3203 3098 3244 cum
3141 3191 3444 3249 orthodoxa

1874 3267 1980 3323 ﬁde
2021 3270 2288 3338 exposita,
2340 3290 2358 3322 ι
2404 3281 2508 3326 etc.
2561 3274 2847 3330 manifeste
2877 3277 3163 3349 designant
3202 3279 3445 3353 dialogos

1872 3375 1999 3415 cum
2030 3361 2284 3416 Eraniata
2322 3380 2338 3416 :
2377 3364 2431 3418 in
2462 3365 2569 3420 illis
2598 3368 2746 3421 enim
2773 3369 3039 3424 catholica
3070 3371 3205 3427 ﬁdes
3232 3374 3287 3428 in
3323 3391 3445 3445 spe-

1874 3452 2035 3517 ciem,
2080 3469 2269 3508 revera
2317 3456 2777 3513 Nestorianismus
2822 3461 3087 3528 traditur;
3134 3466 3229 3520 sed
3275 3467 3444 3522 artifi-

1873 3544 2022 3599 ciose
2068 3544 2471 3612 dissimulatus,
2529 3559 2590 3603 ut
2636 3560 2822 3619 postea
2872 3552 3108 3611 dicetur.
3173 3557 3334 3614 Certe
3385 3560 3441 3614 in

1874 3648 2160 3707 utramque
2188 3650 2396 3709 partem
2428 3657 2526 3710 pro
2551 3644 2718 3697 animi
2754 3627 3051 3703 affectione
3094 3649 3440 3719 interpretari

1872 3727 1999 3783 licet
2032 3732 2235 3793 omnia,
2272 3737 2350 3786 ut'
2377 3748 2555 3803 neque
2585 3736 2917 3801 Catholicus,
2947 3754 3124 3808 neque
3163 3741 3440 3798 Nestoria-

1872 3835 1975 3874 nus
2001 3823 2019 3839 '
2047 3837 2078 3874 a
2113 3822 2448 3892 dialogorum
2484 3824 2665 3879 verbis
2697 3827 2848 3881 valde
2886 3829 3227 3884 abhorreret.

1942 3912 1993 3964 ι.
2045 3912 2169 3967 llaec
2216 3915 2420 3983 pariter
2469 3916 2671 3984 prioris
2720 3918 2907 3983 verba,
2950 3938 2968 3970 t
3030 3922 3142 3975 sive
3184 3924 3439 3983 antehac.

1873 4003 1985 4057 sive
2045 4004 2149 4058 hoc
2202 4022 2420 4075 quoque
2476 4016 2719 4077 tempore
2777 4012 3077 4079 composita
3125 4012 3364 4078 fuerint,
3416 4035 3434 4065 ι

1873 4093 2222 4163 intelligenda
2271 4096 2459 4165 procul
2515 4096 2685 4150 dubio
2746 4107 2874 4152 sunt
2924 4100 2993 4153 de
3042 4101 3198 4159 libris
3250 4119 3443 4160 recens

1872 4184 2220 4252 compositis,
2292 4186 2386 4253 qui
2451 4187 2637 4240 turbas
2694 4188 2997 4243 excitarent
3056 4189 3113 4245 in
3180 4190 3439 4257 Oriente,

1872 4274 1965 4341 qui
2024 4275 2515 4331 Nestorianismum
2578 4277 2860 4339 foverent,
2911 4281 3004 4349 qui
3056 4283 3235 4351 magni
3297 4284 3444 4338 inter

1873 4367 2169 4420 monachos
2221 4368 2451 4437 alicujus
2509 4368 2610 4421 viri
2670 4385 2869 4425 nomen
2922 4373 3262 4441 praeferrent.
3317 4376 3442 4431 lltec

1872 4474 2003 4512 vero
2048 4458 2375 4513 Theodoreti
2450 4459 2678 4530 dialogis
2743 4464 2985 4532 apprime
3035 4468 3370 4521 conveniunt
3424 4485 3437 4521 :

1802 4542 1844 4595 D
1876 4566 1997 4602 nam
2040 4557 2094 4601 et
2126 4559 2249 4603 ante
2292 4549 2481 4603 Irentei
2511 4550 2905 4620 depositionetn
2950 4557 3244 4626 conscripti
3289 4570 3438 4621 sunt,

1874 4652 1931 4695 ttt
1953 4658 2015 4694 ex
2044 4642 2271 4708 cpistola
2304 4641 2369 4695 16
2403 4652 2634 4705 constat,
2663 4651 2719 4697 ct
2745 4642 2967 4699 Oriente
2995 4656 3109 4701 toto
3140 4650 3438 4718 vulgaban-

1871 4743 1991 4795 tur;
2026 4740 2081 4787 et
2113 4734 2332 4787 nomine
2366 4734 2695 4789 Theodoreti
2730 4736 3011 4806 inscripto,
3052 4749 3201 4793 tanto
3236 4757 3440 4796 nocen-

1872 4826 1979 4879 tius
2006 4824 2344 4893 legebantur,
2374 4837 2579 4894 quanto
2608 4828 2779 4895 major
2806 4838 2926 4883 erat
2954 4830 3087 4883 tanti
3114 4832 3215 4886 viri
3252 4842 3440 4888 aucto-

1872 4920 2023 4979 ritas,
2062 4927 2377 4987 quantoque
2406 4919 2643 4987 plurium
2684 4919 2942 4975 Ecclesia:
2972 4921 3257 4976 doctorum
3290 4925 3441 4978 testi-

1873 5008 2057 5061 monio
2090 5007 2294 5061 firmari
2329 5007 2665 5063 viderentur.

1943 5099 1996 5151 5.
2034 5099 2313 5153 Posterior
2343 5101 2551 5153 sanctio
2583 5101 2786 5170 prioris
2824 5102 3165 5157 confirmatio
3211 5113 3307 5158 aut
3348 5120 3443 5158 ex-

1874 5193 2074 5262 positio
2105 5193 2288 5262 potius
2326 5192 2572 5261 quzedam
2616 5203 2728 5257 est;
2763 5208 2887 5247 nam
2929 5195 3044 5263 qui,
3081 5195 3247 5249 tacito
3290 5197 3443 5265 prius

1875 5285 2117 5338 auctoris
2149 5292 2202 5337 et
2236 5298 2335 5336 suo
2368 5282 2609 5346 nomine,
2661 5283 3060 5338 damnabantur
3098 5285 3246 5343 li'bri.
3295 5301 3443 5340 nunc

1879 5374 2179 5429 Theodoreti
2223 5373 2512 5436 dicuntur,
2562 5385 2618 5428 et
2653 5390 2916 5428 sermones
2964 5376 3296 5438 allocutorii,
3339 5378 3444 5428 sive

1873 5466 2179 5518 traditiones
2210 5472 2505 5528 vocantur;
2535 5464 2588 5517 id
2628 5475 2731 5526 est,
2768 5465 2987 5535 dialogi,
3033 5481 3266 5535 quorum
3311 5466 3442 5520 doc-

1873 5556 2016 5610 trina
2038 5556 2257 5610 Patrum
2282 5569 2346 5607 ex
2374 5554 2632 5608 omnibus
2665 5556 2853 5610 tnundi
2895 5557 3137 5625 partibus
3173 5557 3439 5613 sententia

1872 5658 1928 5703 et
1959 5646 2268 5702 testimonio
2303 5644 2570 5699 firmetur.

1540 5787 1850 5846 SfIIlUllll
1879 5786 2106 5843 NOTAE.

259 5854 309 5888 ³⁸
340 5853 459 5909 \‘id.
493 5869 548 5924 p.
584 5854 705 5919 164,
735 5855 907 5909 schol.
943 5857 1020 5910 l3.
