4228 6446
734 402 838 467 335
1835 393 2209 454 GARN‘ERII
2248 394 2744 456 DISSERTATIO
2781 395 2841 455 It

3884 404 3992 468 336

804 512 856 564 6.
887 502 1211 562 Posterioris
1238 502 1353 558 haec
1381 512 1464 557 est
1489 500 1771 573 inscriptio
1797 502 1862 557 ad
1888 504 2172 558 historiam
2198 519 2305 556 non
2340 511 2378 565 Α
2409 507 2591 562 anima
2618 524 2717 578 per
2753 508 3013 562 unionem
3055 521 3441 578 cumcorpore
3474 507 3535 565 ﬁt
3573 510 3756 565 homo.
3795 512 3853 565 ἓ·
3884 514 4019 569 Per.

736 593 1089 653 mediocriter
1138 593 1545 648 conducibilis:
1581 611 1600 643 ‹
1650 592 2035 662 lnterpretatio
2096 595 2231 663 legis
2281 610 2311 648 a

734 686 1047 743 Theodosio
1074 685 1320 749 Juniore,
1353 666 1772 738 cum‘seductus
1801 684 1994 739 fuisset
2022 701 2051 737 a
2080 684 2314 755 Chrysa-

734 780 884 850 phio,
934 778 1200 832 adversus
1241 776 1558 831 Flavianum
1605 784 1662 829 et
1693 777 1893 840 socios,
1918 792 2025 844 pro
2066 776 2312 845 Eutyche

734 872 1111 941 promulgatae,
1142 883 1303 937 quam
1334 869 1733 939 religiosissimi
1767 869 2022 922 Marciani
2049 868 2313 937 principis

737 963 821 1015 ch
847 963 1140 1015 subsecuta
1177 959 1467 1013 destruxit.
1501 979 1517 1009 ι
1549 959 1679 1025 Quae
1718 959 2003 1028 inscriptio
2031 959 2251 1013 videtur
2282 977 2311 1014 a

734 1054 961 1108 Rustico
990 1052 1244 1117 diacono,
1276 1061 1371 1106 aut
1395 1051 1462 1105 ab
1499 1050 1607 1105 alio
1635 1050 1975 1119 descriptore
2002 1051 2206 1105 addita.

803 1145 894 1199 XI.
945 1144 1142 1199 Audivi
1199 1142 1328 1212 qui,
1366 1157 1478 1211 prze
1523 1140 1741 1205 studio,
1786 1156 1897 1211 quo
1935 1141 2214 1196 ferebatur
2259 1141 2314 1195 in

739 1237 1173 1299 Theodoretum,
1225 1234 1328 1287 tria
1368 1233 1725 1288 vehementer
1771 1232 2174 1287 contenderet:
2206 1230 2317 1300 pri-

736 1342 906 1390 mum,
931 1326 1156 1381 dubiam
1183 1340 1305 1379 esse
1326 1323 1684 1393 posteriorem
1713 1322 2075 1385 sanctionem,
2105 1328 2166 1374 ut
2196 1335 2316 1388 qua:

732 1419 920 1473 Graece
965 1432 1077 1470 non
1112 1416 1358 1485 legatur,
1393 1428 1499 1482 qua
1542 1411 1753 1465 ratione
1796 1412 1950 1481 rejici
2002 1412 2140 1465 solet
2171 1410 2317 1465 actio

733 1509 955 1564 concilii
1000 1503 1464 1562 Chalcedonensis
1508 1502 1576 1557 de
1618 1502 1866 1567 Domno;
1908 1502 2172 1564 alterum,
2207 1516 2317 1555 non

734 1600 936 1654 debere
961 1600 1015 1652 in
1040 1612 1104 1651 ea
1131 1596 1238 1666 legi
1270 1595 1603 1649 Theodoreti
1635 1609 1857 1657 nomen,
1888 1593 1984 1647 sed
2016 1593 2316 1656 Theodori,

735 1707 842 1761 quo
860 1690 1118 1759 magistro
1131 1686 1417 1741 Nestorius
1434 1683 1623 1738 didicit
1640 1683 1893 1747 hazresin,
1906 1683 2171 1752 cujusque
2187 1681 2319 1736 scri-

736 1786 845 1847 pta,
865 1786 919 1830 et
945 1792 973 1829 a
993 1775 1198 1829 sanctis
1213 1773 1372 1842 387
1390 1770 1593 1841 Cyrillo
1617 1779 1674 1824 et
1689 1771 1881 1825 Proclo
1910 1771 2144 1824 refutata
2167 1780 2313 1834 sunt,

735 1877 790 1921 et
811 1884 840 1921 a
866 1865 1177 1922 Theodosio
1192 1863 1447 1918 damnata
1478 1878 1601 1917 cum
1630 1862 1889 1931 operibus
1905 1861 2163 1925 Nestorii,
2190 1878 2315 1916 san-

740 1960 923 2012 ctione
950 1957 1154 2012 inserta
1181 1955 1332 2010 Actis
1360 1969 1392 2007 v
1416 1952 1630 2024 synodi,
1662 1952 1846 2007 collat.
1865 1953 1898 2005 5
1917 1969 1931 2016 ;
1950 1960 2331 2021 postremum,‘

735 2046 1029 2104 Theodosii
1074 2045 1433 2108 sanctionem,
1462 2053 1524 2097 ut
1564 2057 1695 2097 vera
1739 2042 1830 2106 sit,
1878 2043 2084 2097 nullius
2129 2054 2312 2096 tamen

734 2155 856 2195 esse
888 2137 1173 2201 momenti,
1219 2144 1513 2206 propterea
1550 2134 1697 2204 quod
1732 2132 2056 2205 Chrysaphii
2102 2134 2315 2188 artibus

735 2231 998 2300 subrepta
1034 2228 1106 2283 sit
1136 2224 1451 2296 imperatori
1492 2225 1850 2294 imprudenti,
1877 2233 1934 2279 et
1963 2240 1993 2278 a
2042 2224 2315 2279 Marciano

738 2332 859 2392 post
892 2336 1004 2375 rem
1034 2318 1341 2375 accuratius
1368 2317 1728 2386 disceptatum
1760 2317 2011 2370 rescissa.

805 2435 918 2489 XII.
943 2434 1108 2489 Levia
1129 2438 1258 2487 sunt
1282 2431 1509 2486 omnino
1532 2431 1647 2486 haec
1672 2430 1801 2495 tria;
1827 2439 1883 2485 et
1901 2430 2065 2500 primi
2088 2429 2312 2499 quidem

733 2529 946 2583 vanitas
973 2543 1037 2581 ex
1073 2541 1140 2581 eo
1166 2534 1334 2596 patet,
1357 2524 1502 2595 quod
1526 2524 1696 2578 multa
1728 2523 1855 2577 olim
1882 2523 2067 2577 Grmce
2089 2523 2311 2592 scripta,

740 2635 886 2674 nunc
927 2619 1119 2673 Latine
1167 2624 1397 2679 tantum,
1451 2616 1535 2669 vel
1600 2616 1655 2669 in
1710 2614 1826 2684 ipsa
1877 2614 2314 2670 Chalcedonensi

736 2709 946 2782 synodo
977 2712 1253 2784 leguntur.
1286 2704 1444 2761 Certe
1475 2705 1665 2775 quinta
1692 2704 1933 2774 synodus
1965 2720 2073 2759 non
2109 2704 2316 2760 idcirco

737 2799 1089 2871 despicienda
1124 2806 1227 2862 est,
1257 2797 1386 2868 quia
1420 2796 1552 2852 Acta
1580 2796 1768 2851 Graeca
1804 2796 2113 2865 perierunt.
2157 2797 2313 2863 Quod

738 2902 952 2963 spectat
978 2890 1303 2952 secundum,
1330 2888 1542 2943 sanctio
1581 2887 1842 2941 Marciani
1872 2888 2314 2943 emendationem

738 2982 808 3035 ab
856 2988 1100 3034 amatore
1161 2978 1255 3031 illo
1304 2975 1637 3030 Theodoreti
1678 2983 1939 3029 tentatam
1990 2977 2317 3031 temeritatis

738 3072 919 3142 arguit
950 3088 963 3123 :
1003 3068 1440 3124 Theodosianam
1476 3066 1782 3121 enimcum
1819 3067 2101 3133 rescindit,
2138 3068 2314 3123 mani-

2417 600 2950 658 transmutationcm,
2974 612 3081 667 qua
3105 597 3318 653 ratione
3348 599 3493 655 dicta
3524 610 3609 656 est
3631 618 3767 671 aqua
3799 604 3854 657 in
3885 621 3991 658 nu-

2414 689 2564 758 ptiis,
2598 698 2859 758 operante
2888 688 3128 753 Christo,
3153 689 3293 744 facta
3320 691 3526 745 vinum.
3568 692 3624 745 3'
3658 694 3759 747 Per
3796 697 3992 748 confu-

2415 781 2622 833 sionem
2661 790 2718 835 et
2761 780 3095 843 mistionem,
3145 781 3421 850 quomodo
3460 783 3727 838 elementa
3763 785 3992 839 mistum

2416 870 2571 924 ﬁunt.
2609 872 2662 924 4ο
2679 872 2783 924 Per
2808 869 3462 941 hypostaticanrduarum
3488 882 3807 928 naturarum
3832 877 3995 930 unio-

2416 976 2562 1025 nem,
2601 976 2710 1030 quo
2746 970 2905 1030 pacto
2932 961 3277 1016 individuum
3318 973 3531 1017 naturae
3560 965 3720 1018 unius
3760 967 3993 1035 cogitari

2416 1060 2598 1122 potest
2636 1050 2752 1105 ﬁeri
2783 1052 3036 1105 alterum.
3068 1053 3122 1106 5°
3157 1054 3400 1122 Denique
3434 1068 3533 1122 per
3563 1069 3769 1109 meram
3805 1058 3995 1125 σχέσιν

2417 1159 2521 1214 qua
2564 1144 2647 1197 vir
2685 1151 2741 1197 et
2776 1157 2913 1197 uxor
2946 1142 3083 1198 ﬁunt
3114 1159 3222 1197 una
3262 1160 3411 1209 caro,
3452 1161 3670 1214 unaque
3708 1147 3996 1201 moraliter

2417 1252 2669 1307 persona.
2702 1237 2944 1291 Primum
2974 1244 3029 1291 et
3060 1236 3361 1291 secundum
3389 1238 3651 1307 reprobat
3670 1238 3993 1293 Theodore-

2420 1334 2528 1391 tus,
2560 1326 2777 1397 dialogo
2808 1327 3022 1395 primo,
3063 1327 3159 1395 qui
3199 1326 3551 1381 Immutabilis
3594 1327 3836 1392 dicitur;
3875 1338 3992 1383 ter-

2419 1418 2555 1471 tium
2584 1416 2847 1480 secundo,
2875 1417 2968 1485 qui
2999 1416 3313 1486 Inconfusus
3338 1435 3356 1483 ;
3384 1427 3639 1486 quartum
3672 1417 3857 1481 tertio,
3893 1419 3993 1488 qui

2418 1508 2785 1580 Impassibitis.
2839 1507 3063 1563 Certum
3115 1510 3264 1562 enim
3316 1518 3401 1563 est
3445 1510 3643 1579 primo,
3697 1510 3993 1565 mutationi

2418 1617 2539 1656 esse
2567 1601 2886 1664 obnoxium,
2922 1600 3187 1670 quidquid
3220 1601 3304 1654 vel
3346 1600 3630 1654 informari
3679 1601 3873 1670 incipit
3905 1601 3993 1655 vel

2421 1691 2641 1745 misceri
2679 1708 2692 1743 :
2724 1690 2923 1745 deinde
2963 1690 3240 1759 propriam
3288 1690 3661 1759 operationem
3709 1705 3819 1743 non
3854 1690 3994 1743 reti-

2420 1782 2541 1836 neri
2594 1781 2664 1835 ab
2705 1796 2772 1835 eo
2821 1779 2968 1853 quod
3016 1778 3406 1843 confunditur;
3453 1779 3616 1833 tertio
3661 1777 3829 1848 388
3870 1793 3995 1832 esse

2421 1887 2766 1942 consequens
2817 1887 2886 1925 ex
2934 1886 3002 1925 eo
3046 1868 3193 1940 quod
3235 1869 3475 1923 Verbum
3516 1870 3760 1937 φυσικῶς
3791 1877 3847 1923 et
3869 1869 3996 1921 καίν’

2424 1964 2716 2016 ὑπόστατιν
2735 1962 2985 2016 humana:
2997 1968 3207 2015 natura:
3226 1960 3593 2030 conjungitur,
3609 1968 3668 2013 ut
3688 1973 3817 2013 vere
3838 1959 3994 2013 diea-

2420 2063 2510 2108 tur
2542 2054 2705 2117 Deus,
2741 2068 2934 2123 passus
2957 2093 2971 2117 ,
3011 2061 3279 2115 mortuus,
3315 2051 3580 2121 sepultus,
3607 2060 3663 2104 et
3693 2066 3723 2103 a
3761 2051 3998 2105 mortuis

2419 2145 2759 2209 suscitatus;
2803 2158 2941 2213 quas
2979 2142 3304 2204 locutiones,
3345 2142 3496 2195 velut
3533 2156 3562 2194 a
3601 2150 3750 2195 recta
3779 2141 3995 2194 ratione

2420 2236 2804 2299 abhorrentes,
2840 2235 3039 2305 rejicit.
3080 2233 3270 2287 Restat
3295 2232 3466 2302 igitur
3501 2241 3563 2286 ut
3585 2231 3700 2286 sola
3733 2232 3996 2300 σχέσειῑιι

2420 2342 2590 2383 unum
2614 2327 2946 2382 conveniant
2974 2325 3146 2380 amba:
3173 2324 3380 2379 Christi
3404 2326 3418 2342 '
3444 2333 3674 2387 naturae,
3699 2322 3794 2392 qui
3819 2336 3997 2391 purus

2420 2417 2905 2474 Nestorianismus.

2493 2511 2631 2567 XIV.
2660 2511 2953 2581 Postquam
2975 2524 3110 2564 vero
3135 2508 3251 2563 htec
3283 2515 3339 2561 et
3371 2505 3563 2560 fusiori
3589 2504 3842 2561 oratione
3868 2518 3994 2574 pro—

2420 2614 2645 2660 secutus
2665 2613 2770 2667 est,
2803 2613 2859 2658 et
2880 2604 3032 2657 visus
3054 2602 3161 2657 sibi
3194 2601 3425 2670 dialogis
3455 2599 3631 2655 tribus
3649 2597 3956 2653 confecisse
3976 2636 3996 2664 ,

2420 2697 2632 2760 eadem,
2659 2696 2756 2751 lib.
2787 2712 2859 2759 tv,
2885 2695 3128 2764 pressius
3180 2692 3592 2748 dialecticorum
3624 2704 3779 2743 more
3822 2688 3998 2758 syllo-

2426 2787 2617 2857 gismis
2651 2786 3013 2855 quadraginta
3040 2783 3281 2848 conﬁcit,
3300 2784 3409 2847 vel,
3436 2792 3497 2838 ut
3517 2784 3629 2851 ipse
3657 2779 4002 2835 conﬁdenter

2420 2877 2519 2941 ait,
2562 2876 2923 2930 demonstrat.
2980 2874 3047 2928 Et
3101 2881 3251 2927 certe
3302 2873 3393 2926 vix
3439 2872 3609 2925 ullum
3653 2885 3711 2923 se
3756 2867 4000 2923 credidit

2421 2984 2561 3037 opus
2588 2965 2922 3021 elaboratius
2959 2964 3238 3029 edidisse;
3284 2962 3662 3032 quamobrem,
3708 2974 3833 3013 cum
3859 2958 3998 3011 Era-

2421 3059 2595 3115 nistes
2630 3061 2809 3129 ipsum
2841 3055 3136 3126 aliquando
3179 3055 3481 3108 monuisset
3514 3060 3574 3107 ut
3613 3066 3749 3121 quas
3778 3050 3997 3120 pollici-

738 3162 932 3216 fcstam
956 3159 1087 3216 facit
1118 3160 1186 3214 de
1213 3157 1561 3212 Theodoreto
1584 3158 1939 3212 mentionem.
1970 3159 2310 3215 Postremum
2346 3188 2388 3246 ο
2423 3162 2512 3209 tus
2537 3162 2659 3208 erat
2679 3150 3173 3206 demonstrationes
3197 3147 3490 3217 proferret,
3519 3145 3761 3198 monitus
3780 3142 3999 3196 inducit

738 3251 998 3321 denique,
1039 3249 1184 3320 quod
1218 3249 1430 3304 sanctio
1455 3248 1783 3319 Chrysaphii
1815 3250 2027 3305 artibus
2055 3252 2315 3321 subrepta

741 3342 837 3406 sit,
868 3349 927 3395 ut
952 3341 1171 3411 probet,
1207 3340 1357 3394 illam
1392 3340 1530 3394 vitio
1562 3355 1672 3394 non
1718 3356 1929 3406 carere,
1971 3358 2083 3396 non
2121 3344 2320 3412 probat

743 3433 914 3487 fuisse
946 3433 1190 3498 nullam;
1238 3432 1285 3489 si
1314 3440 1497 3486 autem
1535 3432 1638 3486 fuit
1664 3432 1868 3501 aliqua,
1910 3442 2143 3497 constat,
2169 3436 2317 3504 quod

743 3522 1234 3580 demonstrandum
1280 3530 1421 3585 erat,
1460 3522 1704 3591 dialogos
1748 3538 1944 3592 nempe
1981 3523 2318 3581 Theodoreti

744 3614 980 3668 flammis
999 3614 1250 3668 addictos
1275 3614 1462 3668 fuisse.
1488 3612 1643 3679 Quod
1669 3629 1834 3682 porro
1851 3613 1990 3667 dixit
2019 3615 2321 3684 imperator

746 3705 801 3757 in
831 3704 1082 3773 dialogis,
1128 3704 1433 3774 ambiguas,
1469 3710 1599 3766 ete.,
1650 3703 1931 3757 doctrinas
1961 3719 2080 3757 esse
2109 3704 2320 3771 editas;

743 3791 1001 3861 quodque
1050 3791 1258 3855 addidi,
1315 3792 1486 3845 verbo
1549 3800 1709 3846 tenus
1752 3793 2073 3847 catholicam
2134 3794 2319 3858 ﬁdem,

744 3883 930 3952 reipsa
970 3882 1465 3938 Nestorianismum
1507 3883 1675 3948 tradi,
1721 3882 1881 3939 facile
1924 3884 2319 3954 deprehendet,

745 3976 840 4046 qui
881 3976 1113 4030 eruditis
1152 3976 1313 4030 sintut
1359 3984 1415 4031 et
1469 3976 1704 4029 curiosis
1737 3975 1913 4029 oculis
1965 3992 2103 4045 opus
2149 3986 2321 4032 totum

747 4068 1043 4137 perlegerit
1093 4082 1275 4123 :nam
1319 4066 1387 4121 de
1447 4067 1835 4137 conjunctione
1894 4076 2211 4121 naturarum
2268 4069 2324 4122 in

745 4157 968 4211 Christo
986 4172 1097 4210 non
1119 4158 1382 4213 abhorret
1407 4158 1716 4227 inspeciem
1738 4174 1768 4212 a
1791 4158 2061 4213 sententia
2078 4159 2320 4225 Patrum,

749 4262 889 4317 quos
908 4248 1094 4301 laudat
1121 4248 1407 4317 plurimos,
1441 4249 1535 4303 sed
1560 4249 1627 4303 iis
1651 4258 1831 4303 tamen
1850 4249 2037 4303 verbis
2060 4250 2322 4320 loquitur,

752 4336 956 4406 quibus
978 4338 1268 4392 Nestorius
1298 4354 1433 4393 usus
1477 4347 1581 4402 est,
1625 4355 1856 4409 quaeque
1896 4348 2029 4395 tunc
2064 4344 2327 4412 temporis

752 4427 955 4480 merito
1002 4436 1259 4497 suspecta
1310 4438 1470 4483 erant
1520 4447 1534 4482 :
1583 4445 1709 4483 nam
1765 4431 1938 4487 solius
1977 4432 2324 4503 ἐνοικήσεως,

751 4516 1091 4585 ἀναλήψεως,
1110 4518 1466 4589 προσλήψεως
1491 4528 1548 4574 et
1570 4519 1785 4589 λήψεως
1820 4522 2089 4575 meminit.

824 4607 965 4662 XIII.
1012 4607 1155 4674 Quin
1181 4608 1348 4665 etiam
1377 4608 1674 4665 artiﬁciose
1709 4610 2203 4666 Nestorianismum
2240 4614 2328 4667 in-

755 4700 957 4763 sinuat,
990 4708 1085 4753 aut
1106 4701 1273 4755 etiam
1302 4702 1498 4770 probat
1539 4702 1582 4733 ⁸⁷
1625 4719 1638 4754 :
1675 4716 1800 4756 nam
1827 4717 1952 4757 cum
1989 4704 2044 4757 in
2076 4703 2328 4760 confesso

757 4792 849 4855 sit,
873 4790 1212 4848 admirabilis
1234 4793 1383 4847 illius
1409 4792 1714 4856 sententiae,
1741 4793 1960 4848 Verbum
1983 4810 2107 4848 caro
2133 4796 2329 4865 factum

754 4890 831 4935 est
852 4893 902 4945 κ,
930 4882 1292 4953 intelligentia
1312 4884 1585 4938 contineri
1615 4884 1945 4939 catholicum
1966 4885 2161 4955 dogma
2186 4903 2200 4951 ;
2226 4900 2330 4941 nec

757 4972 929 5042 possit
953 4972 1181 5029 Joannis
1230 4975 1523 5037 sententia,
1555 4974 1600 5027 si
1638 4975 1800 5029 modo
1826 4976 2071 5045 rejicitur
2100 4977 2329 5032 Doceta-

760 5078 883 5116 rum
930 5078 1107 5129 error,
1155 5064 1263 5118 nisi
1311 5065 1554 5134 quinque
1600 5065 1779 5120 modis
1828 5068 2078 5138 intelligi,
2131 5068 2334 5137 quibus

758 5170 954 5224 nempe
980 5157 1297 5227 contingere
1320 5165 1521 5227 potest,
1541 5168 1601 5209 ut
1622 5158 1926 5213 substantia
1950 5175 2057 5213 una
2092 5160 2211 5214 ﬁeri
2247 5160 2334 5213 di-

759 5256 913 5300 catur
942 5247 1135 5302 altera.
1164 5248 1217 5301 I°
1249 5248 1353 5302 Per
1379 5249 1847 5315 informationem,
1869 5251 2331 5320 quemadmodum

832 5416 856 5442 σι
888 5402 1042 5457 Joan.
1077 5419 1112 5469 t,
1148 5404 1231 5459 I4.

2422 3246 2709 3301 Eranisten
2739 3258 2963 3298 suarum
2998 3238 3523 3295 demonstrationum
3551 3237 3695 3290 vires
3717 3234 3998 3289 admiran-

2420 3347 2529 3393 tem
2560 3355 2572 3389 :
2607 3335 2754 3390 unde
2782 3333 3041 3402 colligere
3074 3338 3158 3384 est
3195 3344 3359 3399 quam
3393 3326 3621 3380 ﬁrmiter
3642 3326 3718 3379 ‘et
3750 3323 3999 3394 quandiu

2421 3446 2533 3486 suae
2561 3429 2631 3484 de
2659 3427 2861 3482 unione
2903 3425 3124 3495 σχετικῇ
3162 3414 3490 3476 naturarum
3523 3417 3769 3489 opinioni
3809 3416 4001 3471 adhae-

2421 3522 2576 3577 serit.

2490 3612 2608 3669 XV.
2636 3612 2769 3666 Eam
2796 3625 2962 3680 porro
2985 3608 3155 3662 fuisse
3177 3614 3418 3661 mentem
3452 3603 3804 3661 Theodoreti,
3832 3617 3999 3671 quam

2422 3705 2682 3767 diximus,
2730 3702 2933 3757 Marius
2972 3699 3276 3760 Mercator,
3319 3712 3429 3750 non
3482 3694 3728 3765 ejusdem
3783 3702 4000 3747 tantum

2422 3793 2620 3857 astatis,
2643 3790 2735 3845 sed
2770 3789 3017 3859 ejusdem
3054 3789 3217 3842 etiam
3252 3801 3465 3856 pugnae,
3502 3784 3720 3837 licetex
3742 3783 3999 3844 adverso,

2424 3882 2627 3945 socius,
2652 3880 2939 3935 evidenter
2962 3877 3156 3947 probat
3177 3876 3341 3929 allato
3357 3873 3668 3928 testimonio
3694 3886 3761 3926 ex
3782 3872 3929 3926 libro
3949 3889 4001 3926 γι

2423 3973 2726 4043 Pentalogii
2756 3973 2821 4026 ³⁸.
2857 3991 2874 4021 ι
2906 3969 3062 4037 Quod
3096 3968 3362 4023 Dominus
3382 3966 3450 4020 de
3479 3967 3600 4019 viro
3630 3973 3685 4019 et
3707 3980 3877 4017 uxore
3900 3964 3999 4025 ait,

2426 4073 2487 4119 ut
2509 4067 2619 4135 jam
2651 4079 2759 4118 non
2787 4073 2917 4117 sunt
2949 4061 3081 4125 duo,
3126 4060 3220 4115 sed
3252 4074 3358 4112 una
3389 4072 3539 4120 caro,
3576 4055 3788 4110 naturis
3804 4055 4003 4123 procul

2426 4157 2596 4212 dubio
2625 4153 3028 4215 constantibus,
3059 4151 3155 4205 sed
3189 4149 3574 4204 discretionem
3619 4145 3955 4199 habentibus
3986 4161 4001 4197 :

2426 4257 2483 4304 et
2505 4248 2647 4303 sicut
2670 4246 2743 4300 ibi
2778 4244 2914 4298 nihil
2938 4243 3096 4297 obest
3120 4240 3356 4296 duorum
3384 4252 3670 4300 numerus,
3704 4234 4007 4305 quominus

2430 4356 2537 4395 una
2574 4352 2702 4392 caro
2740 4335 2991 4399 dicatur;
3038 4334 3111 4387 ita
3143 4341 3201 4386 et
3232 4332 3322 4384 hic
3358 4343 3603 4399 personat
3640 4326 3823 4379 unitas
3859 4325 4004 4379 nihil

2430 4432 2589 4486 obest
2621 4426 2944 4482 diﬂ‘ercntiae
2968 4431 3310 4477 naturarum.
3336 4419 3581 4486 Denique
3613 4431 3737 4472 cum
3776 4424 4006 4468 naturas

2359 4516 2402 4570 Ι)
2430 4519 2813 4581 discernimus,
2850 4516 2947 4571 Dei
2981 4513 3145 4569 Verbi
3188 4520 3436 4566 naturam
3469 4508 3733 4577 integram
3764 4504 4009 4559 dicimus

2433 4619 2489 4665 et
2520 4622 2809 4679 personam
2838 4606 2954 4660 sine
2982 4602 3325 4657 dubitatione
3347 4599 3645 4669 perfectam
3678 4614 3692 4649 :
3721 4610 3823 4649 nec
3853 4595 4010 4647 enim

2435 4703 2554 4756 sine
2578 4713 2814 4770 persona
2840 4697 2924 4751 fas
2951 4705 3034 4751 est
3054 4705 3367 4750 asseverare
3391 4687 3787 4750 substantiam;
3820 4684 4008 4753 perfe-

2435 4804 2580 4848 ctam
2610 4806 2828 4861 quoque
2864 4799 3116 4843 naturam
3146 4786 3438 4838 humanam
3476 4795 3600 4835 cum
3639 4793 3735 4831 sua
3768 4790 4012 4846 persona

2436 4883 2692 4940 similiter
2717 4880 3081 4942 conﬁtemur;
3137 4890 3262 4930 cum
3293 4888 3424 4926 vero
3452 4869 3517 4923 ad
3561 4868 4013 4938 conjunctionem

2434 4974 2782 5044 respicimus,
2821 4980 2955 5025 tunc
2983 4970 3156 5023 Deum
3194 4980 3355 5019 unam
3385 4976 3673 5033 personam
3714 4973 4013 5026 nuncupa-

2437 5081 2561 5120 mus
2578 5065 2641 5118 δ’.
2683 5084 2701 5116 ι
2732 5063 3028 5133 Πρόσωπον
3073 5059 3229 5124 dicit,
3276 5071 3397 5126 quae
3436 5069 3542 5107 vox
3586 5049 3850 5115 moralis;
3896 5064 4013 5104 non

2440 5157 2757 5219 ὑπόστασιν,
2783 5169 2903 5223 quae
2928 5152 3174 5223 physica.

2509 5248 2649 5303 XVI.
2677 5246 2847 5302 Mario
2870 5242 3158 5299 Mercatori
3181 5242 3256 5295 ita
3291 5240 3359 5295 de
3383 5236 3729 5294 Theodoreto
3746 5232 4015 5289 sentienti

2102 5521 2419 5582 SCIIULZII
2461 5523 2693 5581 NOTAE.

835 5681 879 5713 ⁸⁷
907 5682 1003 5737 His
1029 5685 1242 5753 gemina
1267 5684 1414 5748 vide,
1446 5699 1499 5753 p.
1538 5684 1662 5739 I76.
1740 5685 1783 5716 ³⁸
1821 5683 1943 5737 Vid.
1979 5682 2133 5736 Marii
2165 5684 2387 5738 Mercat.
2427 5681 2588 5753 Opp,
2628 5686 2665 5731 t.
2703 5677 2769 5741 11,

2825 5692 2880 5745 p.
2931 5667 3537 5745 97llcdi‘t.‘G_arneri_i.
3598 5736 3611 5745 _
3646 5663 3887 5745 rice?
3917 5666 4015 5743 cit.

760 5751 861 5824 Ieg.
892 5733 1007 5807 an;
1029 5733 1250 5808 σιῐεῖἧίιῖιῖι
1280 5733 1773 5823 ἆῆίὲἐη¹”ρὲνὲὸὲιαηι
1804 5733 1991 5807 ηὲὲῆιό
2008 5733 2406 5824 ἢῖέιὲὶεὶιῇάὴίᾰέ.
2444 5733 2527 5805 iis
2543 5733 2767 5820 quoque
2786 5733 2950 5801 habet
2976 5742 3206 5814 cpistola
3234 5740 3433 5810 Pelagii
3461 5738 3527 5801 ιι,
3548 5736 3614 5790 ad
3646 5733 3821 5789 Eliam
3847 5733 4020 5803 Aqui-

764 5822 1044 5878 It'lt'llSt’lll.
