4228 6446
163 415 257 479 3’37

1327 419 1423 478 DE
1465 417 1717 487 LIBRIS
1754 416 1798 474 Τ
1804 416 2207 479 HEODURET
2214 420 2259 478 Ι.

3311 413 3416 476 338

164 528 324 581 ﬁdem
360 525 497 579 facit
532 523 829 593 Gregorius
866 522 1109 593 Magnus,
1159 536 1283 577 eum
1332 523 1553 576 nomine
1598 521 1751 575 Pela-
1777 523 1824 578 Α
1851 536 1971 575 esse
2001 530 2285 591 cuperent,
2315 536 2379 575 ex
2409 521 2594 575 multis
2616 519 2781 574 sectis
2805 519 3140 589 impietatem
3170 517 3419 571 emendi-

162 619 232 687 gii
271 617 313 671 ll
349 616 609 671 scribens
646 616 713 669 ad
757 616 1049 685 episcopos
1096 614 1283 677 lstriaz,
1320 614 1511 668 eadem
1550 614 1746 669 tribuit

166 708 539 770 Theodoreto,
573 723 695 776 qua!
717 707 1016 771 Mercator;
1042 722 1143 760 nec
1169 706 1361 759 eadem
1388 713 1621 769 tantum,
1648 705 1745 759 sed

157 800 360 854 iiédem
388 800 558 852 etiam
592 799 810 861 verbis,
849 813 971 867 quae
995 812 1061 851 ex
1089 796 1407 851 Mercatoris
1441 811 1605 865 opere
1649 812 1747 849 ex-

167 894 409 960 scripsit.

231 983 404 1038 XVII.
456 983 584 1037 Scio
631 984 921 1038 Leontium
966 991 1021 1038 et
1066 992 1445 1052 excerptorem
1480 998 1514 1035 v
1556 979 1749 1051 synodi

168 1073 332 1127 verba
361 1073 483 1126 hac
523 1072 814 1127 Theodoro
842 1072 1224 1141 Mopsuesteno
1250 1070 1566 1140 adjudicare
1606 1087 1619 1123 :
1652 1084 1748 1123 ve-

168 1177 285 1213 rum
313 1161 460 1215 nihil
497 1161 793 1215 admodum
826 1170 930 1223 est,
956 1160 1101 1229 quod
1133 1160 1256 1229 quis
1280 1160 1531 1223 miretur,
1564 1158 1749 1212 Theo-

167 1253 422 1307 doretum
454 1269 524 1306 ex
544 1252 837 1307 Theodoro
872 1251 1077 1320 aliquid
1120 1251 1417 1321 accepisse,
1460 1260 1590 1305 tunc
1624 1265 1748 1304 cum

167 1342 481 1410 discipulus
540 1341 860 1411 magistrum
904 1340 1245 1401 defenderet,
1290 1338 1749 1408 quemadmodum

168 1435 218 1486 in
234 1431 675 1487 Commentariis
691 1432 1029 1486 Psalmorum
1050 1429 1421 1502 Chrysostomi
1444 1431 1611 1485 verba
1630 1445 1753 1483 sen-

168 1524 487 1592 tentiasque
514 1532 817 1578 mutuatur.
840 1522 995 1587 Vide,
1022 1537 1144 1592 qua:
1164 1522 1406 1576 diximus
1430 1521 1496 1575 ad
1521 1521 1749 1576 citatum

166 1627 495 1685 excerptum
540 1616 596 1670 in
630 1616 938 1686 posteriore
967 1624 1119 1685 parte
1152 1614 1393 1684 Operum
1424 1613 1575 1667 Marii
1610 1613 1750 1667 Mer-

167 1709 397 1770 caloris,
427 1724 664 1777 quaeque
698 1708 753 1761 in
789 1707 1108 1761 recensione
1130 1704 1661 1760 Commentariorum
1697 1703 1751 1756 in

169 1798 285 1850 l’sal
296 1813 442 1850 mos.

1849 622 2062 676 carunt,
2099 623 2154 667 et
2184 614 2322 667 hanc
2348 613 2712 682 perniciosam
2746 612 2978 667 hmresin
3020 608 3351 665 conﬁarunt.
3392 627 3411 659 ι

1918 704 2054 773 Ipsis
2078 702 2275 757 deinde
2302 703 2613 772 exprobrat,
2637 701 2783 771 quod
2805 699 3177 755 Orientalibus
3207 699 3385 753 calum
3402 725 3418 736 -

1851 794 1995 848 niam
2028 802 2339 855 struerent;
2370 808 2492 846 nam
2521 804 2643 862 post
2660 793 2820 845 allata
2846 789 3156 844 testimonia
3181 788 3421 842 Athana-

1852 886 1938 947 sii,
1961 886 2055 954 qui
2089 883 2489 937 Alexandrinus
2514 883 2644 948 fuit;
2671 881 2919 951 Gregorii
2942 879 3289 942 Naaianzeni,
3323 879 3419 947 qui

1853 976 2160 1041 Asiaticus;
2208 974 2504 1035 Ambrosii,
2532 975 2625 1042 qui
2669 974 2832 1027 Italus
2874 990 2885 1025 :
2926 980 2987 1024 ut
3031 969 3225 1038 reliqui
3271 967 3423 1021 orbis

1853 1066 2136 1135 episcopos
2156 1066 2423 1128 laudaret,
2440 1064 2798 1119 Orientalium
2818 1064 2930 1117 sive
2952 1060 3421 1116 Antiochenorum

1856 1157 2107 1211 meminit
2141 1158 2194 1210 in
2226 1157 2343 1210 haec
2373 1155 2543 1208 verba
2572 1155 2612 1185 δ’
2646 1172 2659 1206 :
2695 1173 2712 1204 ‹
2757 1154 2882 1207 Post
2912 1154 3012 1206 hos
3042 1150 3295 1205 convenit
3326 1150 3425 1203 do-

1856 1258 2037 1300 ctores
2061 1246 2368 1301 Orientales
2388 1245 2603 1300 audire.
2635 1242 2760 1297 Haec
2786 1244 2933 1296 enim
2964 1242 3123 1295 nobis
3156 1241 3268 1295 sola
3299 1252 3425 1308 pars

1856 1347 2028 1392 restat
2068 1353 2135 1391 ex
2177 1337 2310 1391 orbe
2355 1345 2650 1398 terrarum,
2690 1342 2744 1387 et
2775 1332 3005 1387 decebat
3040 1332 3140 1384 hos
3167 1332 3376 1398 primos
3406 1330 3426 1349 '

1856 1423 2231 1478 testimonium
2257 1423 2549 1492 perhibere
2574 1419 2815 1483 veritati,
2844 1419 2936 1488 qui
2966 1416 3270 1471 doctrinam
3297 1429 3429 1483 apo-

1856 1515 2103 1569 stolicam
2139 1514 2302 1584 primi
2343 1521 2472 1567 sunt
2500 1511 2736 1580 amplexi
2765 1527 2780 1563 ι
2810 1508 2903 1564 sed
2935 1506 3195 1578 quoniam
3227 1504 3424 1558 adver-

1857 1620 1951 1659 sus
1980 1604 2373 1674 primogenitos
2396 1602 2616 1670 pietatis
2647 1598 2787 1653 ﬁlios
2813 1600 3025 1668 linguas
3044 1604 3258 1651 vestras
3278 1594 3429 1648 acui-

1858 1698 1977 1755 stis,
2004 1694 2275 1748 mendacii
2299 1701 2475 1748 cotem
2501 1690 2664 1761 39o
2693 1689 3039 1751 adhibentes,
3064 1686 3319 1740 ultimum
3347 1683 3431 1740 eis

1860 1789 2037 1841 locum
2087 1787 2359 1848 dedimus,
2409 1792 2486 1847 ut,
2536 1798 2659 1836 cum
2694 1782 2830 1835 alios
2880 1780 3034 1850 prius
3084 1777 3427 1840 audiveritis,

234 1888 429 1943 XVlll.
482 1890 562 1942 Ex
601 1888 707 1951 his,
754 1902 875 1957 quae:
911 1888 1179 1941 hactenus
1219 1884 1386 1955 389
1412 1884 1560 1938 dicta
1602 1890 1752 1945 sunt,
1786 1852 1830 1910 θ
1860 1879 2054 1931 horum
2080 1876 2281 1930 dehinc
2308 1875 2452 1928 dicta
2488 1886 2613 1925 cum
2647 1872 2866 1924 illorum
2901 1869 3066 1923 dictis
3099 1881 3427 1937 comparan-

167 1988 386 2031 eonstat
437 1979 733 2032 Eranisten
789 1977 1161 2045 conscriptum
1203 1990 1324 2029 esse
1380 1984 1504 2028 ante
1551 1988 1755 2027 annum

167 2070 269 2124 ΗΒ
300 2072 372 2134 ⁸⁸,
426 2086 541 2139 quo
579 2085 724 2123 anno
773 2069 992 2138 scripsit
1034 2068 1416 2123 Theodoretus
1446 2068 1707 2123 Dioscoro
1740 2085 1751 2120 :

168 2160 453 2228 quomodo
480 2161 627 2214 enim
663 2161 732 2214 ad
765 2176 903 2229 opus
924 2160 1055 2213 illud
1083 2170 1435 2229 provocasset
1458 2174 1601 2212 anno
1627 2156 1750 2218 448.

168 2255 273 2307 nisi
323 2254 712 2323 pervulgatum
756 2261 885 2305 tunc
922 2260 1068 2305 esset
1093 2252 1258 2303 etiam
1304 2250 1359 2303 in
1392 2248 1661 2319 Aigypto?
1690 2247 1756 2301 Et

167 2344 453 2413 quomodo
492 2346 835 2414 pervenisset
875 2344 926 2397 in
948 2343 1261 2413 Aigyptum,
1288 2343 1340 2396 in
1372 2357 1546 2411 eaque
1585 2340 1755 2394 veluti

166 2436 557 2506 pervulgatum
587 2435 846 2504 quiddam
900 2445 1201 2503 notumque
1232 2434 1547 2496 haberetur,
1578 2432 1623 2486 si
1649 2447 1755 2485 non

170 2539 331 2582 antea
376 2529 433 2581 in
468 2529 752 2598 publicum
802 2528 1136 2598 prodiissct?
1158 2527 1387 2581 Constat
1422 2525 1587 2579 etiam
1622 2539 1756 2578 eon-

170 2622 443 2691 seriptum
478 2636 598 2674 esse
624 2630 746 2689 post
775 2620 986 2674 obitum
1008 2618 1222 2691 Cyrilli,
1251 2620 1408 2688 cujus
1439 2617 1626 2687 utique
1659 2617 1755 2670 de-

172 2712 346 2765 functi
388 2712 770 2764 testimonium
806 2711 1038 2764 aﬁ'ertur
1095 2710 1311 2779 dialogo
1347 2708 1608 2763 secundo.
1656 2708 1759 2762 De-

173 2803 373 2866 functi,
426 2803 685 2872 inquam,
739 2801 867 2871 quia
930 2802 1166 2855 viventis
1205 2801 1411 2855 nullius
1462 2800 1760 2853 auctoritas

175 2891 496 2948 adhibetur.
527 2892 910 2961 Conscriptum
940 2892 1106 2961 igitur
1136 2906 1257 2945 esse
1291 2897 1508 2959 Oportet
1535 2903 1603 2941 eo
1627 2896 1761 2941 tem-

176 2984 330 3052 poris
362 2982 679 3047 intervallo,
721 2981 867 3051 quod
894 2981 961 3035 ab
996 2996 1140 3035 anno
1178 2980 1284 3034 4H
1311 2980 1379 3033 ad
1419 2993 1623 3034 annum
1657 2976 1761 3031 448

178 3074 512 3129 interﬂuxit.

1860 1978 1962 2030 tes,
1991 1966 2344 2021 concordiam
2370 1963 2616 2017 omnium
2648 1959 3018 2023 admiremini,
3053 1967 3160 2013 etc.

1930 2058 2117 2115 ltefert
2138 2071 2236 2111 eos
2259 2064 2446 2125 postea
2467 2050 2740 2107 Theodori
2763 2057 2819 2105 et
2839 2048 3061 2104 Diodori
3083 2054 3431 2102 accusatores

1858 2153 2048 2206 fuisse.
2100 2169 2117 2200 ι
2151 2147 2458 2203 Proferrem
2492 2144 2657 2198 etiam
2692 2142 2790 2197 tibi
2827 2139 3253 2195 fortissimorum
3284 2137 3431 2191 veri-

1858 2244 1986 2296 tatis
2008 2247 2473 2310 propugnatorum
2502 2234 2725 2289 Diodori
2749 2229 3095 2287 etTheodori
3124 2226 3431 2284 enarratio-

1860 2350 1978 2397 nes,
2013 2332 2115 2386 nisi
2162 2330 2405 2385 viderem
2446 2342 2545 2382 vos
2574 2325 2785 2380 infenso
2837 2324 2894 2377 in
2932 2323 3033 2376 hos
3075 2319 3261 2374 animo
3286 2332 3430 2382 esse,

1858 2424 2297 2496 Apollinarisque
2340 2421 2394 2475 in
2425 2435 2521 2474 eos
2543 2417 2672 2473 odio
2705 2426 2760 2471 et
2786 2412 3183 2470 malevolentia:
3208 2424 3430 2465 succes-

1858 2521 1991 2574 sisse
2016 2536 2031 2583 ;
2060 2516 2297 2571 vidisses
2317 2514 2483 2567 etiam
2510 2512 2613 2566 hos
2650 2510 2866 2564 caneris
2895 2503 3255 2561 consonantia
3284 2502 3424 2557 scri-

1858 2613 2054 2684 psisse,
2086 2618 2141 2664 et
2184 2623 2253 2662 ex
2294 2606 2484 2661 divino
2516 2603 2665 2658 fonte
2697 2601 2913 2656 fluenta?
2948 2598 3219 2659 hausisse,
3253 2594 3428 2648 rivos-

1859 2683 1966 2773 que
1998 2709 2054 2756 et
2094 2700 2242 2769 ipsos
2289 2710 2507 2767 quoque
2549 2693 2785 2763 Spiritus
2834 2689 3151 2745 exstitisse:
3184 2683 3279 2740 sed
3328 2684 3431 2739 hos

1860 2793 2082 2863 quidem
2104 2789 2536 2860 praetermittam,
2562 2785 2688 2854 quia
2725 2780 3069 2852 implacabile
3094 2776 3298 2833 bellum
3330 2774 3431 2829 ad-

1862 2899 2055 2940 versus
2084 2896 2180 2937 eos
2203 2879 2523 2947 suscepistis
2556 2878 2621 2930 ".
2664 2894 2680 2926 ι

1932 2973 2085 3028 Facit
2103 2972 2266 3025 etiam
2295 2976 2462 3024 testes
2484 2964 2817 3036 Apollinaris
2837 2970 3156 3016 sectatores.
3187 2976 3205 3008 ί
3243 2955 3349 3012 Sed
3378 2965 3436 3011 et

1861 3082 1962 3136 ego
2000 3063 2099 3118 tibi
2143 3076 2337 3115 rursus
2378 3059 2721 3127 inopinatum
2761 3051 3046 3123 applicabo
3092 3047 3432 3111 remedium;

246 3164 396 3220 XIX.
424 3164 535 3218 Sed
579 3178 689 3233 quo
733 3162 955 3217 deﬁnite
1002 3163 1291 3232 tempore?
1332 3162 1415 3216 An
1451 3162 1635 3217 statim
1689 3160 1758 3214 ab
1788 3180 1830 3238 α
1863 3172 2033 3211 unum
2060 3155 2206 3209 enim
2236 3149 2579 3206 admirabilis
2610 3155 2808 3201 vestrae
2851 3144 3125 3198 haereseos
3153 3140 3436 3196 doctorem

177 3257 333 3311 obitu
361 3255 594 3327 Cyrilii?
636 3254 878 3324 Epistola
905 3262 1053 3308 certe
1090 3260 1222 3307 tunc
1251 3253 1453 3322 scripta
1498 3253 1567 3306 ad
1598 3252 1761 3305 Dom-

175 3366 332 3413 num,
367 3347 692 3415 concioque.
718 3346 1019 3400 Antiochiae
1060 3360 1244 3400 coram
1288 3344 1484 3399 eodem
1527 3344 1760 3414 praesule

177 3441 391 3505 habita,
426 3441 484 3494 in
505 3452 626 3492 eam
650 3438 1023 3507 conjecturam
1056 3436 1299 3491 animum
1320 3450 1431 3489 non
1456 3435 1649 3488 leviter
1676 3434 1761 3487 in-

175 3532 388 3585 clinant
433 3537 662 3597 propter
707 3527 1010 3598 argumenti
1057 3526 1471 3581 similitudinem
1515 3542 1527 3577 :
1569 3539 1763 3579 verum

178 3620 535 3691 imperatoris
578 3618 773 3681 verba,
834 3618 1340 3687 monachorumque
1392 3618 1659 3681 historia,
1708 3627 1763 3672 et

178 3728 299 3781 qua:
322 3710 477 3764 dicta
501 3719 649 3772 sunt,
680 3723 793 3762 rem
827 3708 1094 3762 conﬁcere
1116 3708 1395 3770 videntur,
1427 3717 1592 3778 atque
1625 3709 1763 3762 adeo

178 3802 439 3865 suadere,
494 3800 548 3854 id
590 3799 772 3869 Operis
804 3798 1202 3855 aTheodoreto
1234 3798 1490 3853 effectum
1544 3798 1765 3852 circiter

178 3909 392 3949 annum
444 3892 572 3955 M6,
613 3901 900 3962 postquam
954 3892 1023 3945 ab
1070 3892 1403 3961 imperatore
1440 3891 1627 3960 jussus
1678 3899 1764 3945 est

176 3987 305 4055 Cyri
347 3984 557 4038 ﬁnibus
596 3998 655 4037 se
692 3983 992 4037 continere.
1036 3983 1231 4037 Iussus
1271 3989 1356 4036 est
1409 3992 1592 4036 autem
1623 3997 1767 4035 anno

180 4078 308 4140 Ais,
339 4088 403 4132 ut
428 4074 741 4129 confectum
766 4083 849 4129 est
873 4090 940 4129 ex
975 4075 1135 4145 epist.
1162 4073 1223 4127 81
1256 4073 1325 4127 ad
1359 4074 1594 4128 Nonium
1632 4089 1763 4128 con-

183 4168 392 4223 sulem.

249 4279 376 4345 XX,
402 4279 612 4333 Verum
635 4287 695 4332 ut
716 4276 896 4331 adhuc
918 4275 1135 4345 planius
1159 4276 1510 4345 intelligatur,
1535 4273 1678 4344 quod
1703 4272 1769 4327 de

182 4386 441 4443 tempore
468 4367 895 4437 conscriptionis
926 4366 1135 4420 dictum
1162 4374 1267 4429 est,
1297 4365 1575 4434 inquirere
1606 4365 1767 4434 paulo

183 4461 515 4533 diligentius
572 4465 808 4527 oportet,
873 4472 977 4525 qua
1042 4456 1328 4510 occasione
1387 4454 1770 4509 Thcodoretus

1863 3247 2265 3318 Apollinarium
2288 3244 2344 3297 in
2376 3241 2620 3296 medium
2655 3237 2945 3298 adducam,
2973 3242 3030 3288 et
3048 3248 3158 3287 non
3184 3231 3343 3287 aliter
3374 3244 3438 3284 ac

1864 3340 2036 3395 sancti
2078 3339 2287 3399 Patres,
2331 3333 2553 3387 Verbum
2583 3345 2708 3384 caro
2741 3328 2939 3397 factum
2972 3334 3068 3388 est,
3106 3321 3438 3377 intellexisse

1864 3431 2150 3487 ostendam
2187 3429 2251 3481 “.
2285 3448 2303 3478 ι

1934 3524 2041 3578 Eos
2078 3519 2295 3575 tandem
2317 3516 2487 3572 veluti
2525 3514 2663 3579 Arii,
2686 3528 2793 3583 qua
2825 3518 2979 3582 parte
3004 3522 3132 3564 cum
3162 3504 3441 3575 Apollina-

1867 3617 1949 3672 rio
1982 3613 2277 3673 consentit,
2315 3607 2617 3678 discipulos
2654 3603 2974 3674 alloquitur.
3035 3599 3170 3654 Nam
3201 3604 3325 3667 post
3356 3594 3439 3649 ci-

1869 3717 2037 3763 latum
2086 3704 2310 3761 Eusebii
2339 3698 2607 3757 -Emiseni
2672 3711 2772 3768 pro
2823 3691 3225 3763 impalibilitate
3274 3684 3440 3743 Verbi

1869 3798 2241 3853 testimonium
2275 3813 2286 3848 :
2327 3812 2345 3844 ‹
2383 3790 2581 3847 Vidisti
2607 3789 2793 3849 etiam,
2823 3784 3003 3853 inquit
3029 3782 3098 3845 “,
3126 3779 3289 3834 aliam
3323 3791 3440 3830 ma-

1867 3892 2163 3962 gistrorum
2201 3893 2512 3941 vestrorum
2553 3882 2804 3941 classem,
2850 3891 2879 3929 a
2914 3888 3021 3944 qua
3071 3883 3285 3941 passam
3319 3879 3444 3921 esse

1867 3959 2145 4051 Iluigeniti
2177 3977 2524 4032 divinitatem
2562 3970 2820 4027 didicisse
2865 3982 2967 4021 nos
3002 3962 3264 4034 putastis,
3300 3959 3443 4013 hanc

1867 4050 2267 4142 blasphemiam
2302 4064 2603 4128 exsecrari,
2627 4070 2683 4117 et
2710 4059 3057 4115 divinitatem
3084 4050 3441 4123 impatibilem

1870 4163 2189 4234 praedicare,
2234 4168 2292 4214 et
2339 4171 2555 4218 eorum,
2593 4152 2689 4222 qui
2726 4149 3037 4221 passionem
3081 4145 3159 4199 illi
3202 4142 3444 4197 tribuere

1872 4253 2100 4316 audent,
2134 4258 2409 4305 catervam
2436 4244 2724 4313 dissipare.
2756 4258 2775 4291 ι

1939 4361 2351 4421 Observandum
2378 4358 2602 4427 pariter,
2630 4370 2768 4423 quos
2791 4369 2985 4423 passus
3010 4351 3081 4405 sit
3107 4350 3220 4419 ipse
3244 4346 3444 4401 adver-

1873 4458 2074 4518 sarios,
2110 4453 2335 4509 eosdem
2369 4463 2565 4518 nempe
2613 4462 2751 4517 quos
2798 4445 3068 4499 Diodorus
3100 4448 3157 4495 et
3188 4436 3446 4493 Theodo-

183 4554 445 4625 Dialogos
468 4550 722 4606 ediderit.
756 4549 811 4602 ld
831 4564 982 4611 vero,
1012 4559 1070 4601 ut
1095 4547 1205 4609 ﬁat,
1235 4547 1641 4601 observandum
1662 4556 1766 4609 est,
1806 4515 1845 4568 ί)
1877 4563 1987 4602 rus.
2038 4515 2097 4600 Id
2140 4549 2357 4599 constat
2384 4555 2453 4594 ex
2486 4515 2745 4609 pericope
2780 4533 3027 4605 epistolae
3066 4529 3132 4584 ad
3158 4529 3445 4587 lrenaaum.

184 4663 327 4717 quos
360 4644 472 4701 sibi
497 4642 841 4698 adversarios
867 4638 1267 4710 impugnandos
1304 4648 1614 4709 proponat:
1654 4639 1770 4694 suis

183 4741 336 4795 enim
360 4738 512 4808 ipsos
539 4752 649 4789 non
677 4750 785 4789 uno
818 4735 940 4808 loco
962 4733 1373 4788 characteribus
1396 4731 1663 4802 depingit.

251 4831 323 4885 Et
348 4828 531 4899 primo
566 4826 787 4896 quidem
814 4826 868 4879 in
900 4802 1225 4880 Pimfatione
1255 4826 1351 4888 ait,
1385 4824 1556 4879 fuisse
1586 4825 1769 4878 homi-

186 4939 287 4989 nes
320 4919 536 4974 nullius
574 4916 834 4981 nominis,
863 4917 1179 4986 similesque
1209 4925 1263 4970 et
1296 4915 1606 4970 Alexandro
1634 4933 1771 4971 aera-

188 5019 296 5079 rio,
334 5014 433 5083 qui
471 5009 719 5080 apostolo
761 5008 958 5072 Paulo;
997 5017 1052 5062 et
1086 5008 1287 5070 Seniei,
1338 5008 1432 5076 qui
1463 5007 1689 5073 Davidi;
1722 5017 1776 5061 et

190 5106 418 5170 Maneti,
454 5103 548 5173 qui
584 5101 862 5164 Ecclesiae,
904 5107 1129 5170 propter
1163 5114 1316 5152 vanae
1348 5098 1531 5167 glorise
1556 5098 1773 5167 cupidi-

194 5206 384 5257 tatem,
440 5191 722 5262 negotium
767 5188 1062 5243 facessivit.
1118 5206 1134 5237 ι
1174 5186 1287 5240 Hoc
1328 5186 1527 5255 ipsum,
1573 5188 1771 5257 inquit,

192 5284 451 5341 nonnulli
474 5297 622 5336 nunc
648 5296 865 5349 quoque
897 5279 1126 5343 faciunt,
1163 5279 1254 5348 qui
1277 5278 1639 5347 expetendam
1664 5280 1777 5333 vir-

196 5377 332 5429 tutis
364 5373 598 5446 gloriam
628 5380 853 5441 propter
877 5371 1112 5433 labores,
1132 5369 1225 5440 qui
1253 5370 1399 5424 illam
1435 5371 1776 5439 praecedunt,

198 5467 495 5537 fugientes,
535 5462 906 5532 turpissimam
951 5469 1007 5516 et
1035 5460 1401 5515 miserrimam
1441 5460 1546 5514 sibi
1582 5460 1778 5515 famam

197 5572 470 5629 peperere
509 5573 521 5608 :
572 5568 696 5610 cum
726 5553 873 5607 enim
915 5568 1181 5608 novorum
1211 5552 1526 5622 dogmatum
1563 5552 1779 5622 patroni

1877 4642 2033 4710 cujus
2059 4646 2217 4691 antea
2243 4632 2447 4688 mentio
2468 4631 2608 4685 facta
2636 4636 2741 4682 est.

1951 4730 2091 4787 XXI.
2124 4729 2205 4783 Ex
2238 4726 2325 4780 his
2352 4724 2606 4792 colligere
2642 4718 2775 4772 mihi
2817 4731 2975 4787 posse
3013 4712 3223 4775 videor,
3250 4709 3445 4764 adver-

1878 4823 2053 4878 sarios
2075 4834 2213 4891 quos
2241 4812 2636 4886 oppugnandos
2657 4810 2760 4865 sibi
2780 4807 3028 4878 opponit,
3050 4803 3219 4857 fuisse
3249 4802 3303 4891 in
3320 4815 3447 4891 spe-

1878 4917 2017 4970 ciem
2052 4890 2370 4971 monachos,
2394 4906 2508 4961 sive
2534 4918 2673 4973 quos
2704 4900 2972 4954 Armenes
3003 4893 3252 4950 meminit
3280 4890 3445 4945 Libe-

1879 5016 2050 5068 ratus,
2099 5004 2213 5057 sive
2252 4999 2347 5071 qui
2383 4995 2718 5053 Phoaniciam
2762 4988 3216 5055 Palaestinamque
3259 4989 3448 5053 postea

1878 5097 2296 5151 commoverunt
2346 5106 2358 5140 :
2397 5101 2521 5140 nam
2567 5092 2623 5139 et
2658 5078 2884 5137 obscuri
2918 5075 3155 5131 nominis
3186 5072 3448 5135 ﬁxerunt;

1878 5197 1933 5242 et
1972 5182 2343 5241 Orientalibus
2377 5175 2654 5247 episcopis
2691 5170 3021 5228 calumniam
3066 5166 3349 5228 fecerunt;
3396 5168 3453 5217 et

1881 5276 2109 5335 Diodori
2148 5270 2535 5338 Theodorique
2578 5265 2779 5335 scripta
2837 5262 2990 5317 velut
3029 5257 3288 5313 hmretica
3336 5263 3451 5308 tra-

1882 5371 2180 5429 duxerunt,
2205 5371 2261 5417 et
2276 5358 2603 5431 Apollinarii
2626 5354 2852 5425 Ariique
2880 5362 3066 5423 partes
3089 5346 3267 5405 secuti
3289 5351 3451 5408 sunt;

1882 5456 2021 5511 etin
2060 5453 2196 5507 urbe
2223 5449 2372 5519 regia
2417 5446 2702 5517 Eutychen
2751 5457 2877 5498 cum
2924 5440 3041 5495 suis
3082 5435 3366 5493 monachis
3395 5434 3451 5488 in

1883 5562 2130 5605 errorem
2173 5542 2545 5613 impulerunt;
2592 5548 2647 5593 ct
2696 5536 3044 5592 Thcodorcto
3085 5534 3301 5600 "neque
3353 5544 3453 5597 per

1544 5708 1861 5766 SCHULZII
1900 5702 2129 5762 NOTAE.

271 5814 318 5841 δ’
344 5814 481 5865 Ante
504 5826 707 5863 annum
743 5809 844 5863 HG
875 5810 1110 5877 scriptus
1134 5807 1335 5861 dicitur
1357 5823 1541 5877 supra,
1572 5823 1624 5873 p.
1649 5807 1771 5863 206.
1798 5805 1919 5862 Vid.
1952 5810 2129 5857 tamen
2150 5816 2201 5869 ιι.
2223 5798 2344 5854 5'39.

202 5893 243 5939 ι.
268 5883 359 5949 1v,
385 5898 440 5954 p.
474 5882 563 5936 ts.
643 5880 685 5911 ἰ’
711 5879 871 5944 Ibid,
900 5895 952 5950 p.
991 5876 1080 5935 το.
1162 5879 1203 5909 δί
1228 5877 1389 5944 Ibid.,
1427 5892 1480 5948 Ρ.
1511 5876 1633 5933 262.

2459 5796 2493 5826 ’⁶¹
2531 5792 2648 5848 Vid.
2686 5800 2719 5845 ι.
2751 5791 2833 5853 IV,
2871 5807 2921 5859 ν.
2964 5788 3020 5843 ἰῦ
3053 5802 3167 5856 scq.
3264 5785 3303 5814 ’⁶²
3333 5781 3451 5837 για.
